4086 6430
593 379 700 436 503

586 506 690 546 tum
733 509 917 559 meum,
967 492 1158 562 inquit,
1203 493 1339 561 quod
1378 503 1706 562 persequutus
1730 511 1782 548 es
1810 495 1929 548 me?
1981 495 2179 561 Quare,

587 586 775 653 inquit,
809 592 955 636 tanto
983 582 1184 650 impetu
1216 581 1506 637 insectatus
1545 596 1606 636 es
1655 584 1783 636 me?
1836 584 2045 652 qualem
2099 585 2182 637 in-

586 676 836 740 justitiam
891 673 1020 727 mihi
1072 683 1222 743 poles
1267 673 1638 744 exprobrare?
1678 675 1831 742 quale
1863 678 2182 743 peccatum?

585 770 764 839 Neque
793 771 842 824 id
895 773 1048 836 satis,
1075 772 1178 826 nisi
1226 783 1280 827 et
1312 752 1513 828 tantam
1558 773 2022 843 superinduxisses
2047 784 2178 824 con-

585 861 876 922 tn'neliam,
923 872 978 915 ut
1010 864 1325 916 serutareris
1351 863 1529 916 omnia
1578 879 1696 932 quae
1742 864 1795 917 in
1838 863 1998 916 domo
2039 873 2176 912 mea.

585 953 677 1005 57.
709 952 844 1017 Quid
885 955 1115 1006 invenisti
1141 954 1203 1006 de
1230 953 1461 1007 omnibus
1487 955 1619 1007 vasis
1654 969 1766 1024 quae
1791 954 1844 1006 in
1871 953 2019 1006 doma
2047 961 2134 1004 tua
2157 951 2181 1003 ?

593 1040 736 1095 Pone
765 1044 844 1095 hic
873 1059 1044 1096 coram
1075 1043 1316 1112 fratribus
1347 1044 1446 1097 tuis
1471 1053 1518 1097 et
1539 1044 1786 1113 fratribus
1825 1043 1971 1108 meis,
2015 1051 2060 1095 et
2089 1043 2179 1110 ju-

583 1134 752 1187 dicent
779 1135 909 1187 inter
933 1151 1025 1187 nos
1055 1135 1202 1188 duos.
1236 1136 1427 1203 Tanto,
1482 1136 1672 1204 inquit,
1721 1135 1981 1190 scrutinio
2012 1133 2174 1198 facto,

589 1225 875 1292 puluiStine
930 1224 1128 1294 aliquid
1179 1224 1419 1280 invenire
1463 1226 1606 1296 quod
1649 1226 1715 1280 ad
1769 1241 1854 1281 me
1891 1240 1997 1280 non
2054 1225 2177 1278 atti-

583 1323 726 1375 neat.
784 1315 864 1368 vel
892 1314 1034 1385 quod
1065 1324 1212 1370 tuum
1245 1317 1352 1371 sit?
1378 1315 1432 1371 Si
1460 1317 1730 1382 invenisti,
1757 1315 1936 1387 profer
1981 1317 2032 1369 in
2061 1331 2177 1371 me-

583 1408 750 1470 dium,
791 1415 848 1460 ut
905 1408 994 1476 qui
1037 1408 1122 1462 hic
1167 1408 1363 1464 adsunt
1405 1410 1544 1478 apud
1590 1425 1677 1464 me
1717 1417 1770 1463 et
1807 1418 1879 1476 te,
1913 1408 2172 1477 judicium

589 1498 840 1551 reddant.
886 1498 1148 1565 Quoniam
1175 1499 1306 1553 vidit
1331 1514 1389 1554 se
1419 1501 1747 1569 inculpatum
1792 1500 1844 1554 in
1885 1498 2131 1554 omnibus
2158 1539 2171 1561 ,

585 1603 774 1657 magna
806 1597 1015 1657 sumpta
1047 1589 1257 1653 ﬁducia,
1309 1599 1587 1644 enumerat
1627 1590 1884 1645 beneﬁcia
1930 1604 2047 1658 quae
2099 1587 2173 1641 illi

583 1693 678 1743 per
717 1692 874 1731 omne
921 1687 1129 1746 tempus
1176 1679 1434 1746 exhibuit,
1485 1690 1540 1735 et
1587 1681 1759 1749 inquit
1791 1697 1806 1734 :
1839 1679 1927 1734 58.
1960 1677 2027 1731 Hi
2057 1686 2176 1732 sunt

583 1768 754 1834 viginti
778 1769 899 1819 anni
917 1809 931 1831 ,
963 1770 1142 1837 quibus
1170 1779 1330 1823 tecum
1356 1787 1486 1823 sum.
1556 1771 1659 1824 Pro
1685 1770 1867 1825 labore
1896 1779 1973 1823 tot
2001 1784 2172 1824 anno-

584 1873 721 1925 rum,
748 1857 967 1915 haccine
995 1860 1185 1932 dignus
1214 1877 1361 1917 eram
1389 1864 1746 1918 contumelia?
1771 1863 1841 1916 Hi
1861 1865 1986 1917 mihi
2001 1864 2177 1933 viginti

583 1952 726 2003 anni.
779 1950 948 2007 llodie
987 1953 1174 2023 viginti
1221 1969 1482 2008 annorum
1524 1955 1787 2025 compleri
1820 1956 1871 2009 in
1896 1955 2057 2010 domo
2086 1964 2172 2009 tua

581 2056 884 2096 numerum.
918 2043 1048 2098 Oves
1075 2055 1176 2098 tua:
1203 2054 1250 2098 et
1275 2062 1444 2116 capra:
1465 2056 1563 2099 tua:
1587 2047 1780 2099 steriles
1805 2063 1906 2099 non
1935 2051 2167 2116 fuerunt,

578 2133 760 2184 arietes
785 2135 950 2188 ovium
977 2145 1178 2189 tuarum
1205 2155 1305 2191 non
1331 2140 1525 2192 comedi
1557 2155 1576 2193 :
1602 2140 1693 2195 59.
1749 2152 1953 2207 captum
1993 2158 2024 2194 a
2060 2141 2169 2210 fera

579 2222 668 2274 tibi
698 2240 796 2275 non
824 2226 992 2278 attuli.
1028 2224 1138 2296 Ego
1169 2229 1390 2298 satisfeci
1422 2229 1481 2282 de
1502 2245 1630 2293 meo,
1661 2229 1799 2299 furta
1827 2229 1927 2282 diei
1957 2241 2002 2283 et
2032 2230 2171 2299 furta

585 2315 766 2367 noctis.
791 2314 878 2369 40.
912 2314 1010 2371 Die
1035 2319 1217 2372 urebar
1240 2330 1388 2386 cestu,
1414 2329 1461 2374 et
1489 2331 1634 2374 nocte
1657 2322 1792 2391 gelu,
1817 2331 1862 2376 et
1888 2322 2173 2376 discedebat

577 2421 786 2459 somnus
824 2408 888 2460 ab
935 2410 1096 2464 oculis
1141 2411 1280 2465 meis.
1322 2411 1529 2467 Oblitus
1558 2428 1634 2478 es,
1687 2415 1876 2485 inquit,
1929 2416 2169 2471 laborum

578 2509 714 2561 quos
761 2498 1025 2553 exantlavi
1076 2516 1300 2570 pascens
1347 2517 1475 2557 oves
1526 2513 1642 2557 tuas
1687 2514 1742 2558 et
1777 2505 2006 2574 capras?
2033 2505 2168 2560 Num

578 2596 730 2651 potes
752 2601 976 2656 arguere
1012 2591 1152 2659 quod
1185 2608 1434 2661 umquam
1465 2608 1591 2647 oves
1621 2594 1700 2647 vel
1731 2610 1904 2664 capra:
1933 2604 2034 2650 tua:
2057 2596 2170 2651 fue-

580 2675 687 2729 rint
714 2679 960 2734 steriles?
1015 2682 1146 2737 Vide
1177 2695 1427 2752 quantam
1453 2685 1836 2741 demonstrata
1867 2688 1975 2742 Deo
2005 2690 2168 2745 bene-

583 2765 866 2820 volentiam
905 2771 1191 2840 contigisse
1233 2775 1412 2829 domui
1443 2775 1619 2829 Laban
1649 2787 1866 2846 propter
1894 2795 2048 2835 suum
2074 2781 2170 2835 ad-

581 2865 816 2910 ventum.
854 2859 964 2915 lloc
989 2864 1130 2916 enim
1162 2877 1242 2919 est
1272 2867 1325 2920 id
1356 2870 1495 2938 quod
1527 2881 1581 2926 et
1608 2888 1765 2944 supra
1786 2874 1996 2929 dicebat
2029 2893 2041 2927 :
2073 2873 2168 2928 Be-

580 2946 771 2999 ucdixit
797 2958 843 3000 te
869 2948 1004 3005 Deus
1031 2954 1099 3006 ad
1127 2957 1303 3025 pedem
1331 2977 1516 3016 meum.
1568 2963 1679 3018 Hoc
1729 2967 1870 3019 enim
1919 2967 2094 3020 nullus
2136 2980 2166 3019 a

580 3044 793 3101 pastore
835 3040 1092 3110 exigeret.
1142 3045 1326 3116 Neque
1364 3051 1506 3104 enim
1562 3056 1841 3122 pastoralis
1886 3057 2015 3110 artis
2066 3056 2168 3112 hoc

579 3141 712 3225 opus
741 3140 841 3194 est,
873 3134 964 3187 sed
995 3147 1218 3194 naturae.
1265 3141 1555 3212 Propterea
1579 3156 1703 3202 ante
1733 3151 1910 3203 omnia
1942 3150 2042 3205 hoc
2071 3167 2167 3220 po-

581 3223 1159 3311 nit,uprovidentiaque
1184 3244 1413 3300 superna
1438 3234 1631 3290 factum
1664 3239 1767 3293 hoc
1798 3239 1960 3296 fuisse
1987 3242 2040 3294 in
2075 3256 2168 3311 pe-

577 3308 802 3362 cudibus
849 3317 1100 3371 ostendit.
1147 3321 1339 3376 Arietes
1380 3327 1544 3379 ovium
1585 3331 1785 3382 tuarum
1816 3347 1915 3385 non
1953 3308 2164 3386 comedi.

581 3397 714 3452 Num
745 3410 918 3468 potes,
945 3404 1133 3475 inquit,
1158 3412 1334 3466 dicere
1362 3416 1502 3483 quod
1531 3417 1818 3488 aliquando
1843 3422 2165 3477 comederim

579 3492 800 3548 arietem
833 3497 900 3550 de
927 3501 1174 3570 gregibus
1207 3505 1340 3574 tuis,
1391 3508 1481 3578 qui
1510 3510 1712 3567 scilicet
1749 3514 2037 3569 multorum
2070 3531 2164 3583 pa-

577 3593 783 3640 storum
816 3603 931 3644 mos
957 3593 1071 3647 est?
1114 3594 1158 3647 Α
1186 3595 1341 3652 bestia
1367 3612 1572 3670 captum
1605 3621 1705 3658 non
1732 3607 1878 3661 attuli
1901 3608 2006 3661 tibi.
2054 3607 2164 3662 Ne-

577 3690 683 3769 que
727 3679 860 3746 ipse,
909 3681 1099 3751 inquit,
1155 3688 1443 3759 aliquando
1481 3696 1727 3764 comedi,
1785 3715 1960 3769 neque
1994 3700 2163 3756 bestia

577 3767 864 3835 aliquando
911 3787 1098 3841 rapere
1141 3782 1329 3846 potuit.
1391 3782 1534 3838 Num
1569 3788 1714 3841 attuli
1740 3767 1983 3859 aliquida
2008 3791 2165 3845 bestia

575 3862 826 3954 captum?
873 3863 1065 3920 Annon
1105 3871 1342 3936 quotidie
1392 3875 1538 3930 vides
1578 3893 1691 3944 eos,
1736 3881 1929 3949 quibus
1974 3899 2164 3954 greges

575 3948 765 4002 crediti
791 3961 931 4017 sunt,
981 3966 1134 4026 eapta
1176 3974 1206 4013 a
1235 3961 1418 4017 bestiis
1445 3965 1638 4022 afferre
1677 3948 1950 4026 dominis?
1979 3948 2164 4027 'At'tu

577 4040 707 4135 nihil
735 4042 837 4135 tale
881 4047 959 4099 vel
1009 4047 1379 4109 demonstrare
1415 4058 1499 4111 vel
1527 4059 1760 4128 objicere
1789 4064 1982 4118 factum
2011 4075 2163 4133 potes

579 4130 630 4179 in
663 4130 844 4197 viginti
872 4136 1045 4188 annis.
1081 4138 1145 4190 Et
1175 4141 1299 4209 quid
1326 4143 1444 4198 dico
1470 4158 1680 4217 captum
1706 4166 1736 4204 a
1773 4151 1880 4207 fera
1900 4155 1922 4206 ?
1945 4130 2049 4210 Sed
2075 4171 2162 4210 ηο-

574 4235 679 4286 que
707 4223 750 4273 si
781 4221 921 4302 furto
945 4225 1178 4283 ablatum
1207 4232 1354 4302 quid,
1387 4244 1445 4290 ut
1468 4252 1611 4308 saepe
1633 4244 1912 4314 contingit,
1965 4247 2030 4300 ad
2064 4263 2162 4302 no-

579 4314 747 4414 titiam
771 4327 931 4414 tuam
964 4329 1147 4384 venire
1175 4335 1356 4387 curavi
1388 4353 1400 4389 :
1432 4338 1524 4391 sed
1545 4324 1654 4408 ego
1677 4356 1774 4409 pro
1800 4343 1864 4398 iis
1903 4358 2021 4413 qua:
2046 4344 2156 4398 iur-

575 4409 667 4460 tim
699 4409 872 4466 ablata
905 4412 1116 4473 fuerunt
1138 4422 1388 4490 satisfeci,
1435 4428 1547 4482 sive
1577 4430 1663 4484 die
1691 4431 1802 4485 sive
1833 4409 1990 4489 nocte
2015 4437 2157 4489 acci-

572 4496 762 4592 disset.
817 4502 883 4557 Et
931 4521 1048 4563 cum
1100 4522 1262 4567 {estus
1309 4514 1576 4585 ﬂagraret,
1624 4505 1858 4576 ferebam
1901 4523 2154 4592 fortiter,

578 4589 825 4644 similiter
861 4605 915 4649 et
953 4597 1116 4668 frigus
1165 4605 1359 4672 noctis,
1405 4617 1460 4661 ut
1513 4609 1661 4664 illaesi
1713 4589 2157 4687 conservarentur

572 4699 768 4755 greges
796 4689 867 4741 tui
900 4707 913 4743 :
943 4706 1006 4747 ac
1036 4709 1137 4748 n0u
1168 4695 1268 4750 hoc
1295 4700 1465 4753 solum
1489 4742 1502 4766 ,
1551 4703 1645 4756 sed
1687 4713 1741 4758 et
1778 4706 1891 4773 ipse
1936 4721 2153 4763 somnus

572 4788 796 4846 prapter
820 4784 1036 4837 multam
1073 4801 1252 4842 curam
1284 4789 1592 4847 discedebat
1617 4795 1685 4848 ab
1713 4797 1881 4852 oculis
1911 4800 2065 4853 meis.

644 4867 885 4941 Increpat
920 4879 1221 4946 negligentes
1256 4882 1543 4938 animarum
1581 4897 1826 4956 pastores.
1857 4919 1929 4928 —
1966 4889 2150 4946 Vidisti

573 4964 798 5026 pastoris
825 4967 1143 5035 vigilantiam
1171 4971 1192 5024 ?
1215 4973 1389 5028 vidisti
1419 4976 1677 5032 intentum
1707 4981 1940 5035 studium
1962 4981 1985 5034 ?
2006 4982 2150 5049 Qua-

572 5051 673 5105 lem
722 5055 988 5112 liabcbunt
1047 5065 1442 5120 excusationem
1484 5069 1554 5136 ii,
1627 5072 1821 5141 quibus
1868 5075 2151 5130 ratiOnales

571 5158 758 5212 greges
785 5148 969 5203 crediti
998 5161 1137 5216 sunt,
1188 5170 1538 5227 magnamque
1567 5176 1673 5229 prm
1701 5176 1758 5215 se
1785 5164 1960 5218 ferunt
1987 5168 2151 5235 negli-

568 5245 796 5302 gentiam
829 5253 843 5291 :
877 5249 930 5294 et
955 5245 1206 5311 quotidie,
1254 5249 1544 5304 secundum
1603 5254 1935 5323 pr0phetam,
1989 5272 2147 5325 pecu-

570 5328 664 5380 des
693 5330 822 5384 alias
862 5344 1093 5390 mactant
1143 5338 1367 5408 (Ezccli.
1397 5342 1484 5396 54.
1517 5343 1656 5414 5-6)
1700 5363 1711 5396 :
1744 5347 1876 5401 alias
1906 5363 1934 5400 a
1966 5347 2147 5403 bestiis

569 5429 748 5485 raptas
775 5434 1117 5482 contemnunt
1149 5448 1160 5482 :
1211 5432 1340 5486 alias
1373 5448 1503 5486 vero
1532 5434 1599 5488 ab
1627 5436 1729 5489 illis
1774 5447 1950 5506 raptas
1991 5437 2144 5491 redu-

570 5524 692 5564 cere
743 5529 844 5566 non
879 5530 1065 5574 curant
1113 5538 1126 5579 :
1171 5525 1377 5577 tametsi
1430 5526 1606 5579 minor
1640 5528 1707 5579 sit
1739 5527 1904 5592 labor,
1941 5539 1992 5582 et
2019 5544 2142 5583 cura

573 5603 812 5659 facilior?
857 5610 1043 5665 Anima
1070 5614 1210 5667 enim
1242 5625 1322 5670 cst
1352 5632 1469 5685 qum
1495 5618 1713 5672 docetur
1759 5637 1772 5672 :
1822 5620 1929 5675 illic
1967 5632 2141 5677 autem

571 5694 762 5746 nmltns
789 5708 867 5751 cst
893 5709 948 5754 et
969 5705 1208 5772 corporis
1233 5716 1284 5760 et
1310 5707 1502 5769 animze
1533 5707 1699 5764 labor.

640 5786 687 5834 7.
737 5787 861 5844 Vide
886 5794 1022 5846 enim
1061 5796 1184 5864 quid
1216 5797 1370 5853 dicat.
1408 5797 1503 5855 Dic
1532 5801 1708 5855 urebar
1735 5812 1856 5856 testu
1880 5842 1895 5869 ,
1938 5814 1982 5857 ct
2027 5797 2143 5874 gelu

1267 382 1322 438 S.
1365 381 1640 439 JOANNIS
1678 381 2157 440 CllliVSOSTOMI
2199 381 2514 439 ARCIIIEP.
2561 383 3092 440 CONS'HNTINOP.

3800 387 3905 443 5οὶ

2297 504 2459 559 nocte,
2511 505 2558 548 et
2587 496 2879 549 discedebat
2900 512 3108 549 somnus
3142 512 3172 548 a
3197 512 3292 549 me.
3327 495 3458 564 Quis
3484 498 3601 552 lucc
3631 515 3780 554 nunc
3811 516 3907 570 po-

2295 596 2398 640 test
2427 587 2629 651 dicere,
2679 602 2737 641 se
2779 597 2996 656 propter
3032 602 3219 640 eorum
3250 588 3478 643 salutem
3518 605 3656 659 quos
3695 591 3900 659 pascit,

2294 688 2370 732 tot
2394 679 2532 733 ferre
2566 679 2774 733 labores
2809 687 2863 733 et
2903 679 3183 747 pericula?
3233 681 3297 733 Et
3340 680 3444 735 hoc
3488 681 3713 750 quidem
3759 697 3902 735 iiunc

2291 770 2470 823 nullus
2494 770 2670 824 dicere
2706 770 2884 824 audet.
2915 770 3079 824 Paulo
3103 782 3280 824 autem
3309 771 3408 825 soli
3439 772 3589 826 orbis
3636 773 3902 842 magistro

2289 860 2416 915 licet
2461 860 2562 914 hoc
2603 862 2827 915 ﬁdenter
2856 862 3058 927 dicere,
3087 870 3247 931 atque
3275 863 3358 916 liis
3389 864 3618 932 majora.
3673 863 3740 918 Et
3788 864 3898 928 ubi,

2290 950 2481 1020 inquis,
2510 951 2703 1004 Paulus
2730 951 2844 1005 ha‘c
2873 952 3164 1005 sustinuit?
3209 951 3345 1005 Audi
3386 968 3506 1007 eum
3557 953 3839 1008 dicentem
3889 972 3902 1007 :

2291 1041 2416 1105 Quis
2446 1043 2753 1108 inﬁrmatur,
2784 1052 2831 1095 et
2865 1060 2957 1113 ego
2987 1059 3088 1096 non
3128 1043 3398 1109 iufirmor.’
3425 1045 3538 1113 quis
3558 1046 3898 1098 scandalisa-

2286 1141 2385 1194 tur,
2418 1141 2464 1184 et
2494 1148 2584 1202 ego
2613 1148 2713 1186 non
2741 1149 2861 1187 uror
2911 1133 2986 1202 (1.
3018 1132 3137 1188 Cor.
3169 1134 3256 1188 Η.
3283 1133 3423 1204 29)?
3469 1133 3513 1188 Ο
3554 1137 3796 1203 pastoris
3828 1137 3901 1190 di-

2285 1220 2602 1275 lectionem!
2654 1222 2858 1276 Alienm
2887 1224 3078 1289 ruinae,
3129 1224 3315 1294 inquit,
3365 1239 3516 1279 meos
3545 1226 3770 1280 dolores
3800 1243 3896 1280 δυο

2282 1320 2428 1380 gent,
2455 1311 2624 1366 aliena
2665 1311 2911 1367 scandala
2957 1312 3229 1368 fornacem
3274 1313 3476 1368 doloris
3525 1315 3632 1368 mei
3663 1330 3901 1370 succen-

2282 1404 2434 1457 dunt.
2469 1403 2619 1458 llunc
2659 1420 2847 1460 omnes
2879 1406 3172 1472 imitentur,
3203 1405 3395 1476 quibus
3423 1406 3726 1461 rationales
3765 1422 3902 1462 oves

2282 1495 2606 1550 concreditae
2633 1506 2775 1561 sunt,
2824 1506 2879 1552 et
2924 1513 2992 1552 ne
3039 1497 3336 1552 deteriores
3369 1496 3496 1551 ﬁant
3523 1498 3622 1551 illo
3646 1498 3744 1566 qui
3771 1508 3898 1550 tan-

2283 1597 2348 1643 tae
2375 1590 2429 1642 in
2459 1588 2629 1644 brutis
2677 1589 2970 1659 pecudibus
3018 1590 3382 1644 custodiendis
3425 1590 3724 1659 vigilantiae
3770 1589 3893 1652 iuit,

2281 1681 2438 1752 idque
2467 1692 2544 1736 tot
2573 1697 2834 1736 annorum
2871 1698 3111 1736 numero.
3161 1682 3229 1736 Et
3271 1681 3381 1736 illic
3424 1681 3667 1750 quidem,
3725 1683 3772 1735 si
3819 1681 3897 1735 in-

2280 1773 2424 1826 curia
2465 1773 2708 1842 quaedam
2763 1773 3039 1840 acciderit,
3087 1771 3290 1826 nullum
3331 1770 3632 1826 damnum:
3665 1772 3760 1826 hic
3795 1788 3895 1826 au-

2283 1873 2389 1919 tem
2438 1865 2482 1918 si
2508 1865 2589 1920 vel
2633 1879 2734 1919 una
2787 1866 2900 1920 ovis
2954 1865 3225 1920 rationalis
3272 1866 3512 1934 perierit,
3542 1867 3686 1920 vela
3723 1865 3894 1921 bestia

2281 1955 2440 2010 fuerit
2486 1964 2659 2024 capta,
2710 1971 2871 2027 grave
2915 1955 3189 2021 damnum,
3242 1955 3532 2009 maximum
3579 1956 3894 2010 detrimen-

2281 2055 2412 2111 tum,
2464 2046 2748 2100 ineﬂ‘abilis
2801 2061 2976 2116 paena.
3013 2044 3145 2099 Nam
3191 2047 3236 2099 si
3268 2046 3524 2099 Dominus
3555 2056 3752 2098 noster
3778 2059 3896 2099 san-

2276 2138 2492 2207 guinem
2541 2153 2694 2191 suum
2743 2138 3017 2207 proprium
3062 2135 3342 2191 eﬁ'undere
3373 2151 3468 2205 pro
3515 2135 3606 2189 illa
3645 2151 3763 2189 non
3793 2136 3892 2190 de-

2276 2225 2515 2292 clinavit,
2562 2240 2663 2296 qua
2697 2227 2848 2280 venia
2880 2225 3072 2296 dignus
3117 2225 3296 2290 fuerit,
3338 2225 3534 2294 quisic
3563 2223 3895 2279 honoratam

2276 2331 2304 2368 a
2347 2316 2571 2372 Domino
2601 2317 2880 2386 despicere
2909 2316 3157 2380 voluerit,
3208 2324 3261 2370 et
3304 2329 3409 2368 non
3433 2314 3616 2368 omnia
3642 2330 3770 2384 qua:
3799 2330 3894 2384 po-

2279 2417 2384 2464 test
2423 2410 2477 2463 in
2525 2408 2760 2462 curanda
2792 2409 2998 2463 ovicula
3043 2405 3452 2476 adimpleverit?
3506 2406 3786 2462 Castorum
3828 2407 3893 2461 ad

2276 2501 2469 2555 seriem
2521 2502 2784 2555 sermonis
2829 2499 3131 2554 redeamus.
3161 2499 3251 2553 41.
3286 2496 3358 2551 Hi
3380 2498 3526 2562 milii,
3557 2497 3762 2566 inquit,
3817 2498 3893 2549 ui-

2275 2593 2402 2663 ginti
2441 2593 2581 2657 anni,
2642 2591 2822 2660 quibus
2866 2608 2980 2645 sum
3038 2591 3092 2644 in
3145 2591 3295 2644 domo
3345 2599 3452 2643 tua.

2275 2682 2654 2752 quatuordecim
2680 2682 2826 2734 annis
2871 2698 2963 2751 pro
2993 2681 3198 2749 ﬁliabus
3227 2681 3344 2745 tuis,
3399 2690 3445 2733 et
3487 2696 3579 2733 sea:
3605 2681 3766 2733 antiis
3796 2697 3891 2749 pro

3533 2587 3742 2643 Servim'
3805 2589 3892 2643 tibi

2275 2776 2446 2828 ovibus
2490 2774 2610 2838 tuis,
2648 2784 2694 2827 et
2720 2774 2972 2844 fraudasti
3018 2773 3293 2827 mercedem
3323 2789 3485 2826 meam
3511 2773 3688 2826 decem
3723 2790 3890 2843 agna-

2274 2867 2383 2919 bus.
2419 2865 2507 2919 42.
2559 2865 2627 2918 Et
2674 2867 2770 2918 nisi
2819 2864 2957 2918 Deus
3001 2865 3160 2934 patris
3204 2863 3302 2917 mei
3355 2864 3598 2927 Abraluz,
3648 2875 3701 2916 et
3747 2863 3890 2918 Deus

2273 2954 2425 3008 Isaac
2457 2957 2472 2987 ³
2517 2956 2690 3025 fuisset
2746 2955 2870 3007 mihi
2917 2955 3141 3025 adjutor,
3188 2971 3324 3007 nunc
3363 2957 3494 3024 forte
3537 2971 3621 3007 me
3669 2971 3888 3009 vacuum

2274 3046 2564 3099 dimisisses.
2630 3043 2985 3099 Humilitatem
3041 3061 3202 3098 meam
3249 3054 3296 3098 ct
3346 3045 3569 3099 laborem
3631 3062 3886 3102 manuum

2273 3154 2498 3191 mearum
2523 3137 2643 3190 uidit
2671 3135 2828 3204 Deus,
2876 3146 2922 3191 et
2961 3138 3131 3208 arguit
3179 3146 3228 3190 te
3272 3136 3398 3190 heri.
3439 3135 3572 3192 Vide
3605 3139 3888 3207 quomodo

2273 3243 2335 3283 ea
2366 3244 2483 3299 quae
2513 3229 2792 3285 confessus
2834 3240 2916 3284 est
2959 3227 3162 3292 Laban,
3211 3229 3515 3282 animarum
3552 3227 3789 3297 justum,
3831 3240 3886 3285 ut

2271 3335 2391 3373 cum
2443 3318 2634 3373 ﬁducia
2689 3319 2834 3372 illum
2887 3317 3326 3388 reprehenderet.
3381 3317 3600 3384 Vidisti,
3656 3319 3884 3390 inquit,

2270 3410 2539 3481 quomodo
2571 3409 2755 3480 viginti
2803 3424 3065 3464 annorum
3094 3423 3318 3463 numero
3348 3409 3542 3463 servivi
3592 3409 3731 3477 tibi,
3789 3426 3888 3482 pro

2273 3504 2520 3571 ﬁliabus,
2571 3502 2972 3573 quatuordecim
3034 3501 3220 3567 annis,
3277 3499 3497 3569 reliquis
3546 3508 3737 3556 mitem
3787 3519 3888 3572 pro

2271 3598 2460 3652 ovibus
2494 3613 2504 3649 :
2539 3605 2716 3649 tamen
2749 3595 2957 3664 privare
2986 3609 3072 3648 me
3108 3592 3324 3648 voluisti
3350 3591 3622 3660 mercede,
3665 3601 3726 3650 et
3771 3610 3884 3649 non

2275 3696 2325 3742 te
2363 3701 2523 3754 super
2569 3685 2671 3739 hoc
2713 3685 2905 3752 argui?
2949 3682 3144 3738 Verum
3198 3698 3269 3738 ex
3309 3682 3414 3738 illis
3459 3682 3613 3751 ipsis,
3656 3699 3785 3753 qua:
3827 3695 3882 3738 tu

2269 3775 2546 3832 confessus
2571 3790 2649 3841 es,
2673 3775 2784 3830 scio
2839 3772 2979 3844 quod
3027 3771 3129 3826 nisi
3171 3772 3314 3827 Deus
3343 3771 3612 3826 Abraham
3642 3781 3697 3826 et
3731 3772 3885 3828 Isaac

2271 3869 2456 3924 fuisset
2491 3868 2620 3922 mihi
2659 3867 2901 3936 adjutor,
2953 3879 3094 3920 nunc
3143 3880 3229 3918 me
3275 3879 3502 3918 vacuum
3563 3862 3884 3921 dimisisses

2269 3972 2321 4016 et
2367 3960 2588 4026 nudum,
2626 3959 2804 4014 omnia
2855 3956 3356 4012 forte‘abstulisses
3403 3970 3434 4009 a
3485 3969 3595 4019 me,
3649 3965 3707 4011 et
3738 3958 3883 4025 inju-

2268 4051 2487 4115 stitiam,
2517 4064 2677 4120 quam
2704 4061 3078 4119 proposueras,
3116 4060 3280 4116 opere
3321 4045 3734 4114 complevisses.
3769 4049 3881 4104 Sed

2267 4145 2409 4200 Deus
2454 4144 2544 4214 qui
2575 4143 2675 4197 scit
2707 4141 3056 4195 Humilitatem
3094 4156 3256 4194 meam
3282 4149 3327 4194 et
3371 4139 3592 4194 laborem
3621 4157 3879 4196 manuum

2268 4254 2511 4291 mearum.
2573 4235 2709 4303 Quid
2754 4244 2874 4301 est,
2933 4233 3285 4288 Humilitatem
3324 4249 3486 4287 meum
3534 4243 3583 4287 et
3641 4235 3878 4291 laborem

2267 4346 2508 4383 manuum
2551 4327 2818 4381 mearum?
2866 4326 3148 4393 Quoniam,
3196 4325 3384 4395 inquit,
3427 4328 3527 4380 scit
3553 4326 3701 4381 Deus
3730 4345 3878 4398 quo-

2266 4421 2425 4475 modo
2458 4435 2557 4489 ego
2605 4433 2796 4488 magno
2838 4417 3014 4472 studio
3052 4416 3358 4471 servitutem
3399 4429 3573 4471 meam
3621 4417 3878 4487 perfece-

2268 4513 2402 4578 rim,
2469 4520 2522 4566 et
2570 4519 2824 4579 quantum
2891 4507 3127 4563 laborem
3196 4507 3580 4574 sustinuerim,
3633 4524 3874 4578 pascens

2265 4616 2411 4668 oves,
2463 4602 2550 4656 die
2595 4611 2862 4670 noctuque
2914 4600 2966 4653 in
3015 4599 3155 4654 curis
3205 4607 3451 4653 versatus
3489 4599 3597 4653 :ad
3633 4600 3754 4667 illa,
3785 4603 3871 4657 in-

2263 4675 2444 4764 qua‘m,
2494 4694 2728 4762 respexit
2764 4693 3023 4763 benignus
3077 4690 3334 4746 Dominus
3373 4706 3493 4744 eum
3526 4690 3643 4746 heri
3684 4696 3871 4765 arguit

2265 4797 2346 4840 te:
2370 4786 2606 4840 coercuit
2637 4784 2941 4853 iniustitiam
2971 4799 3126 4853 quam
3155 4783 3438 4837 adversum
3467 4798 3556 4838 me
3584 4786 3866 4854 struebas,

2261 4887 2314 4932 et
2360 4875 2747 4931 irrationabiles
2791 4884 2909 4928 tuos
2949 4883 3192 4928 conatus.
3255 4873 3397 4928 Satis
3449 4873 3621 4944 tetigit
3668 4875 3862 4931 defen-

2258 4966 2434 5021 dendo
2471 4982 2530 5020 se
2593 4965 2899 5030 Labanum,
2967 4973 3020 5018 et
3085 4970 3364 5032 postquam
3416 4963 3866 5032 reprehendisset

2261 5060 2400 5112 illius
2445 5058 2497 5110 in
2543 5072 2601 5111 se
2651 5055 2984 5125 iniustitiam,
3048 5069 3141 5109 sna
3187 5054 3240 5108 in
3281 5053 3426 5107 illum
3471 5053 3731 5109 beneﬁcia
3767 5075 3862 5112 re-

2256 5149 2483 5202 censuit.
2510 5148 2630 5201 ldeo
2660 5147 2746 5201 ille
2772 5148 3098 5202 erubescens
3122 5145 3189 5200 de
3212 5145 3275 5200 iis
3296 5159 3412 5214 qua:
3438 5144 3675 5211 dixerat,
3711 5163 3860 5204 nunc

2257 5240 2307 5293 in
2342 5240 2585 5293 timorem
2608 5253 2790 5291 versus
2820 5245 2919 5299 est,
2946 5247 3001 5290 et
3029 5235 3225 5292 foedera
3251 5237 3384 5290 inire
3406 5236 3514 5289 vult
3533 5251 3656 5289 cum
3679 5238 3855 5305 jUstO.

2257 5332 2386 5385 Vide
2414 5331 2797 5400 providentiam
2828 5330 2938 5384 Dei.
2983 5330 3082 5395 Qui
3131 5340 3276 5383 tanto
3315 5332 3510 5398 impetu
3550 5330 3615 5383 ad
3664 5347 3857 5400 perse-

2255 5426 2520 5493 quendum
2553 5425 2774 5488 exierat,
2814 5433 2957 5476 tanto
2986 5425 3172 5477 timore
3204 5422 3422 5476 affectus
3459 5433 3556 5485 est,
3601 5435 3660 5478 ut
3686 5427 3756 5479 ab
3789 5443 3854 5480 eo

2256 5517 2450 5571 [cedem
2477 5524 2758 5584 quwreret.
2789 5516 2875 5569 45.
2926 5514 3253 5582 Respondeas
3291 5525 3457 5566 autent
3483 5513 3679 5579 Laban,
3715 5519 3853 5571 dixit

2253 5609 2317 5660 ad
2340 5607 2498 5660 Jacob
2529 5623 2545 5659 :
2577 5604 2726 5659 Filia:
2753 5617 2869 5670 tute,
2898 5607 3019 5673 filia;r
3048 5624 3168 5660 anew
3196 5623 3212 5659 :
3245 5617 3289 5658 et
3316 5607 3411 5673 ﬁlii
3444 5608 3535 5671 tui,
3579 5608 3677 5673 ﬁlii
3705 5611 3808 5661 mei
3834 5627 3852 5662 :

2254 5713 2296 5757 et
2347 5717 2526 5770 pecora
2566 5710 2672 5767 tua,
2723 5717 2901 5770 pecora
2956 5717 3064 5753 mea
3099 5710 3187 5754 .‘et
3214 5700 3382 5752 omnia
3415 5716 3742 5770 quiscumque
3797 5716 3850 5757 tu

2313 5825 2323 5852 ‘
2355 5824 2497 5873 tioisl.
2529 5830 2580 5871 et
2608 5820 2753 5882 ΒΜ,
2783 5827 2930 5871 metus
2954 5819 3137 5876 Isaae,
3174 5818 3199 5863 6
3229 5815 3370 5878 esse;
3407 5812 3590 5862 Ἰσαάκ.
