4086 6454
234 429 339 485 51ὶῦ

230 540 322 593 διὰ
333 539 434 607 τῆς
458 534 640 607 μάχης
655 537 755 607 τῆς
785 535 993 598 οἰκείας
1014 534 1194 605 ψυχῆς
1226 531 1559 585 Ξκκαλύπτει
1578 530 1676 601 τὴν
1692 530 1822 600 ἀρε-

222 623 346 689 τήν.
406 618 466 671 Τί
486 617 554 670 τὸ
585 617 848 687 ἀδίκημά
880 635 1022 687 μου,
1046 616 1211 687 φησίν
1233 635 1245 681 ;
1266 615 1304 683 ἢ
1331 615 1390 667 τί
1416 615 1480 667 τὸ
1510 613 1826 682 ἁμάρτημά

220 719 366 771 μου,
402 701 489 755 ὅτι
510 700 870 766 κατεδίωξας
894 701 1249 768 όπισωμου;
1274 698 1431 759 Τίνος
1447 696 1652 757 ἕνεκεν,
1668 694 1821 765 φησὶ,

227 783 372 853 μετά
390 781 659 851 τοσαύτης
677 783 854 852 όρμῆς
870 781 1207 848 κατεδίωξάς
1250 797 1317 851 με
1353 796 1367 844 ;
1403 780 1556 830 ποῖον
1576 776 1823 847 ἀδίκημα

224 866 482 933 ἐγκαλεῖν
499 865 635 934 έχων
657 882 671 929 ;
698 867 850 917 ποῖον
868 864 1180 936 ἁμάρτημα
1200 878 1216 926 ;
1247 862 1357 914 Καὶ
1373 862 1433 913 ού
1457 860 1619 931 μόνον
1638 860 1818 922 τοῦτο,

221 949 367 1001 ἀλλά
395 945 777 1017 καὶτοσαύτην
818 945 979 1018 ὓϐριν
1027 947 1162 1015 ἡμῖν
1199 945 1506 1015 ἐπήγαγες,
1537 942 1680 995 ὥστε
1726 942 1823 994 καὶ

221 1032 520 1101 ἐρευνῆσαι
546 1028 728 1082 πάντα
776 1028 847 1083 τά
894 1030 952 1082 ἐν
994 1026 1069 1096 τῷ
1091 1028 1228 1098 οίκῳ
1261 1045 1386 1097 μου.
1418 1026 1480 1079 Τί
1503 1022 1678 1093 εὗρες
1699 1023 1820 1079 ἀπὸ

221 1113 467 1166 πάντων
484 1111 725 1166 σκευῶν
750 1112 859 1166 τοῦ
883 1112 1055 1166 οτκου
1084 1125 1202 1165 σου
1216 1128 1236 1175 ;
1260 1109 1373 1176 Θὲς
1397 1102 1515 1162 ὦδε
1538 1108 1821 1161 ἐναντίον

219 1194 343 1248 τῶν
357 1195 638 1264 ἀδελφῶν
663 1209 782 1249 σου
812 1192 1041 1248 καὶτῶν
1065 1192 1348 1262 ἀδελφῶν
1364 1209 1508 1261 μου,
1534 1191 1633 1245 καί
1658 1192 1820 1260 ἐλεγ-

218 1278 507 1342 ξάτωσαν
529 1279 645 1333 ἀνά
659 1277 858 1346 μέσον
885 1277 1005 1331 τῶν
1029 1277 1139 1332 δύο
1170 1276 1358 1345 ἡμῶν.
1392 1274 1697 1344 Τοσαύτην,
1716 1292 1819 1346 φη-

218 1362 331 1427 σὶν,
369 1361 597 1432 ἔρευναν
619 1360 1010 1431 ποιησάμενος.
1027 1355 1137 1431 ἄρα
1159 1357 1431 1429 ήδυνήθης
1444 1375 1495 1411 τι
1512 1358 1693 1425 εὑρεῖν
1711 1355 1817 1409 τῶν

220 1444 301 1515 μὴ
317 1443 706 1512 προσηκόντων
725 1460 815 1513 μοι
835 1460 851 1509 ;
874 1443 906 1514 ἢ
925 1441 1034 1495 τῶν
1048 1458 1129 1494 σοι
1146 1440 1536 1511 διαφερόντων;
1555 1439 1619 1492 Εί
1635 1434 1813 1509 εὗρες,

216 1527 279 1579 ἐν
300 1525 379 1596 τῷ
403 1525 557 1596 μέσῳ
574 1524 891 1596 παράγαγε,
1088 1523 1171 1577 ἵνα
1188 1525 1239 1577 οἱ
1272 1522 1525 1586 συνόντες
1547 1540 1637 1593 μοι
1656 1523 1751 1575 καὶ
1767 1524 1815 1574 οἱ

218 1607 367 1677 μετά
388 1608 484 1662 σοῦ
535 1608 976 1679 παραγενόμενοι
1008 1606 1108 1677 τὴν
1130 1607 1406 1675 διάκρισιν
1451 1608 1814 1676 ποιήσωνται.

217 1688 446 1762 Ἐπειδὴ
468 1685 610 1743 εἶδεν
626 1689 923 1743 ἀνεύθυνον
943 1688 1137 1743 ἐαυτὸν
1155 1689 1214 1741 ἐν
1232 1688 1407 1743 ἆπασι
1419 1689 1815 1759 γεγενημένον,

212 1773 425 1845 πολλὴν
472 1773 658 1827 λοιπὸν
691 1772 1009 1845 παρρησίαν
1047 1772 1375 1843 προσλαϐὼν
1420 1773 1817 1843 ἀπαριθμεῖται

214 1859 324 1930 τὴν
359 1856 598 1921 εῠνοιαν,
627 1857 697 1928 ἢν
732 1857 864 1926 περὶ
895 1855 1062 1909 αὑτὸν
1084 1857 1142 1907 ἐν
1169 1857 1336 1910 παντὶ
1371 1855 1449 1925 τῷ
1475 1856 1656 1927 χρόνῳ
1708 1857 1812 1908 ἐπ-

211 1938 481 2005 εδείξατο,
512 1938 775 2010 καίφησι’
804 1938 1105 2008 Ταῦτάμοι
1125 1939 1363 1993 εῑκοσιν
1390 1940 1516 2006 ἔτη.
1545 1937 1701 1992 Μετὰ
1721 1937 1813 1992 τὸν

213 2020 470 2092 κάματον
499 2019 607 2074 τῶν
626 2020 902 2074 τοσούτων
922 2020 1063 2075 ἐτῶν
1092 2020 1320 2085 τούτων,
1337 2022 1486 2092 ήμην
1514 2020 1663 2085 ἄξιος
1680 2019 1815 2074 ταύο

210 2118 317 2172 της
350 2102 450 2172 τῆς
484 2101 728 2174 ὕϐρεως;
774 2100 973 2156 Ταῦτά
1003 2120 1108 2171 μοι
1139 2104 1377 2157 εἴκοσιν
1411 2105 1539 2171 ἐτη.
1564 2105 1815 2175 Σήμερον

211 2186 424 2239 εἴκοσιν
444 2185 581 2239 ἐτῶν
599 2184 831 2256 ἀριθμὸν
848 2185 957 2252 έχω
989 2188 1047 2239 ἐν
1072 2184 1150 2257 τῷ
1182 2186 1318 2257 οίκῳ
1349 2186 1427 2257 τῷ
1456 2186 1553 2257 σῷ.
1580 2190 1658 2241 Τὰ
1677 2186 1816 2255 πρό·

210 2268 365 2323 ϐατά
378 2284 495 2323 σου
512 2269 609 2323 καὶ
625 2272 685 2322 αι
697 2264 862 2337 αἷγές
872 2282 989 2323 σου
1010 2271 1121 2323 οὐκ
1146 2269 1596 2338 ήτεκνώθησαν·
1612 2269 1815 2341 κριοὺς

210 2351 335 2406 τῶν
362 2352 676 2420 προϐάτων
688 2368 807 2407 σου
822 2356 893 2406 οὺ
922 2351 1265 2423 κατέφαγον
1281 2370 1295 2383 ·
1314 2353 1688 2421 θηριάλωτον
1702 2360 1815 2412 οὐκ

206 2433 482 2503 ἐνήνοχά
498 2452 619 2490 σοι.
648 2434 789 2503 Ἐγὼ
804 2435 1172 2489 ἀπετίννυον
1184 2436 1321 2504 παρ’
1341 2436 1624 2504 ἐμαυτοῦ,
1641 2442 1816 2509 κλέμο

202 2534 372 2586 ματα
386 2517 614 2587 ἡμέρας
633 2518 731 2571 καί
752 2517 1061 2587 κλέμματα
1082 2520 1329 2583 νυκτός.
1362 2519 1416 2569 Ἐ
1424 2519 1684 2588 γενόμην
1702 2522 1814 2589 τῆς

208 2601 441 2671 ἡμέρας
468 2603 908 2670 συγκαιόμενος
953 2599 1035 2666 τῷ
1069 2601 1349 2669 καύματι,
1368 2602 1466 2654 καὶ
1482 2600 1563 2666 τῷ
1577 2602 1814 2671 παγετῷ

205 2683 324 2753 τῆς
351 2684 595 2751 νυκτὸς,
618 2683 1029 2754 καὶάερίστατο
1048 2687 1082 2737 ό
1099 2685 1294 2750 ὕπνος
1305 2684 1425 2739 ἀπὸ
1453 2683 1574 2738 τῶν
1586 2687 1815 2755 ὀφθαλο

202 2766 342 2837 μῶν
356 2786 499 2836 μου.
533 2766 855 2831 Ἐπελάθου,
876 2768 1031 2838 φησὶ,
1061 2765 1171 2819 τῶν
1205 2767 1469 2837 καμάτων
1504 2768 1615 2821 τῶν
1635 2769 1810 2839 ἐμῶν,

208 2847 287 2906 ὧν
309 2852 675 2923 ἐπεδειξάμην
700 2853 1004 2923 ποιμαίνων
1021 2852 1089 2904 τὰ
1106 2850 1358 2922 πρόϐατά
1384 2868 1477 2904 σου
1499 2856 1594 2907 καὶ
1606 2856 1705 2919 τὰς
1727 2853 1814 2909 αἴ-

210 2952 319 3005 γας
341 2954 356 3003 ;
382 2939 473 3008 Μὴ
490 2937 633 3007 ἔχεις
654 2937 951 3005 ἐγκαλέσαι
970 2938 1051 2990 ὃτι
1077 2937 1208 2990 ποτὲ
1231 2936 1300 2989 τά
1313 2936 1582 3008 πρόϐατα,
1600 2939 1633 3010 ἢ
1651 2943 1705 2993 αἱ
1724 2936 1810 2994 αἷ-

208 3038 307 3089 γες
329 3020 756 3092 ἡτεκνώθησαν;
779 3023 921 3091 Ὅρα
949 3019 1123 3090 πόσην
1148 3020 1507 3091 δείκνυσιτην
1526 3023 1679 3091 παρά
1708 3024 1806 3077 τοῦ

207 3104 347 3157 θεοῦ
367 3103 581 3158 εὔνοιαν
599 3106 978 3176 γεγενημένην
995 3106 1076 3168 είς
1108 3104 1199 3157 τὸν
1227 3100 1376 3157 οἷκον
1396 3104 1489 3157 τοῦ
1508 3106 1697 3159 Λάϐαν
1719 3109 1809 3163 διά

206 3188 312 3257 τὴν
343 3188 509 3241 αὑτοῦ
544 3189 869 3259 παρουσίαν.
904 3186 1076 3240 Τοῦτο
1104 3187 1215 3260 γάρ
1247 3189 1396 3240 ἐστιν
1418 3189 1558 3259 ὅπερ
1585 3191 1679 3243 καὶ
1695 3190 1809 3245 ἀνω

208 3272 397 3340 ἔλεγεν
422 3287 436 3301 ⁸
456 3271 776 3341 Εὑλόγησέ
791 3288 864 3327 σε
883 3275 915 3326 ὁ
944 3271 1090 3337 Θεὸς
1103 3271 1202 3324 ἐπὶ
1221 3270 1300 3336 τῷ
1316 3270 1459 3324 ποδί
1475 3288 1617 3340 μου.
1639 3274 1812 3328 Τοῦτο

208 3356 320 3429 γὰρ
338 3356 514 3418 οὐδεὶς
530 3355 595 3408 ἂν
614 3355 764 3427 παρὰ
780 3355 1040 3426 ποιμένος
1051 3354 1573 3426 ἀπαιτήσειεν.οὺδὲ
1587 3357 1695 3430 γάρ
1712 3359 1811 3431 τῆς

211 3437 580 3509 ποιμαντικῆς
602 3438 759 3491 τοῦτο
777 3438 958 3508 ἔργονο
981 3436 1199 3506 φύσεως
1213 3438 1323 3506 γάρ
1353 3439 1491 3492 ἐστι.
1519 3439 1618 3493 Διά
1649 3442 1809 3495 τοῦτο

213 3523 323 3595 πρὸ
338 3522 555 3575 πάντων
573 3520 733 3574 τοῦτο
761 3521 1074 3592 προτίθησι,
1100 3521 1193 3575 καὶ
1214 3521 1417 3593 πολλὴν
1436 3522 1680 3578 δείκνυσι
1707 3527 1809 3597 τὴν

211 3608 420 3665 ἄνωθεν
438 3607 812 3677 γεγενημένην
831 3606 1089 3677 πρόνοιαν
1102 3606 1231 3677 περὶ
1245 3606 1314 3660 τὰ
1332 3606 1561 3678 ποίμνια
1587 3611 1806 3678 Κριοὺς

212 3691 333 3746 τῶν
347 3689 658 3760 προϐάτων
673 3705 789 3744 σου
806 3691 878 3743 οὐ
896 3688 1258 3759 κατέφαγον.
1274 3689 1366 3760 Μὴ
1384 3689 1610 3745 δύνασαι
1628 3694 1808 3746 είπεῖν

209 3779 292 3831 ὅτι
313 3775 446 3829 ποτὲ
467 3774 775 3843 κατέφαγον
798 3773 950 3845 κριὸν
966 3775 1030 3826 ἐκ
1048 3770 1160 3826 τῶν
1179 3772 1471 3842 προϐάτων
1493 3792 1611 3839 σου,
1626 3775 1655 3829 δ
1675 3777 1806 3831 πολ-

209 3860 322 3923 λοῖς
338 3870 363 3899 ι
386 3857 495 3910 τῶν
518 3856 792 3927 ποιμένων
807 3859 980 3909 ποιεῖν
1003 3855 1152 3921 ἐθος;
1179 3854 1562 3925 Θηριάλωτον
1580 3861 1693 3914 οὐκ
1708 3861 1807 3914 έν-

208 3941 406 4010 ήνοχά
437 3958 557 3996 σοι.
594 3939 733 3994 Οὔτε
764 3941 950 4003 αὐτὸς,
972 3941 1127 4011 φησι,
1160 3939 1289 3994 ποτὲ
1323 3939 1658 4010 κατέφαγον,
1679 3942 1804 3998 οὔτε

210 4026 397 4099 θηρίον
419 4024 607 4095 ἴσχυσέ
623 4040 753 4077 ποτε
767 4022 1085 4092 ἀφελέσθαι.
1098 4026 1156 4076 Μ
1160 4022 1197 4091 ὴ
1209 4023 1475 4093 ἐνήνοχά
1484 4042 1584 4081 σοι
1602 4027 1806 4095 θηριά-

207 4115 436 4173 λωτον;
462 4108 534 4160 Ἣ
555 4107 676 4178 οὐχὶ
704 4107 825 4159 καθ’
840 4106 1079 4175 ἑκάστην
1099 4107 1315 4177 ἡμέραν
1336 4110 1462 4171 τοὺς
1481 4108 1551 4161 τά
1577 4108 1804 4179 ποίμνια

196 4190 687 4264 ,ἐγχειριζομένους
706 4192 839 4261 δρᾷς
862 4190 1177 4261 θηριάλωτα
1196 4192 1310 4253 τοῖς
1324 4190 1611 4255 δεσπόταις
1628 4209 1803 4263 προσ⁹

211 4277 475 4345 άγοντας;
513 4273 674 4327 Ἀλλά
695 4275 759 4327 σὺ
778 4273 933 4326 οὐδὲν
948 4270 1187 4327 τοιοῦτον
1203 4272 1498 4345 ἐγκαλέσαι
1518 4274 1744 4348 δυνήσῃ,
1766 4276 1799 4346 ἢ

209 4360 378 4426 δεῖξαι
398 4356 767 4428 γεγενημένον
787 4359 844 4410 ἐν
863 4358 977 4419 τοῖς
997 4357 1204 4409 εἴκοσιν
1230 4356 1398 4410 ἔτεσι.
1431 4357 1543 4409 Καὶ
1569 4356 1620 4409 τί
1658 4357 1803 4426 λέγω

212 4441 577 4514 θηριάλωτονς
608 4439 747 4493 Ἀλλ’
764 4438 885 4490 οὐδὲ
905 4439 952 4491 εί
974 4438 1188 4509 ἐκλάπη
1203 4440 1354 4504 ποτὲ,
1374 4432 1462 4491 οἷα
1482 4439 1801 4510 συμϐαίνειν

211 4527 377 4589 εἰκὸς,
398 4525 477 4587 εἰς
509 4524 608 4594 τὴν
640 4524 740 4593 σὴν
818 4514 1021 4585 γνῶσιν
1093 4516 1252 4573 τοῦτο
1354 4524 1655 4594 πεποίηκα,
1684 4526 1799 4577 ἀλλ’

213 4608 323 4677 ἐγὼ
351 4608 447 4660 καὶ
472 4606 764 4675 κλέμματα
794 4604 1139 4675 κλεπτόμενα
1165 4604 1508 4671 ἀπετίννυον,
1541 4607 1614 4660 τά
1645 4624 1704 4661 τε
1743 4612 1800 4662 ἐν

210 4689 415 4761 ἡμέρᾳ,
438 4687 508 4742 τά
524 4704 585 4739 τε
613 4689 670 4739 ἐν
692 4688 849 4740 νυκτὶ
871 4688 1154 4756 γινόμενα.
1168 4688 1278 4739 Καὶ
1299 4687 1564 4757 διηνεκῶς
1593 4689 1800 4745 καὶτὸν

207 4772 303 4827 τοῦ
324 4771 604 4842 καύματος
636 4768 890 4823 καύσωνα
919 4770 1114 4841 ἔφερον
1142 4768 1428 4838 γενναίως,
1446 4770 1650 4825 καὶτὸν
1669 4790 1802 4842 κρυ·

213 4859 311 4928 μὸν
339 4857 431 4910 τὸν
456 4855 567 4909 ἀπὸ
592 4854 694 4925 τῆς
725 4854 939 4916 νυκτὶς,
960 4853 1102 4923 ὑπὲρ
1134 4851 1229 4905 τοῦ
1264 4851 1475 4923 ἀϐλαϐῆ
1505 4869 1588 4907 σοι
1612 4854 1679 4908 τὰ
1692 4856 1804 4909 ποί-

213 4956 340 4993 ανια
361 4936 761 4993 διασώσασθαι·
781 4936 875 4989 καὶ
897 4935 959 4987 ού
985 4934 1144 4988 τοῦτο
1162 4935 1342 5005 μόνον,
1363 4934 1500 4988 ἀλλά
1523 4937 1619 4989 καὶ
1638 4938 1802 5002 αὐτὸς

205 5026 235 5079 6
268 5022 435 5085 ὕπνος
461 5021 548 5074 διὰ
576 5023 673 5092 τὴν
696 5020 898 5089 πολλὴν
929 5018 1189 5089 φροντίδα
1220 5018 1490 5087 ἀφίστατο
1517 5021 1615 5073 ἀπ’
1637 5021 1796 5092 ἐμοῦ.

275 5104 428 5169 Εἶδες
465 5104 724 5175 ποιμένος
762 5103 1101 5173 ἀγρυπνίαν;
1152 5098 1290 5167 εἶδες
1340 5104 1577 5173 σπουδὴν
1611 5106 1799 5159 ἐπιτε-

203 5190 475 5261 ταμένην;
520 5188 688 5241 Ποίαν
733 5188 798 5241 ἂν
841 5186 1015 5257 ἔχοιεν
1065 5186 1365 5256 ἀπολογίαν
1404 5188 1454 5240 οἱ
1493 5188 1561 5242 τά
1604 5190 1801 5260 λογικά

204 5275 430 5345 ποίμνια
464 5271 952 5344 ἐγκεχειρισμένοι,
993 5271 1087 5323 καὶ
1129 5271 1327 5341 πολλὴν
1372 5270 1472 5344 τὴν
1525 5272 1799 5345 ῥᾳθυμίαν

204 5353 656 5430 ἐπιδεικνύμενοι,
700 5356 795 5410 καὶ
842 5354 962 5408 καθ’
994 5355 1232 5428 ἐκάστην
1258 5357 1502 5427 ἡμέραν,
1539 5358 1682 5411 κατὰ
1707 5359 1799 5414 τὸν

205 5445 509 5514 προφήτην,
538 5440 607 5494 τά
656 5441 754 5511 μὲν
790 5439 1302 5507 κατασφάττοντες,
1347 5439 1415 5492 τὰ
1462 5439 1520 5493 δὲ
1562 5441 1798 5512 ὁρῶντες

205 5526 545 5599 θηριόϐρωτα
582 5524 859 5593 γινόμενα,
893 5521 958 5574 τὰ
1002 5522 1057 5575 δὲ
1093 5521 1197 5591 ὑφ’
1239 5522 1445 5594 ἐτέρων
1489 5523 1795 5595 συλώμενα,

202 5611 293 5667 καὶ
324 5608 579 5679 οὐδεμίαν
602 5605 926 5679 κηδεμονίαν
949 5604 1129 5658 αὐτῶν
1146 5604 1418 5659 ποιεῖσθαι
1444 5605 1759 5678 βουλόμενοι
1779 5625 1795 5674 ;

203 5694 375 5749 καίτοι
417 5709 481 5762 γε
520 5691 752 5744 ἐνταῦθα
785 5688 1028 5743 ἐλάττων
1072 5690 1101 5741 6
1134 5688 1314 5752 πόνος,
1368 5689 1464 5741 καὶ
1505 5687 1725 5753 εὔκολος
1762 5693 1797 5762 ἡ

201 5777 508 5848 ἐπιμέλεια.
544 5776 705 5845 Ψυχὴ
752 5773 863 5843 γάρ
897 5774 1046 5825 ἐστιν
1076 5773 1110 5841 ή
1142 5771 1536 5841 παιδευομένη·
1578 5773 1697 5825 ἐκεῖ
1740 5773 1796 5826 δέ

204 5865 364 5926 πολὺς
393 5861 487 5915 καὶ
516 5860 592 5931 τῷ
614 5858 826 5930 σώματι
857 5858 950 5910 καὶ
999 5859 1065 5927 τῇ
1089 5856 1234 5927 ψυχῇ
1270 5855 1298 5907 6
1334 5856 1517 5918 πόνος.

266 5946 603 6019 ζ’.”οριγάρ
620 5944 671 5997 τί
698 5960 884 6015 φησιν·
912 5942 1242 6011 Ἐγενόμην
1266 5940 1373 6010 τῆς
1397 5939 1617 6011 ἡμέρας
1634 5957 1785 6010 (ιιι-γ.

265 6045 285 6073 ⁸
315 6044 391 6095 Sic
418 6041 564 6092 (Zoisl.
596 6041 839 6092 Edcbalur
879 6039 1089 6095 ποηούς.
1119 6037 1253 6088 ἐξω-ι.

1263 421 1327 476 IN
1364 419 1518 478 CAP.
1559 418 1707 483 XXX
1744 416 1989 475 GENES.
2033 416 2267 475 "ObliL.
2308 411 2467 473 LVII.

3425 418 3532 474 506

1935 532 2251 600 καιόμενος
2273 531 2353 597 τῷ
2375 532 2653 600 καύματι,
2682 528 2781 584 καί
2800 528 2880 595 τῷ
2893 527 3129 598 παγετῷ
3151 528 3259 598 τῆς
3282 530 3528 597 νυκτός,

1928 615 2026 668 καί
2044 616 2341 685 ἀφίστατο
2368 619 2399 669 ό
2425 616 2613 681 ὕπνος
2650 614 2751 669 ἀπ’
2776 612 2945 682 ἐμοῦ.
2972 613 3070 676 Τίς
3107 612 3175 666 ἂν
3224 611 3384 665 τοῦτο
3432 612 3531 665 νῦν

1928 698 2181 769 δυνηθείη
2210 699 2235 738 ιι
2262 701 2458 762 εἰπεῖν,
2485 698 2566 751 ὅτι
2604 696 2694 750 διά
2721 695 2821 767 τὴν
2857 694 3134 767 σωτηρίαν
3166 695 3277 748 τῶν
3308 694 3402 748 ὑπ’
3430 696 3530 749 αύ-

1925 780 2023 832 τοῦ
2051 782 2494 851 ποιμαινομένων
2710 776 3304 843 κινδύπυςιάνεδέξατο
3320 777 3415 832 καὶ
3433 795 3531 831 ταρ

1925 862 2260 935 λαιπωρίας;
2280 864 2403 916 Τῶν
2422 864 2521 933 μὲν
2542 861 2637 917 νῦν
2653 861 2829 925 οὐδεὶς
2848 860 2914 915 ἂν
2929 860 3093 915 τοῦτο
3113 863 3289 915 εἰπεῖν
3317 861 3528 931 τολμή-

1926 962 2061 1000 σειε.
2080 945 2348 1017 Παύλῳδὲ
2372 947 2519 1017 μόνῳ
2538 945 2717 1011 ἔξεστι
2734 943 2909 999 ταῦτα
2936 946 3075 1014 μετά
3102 943 3422 1017 παρρησίας
3450 942 3531 996 λέ⁴

1924 1044 1987 1096 γε
1996 1028 2167 1093 maca}.
2177 1029 2387 1082 τούτων
2400 1027 2625 1099 μείζονα
2634 1027 2729 1097 ,τῷ
2745 1026 3057 1097 διδασκάλῳ
3067 1028 3328 1098 τῆςοίκου
3335 1027 3526 1097 μένης.

1924 1111 2030 1165 Καὶ
2045 1111 2172 1177 ποῦ,
2187 1111 2343 1182 φησὶ,
2364 1110 2576 1173 Παῦλος
2590 1110 2768 1164 ταῦτα
2788 1108 3084 1180 ὑπέμεινεν
3100 1126 3115 1176 ;
3138 1111 3340 1163 ’Δκουε
3356 1108 3530 1163 αὐτοῦ

1922 1194 2171 1263 λέγοντος
2183 1211 2201 1228 ο
2221 1195 2315 1262 Τίς
2328 1194 2595 1257 ἀσθενεῖ,
2615 1194 2713 1248 καὶ
2736 1196 2849 1248 οὐκ
2864 1193 3137 1258 ἀσθενῶ;
3156 1193 3248 1259 τίς
3266 1192 3531 1247 σκανδα-

1920 1276 2162 1344 λίζεται,
2183 1277 2281 1331 καί
2309 1280 2423 1332 οὐκ
2463 1277 2580 1348 ἐγὼ
2620 1276 2957 1347 πυροῦμαι;
2992 1276 3058 1328 Ὢ
3090 1275 3347 1345 ποιμένος
3378 1274 3529 1344 φιλο-

1924 1362 2171 1432 στοργία,
2195 1361 2276 1415 Τά
2304 1360 2527 1432 ἐτέρων,
2548 1361 2701 1432 φησὶ,
2718 1359 2991 1431 πτώματα
3007 1359 3131 1430 ἐμοὶ
3152 1359 3412 1412 ἐπιτείνει
3429 1358 3529 1422 τὰς

1922 1445 2245 1517 ἀλγηδόνας·
2264 1444 2331 1497 τά
2358 1445 2563 1514 ἐτέρων
2586 1443 2859 1497 σκάνδαλα
2886 1444 3011 1513 ἐμοὶ
3036 1443 3137 1512 τὴν
3160 1443 3395 1513 κάμινον
3427 1442 3527 1510 τῆς

1920 1528 2115 1599 ὀδύνης
2132 1529 2382 1582 ἀνάπτει.
2401 1527 2604 1581 Τοῦτον
2621 1528 2854 1590 ἅπαντες
2874 1524 3226 1597 ζηλούτωσαν
3241 1525 3290 1578 οί
3303 1526 3403 1594 τὴν
3417 1524 3528 1577 τῶν

1920 1610 2157 1680 λογικῶν
2187 1611 2480 1682 προϐάτων
2521 1610 2996 1682 ἐγκεχειρισμένα
3044 1608 3405 1680 προστασίαν,
3429 1608 3529 1661 καὶ

1924 1694 1998 1765 μὴ
2022 1695 2240 1764 χείρους
2257 1693 2609 1763 γενέσθωσαν
2624 1692 2720 1746 τοῦ
2755 1694 2884 1763 περὶ
2910 1693 3011 1765 τὴν
3035 1693 3146 1746 τῶν
3168 1690 3382 1760 ἀλόγων
3402 1690 3528 1761 πρό-

1921 1793 2070 1829 νοιαν
2087 1775 2357 1846 τοσαύτην
2374 1774 2684 1846 ἀγρυπνίαν
2696 1775 3134 1846 ἐπιδειξαμένου,
3163 1774 3258 1828 καὶ
3280 1774 3374 1827 ἐπὶ
3400 1788 3527 1826 τοσ-

1920 1856 2076 1911 οῦτον
2096 1859 2234 1911 ἐτῶν
2258 1857 2512 1929 ἀριθμόν.
2563 1859 2714 1911 Ἑκεί
2743 1859 2843 1929 μὲν
2877 1858 2988 1927 γὰρ
3018 1858 3123 1911 κᾶν
3157 1856 3402 1928 ῥᾳθυμία
3438 1872 3525 1917 τις

1920 1943 2340 2013 γένηται,ούδέν
2370 1943 2430 1995 τὸ
2448 1942 2666 2012 βλάϐος⁶
2694 1942 2929 1996 ἐνταῦθα
2959 1942 3014 1996 δὲ
3037 1944 3145 1995 κᾶν
3165 1941 3224 1995 ἓν
3250 1940 3525 2013 πρόϐατον

1919 2026 2136 2092 λογικὸν
2156 2026 2449 2094 ἀπόληται,
2480 2026 2512 2095 ἢ
2546 2024 2885 2098 θηριάλωτον
2906 2027 3157 2098 γένηται,
3187 2024 3358 2096 πολλή
3379 2026 3412 2094 ἡ
3435 2022 3526 2094 ζη-

1920 2112 2040 2180 μία,
2066 2110 2298 2180 μεγίστη
2320 2114 2353 2181 ή
2396 2110 2596 2181 βλάϐη,
2615 2110 2869 2180 ἄφατοςή
2895 2110 3141 2174 κόλασις.
3166 2109 3229 2162 Et
3256 2108 3366 2180 γὰρ
3391 2109 3420 2159 6
3436 2111 3527 2160 Δε-

1919 2194 2126 2265 σπότης
2152 2197 2181 2247 6
2207 2194 2474 2265 ήμέτερος
2488 2193 2551 2246 τὸ
2583 2187 2724 2263 αἷμα
2746 2192 2809 2246 τὸ
2831 2192 2962 2246 ἴδιον
2976 2194 3166 2263 ἐκχέαι
3194 2192 3335 2264 ὑπὲρ
3353 2190 3521 2245 αὑτοῦ

1916 2278 1978 2330 οὐ
2018 2278 2399 2349 παρῃτήσατο,
2445 2276 2608 2340 ποίας
2642 2275 2708 2330 ἂν
2730 2276 2815 2347 εἴη
2848 2278 2878 2330 6
2900 2275 3143 2339 τοιοῦτος
3188 2273 3523 2346 συγγνώμης

1916 2359 2130 2424 ἀξιος,ὁ
2161 2359 2254 2412 τὸν
2286 2359 2429 2413 οὕτω
2456 2359 2759 2429 τιμηθέντα
2783 2358 2937 2430 παρά
2955 2353 3048 2412 τοῦ
3077 2358 3351 2411 Δεσπότου
3376 2374 3523 2428 παρ-

1916 2447 2049 2515 ορᾷν
2082 2443 2433 2515 ἀνεχόμενος,
2460 2444 2553 2497 καὶ
2578 2441 2653 2514 μὴ
2687 2442 2756 2497 τά
2776 2443 2910 2513 παρ’
2944 2442 3138 2496 ἑαυτοῦ
3171 2442 3350 2495 πάντα
3385 2439 3525 2511 πλη-

1920 2527 2027 2598 ρῶν
2058 2530 2139 2590 είς
2164 2527 2264 2597 τὴν
2292 2525 2387 2579 τοῦ
2415 2526 2691 2598 προϐάτου
2734 2524 3085 2595 ἐπιμέλειαν;
3138 2524 3279 2577 Ἀλλ’
3299 2524 3391 2577 ἐπὶ
3420 2524 3523 2595 τὴν

1915 2610 2240 2663 ἀκολουθίαν
2254 2609 2347 2662 τοῦ
2364 2609 2524 2678 λόγου
2549 2608 2962 2680 ἐπανέλθωμεν.
2984 2607 3175 2663 Ταῦτά
3184 2626 3307 2677 μοι,
3328 2608 3521 2678 φησὶν,

1914 2692 2151 2745 εἴκοσιν
2191 2693 2296 2761 ἐτη
2318 2691 2435 2761 εἰμὶ
2464 2691 2535 2745 ἐν
2555 2690 2632 2759 τῇ
2651 2692 2810 2758 οἰκίᾳ
2831 2706 2968 2746 σου.
3016 2690 3394 2745 Ἐδούλευσά
3421 2705 3522 2744 σοι

1915 2774 2331 2843 δεκατέσσαρα
2352 2774 2456 2842 ἐτη
2471 2773 2606 2829 ἀντὶ
2623 2772 2743 2827 τῶν
2757 2774 2868 2828 δύο
2894 2773 3237 2844 θυγατέρων
3261 2790 3402 2838 σου,
3420 2774 3521 2828 καὶ

1914 2857 1984 2922 ἐξ
2008 2857 2116 2925 ἐτη
2133 2858 2202 2910 ἐν
2230 2856 2356 2923 τοῖς
2386 2856 2706 2931 προϐάτοις
2726 2872 2866 2920 σου,
2885 2857 2983 2910 καὶ
3008 2858 3394 2927 παρελογίσω
3411 2856 3525 2911 τὸν

1909 2942 2134 3013 μισθόν
2146 2957 2265 3011 μου
2287 2939 2431 2993 δέκα
2446 2939 2737 3009 ἀμνάδας.
2760 2942 2829 2994 El
2843 2939 2932 3008 μὴ
2954 2942 2987 2993 ό
3009 2936 3279 3007 Θεὸςτοῦ
3296 2940 3523 3008 πατρός

1907 3043 2029 3095 μου
2071 3022 2337 3091 Ἀϐραὰμ,
2356 3020 2454 3077 καί
2476 3025 2510 3076 ό
2537 3023 2686 3087 Θεὸς
2723 3022 2929 3077 Ἰσαὰκ
2950 3016 3031 3091 ἦν
3056 3024 3187 3091 μετ’
3207 3021 3376 3091 ἐμοῦ,
3402 3021 3523 3076 νῦν

1912 3107 1991 3161 ἅν
2014 3124 2092 3176 με
2114 3106 2297 3159 κενὸν
2340 3104 2797 3170 ἐξαπέστειλας.
2843 3103 2962 3172 Τὴν
3002 3103 3371 3159 ταπείνωσιν
3396 3121 3521 3174 μου

1912 3189 2011 3242 καὶ
2042 3190 2148 3241 τὸν
2164 3191 2356 3240 κόπον
2399 3185 2521 3239 τῶν
2561 3185 2775 3254 χειρῶν
2792 3204 2913 3255 μου
2946 3183 3108 3240 εἶδεν
3138 3190 3171 3239 ό
3203 3188 3371 3252 Θεὸς,
3417 3184 3518 3240 καὶ

1911 3271 2134 3341 ἥνιεγεέ
2171 3286 2245 3325 σε
2274 3269 2439 3340 χθές.
2459 3271 2600 3339 Ὅρα
2622 3268 2741 3332 πῶς
2769 3269 2838 3323 τὰ
2862 3269 3013 3341 παρά
3040 3269 3136 3323 τοῦ
3172 3269 3359 3324 Λάϐαν
3390 3272 3521 3341 ὁμο-ε

1912 3357 2211 3430 λογηθέντα
2243 3354 2628 3426 παρεθάρρυνε
2658 3354 2751 3407 τὸν
2765 3354 2995 3416 δίκαιον,
3024 3356 3119 3408 καὶ
3142 3354 3284 3426 μετά
3305 3358 3521 3426 παρρη-

1912 3442 2035 3505 σίας
2066 3440 2157 3492 τὸν
2188 3438 2411 3509 ἔλεγχον
2442 3440 2697 3492 ποιεῖται.
2722 3433 2905 3502 Οἶδας,
2926 3438 3277 3509 φησὶν,ὅπως
3310 3438 3420 3492 τῶν
3448 3440 3518 3493 εῐο

1911 3539 2064 3577 κοσιν
2093 3522 2232 3575 ἐτῶν
2254 3522 2345 3575 τὸν
2359 3518 2593 3591 ἀριθμὸν
2615 3519 2908 3575 ἐδούλευσά
2925 3537 3027 3587 σοι,
3049 3520 3193 3592 ὑπὲρ
3215 3520 3324 3574 τῶν
3349 3520 3519 3589 θυγαο

1908 3607 2085 3678 τέρων
2106 3622 2201 3659 σου
2216 3605 2287 3658 τά
2311 3604 2687 3675 δεκατέσσαρα
2708 3604 2901 3676 ἐτη,ὲν
2915 3604 2973 3658 δὲ
2993 3607 3104 3668 τοῖς
3131 3604 3427 3675 προϐάτοις
3448 3605 3517 3660 τὰ

1911 3689 2198 3745 ὑπόλοιπα·
2241 3688 2337 3743 καὶ
2381 3690 2532 3760 ὅμως
2578 3688 2955 3759 ἀποστερῆσαί
3001 3705 3070 3759 με
3116 3687 3392 3752 κατεδέξω
3421 3689 3516 3741 τὸν

1912 3773 2123 3845 μισθὸν,
2154 3772 2251 3826 καὶ
2278 3772 2430 3826 οὐδὲν
2461 3772 2604 3843 ὑπὲρ
2636 3771 2828 3825 τούτου
2859 3772 3191 3837 ἐνεκάλεσα;
3224 3771 3398 3826 Τοῦτο
3434 3772 3513 3838 δὲ,

1890 3856 1968 3922 ’ἐξ
1993 3851 2068 3909 ὧν
2095 3856 2259 3919 αὐτὸς
2300 3855 2685 3925 ὡμολόγησας,
2718 3851 2855 3920 οἶδα,
2878 3856 2961 3909 ὅτι
2990 3857 3038 3908 εί
3073 3855 3149 3927 μὴ
3187 3857 3217 3908 6
3244 3854 3377 3918 Θεὸς
3416 3854 3513 3907 τοῦ

1920 3937 2175 4010 Ἀϐραὰμ
2201 3938 2295 3990 καὶ
2323 3936 2417 3990 τοῦ
2433 3937 2623 3990 Ἰσαὰκ
2635 3931 2705 4009 ἦν
2740 3954 2831 4008 μοι
2861 3935 3076 4007 βοηθὸς,
3102 3937 3197 3991 νῦν
3222 3937 3288 3992 ἀν
3322 3954 3390 4008 με
3421 3954 3515 3991 κε-

1907 4022 1997 4077 νὸν
2019 4020 2431 4088 ἐξαπέστειλας,
2475 4021 2703 4091 ἔρημον,
2745 4021 2841 4073 καὶ
2872 4018 3054 4074 πάντα
3085 4020 3152 4074 ἂν
3174 4020 3386 4090 ἀφείλω
3415 4021 3513 4075 ἀπ’

1906 4105 2065 4177 ἐμοῦ,
2089 4105 2183 4160 καί
2203 4103 2303 4175 τὴν
2335 4103 2573 4169 ἀδικίαν,
2604 4104 2672 4175 ἣν
2702 4103 2959 4176 προέθου,
2994 4105 3076 4167 είς
3097 4103 3257 4174 ἔργον
3287 4104 3355 4160 ἂν
3375 4105 3514 4175 ήγα-
3576 4176 3581 4180 ⁸

1906 4206 2022 4260 γες.
2062 4188 2201 4242 Ἀλλ’
2243 4190 2272 4241 6
2300 4187 2435 4252 Θεὸς
2464 4190 2493 4242 6
2521 4186 2679 4252 είδὼς
2712 4188 2835 4256 Τὴν
2862 4187 3233 4242 ταπείνωσιν
3254 4206 3377 4258 μου
3410 4189 3511 4243 καὶ

1905 4274 2016 4327 τὸν
2041 4272 2235 4326 κόπον
2260 4269 2380 4324 τῶν
2415 4269 2633 4341 χειρῶν
2656 4288 2794 4339 μου.
2815 4271 2883 4325 Τί
2912 4272 3050 4338 ἐστι,
3072 4270 3193 4340 Τὴν
3219 4270 3510 4325 ταπείνω-

1904 4357 2012 4411 σίν
2049 4373 2171 4426 μου
2201 4355 2301 4409 καὶ
2336 4354 2443 4408 τὸν
2480 4357 2675 4409 κόπον
2713 4353 2834 4409 τῶν
2861 4352 3079 4424 χειρῶν
3101 4369 3259 4425 μου;
3288 4354 3512 4426 Ἐπειδὴ

1904 4440 2065 4511 ᾔδειό
2090 4439 2243 4503 Θεὸς,
2281 4440 2433 4503 ὅπως
2477 4438 2576 4509 μὲν
2616 4436 2730 4508 ἐγὼ
2757 4439 2898 4509 μετὰ
2932 4439 3138 4511 πολλῆς
3164 4439 3262 4509 τῆς
3294 4440 3510 4504 εὐνοίας

1903 4524 2004 4593 τὴν
2036 4521 2284 4576 δουλείαν
2314 4521 2794 4593 ἐποιησάμην,καὶ
2809 4523 2900 4576 τὸν
2932 4523 3100 4577 κόπον
3130 4524 3255 4579 ὅσον
3281 4524 3509 4594 ὑπέμει-

1906 4624 1972 4661 να
1995 4607 2301 4677 ποιμαίνων
2332 4607 2402 4660 τά
2432 4606 2703 4678 πρόϐατα,
2735 4607 2831 4660 καὶ
2850 4607 2909 4659 ἐν
2937 4606 3123 4679 ἡμέρα
3148 4608 3244 4660 καὶ
3272 4608 3330 4661 ἐν
3352 4609 3509 4663 νυκτὶ

1905 4688 2206 4760 φροντίζων
2227 4688 2516 4753 διετέλουν,
2552 4690 2690 4760 πρὸς
2721 4689 2906 4742 ἐκεῖνα
2926 4689 3048 4743 ἰδὼν
3068 4692 3097 4743 6
3122 4689 3509 4763 φιλάνθρωπος

1903 4772 2178 4843 Δεσπότης
2204 4772 2331 4843 χθὲς
2365 4770 2560 4843 ήλεγξέ
2600 4789 2682 4835 σε,
2715 4773 2915 4842 ἐπέσχε
2944 4773 3044 4843 τῆς
3067 4773 3189 4826 κατ’
3220 4773 3355 4843 ἐμοῦ
3389 4775 3509 4827 ἀδι-

1908 4857 2031 4921 κίας
2060 4857 2153 4910 καὶ
2180 4857 2282 4927 τῆς
2312 4855 2598 4924 ἀλογίστου
2639 4856 2838 4928 ὁρμῆς.
2856 4856 3079 4920 Ἰκανῶς
3104 4858 3162 4910 ἐν
3192 4856 3343 4922 τάξει
3370 4860 3509 4912 ἀπο-

1902 4940 2089 5008 λογίας
2117 4938 2374 4993 καθίκετο
2402 4938 2499 4993 τοῦ
2542 4939 2751 5004 Λάϐαν,
2780 4940 2875 4993 καὶ
2908 4941 3047 5015 μετά
3078 4941 3139 4994 τὸ
3164 4939 3382 5010 ἐλέγξαι
3409 4940 3508 5013 τήν

1902 5025 1981 5087 είς
2003 5022 2168 5076 αὑτὸν
2188 5022 2424 5085 ἀδικίαν,
2444 5023 2538 5075 καὶ
2570 5022 2670 5086 τάς
2696 5026 2827 5093 παρ’
2856 5024 3022 5077 αὑτοῦ
3045 5025 3127 5088 εἰς
3157 5024 3322 5078 αὑτὸν
3350 5025 3506 5095 εὐερ-

1901 5107 2093 5175 γεσίας
2128 5104 2577 5177 άπηριθμήσατο.
2603 5105 2695 5158 Διὸ
2721 5106 2991 5170 αἰδεσθεὶς
3036 5108 3243 5170 ἐκεῖνος
3275 5109 3345 5162 τὰ
3374 5111 3505 5181 παρ’

1900 5189 2066 5244 αὐτοῦ
2123 5188 2642 5261 εἰρημένα,ιλοιπδν
2683 5191 2777 5242 καὶ
2822 5190 2902 5254 είς
2931 5190 3132 5244 δειλίαν
3159 5192 3503 5260 καθίσταται,

1902 5276 1995 5329 καὶ
2025 5273 2303 5344 συνθήκας
2331 5272 2633 5343 ἀπαιτῆσαι
2667 5272 2917 5342 βούλεται
2951 5274 3103 5346 παρὰ
3133 5275 3228 5329 τοῦ
3267 5276 3501 5333 δικαίου.

1902 5358 2046 5433 ’ἷΟρα
2066 5356 2202 5411 Θεοῦ
2224 5356 2577 5428 κηδεμονίαν.
2595 5356 2654 5410 '0
2676 5356 2821 5411 οὕτω
2848 5361 3390 5430 παρεσκευασμένος,
3411 5364 3504 5415 καὶ

1903 5444 2043 5516 μετά
2057 5442 2327 5512 τοσαύτης
2343 5442 2521 5514 ὁρμῆς
2540 5442 2640 5513 τὴν
2665 5443 2990 5509 καταδίωξιν
3020 5447 3409 5517 ποιησάμενος,
3424 5450 3503 5512 εἰς

1898 5527 2167 5598 τοσαύτην
2190 5527 2434 5600 κατέστη
2452 5526 2676 5594 δειλίαν,
2695 5529 2771 5593 ὠς
2782 5528 2883 5593 τὰς
2896 5531 3027 5601 παρ’
3042 5531 3208 5585 αὑτοῦ
3229 5533 3502 5603 συνθήκας

1898 5611 2198 5683 ἐπιζητεῖν.
2220 5610 2582 5677 Ἀποκριθεὶς
2600 5611 2711 5679 γὰρ
2734 5612 2961 5681 Λάϐαν,
2983 5613 3136 5687 [560]
3160 5616 3346 5686 φησὶν,
3368 5612 3501 5670 εἷπε

1898 5694 1979 5761 τῷ
1996 5692 2220 5749 Ἰακώϐ·
2237 5695 2308 5748 Al
2339 5693 2660 5763 θυγατέρες
2672 5713 2812 5762 σου,
2832 5698 3151 5768 θυγατέρες
3169 5718 3312 5769 μου,
3327 5700 3424 5753 καὶ
3447 5704 3501 5754 οί

1898 5778 2018 5832 υἱοί
2046 5791 2185 5837 σου,
2218 5776 2339 5830 υἱοί
2352 5778 2609 5845 μου,καὶ
2632 5780 2703 5833 τὰ
2728 5781 2921 5851 κτήνη
2949 5798 3083 5847 σου,
3128 5782 3321 5852 κτήνη
3353 5802 3496 5853 μου,

1900 5860 1995 5914 καὶ
2018 5859 2216 5914 πάντα
2242 5860 2361 5913 ὅσα
2381 5860 2462 5914 σὺ
2492 5860 2658 5930 ὁρᾷς,
2684 5862 2797 5932 ἐμά
2824 5864 2956 5917 ἐστι
2982 5864 3079 5918 καί
3113 5863 3233 5919 τῶν
3257 5867 3497 5935 θυγατέ-

1891 5960 2017 6011 ρων
2047 5944 2262 6013 μουοτί
2286 5942 2522 6010 ποιήσω
2553 5946 2797 6012 ταύταις
2827 5946 3117 6017 σήμερον,
3164 5950 3199 6019 ἢ
3238 5948 3361 6017 τοῖς
3413 5950 3495 6003 τέ-

1961 6038 1987 6078 δ
2008 6036 2260 6089 Edobalur
2284 6042 2453 6103 δυνηθῇ
2508 6042 2653 6092 CUM.
2680 6044 2907 6101 δυνηθείη.
2936 6043 3071 6094 lib”.
