4086 6436
559 437 664 493 305

559 569 730 619 κνοις
766 549 964 605 αὐτῶν
993 545 1107 610 τοῖς
1138 547 1468 613 τεχθεῖσιν;
1504 546 1634 601 Οἶδα
1659 547 1740 600 ὅτι
1769 545 1861 598 καὶ
1889 547 1946 597 al
1977 544 2145 613 θυγα-

1236 430 1292 486 S.
1328 429 1611 488 JOANNIS
1643 428 2137 486 CIIRYSOSTOMI
2175 426 2492 486 ARCHIEP.
2533 426 3086 487 CONSTANTINOI‘.

3737 429 3847 486 506

2255 547 2514 614 εδείξατο,
2540 545 2789 600 κάκεῖνον
2822 545 3098 614 ἀπέστησε
3121 542 3220 613 τῆς
3244 543 3365 596 κατ’
3399 543 3568 598 αὑτοῦ
3601 545 3840 609 ἀδικίας.

557 637 738 706 τέρες,
758 632 941 702 φησὶν,
977 627 1107 698 ὲμαί
1139 628 1264 689 εισι,
1302 628 1397 680 καὶ
1426 629 1599 682 πάντα
1631 628 1729 681 ὅσα
1769 627 1849 680 σοί
1884 628 2058 706 εστιν,
2083 627 2148 679 ἑκ
2257 630 2348 680 καὶ
2370 629 2439 682 δι’
2461 623 2537 682 ὧν
2562 628 2712 699 αὐτῷ
2735 627 3087 698 παρεγγύησε
3113 626 3190 698 μὴ
3212 625 3442 706 λαλῆσαι
3462 627 3676 697 πονηρά
3701 633 3845 682 κατά

553 704 655 786 τῆς
672 708 952 784 ὑπάρξεως
980 713 1078 780 τῆς
1097 710 1234 780 ἐμῆς
1255 710 1615 780 προσεγένετό
1633 727 1734 763 σοι.
1757 711 1819 763 Τί
1835 704 1952 763 οὖν
1978 709 2148 774 ποιή-

552 814 643 853 σω
669 799 907 861 ταύταις
934 793 1222 863 σήμερον,
1248 794 1286 862 ἢ
1317 793 1441 859 τοῖς
1471 794 1571 848 ὑπ’
1628 791 1828 848 αὐτῶν
1855 793 2144 862 τἐχθεῖσι;

555 881 682 935 Νῦν
706 879 902 947 δεῦρο,
947 876 1279 946 διαθώμεθα
1314 875 1613 943 διαθήκην
1642 875 1756 944 ἐγώ
1798 892 1862 928 τε
1899 876 1994 928 καὶ
2029 874 2135 934 σὺ,

554 962 655 1016 καί
676 961 850 1016 ἔσται
870 963 959 1024 είς
967 960 1294 1028 μαρτύριον
1307 958 1423 1012 ἀνὰ
1433 958 1628 1026 μέσον
1645 957 1791 1026 ἐμοῦ
1809 974 1874 1009 τε
1888 956 1984 1008 καὶ
2003 955 2140 1009 σοῦ.

553 1043 855 1114 Συνθήκας,
885 1042 1038 1112 φησὶ,
1078 1038 1456 1110 ποιησώμεθα,
1479 1039 1588 1092 Καὶ
1615 1039 1785 1092 ἔσται
1820 1039 2144 1106 είς-μαρτύ-

549 1144 682 1194 ριον
718 1128 834 1182 ἀνὰ
846 1125 1044 1194 μέσον
1066 1122 1214 1193 ἐμοῦ
1246 1121 1343 1175 καί
1362 1121 1502 1184 σοῦ,
1533 1122 1612 1184 εἰς
1641 1121 1884 1191 ελεγχον,
1907 1124 1987 1184 εἰς
2005 1121 2142 1174 ἁπό-

548 1208 734 1274 δειξιν.
770 1204 906 1261 Εἷπε
942 1207 999 1260 δὲ
1030 1203 1211 1276 αὐτῷ·
1244 1204 1310 1256 Et
1329 1221 1414 1266 τις
1436 1203 1749 1274 παραϐῆναι
1781 1203 1852 1256 τὰ
1883 1202 1979 1255 νῦν
2010 1203 2141 1274 παρ’

547 1293 707 1362 ἡμῶν
751 1289 1093 1361 προταθέντα
1128 1288 1547 1358 δπιχειρήσειεν,
1597 1285 1743 1340 Ἰδοὺ
1779 1285 1983 1351 οὐδεὶς
2013 1288 2140 1355 μεθ’

545 1372 737 1443 ήμῶν·
766 1376 798 1427 ὀ
833 1372 901 1426 δέ
928 1372 1074 1437 Θεὸς
1095 1370 1326 1440 μάρτυς
1342 1367 1459 1423 ἀντὶ
1479 1369 1675 1438 μέσον
1705 1367 1851 1437 ἐμοῦ
1877 1368 1973 1420 καὶ
1999 1367 2138 1422 σοῦ.

623 1457 900 1526 η’.Σκόπει
927 1455 1044 1518 πῶς
1065 1453 1206 1508 κατά
1229 1454 1422 1524 μικρὸν
1443 1453 1670 1506 όΛάσαν
1688 1453 1782 1505 καὶ
1802 1453 1880 1515 είς
1909 1451 2140 1516 θεογνω-

549 1540 673 1593 σίαν
695 1541 967 1608 ινάγεται.
985 1539 1044 1592 '0
1060 1536 1168 1606 γάρ
1185 1536 1282 1605 τὴν
1305 1533 1512 1605 κλοπὴν
1541 1533 1647 1604 πρὸ
1671 1533 1862 1587 τούτου
1878 1533 1986 1586 τῶν
2003 1533 2140 1587 θεῶν

548 1623 716 1676 αὑτοῦ
747 1621 1022 1693 ἐπιφέρων
1073 1620 1153 1688 τῷ
1203 1617 1422 1686 δικαίῳ,
1473 1617 1567 1670 καὶ
1617 1617 1886 1688 τοσαύτην
1915 1617 2140 1687 ἔρευναν

551 1705 936 1775 ποιησάμενος,
967 1701 1062 1756 νῦν
1114 1716 1277 1771 φησιν
1297 1715 1312 1730 ο
1355 1698 1570 1770 Ἐπειδὴ
1590 1700 1764 1762 οὐδείς
1790 1703 1905 1753 εστι
1937 1698 2139 1770 μεταξὺ

549 1785 706 1855 ἡμῶν
734 1789 762 1839 6
785 1785 1106 1855 δυνάμενος,
1135 1784 1186 1836 εῖ
1211 1800 1264 1835 τι
1301 1780 1440 1852 μετά
1472 1780 1646 1835 ταῦτα
1675 1783 1891 1849 γένοιτο
1921 1793 1967 1845 ι,
1997 1797 2138 1852 μαρ-

546 1867 783 1937 τυρῆσαι
807 1870 918 1930 τοῖς
952 1865 1048 1919 νῦν
1081 1863 1210 1935 παρ’
1234 1861 1392 1932 ήμῶν
1419 1863 1748 1932 γινομένοις,
1780 1865 1808 1916 6
1832 1863 1964 1925 Θεὸς
2001 1863 2141 1933 μάρο

545 1969 645 2014 τυς
669 1950 772 2004 ἀνά
810 1950 972 2020 μέσον
1004 1947 1138 2017 ἐμοῦ
1166 1947 1261 2000 καὶ
1296 1945 1410 2000 σοῦ.
1429 1947 1668 2009 Ἐκεῖνος
1698 1947 1984 2015 πάρεστιν,
2015 1947 2043 1997 6
2072 1946 2140 1997 τά

551 2033 728 2101 πάντα
753 2031 916 2103 ὀρῶν,
950 2031 1010 2082 ὃν
1057 2029 1208 2082 οὐδὲν
1239 2029 1424 2082 λαθεῖν
1441 2028 1687 2093 δύναται,
1723 2030 1751 2081 6
1783 2027 1882 2096 τὴν
1908 2026 2138 2080 ἑκάστου

549 2113 775 2183 γνώμην
791 2109 1169 2180 ἐπιστάμενος.
1184 2110 1398 2165 Λαϐὼν
1422 2108 1510 2172 δέ,
1529 2110 1718 2179 φησὶν,
1736 2109 1948 2163 Ἰακὼϐ
1955 2109 2138 2176 έστη⁹

545 2211 621 2249 σε
640 2194 901 2259 στήλην,
944 2191 1043 2243 καὶ
1071 2191 1323 2258 ἐποίησε
1357 2191 1616 2254 βουνὸν,
1645 2193 1745 2244 καὶ
1777 2191 2005 2260 ἔφατον
2039 2191 2138 2245 ἐπὶ

543 2275 650 2328 τοῦ
661 2269 916 2338 βουνοῦ.
936 2264 1080 2322 Εἶτα
1104 2265 1275 2323 εἶπεν
1289 2269 1451 2334 αὐτῷ
1473 2267 1693 2323 Αάϐὰνν·
1712 2271 1773 2323 Ὀ
1789 2270 2021 2335 ,βουνός
2035 2266 2138 2326 οὗ·

545 2372 648 2420 τος
673 2351 961 2422 μαρτυρεῖ
981 2351 1098 2405 άνὰ
1112 2349 1307 2418 μέσον
1336 2351 1482 2419 ἐμοῦ
1512 2350 1610 2404 καὶ
1633 2351 1769 2405 σοῦ.
1788 2354 1850 2403 Τί
1884 2367 2052 2417 εστιν,
2084 2352 2137 2404 '0

541 2435 772 2500 βουνὸς
787 2429 967 2498 οὗτος
982 2451 1000 2498 ;
1015 2433 1160 2485 Ἀντὶ
1180 2432 1297 2495 τοῦ,
1319 2433 1386 2486 τὰ
1405 2434 1624 2503 ῥήματα
1652 2433 1721 2487 τὰ
1744 2433 1978 2488 ἐνταῦθα
1993 2435 2138 2503 γινό-

546 2535 683 2588 μενα
708 2521 765 2570 ὲν
794 2516 872 2586 τῷ
897 2515 1070 2586 βουνῷ
1099 2515 1272 2586 τούτῳ
1292 2516 1600 2586 ὑπόμνησις
1629 2517 1759 2587 ημῖν
1791 2517 2137 2588 έσταιδιηνε-

543 2599 676 2663 κῶς.
719 2598 829 2654 Kal
864 2597 1124 2652 ἐκάλεσε
1171 2599 1238 2651 τὸ
1279 2597 1469 2666 ὄνομα
1521 2598 1628 2652 τοῦ
1658 2599 1866 2660 τόπου,
1908 2599 2139 2666 Βουνὸς

542 2677 1043 2751 μαρτυρίου.Εῐτά
1077 2695 1262 2751 φησιν’
1305 2679 1534 2733 Ἐπίδοι
1559 2682 1592 2732 ό
1629 2679 1775 2746 Θεὸς
1796 2681 1912 2735 ἀνὰ
1937 2681 2136 2748 μέσον
2168 2699 2172 2702 ·

541 2763 690 2832 ἐμοῦ
713 2763 816 2817 καὶ
839 2763 986 2817 σοῦ..
1006 2762 1206 2815 Σκόπει
1236 2760 1353 2824 πῶς
1383 2761 1544 2814 πάλιν
1580 2761 1676 2832 τὴν
1707 2763 1855 2830 παρὰ
1885 2765 1978 2814 τοῦ
2001 2762 2136 2814 Θεοῦ

541 2851 700 2920 δίκην
738 2848 1079 2902 ἐπικαλεῖται
1109 2847 1140 2898 6
1188 2846 1396 2901 Λάϐανο
1440 2847 1667 2900 Ἐπίδοι
1707 2847 1836 2915 γὰρ,
1880 2848 2066 2916 φησὶν,
2100 2851 2134 2902 ὁ

545 2932 692 2997 Θεὸς
725 2929 845 2986 ἀνά
852 2929 1049 2998 μέσον
1069 2929 1220 2998 ἐμοῦ
1248 2927 1346 2981 καὶ
1373 2927 1514 2992 σοῦ,
1546 2928 1634 2982 ὅτι
1664 2929 2138 2998 ἁποστησόμεθα

541 3013 744 3081 ἕτερος
772 3012 878 3067 τοῦ
907 3011 1137 3079 ἐτέρου.
1174 3009 1312 3076 Νῦν,
1345 3010 1502 3080 φησὶ,
1538 3010 2013 3082 χωρισθησόμεθα,
2045 3011 2137 3065 καὶ

546 3097 611 3148 σὺ
644 3095 743 3165 μιν
772 3093 1051 3165 ἀπελεύσῃ
1095 3093 1176 3156 είς
1199 3093 1300 3162 τὴν
1329 3090 1682 3162 οῖκείαθγῆν,
1737 3092 1848 3160 ἐγὼ
1879 3093 1936 3145 δὲ
1965 3093 2134 3146 επανι

545 3176 837 3246 ελεύσομαι
856 3178 934 3238 εἰς
960 3175 1054 3228 τδν
1068 3170 1219 3228 οἷκον
1249 3175 1337 3226 τὸν
1354 3173 1506 3243 ὲμόν.
1525 3175 1596 3226 El
1615 3173 2001 3240 ταπεινώσεις
2033 3173 2138 3240 τὰς

545 3257 874 3326 θυγατέρας
906 3274 1048 3325 μου,
1099 3257 1152 3309 ει
1201 3255 1409 3321 λάϐοις
1472 3255 1765 3324 γυναῖκας
1812 3255 1962 3324 πρὸς
2008 3255 2139 3321 ταῖς

545 3337 871 3408 θυγατράσι
886 3355 1025 3406 μου.
1042 3338 1172 3405 ὅρα,
1185 3337 1386 3401 οὐδεὶς
1399 3338 1528 3406 μεθ’
1545 3337 1715 3405 ήμῶν
1729 3338 1944 3391 έστινό
1959 3335 2133 3405 ὀρῶν-ο

542 3423 695 3487 Θεὸς
715 3420 966 3490 μάρτυς.
997 3420 1196 3473 Σκόπει
1213 3420 1328 3484 πῶς
1360 3421 1454 3473 καὶ
1483 3419 1629 3485 ἅπαξ
1656 3420 1750 3472 καὶ
1771 3419 2020 3490 δεύτερον
2043 3419 2138 3473 καὶ

549 3505 811 3567 πολλάκις
840 3502 934 3555 τὸν
971 3502 1108 3556 Θεδν
1137 3503 1293 3557 καλεῖ
1347 3503 1618 3574 μάρτυρα.
1647 3503 1756 3555 Kal
1787 3503 1896 3574 γάρ
1929 3504 1963 3573 ή
1999 3502 2136 3573 πρός

543 3587 717 3656 νοιαὴ
743 3585 872 3656 περὶ
897 3585 988 3638 τὸν
1015 3583 1572 3655 Ἰακὼϐγεγενημένη
1603 3585 1922 3637 ὲπαίδευσεν
1952 3585 2133 3650 αὑτὸν,

544 3671 644 3740 ὅση
679 3667 774 3722 τοῦ
818 3666 1088 3720 Δεσπότου
1130 3668 1164 3736 ή
1197 3666 1443 3736 δύναμις,
1472 3668 1565 3719 καὶ
1592 3667 1668 3729 ὼς
1701 3669 1800 3736 οὐχ
1840 3663 1948 3720 οἷόν
1979 3668 2039 3720 τέ
2079 3683 2133 3719 τι

545 3751 728 3806 λαθεῖν
749 3750 840 3802 τον
869 3747 1168 3819 ἀκοίμητον
1195 3747 1492 3817 ὀφθαλμόν.
1513 3748 1612 3801 Διὰ
1638 3748 1793 3801 τοῦτό
1815 3766 1947 3819 φησι
1971 3763 1986 3779 ⁶
2018 3748 2137 3803 Κᾶν

545 3831 1018 3903 διαχωρισθῶμεν,
1048 3829 1150 3883 κᾶν
1179 3829 1364 3899 μηδεὶς
1391 3831 1578 3900 ἓτερος
1609 3831 1636 3882 6
1668 3830 2017 3901 μαρτυρῆσαι
2045 3830 2136 3882 δυ-

546 3916 799 3987 νάμενος,
831 3914 990 3976 αὑτὸς
1035 3912 1184 3964 ἔσται
1220 3911 1428 3984 μάρτυς
1453 3914 1481 3964 6
1510 3912 1784 3980 πανταχοῦ
1813 3912 2001 3982 παρών
2023 3925 2038 3944 δ
2067 3914 2135 3966 δι’

547 3999 782 4054 ἑκάστου
826 3997 935 4050 τῶν
982 3995 1244 4065 ῥημάτων
1279 3995 1574 4063 ἐνέφηνενο,
1597 3994 1681 4046 ὅτι
1718 3995 1816 4062 τῆς
1860 3992 2135 4064 πανταχοῦ

548 4081 649 4152 γῆς
667 4081 784 4132 ἐστι
809 4077 1102 4144 Δεσπότης.
1121 4076 1228 4130 Kal
1242 4071 1413 4129 εἶπεν
1442 4074 1650 4128 Ἰακώϐ
1666 4091 1678 4104 ·
1709 4075 1862 4128 Ἰδοὺ
1881 4077 1918 4144 ἠ
1938 4074 2135 4144 στήλη

549 4164 700 4229 αὕτη
729 4159 1036 4230 μαρτυρεῖ.
1067 4154 1211 4215 Εἶτα
1235 4157 1421 4211 πάλιν
1447 4160 1480 4210 ὁ
1509 4157 1710 4210 Λάϐιιν
1730 4158 1922 4224 φησίν
1940 4173 1954 4186 ·
1995 4158 2140 4211 Ἐάν

551 4259 615 4295 τε
645 4245 755 4308 γὰρ
784 4237 900 4308 ἐγὼ
919 4236 1006 4306 μὴ
1054 4234 1233 4290 διαϐὠ
1273 4236 1422 4303 πρὸς
1462 4234 1558 4296 σὲ,
1599 4233 1753 4304 μήτε
1800 4235 1880 4289 σὺ
1927 4235 2137 4304 διαϐῇς

552 4322 702 4390 πρὸς
750 4322 856 4392 ἐμὲ
897 4319 1004 4373 τὸν
1047 4317 1284 4382 ,ϐουνὸν
1332 4317 1550 4371 τοῦτον
1588 4315 1682 4369 καί
1736 4317 1850 4385 τὴν
1896 4317 2139 4386 στήλην

552 4406 778 4472 ταύτην
819 4402 916 4456 ἐπὶ
959 4401 1157 4467 κακίᾳ,
1192 4403 1226 4454 ό
1275 4399 1422 4463 Θεὸς
1476 4399 1752 4468 Ἀϐραὰμ,
1792 4400 1890 4452 καὶ
1922 4403 1954 4453 ό
1994 4401 2139 4466 Θεὸς

551 4488 767 4558 Ναχὼρ
795 4487 987 4555 κρίνοι
1013 4485 1129 4539 ἀνὰ
1151 4483 1347 4553 μέσον
1375 4481 1564 4552 ἡμῶν.
1590 4483 1697 4535 Θέα
1731 4483 1848 4546 πῶς
1880 4483 2017 4554 μετὰ
2043 4485 2138 4538 τοῦ

557 4571 763 4643 πατρὸς
793 4568 1002 4624 καὶτὸν
1033 4569 1257 4622 πάππον
1281 4567 1371 4620 τὸν
1402 4565 1599 4619 ἑαυτοῦ
1633 4566 1888 4636 συνῆψεν,
1911 4567 2139 4636 ἀδελφὸν

559 4656 658 4723 μὲν
687 4652 782 4706 τοῦ
813 4653 1148 4722 πατριάρχου
1182 4651 1539 4719 τυγχάνοντα,
1579 4651 1771 4703 ἑαυτοῦ
1801 4650 1857 4703 δὲ
1892 4651 2133 4704 πάππον.

567 4737 631 4789 '0
666 4736 809 4800 Θεὸς
857 4733 1132 4801 Ἀϐραὰμ,
1161 4732 1260 4785 καὶ
1302 4736 1332 4785 ό
1361 4733 1506 4798 Θεὸς
1554 4733 1766 4799 Ναχὼρ
1798 4733 1990 4799 κρίνοι
2022 4733 2138 4787 ἀνὰ

556 4819 749 4887 μέσον
774 4816 961 4886 ήμῶν.
985 4816 1093 4870 Kal
1124 4813 1362 4883 ὤμοσεν
1394 4813 1605 4866 Ἰακὼϐ
1633 4813 1780 4866 κατὰ
1815 4815 1920 4867 τοῦ
1949 4817 2137 4883 φόϐου

553 4903 664 4957 τοῦ
692 4900 915 4967 πατρὸς
943 4899 1129 4952 αὑτοῦ
1155 4898 1371 4957 Ἰσαὰκ,
1396 4895 1546 4968 [561]
1580 4898 1676 4949 καὶ
1702 4897 1885 4951 ἔθυσε
1918 4899 2139 4952 θυσίαν

552 4985 627 5038 ἐν
667 4982 748 5046 τῷ
791 4982 942 5049 ὄρει,
993 4981 1090 5034 καί
1128 4978 1387 5032 ἐκάλεσε
1425 4978 1569 5042 τοὺς
1597 4977 1900 5046 ἀδελφοὺς
1927 4981 2136 5042 αὑτοῦ,

551 5066 657 5119 ,καὶ
705 5064 932 5132 ἔφατον
973 5063 1069 5116 καὶ
1111 5063 1312 5125 ἔπιον,
1370 5061 1468 5114 καὶ
1508 5062 1920 5130 ἐκοιμήθησαν
1952 5063 2022 5114 ἐν
2060 5063 2138 5128 τῷ

549 5147 700 5214 .ὄρει.
724 5148 941 5200 Ἕθυσε
963 5146 1184 5199 θυσίαν
1204 5145 1274 5197 ἐν
1295 5143 1371 5208 τῷ
1395 5144 1512 5211 ὄρει
1533 5162 1545 5173 ·
1566 5144 1956 5215 ηὑχαρίστησε,
1981 5146 2135 5214 φησὶ,

551 5229 638 5298 ’τῷ
671 5227 789 5297 Θεῷ
818 5228 911 5279 ἐπὶ
943 5230 1053 5290 τοῖς
1081 5228 1361 5295 γεγονόσι·
1397 5227 1505 5280 Kal
1532 5227 1777 5296 ἔφαγον,
1812 5228 1910 5279 καὶ
1943 5229 2136 5292 ἔπιον,

562 5310 660 5364 καὶ
682 5309 1092 5378 ἐκοιμήθησαν
1125 5310 1194 5362 ἐν
1226 5309 1305 5374 τῷ
1336 5309 1477 5376 ὄρει.
1522 5310 1812 5374 Ἀναστὰς
1845 5310 1912 5362 δὲ
1939 5310 2140 5363 Αάϐαν

549 5392 642 5457 ’.τῷ
683 5393 832 5459 πρωϊ
854 5394 1233 5461 ,κατεφίλησε
1274 5392 1416 5457 τοὺς
1458 5391 1627 5457 υἱοὺς
1660 5392 1865 5456 αὐτοῦ,
1901 5393 1997 5445 καὶ
2032 5392 2140 5461 τὰς

555 5477 889 5545 θυγατέρας
934 5475 1150 5537 αὐτοῦ,
1203 5475 1301 5527 καὶ
1350 5476 1688 5541 εὐλόγησεν
1743 5477 1982 5542 αὐτούς.
2028 5477 2137 5529 Kal

552 5560 971 5628 ,ἀποστραφεὶς
1008 5558 1210 5611 Λάϐαν
1246 5556 1522 5624 ἀπῆλθεν
1559 5559 1646 5622 είς
1681 5556 1786 5610 τὸν
1818 5554 1984 5611 οἷκον
2029 5561 2136 5612 αὺ-

457 5655 460 5658 ’
555 5643 687 5695 τοῦ.
733 5639 904 5705 Εἶδες,
937 5642 1207 5710 άγαπητὲ,
1246 5640 1384 5710 πόση
1417 5638 1508 5691 τοῦ
1541 5638 1675 5691 Θεοῦ
1723 5642 1756 5711 ἡ
1788 5640 1965 5708 σοφία,
1992 5643 2139 5703 ὅπως

560 5727 704 5780 κατὰ
730 5727 922 5779 ταὺτὸν
961 5727 1053 5777 καὶ
1083 5726 1177 5794 τὴν
1229 5725 1356 5794 περὶ
1389 5723 1478 5775 τὸν
1521 5723 1722 5778 δίκαιον
1762 5725 2010 5796 πρόνοιαν
2043 5727 2140 5777 ἑπ-

632 5845 654 5871 ἰ
679 5844 758 5893 Sic
780 5842 907 5893 bene
934 5845 1073 5894 Cois].
1102 5841 1349 5892 Edcbalur
1371 5841 1578 5902 γένηται.
1607 5842 1734 5893 Emr.

2253 707 2348 760 τοῦ
2379 707 2596 773 Ἰακὼϐ,
2620 709 2699 771 είς
2724 708 2822 778 τὴν
2846 709 2946 776 τῆς
2976 706 3306 773 θεογνωσίας
3327 705 3444 759 όδὸν
3467 705 3609 758 κατά
3644 707 3848 779 μικρὸν

2256 789 2418 842 αὑτὸν
2439 791 2696 860 ἑνήγαγε,
2716 791 2810 842 καὶ
2833 791 2862 842 6
2891 787 3146 859 καθάπερ
3176 789 3364 859 θηρίον
3387 786 3715 859 ἐπιτρέχων,
3751 792 3850 844 καὶ

2256 872 2458 939 φθάσαι
2492 873 2814 942 βουλόμενος
2841 872 2935 925 καὶ
2969 870 3198 935 ἀνελεῖν,
3230 869 3718 940 ἀπολογησάμενος
3749 873 3850 926 καὶ

2256 955 2631 1026 καταφιλήσας
2662 955 2756 1008 καὶ
2791 953 2890 1018 τάς
2922 953 3230 1023 θυγατέρας
3271 953 3365 1006 καὶ
3392 954 3519 1016 τοὺς
3553 953 3704 1016 υἱοὺς
3741 953 3837 1008 αὑο

2253 1036 2380 1102 τῶν,
2406 1037 2581 1101 οὕτως
2606 1038 2788 1091 οῖκαδε
2815 1037 3122 1108 ὑπέστρεψε
3147 1053 3164 1104 ;
3187 1036 3342 1106 Τάχα
3367 1038 3448 1099 είς
3494 1035 3629 1088 πολὺ
3665 1036 3849 1108 μῆκος

2252 1125 2343 1178 τὸν
2377 1125 2533 1194 λόγον
2577 1125 2955 1195 ὲξετείναμεν,
3001 1124 3137 1178 άλλά
3186 1123 3285 1194 τῆς
3330 1123 3571 1194 ἱστορίας
3614 1126 3695 1186 είς
3741 1122 3849 1194 τὴν

2252 1208 2497 1278 ἀνάγκην
2523 1210 2669 1278 ἡμᾶς
2696 1209 2902 1278 ταύτην
2927 1201 3374 1276 καταστησάσης.

2323 1292 2522 1362 Διόπερ
2543 1290 2776 1344 ἐνταῦθα
2803 1293 3100 1362 στήσαντες
3128 1290 3217 1343 τόν
3249 1290 3427 1356 λόγον,
3461 1289 3638 1343 ἐκεῖνο
3661 1306 3852 1360 παραυ

2251 1375 2568 1446 καλέσωμεν
2595 1373 2750 1444 ὑμῶν
2768 1374 2867 1445 τὴν
2893 1375 3136 1444 ἀγάπην,
3159 1373 3302 1426 ὥστε
3335 1373 3514 1426 πάντα
3545 1375 3721 1425 ποιεῖν
3748 1373 3853 1426 καὶ

2251 1456 2733 1530 πραγματεύεσθαι
2753 1498 2766 1520 ,
2803 1456 2890 1508 ῖνα
2918 1455 3017 1527 τὴν
3047 1454 3252 1510 ἄνωθεν
3291 1453 3500 1507 εῦνοιαν
3525 1451 3852 1506 ὲπισπασώο

2255 1539 2413 1610 μεθα.
2449 1539 2574 1592 Ἐάν
2608 1539 2717 1609 γάρ
2751 1539 2956 1592 ἐκεῖνον
2997 1538 3208 1608 ἔχωμεν
3241 1536 3467 1607 εὐμενῆ,
3502 1535 3680 1590 πάντα
3707 1538 3850 1606 ἡμῖν

2253 1623 2410 1692 ῥᾴδια
2444 1622 2594 1674 ἔσται
2629 1622 2721 1674 καὶ
2745 1619 2962 1686 εὔκολα,
2993 1623 3087 1673 καὶ
3129 1620 3281 1673 οὐδὲν
3326 1621 3472 1690 ἡμᾶς
3518 1617 3630 1670 τῶν
3678 1621 3738 1672 ἑν
3762 1617 3850 1687 τῷ

2249 1691 2478 1775 παρόντι
2513 1703 2614 1774 βίῳ
2651 1702 2892 1774 λυπῆσαι
2933 1691 3245 1774 δυνήσεται,
3275 1699 3379 1754 κᾶν
3423 1699 3667 1769 λυπηρὸν
3700 1693 3849 1751 εῐναι

2249 1784 2402 1857 δοκῇ.
2432 1785 2679 1856 Τοσαύτη
2711 1786 2821 1856 γὰρ
2849 1785 2951 1854 τῆς
2981 1785 3147 1837 αὑτοῦ
3174 1781 3457 1852 δυνάμεως
3477 1783 3510 1851 ή
3537 1780 3846 1852 ὑπερϐολὴ,

2247 1868 2324 1930 ὡς
2355 1869 2448 1921 καὶ
2475 1868 2614 1921 αὑτά
2644 1868 2714 1921 τά
2733 1867 2954 1938 λυπηρά
2985 1867 3065 1929 είς
3096 1867 3156 1919 τὸ
3185 1865 3424 1919 ἐναντίον
3463 1866 3845 1934 περιτρέπειν,

2249 1949 2377 2004 ὅταν
2427 1949 2704 2020 βούληται.
2747 1950 2903 2004 Οὕτω
2947 1950 3043 2004 καὶ
3093 1947 3303 2011 Παῦλος
3363 1948 3423 2000 ὲν
3476 1944 3722 2015 θλίψεσιν
3763 1943 3849 1998 ὢν

2250 2032 2434 2104 ἔχαιρε
2473 2033 2567 2086 καὶ
2605 2034 2872 2102 ἠγάλλετο
2900 2034 2967 2103 τῇ
3004 2030 3302 2103 προσδοκίᾳ
3322 2030 3429 2082 τῶν
3457 2027 3848 2097 ἀποκειμένων

2250 2116 2493 2186 ἀμοιϐῶν
2514 2116 2900 2187 πτερούμενος.
2927 2115 3028 2169 Διὰ
3057 2112 3214 2167 τοῦτο
3238 2113 3329 2165 καὶ
3354 2113 3384 2165 6
3407 2111 3697 2182 Προφήτης
3722 2110 3848 2164 ελε-

2249 2200 2486 2268 γεν,⁹Εν
2503 2201 2704 2267 θλίψει
2729 2197 3076 2262 ἐπλάτυνάς
3096 2214 3220 2268 μοι,
3251 2195 3518 2249 διδάσκων
3548 2196 3719 2265 ἡμᾶς,
3755 2195 3847 2248 ὅτι

2249 2283 2307 2333 ὲν
2342 2284 2478 2351 αὑτῇ
2531 2285 2597 2352 τῇ
2640 2282 2816 2351 θλίψει
2857 2281 3199 2351 τυγχάνοντα
3239 2277 3422 2340 ἀδείας
3461 2276 3555 2329 xal
3597 2275 3847 2339 ἀνέσεως

2248 2364 2409 2417 αὑτὸν
2437 2363 2729 2419 ἀπολαύειν
2762 2361 3173 2433 παρεσκεύαζεν
3201 2364 3229 2414 6
3256 2359 3410 2423 Θεός.
3448 2357 3701 2412 Τοιοῦτον
3731 2359 3848 2412 τοί-

2248 2465 2342 2499 νυν
2371 2446 2584 2515 εχοντες
2607 2447 2905 2516 Δεσπότην,
2935 2443 3350 2508 οῦτω“δυνατὺν,
3385 2441 3558 2504 οὕτως
3589 2441 3844 2510 εὐμήχαο

2247 2545 2337 2582 νον
2381 2530 2473 2582 καὶ
2512 2529 2694 2597 σοφὸν,
2736 2527 2880 2581 οὕτω
2923 2526 3322 2598 φιλάνθρωπον,
3370 2525 3438 2577 τά
3468 2525 3595 2594 παρ’
3625 2523 3847 2576 ἑαυτῶν

2247 2612 2614 2683 είσφέρωμεν,
2647 2612 2737 2664 καὶ
2768 2614 2868 2682 τῆς
2897 2611 3098 2681 ἀρετῆς
3134 2609 3299 2662 πολὺν
3333 2607 3613 2679 ποιώμεθα
3654 2606 3844 2674 λόγον,

2248 2697 2338 2750 ῐνα
2377 2697 2473 2750 καὶ
2503 2695 2612 2748 τῶν
2645 2695 2878 2749 ἐνταῦθα
2899 2695 3120 2749 καὶτῶν
3157 2694 3458 2763 μελλόντων
3489 2690 3846 2761 ὲπιτύχωμεν

2246 2779 2486 2848 ἀγαθῶν,
2526 2779 2707 2849 χάριτι
2749 2781 2844 2832 καὶ
2886 2777 3268 2848 φιλανθρωπίᾳ
3302 2775 3396 2830 τοῦ
3430 2775 3636 2846 Κυρίου
3677 2773 3847 2844 ἡμῶν

2259 2863 2432 2932 Ἰησοῦ
2469 2861 2740 2933 Χριστοῦ,
2794 2862 2914 2932 μεθ’
2948 2857 3010 2916 οῦ
3055 2861 3133 2931 τῷ
3170 2861 3346 2932 Πατρὶ
3397 2861 3431 2929 ή
3475 2858 3604 2924 δόξα
3648 2859 3746 2910 καὶ
3778 2857 3847 2910 τὺ

2248 2946 2467 3015 κράτος.
2497 2946 2615 3014 ἄμα
2651 2944 2729 3015 τῷ
2756 2944 2896 3015 ἀγίῳ
2929 2944 3226 3013 Πνεύματι,
3249 2943 3345 2996 νῦν
3375 2943 3469 2996 καὶ
3497 2941 3603 3005 ἀεὶ,
3631 2941 3728 2994 καὶ
3758 2943 3846 3004 είς

2247 3026 2372 3089 τοὺς
2395 3025 2598 3090 αἰῶνας
2618 3027 2724 3081 τῶν
2751 3025 2982 3080 αἰώνων.
3019 3026 3214 3097 Ἀμήν.

2835 3211 3078 3269 ΟΜΙΛΙΛ
3115 3217 3246 3271 Nll'.

2248 3381 2354 3435 Kal
2413 3380 2765 3452 ἀναϐλέψας
2782 3449 2795 3452 Α
2827 3383 3028 3435 Ἰακὼϐ
3071 3379 3194 3437 εἶδε
3242 3384 3633 3452 παρεμϐολὴν
3687 3386 3847 3439 Θεοῦ

2317 3449 2878 3518 παρεμϐεϐληκυῖαν
2903 3493 2918 3515 ,
2971 3452 3072 3520 καί
3119 3449 3525 3520 συνήντησαν
3574 3449 3736 3515 αὐτῷ
3785 3459 3847 3510 οι

2314 3517 2557 3589 ἄγγελοι
2598 3520 2698 3574 τοῦ
2740 3522 2909 3574 Θεοῦ.
2939 3517 3089 3592 εἶπε
3120 3521 3190 3592 δέ
3217 3517 3434 3583 Ἰακὼϐ,
3459 3525 3643 3592 ἡνίκα
3675 3520 3848 3578 εἶδεν

2317 3592 2573 3660 αὐτούς’
2621 3590 2974 3660 Παρεμϐολὴ
3008 3591 3157 3645 Θεοῦ
3196 3593 3385 3658 αὕτη⁹
3437 3590 3534 3645 καὶ
3577 3593 3847 3648 ἐκάλεσε

2318 3659 2384 3711 τὸ
2414 3659 2602 3729 ὄνομα
2627 3660 2733 3715 τοῦ
2754 3659 2941 3715 τόπου
2969 3661 3096 3714 ἐκεί
3101 3678 3231 3729 νου,
3261 3663 3652 3732 Παρεμϐολαί.

2317 3836 2386 3890 α’.
2409 3833 2539 3890 Οἶδα
2561 3835 2642 3889 ὅτι
2666 3839 2983 3908 κεκμήκατε
3000 3837 3146 3908 χθὶς,
3166 3839 3247 3903 είς
3267 3839 3404 3893 πολὺ
3430 3841 3605 3912 μῆκος
3628 3843 3725 3897 τοῦ
3753 3843 3847 3897 λό-

2245 3935 2343 3986 γου
2379 3918 2730 3992 προελθόντος
2774 3922 2936 3990 ημῖν·
2979 3919 3116 3974 ἀλλά
3149 3923 3243 3975 καὶ
3284 3922 3566 3994 θαρσεῖτε·
3597 3927 3627 3978 6
3666 3926 3844 3990 κόπος

2248 4001 2402 4070 ὑμῶν
2428 4002 2528 4055 οὑκ
2547 4001 2659 4056 ἔστι
2677 4002 2852 4065 κενός·
2880 4003 2937 4053 ἐν
2956 4003 3146 4074 Κυρίῳ
3165 4004 3275 4074 γάρ
3302 4006 3420 4058 ἐστι
3440 4006 3746 4077 γινόμενος,
3767 4009 3846 4063 δι’

2247 4083 2306 4136 ὃν
2338 4083 2433 4136 καὶ
2454 4084 2635 4153 όπρὸς
2671 4085 2845 4154 βραχὺ
2879 4086 3039 4148 πόνος
3063 4087 3315 4155 μεγάλων
3345 4087 3551 4157 μισθῶν
3575 4090 3845 4161 πρόξενος

2247 4166 2475 4232 γίνεται.
2505 4166 2567 4218 Εί
2596 4165 2703 4237 γὰρ
2733 4167 2828 4219 καὶ
2860 4166 2919 4219 τὸ
2949 4165 3110 4237 σῶμα
3138 4169 3437 4239 κέκμηκεν,
3473 4170 3590 4225 ἀλλ’
3620 4173 3654 4242 ή
3684 4172 3842 4246 ψυχὴ

2248 4248 2409 4300 πλέον
2439 4248 2763 4320 ὲρρώννυτο.
2802 4248 2893 4301 Διὸ
2923 4249 3016 4302 καὶ
3068 4249 3230 4314 αὑτὸς
3273 4251 3417 4322 ὀρῶν
3460 4253 3614 4324 ὑμῶν
3645 4256 3844 4327 ἀκμά-

2247 4331 2408 4394 ζοντα
2445 4332 2536 4386 τὸν
2571 4332 2756 4394 πόθον,
2795 4334 2890 4386 καὶ
2922 4334 3021 4402 τὴν
3047 4334 3346 4403 ἐπιθυμίαν
3377 4335 3841 4411 διεγηγερμένην,

2251 4414 2570 4485 βουλόμενος
2600 4415 2878 4468 συστεῖλαι
2909 4415 3008 4487 τὴν
3039 4416 3421 4484 διδασκαλίαν,
3467 4420 3567 4472 οὐκ
3601 4421 3844 4495 +1600“;-

2250 4495 2348 4564 θην
2377 4496 2528 4567 [562]
2573 4498 2679 4568 πρὸ
2707 4497 2802 4549 τοῦ
2838 4497 3023 4559 τέλους
3081 4500 3160 4560 εἰς
3197 4498 3353 4569 σιγήν
3393 4501 3696 4555 καταλῦσαι
3742 4506 3845 4560 τὸν

2249 4578 2428 4647 λόγον,
2481 4579 2635 4644 εἰδὼς
2668 4580 2743 4643 ώς
2771 4578 2946 4654 ταύτῃ
2989 4580 3191 4648 μᾶλλον
3233 4583 3363 4651 ὑμῖν
3406 4583 3725 4655 χαριοῦμαι.
3765 4587 3847 4642 Τὸ

2249 4663 2358 4733 γάρ
2415 4662 2617 4733 πλῆθος
2673 4663 2781 4716 τῶν
2826 4664 3132 4734 είρημένων
3177 4665 3414 4737 μάλιστα
3471 4668 3682 4724 ἐδείκνυ
3736 4672 3844 4743 τῆς

2251 4745 2521 4815 ὑμετέρας
2549 4745 2833 4815 φιληκοΐας
2862 4748 2961 4816 τὴν
2990 4748 3191 4820 πολλὴν
3218 4750 3452 4823 σπουδὴν
3478 4753 3572 4806 καὶ
3592 4755 3685 4808 τὸν
3709 4756 3844 4810 ἀκόο

2254 4846 2442 4900 ρεστον
2487 4829 2682 4882 πόθον·
2719 4830 2808 4884 διὰ
2855 4831 3014 4884 τοῦτο
3060 4834 3156 4886 καὶ
3187 4833 3351 4897 αὐτὸς
3397 4836 3538 4902 μετά
3587 4836 3845 4904 πλείονος

2249 4912 2556 4983 προθυμίας
2577 4913 2674 4980 τῆς
2703 4913 2839 4984 πρὸς
2864 4915 3010 4983 ὑμᾶς
3036 4913 3279 4985 ἀπτομαι
3301 4915 3670 4984 διδασκαλίας,
3691 4922 3844 4991 ὀρῶν

2249 4996 2402 5066 ὑμῶν
2426 4995 2548 5049 καθ’
2574 4995 2813 5067 ἑκάστην
2835 4997 3048 5068 ἡμέραν
3071 4998 3171 5067 τὴν
3197 4999 3375 5071 δρεξιν
3397 5001 3842 5076 ἐπιτεινομένην.

2247 5082 2384 5152 Φέρε
2419 5076 2516 5132 οὖν
2549 5080 2643 5132 καὶ
2677 5081 2915 5152 σήμερον
2947 5080 3018 5134 τά
3055 5082 3184 5152 ἑξῆς
3219 5083 3332 5135 τῶν
3365 5082 3491 5154 χθὲς
3528 5086 3845 5156 εἰρημένων

2248 5165 2392 5220 κατὰ
2417 5163 2646 5233 δύναμιν
2673 5163 3122 5236 ὲπελθόντες,τὴν
3157 5166 3362 5237 συνήθη
3387 5167 3633 5220 ἑστίασιν
3659 5186 3845 5241 παρα-

2249 5248 2430 5319 θῶμεν
2464 5245 2620 5316 ὑμῶν
2660 5249 2728 5317 τῇ
2769 5247 2989 5321 ἀγάπη,
3027 5249 3122 5302 καὶ
3169 5248 3400 5319 ἴδωμεν,
3439 5251 3576 5320 μετὰ
3606 5251 3707 5322 τὴν
3743 5253 3844 5308 τοῦ

2249 5334 2434 5387 Λάϐαν
2489 5329 2837 5402 ἀναχώρησιν
2882 5335 3028 5398 ὅπως
3075 5337 3102 5387 6
3143 5334 3348 5396 δίκαιος
3392 5335 3494 5405 τῆς
3530 5336 3844 5408 ὁδοιπορίας

2249 5419 2500 5472 ἅπτεται.
2540 5416 2706 5470 Οὐδὲν
2747 5419 2854 5488 γάρ
2903 5420 3070 5489 ἀργὸν
3103 5419 3211 5471 τῶν
3258 5421 3318 5473 ὲν
3357 5422 3423 5491 τῇ
3475 5419 3596 5491 θείᾳ
3643 5421 3841 5492 Γραφῇ

2251 5501 2519 5571 κειμένων
2549 5500 2717 5564 ἐστὶν,
2752 5501 2888 5554 ἀλλὰ
2919 5504 3096 5556 πάντα
3125 5506 3193 5555 τά
3227 5502 3331 5555 ὑπὸ
3361 5502 3472 5555 τῶν
3499 5502 3724 5556 δικαίων
3756 5522 3843 5571 γι-

2249 5585 2449 5655 νόμενα
2490 5583 2753 5654 μεγίστης
2791 5587 2949 5655 γέμει
2983 5588 3086 5656 τῆς
3127 5586 3414 5656 ὡφελείας.
3471 5587 3691 5659 Ἐπειδὴ
3730 5591 3843 5661 γάρ

2248 5669 2339 5722 τὸν
2367 5667 2475 5720 τῶν
2506 5667 2643 5720 ὅλων
2682 5669 2955 5739 Δεσπότην
2992 5664 3138 5740 εἶχον
3172 5669 3436 5740 διηνεκῶς
3477 5673 3663 5734 αὑτοῖς
3693 5688 3841 5742 συμο

2253 5751 2513 5821 παρόντα,
2551 5749 2645 5802 καὶ
2673 5751 2796 5813 τοὺς
2828 5753 2965 5805 κατὰ
3003 5754 3101 5820 τὴν
3132 5753 3442 5822 ὁδοιπορίαν
3477 5755 3673 5818 πόνους
3718 5757 3840 5810 ἑπι-

2254 5833 2599 5902 κουφίζοντα,
2625 5834 2822 5906 πολλὴν
2857 5838 2947 5890 καὶ
2987 5837 3094 5890 ἀπὸ
3137 5837 3234 5907 τῆς
3264 5837 3429 5908 ψιλῆς
3471 5839 3650 5894 αὑτῶν
3695 5840 3838 5895 66m-
