4086 6456
273 459 382 518 505

272 578 434 643 uides,
490 589 602 629 mea
648 582 785 642 sunt,
835 581 882 628 et
924 572 1151 641 ﬁliarum
1187 585 1462 623 mearum:
1490 569 1613 639 quid
1661 571 1880 640 [acerem

271 670 382 725 illis
406 669 578 734 hodie,
613 669 692 722 vel
705 667 876 738 pueris
898 666 985 735 qui
1013 665 1075 718 ab
1095 663 1169 718 eis
1188 673 1304 717 sunt
1331 663 1440 716 nati
1460 662 1486 715 2’
1511 661 1656 726 Scio,
1689 660 1878 729 inquit,

269 763 419 835 quod
452 763 575 818 ﬁlim
595 776 730 816 mea:
759 767 905 825 sunt,
932 767 986 813 et
1013 757 1192 811 omnia
1220 767 1574 826 qutecumque
1603 752 1786 817 habes,
1814 768 1881 806 ex

271 853 576 911 substantia
609 865 726 906 mea
755 857 1119 905 accesserunt.
1155 845 1296 911 Quid
1333 845 1494 915 igitur
1534 847 1755 916 facerem
1778 843 1883 897 illis

189 927 196 934 ’
273 945 558 1013 ltodie,.rel
583 944 755 1015 pueris
780 943 868 1014 qui
895 943 960 997 ab
984 942 1057 997 eis
1085 940 1230 994 nati.’
1255 939 1346 994 44.
1379 936 1536 992 Nunc
1559 937 1717 1008 igitur
1744 936 1876 1001 veni,

267 1048 321 1092 et
352 1039 583 1092 ineamus
609 1035 778 1106 [tedas
803 1050 896 1105 ego
925 1041 972 1088 et
1000 1041 1077 1100 tu,
1105 1040 1154 1085 et
1178 1031 1274 1086 erit
1301 1030 1355 1084 in
1384 1028 1722 1084 testimonium
1749 1029 1880 1082 inter

268 1145 354 1183 nte
381 1138 430 1182 et
469 1136 534 1181 te.
562 1126 746 1191 Pacta,
769 1125 965 1196 inquit,
995 1124 1274 1190 faciamus,
1310 1121 1377 1176 Et
1397 1131 1544 1176 erunt
1571 1121 1624 1174 in
1654 1121 1878 1175 testimo-

265 1219 415 1272 nium
442 1219 574 1272 inter
607 1233 687 1272 me
713 1225 760 1272 et
789 1225 838 1270 te
867 1230 886 1270 :
914 1215 966 1269 in
981 1214 1237 1285 judicium
1259 1221 1315 1269 et
1336 1210 1875 1268 demonstrationem.

268 1308 419 1363 Dixit
446 1317 626 1362 autem
653 1308 752 1363 ei:
795 1305 851 1362 Si
890 1305 1012 1376 quis
1057 1302 1362 1374 transgredi
1390 1302 1734 1357 attentaverit
1758 1316 1879 1371 qua:

263 1415 415 1454 nunc
444 1415 476 1454 a
504 1398 658 1454 nobis
682 1406 807 1453 sunt
831 1397 1106 1468 proposita
1149 1414 1163 1451 :
1211 1394 1347 1451 Ecce
1387 1395 1563 1450 nullus
1589 1393 1873 1461 nobiscum,

265 1489 411 1546 Deus
436 1500 607 1543 autem
632 1490 771 1543 testis
796 1490 928 1543 inter
955 1503 1036 1541 me
1059 1496 1106 1540 et
1135 1496 1203 1542 te.

343 1581 396 1636 8.
439 1578 735 1635 Considera
776 1575 1049 1648 quomodo
1093 1574 1348 1646 paulatim
1389 1583 1442 1647 et
1469 1573 1650 1630 Laban
1681 1573 1748 1628 ad
1780 1588 1876 1627 ro-

262 1672 566 1743 gnitionem
612 1670 710 1726 Dei
753 1669 986 1725 ducitur.
1044 1667 1179 1722 Nam
1209 1667 1298 1738 qui
1325 1676 1449 1721 ante
1479 1665 1583 1721 hoc
1618 1666 1878 1736 arguebat

261 1767 466 1836 justum
497 1765 565 1821 de
596 1765 737 1820 furto
765 1764 993 1821 deorum
1023 1779 1265 1828 suorum,
1318 1772 1373 1819 et
1406 1770 1608 1818 tantam
1656 1769 1877 1832 propter

260 1874 362 1915 eos
389 1859 774 1914 scrutationem
812 1857 1064 1925 faciebat,
1115 1871 1258 1912 nunc
1289 1855 1498 1925 inquit:
1531 1854 1665 1923 Quia
1696 1853 1876 1908 nullus

260 1960 346 2008 est
393 1951 535 2006 inter
579 1965 700 2017 nos,
743 1950 834 2022 qui
864 1950 1054 2020 possit,
1109 1949 1153 2003 si
1201 1946 1330 2018 quid
1372 1947 1595 2018 posthac
1620 1954 1873 2000 novatum

261 2041 447 2106 fuerit,
489 2041 643 2096 testis
667 2055 790 2096 esse
815 2039 1037 2095 fmderis
1067 2040 1258 2105 nosui,
1294 2039 1436 2094 Deus
1461 2037 1616 2096 testis
1639 2037 1708 2092 sit
1736 2036 1877 2091 inter

262 2149 354 2191 me
382 2142 439 2188 et
484 2144 553 2188 te.
602 2133 720 2201 Ille,
737 2133 928 2204 inquit,
968 2132 1142 2198 adest,
1170 2131 1260 2202 qui
1289 2131 1469 2186 omnia
1499 2130 1666 2196 videt,
1713 2143 1874 2199 quem

262 2226 400 2282 nihil
427 2229 598 2283 latere
624 2235 823 2299 potest,
867 2227 959 2297 qui
989 2225 1408 2295 uniuscujuSque
1434 2232 1670 2279 mentem
1706 2236 1874 2292 agno-

262 2319 388 2374 scit.
413 2321 502 2375 45.
555 2318 775 2374 Sumens
816 2327 1007 2385 autem,
1059 2318 1252 2388 inquit,
1298 2315 1462 2370 Jacob
1489 2316 1646 2370 erexit
1673 2315 1872 2368 colum-

263 2427 406 2474 nam,
454 2419 502 2463 et
540 2410 657 2480 fecit
682 2411 864 2464 collem
887 2410 925 2476 ¹,
958 2418 1004 2464 et
1030 2408 1358 2464 comederunt
1378 2422 1529 2477 super
1547 2406 1746 2460 collem.
1783 2405 1873 2459 47.

263 2500 338 2554 Et
378 2501 508 2555 dixit
554 2502 598 2554 ei
639 2499 818 2555 Laban
864 2516 884 2553 :
930 2500 1088 2555 Collis
1116 2500 1197 2553 hic
1226 2508 1441 2553 testatur
1473 2498 1605 2551 inter
1629 2512 1709 2550 me
1733 2507 1780 2549 et
1807 2505 1873 2549 te.

256 2591 404 2670 Quid
434 2599 535 2658 est,
574 2591 735 2648 Collis
761 2591 887 2645 hic?
938 2590 994 2645 Id
1020 2600 1125 2658 est,
1177 2588 1352 2644 Verba
1385 2603 1504 2658 quae
1532 2587 1664 2643 ﬁunt
1689 2585 1742 2641 in
1775 2585 1878 2640 hoc

259 2684 403 2738 colle
427 2684 684 2738 memoria
712 2691 967 2752 perpetua
995 2681 1152 2736 nobis
1181 2687 1357 2735 erunt.
1388 2677 1452 2732 Et
1474 2679 1669 2731 vocavit
1694 2691 1878 2730 nomen

265 2777 382 2840 eius
413 2775 530 2842 loci,
565 2775 725 2831 Collis
757 2773 1051 2827 testimonii.
1100 2770 1300 2827 Deinde
1328 2770 1500 2840 inquit
1533 2787 1545 2824 :
1579 2769 1669 2825 49.
1724 2769 1876 2837 Aspi-

261 2874 367 2927 ciat
403 2871 544 2925 Deus
587 2870 718 2922 inter
748 2883 828 2921 me
863 2876 912 2921 et
943 2875 1010 2919 te.
1063 2864 1296 2920 Attende
1340 2862 1613 2934 quomodo
1663 2877 1876 2933 plenam

263 2965 461 3018 iterum
504 2975 534 3012 a
579 2959 692 3014 Deo
732 2958 1053 3028 deprecatur
1096 2956 1300 3010 Laban.
1357 2955 1625 3024 Aspiciat,
1684 2953 1876 3023 inquit,

263 3053 408 3108 Deus
431 3053 657 3106 interme
680 3062 726 3106 ct
746 3050 879 3104 inter
902 3058 971 3114 te,
995 3049 1116 3119 quia
1137 3046 1428 3103 secedemus
1455 3046 1585 3101 alter
1607 3043 1668 3098 ab
1690 3045 1874 3100 altero.

263 3144 441 3210 Nunc,
476 3145 668 3213 inquit,
697 3141 1113 3217 .separabimur,
1145 3149 1201 3194 et
1227 3149 1280 3193 tu
1309 3139 1528 3209 quidem
1555 3137 1658 3194 ibis
1680 3138 1731 3191 in
1766 3145 1878 3191 ter-

263 3250 381 3290 ram
402 3233 692 3304 propriam,
713 3247 814 3304 ego
837 3240 1016 3287 autem
1043 3229 1230 3285 redibo
1251 3229 1303 3283 in
1325 3228 1543 3283 domum
1567 3243 1766 3283 meam.
1785 3226 1877 3281 50.

266 3325 330 3384 Si
357 3324 702 3379 humiliatteris
731 3324 867 3392 ﬁlias
893 3339 1052 3386 meas,
1082 3321 1128 3376 si
1152 3320 1407 3389 acceperis
1436 3334 1620 3373 uxores
1642 3319 1710 3371 ad
1743 3317 1880 3385 ﬁlias

266 3434 426 3482 meas,
476 3415 609 3479 vide,
657 3415 830 3470 nullus
876 3412 1140 3468 nobiscum
1192 3421 1266 3466 est
1317 3412 1405 3482 qui
1461 3410 1666 3476 videat;
1740 3407 1880 3463 Deus

267 3511 428 3565 testis.
474 3505 770 3563 Considera
819 3504 1092 3575 quomodo
1145 3503 1314 3558 semel
1364 3510 1418 3557 et
1471 3501 1667 3556 iterum
1716 3507 1880 3569 atque

267 3601 469 3670 saepius
522 3598 692 3653 Deum
747 3597 800 3651 in
852 3604 1044 3651 testem
1087 3602 1265 3649 vocat.
1319 3591 1454 3659 Quia
1507 3590 1874 3661 providentia,

267 3706 431 3763 quam
489 3697 746 3758 expertus
815 3695 932 3741 erat
993 3684 1201 3749 lacob,
1269 3683 1452 3738 docuit
1513 3696 1635 3738 eum
1704 3695 1877 3750 quan-

267 3791 323 3836 ta
364 3788 510 3834 esset
534 3778 744 3833 Domini
772 3775 1040 3847 potentia,
1071 3783 1126 3829 et
1152 3773 1295 3844 quod
1324 3771 1654 3843 impossibile
1683 3772 1755 3827 sit
1781 3769 1882 3824 ali-

269 3875 396 3947 quid
430 3873 702 3930 oecultum
739 3884 860 3927 esse
888 3870 1044 3926 oculo
1071 3869 1160 3939 qui
1188 3867 1481 3922 dormitare
1507 3864 1712 3934 nequit.
1743 3862 1879 3916 Pro-

272 3973 457 4036 pterea
507 3961 676 4032 inquit
719 3978 733 4015 :
783 3959 1010 4015 Etiamsi
1053 3972 1398 4029 separemur,
1441 3955 1651 4010 etiamsi
1698 3952 1881 4008 nullus

270 4055 410 4110 alius
438 4054 578 4110 adsit
607 4052 698 4124 qui
729 4051 1000 4108 testiﬁcari
1035 4049 1235 4120 possit,
1265 4050 1354 4104 ille
1384 4050 1535 4103 testis
1561 4046 1662 4101 erit
1685 4045 1883 4116 ubique

271 4161 514 4218 prmsens
549 4165 562 4202 :
596 4161 692 4216 per
717 4145 924 4214 singula
949 4145 1111 4198 verba
1140 4141 1299 4197 docet
1328 4141 1503 4211 ipsum
1534 4139 1697 4195 totius
1724 4146 1883 4193 terra:

270 4254 397 4295 esse
442 4237 745 4292 Dominum.
796 4238 886 4292 5|.
938 4234 1004 4289 Et
1048 4235 1178 4288 dixit
1217 4232 1379 4288 Iacob
1411 4249 1431 4286 :
1460 4232 1591 4286 Ecce
1627 4231 1773 4286 collis
1798 4231 1884 4283 il.’e

273 4340 507 4386 testatur.
549 4329 641 4386 52.
670 4329 866 4384 Deinde
894 4329 1076 4382 iterum
1106 4327 1284 4381 Laban
1309 4327 1470 4398 inquit
1498 4342 1518 4380 :
1551 4325 1611 4380 Si
1635 4326 1769 4380 enim
1793 4340 1885 4394 ego

274 4440 378 4477 non
421 4424 668 4476 transiero
710 4423 780 4475 ad
825 4433 906 4487 te,
953 4437 1111 4491 neque
1150 4430 1203 4473 tu
1242 4428 1472 4473 transeas
1498 4417 1567 4471 ad
1598 4433 1678 4471 me
1702 4416 1885 4471 callent

276 4515 412 4567 hunc
460 4520 505 4566 et
547 4513 834 4566 columnam
879 4512 1012 4565 hanc
1055 4512 1109 4565 in
1147 4511 1351 4563 malitia
1380 4527 1394 4563 :
1423 4509 1512 4565 53.
1554 4506 1697 4562 Deus
1719 4507 1886 4561 Abra-

277 4608 396 4659 ham
417 4647 431 4670 ,
461 4614 506 4659 et
537 4603 676 4658 Deus
709 4603 1130 4674 Nachorjudicet
1156 4603 1286 4656 inter
1306 4617 1416 4655 nos.
1453 4599 1586 4655 Vide
1616 4597 1888 4668 quomodo

275 4713 400 4753 cum
444 4708 595 4766 patre
639 4705 693 4750 et
733 4710 893 4748 avum
941 4708 1096 4748 suum
1139 4694 1445 4762 conjunxit,
1474 4691 1565 4762 qui
1595 4689 1762 4746 frater
1786 4687 1889 4742 fuit

278 4787 633 4859 patriarchaa,
684 4786 851 4856 ipsius
891 4796 1071 4842 autem
1115 4801 1265 4840 avus.
1316 4784 1455 4838 Deus
1501 4783 1794 4846 Abraham,
1842 4790 1890 4834 et

279 4879 420 4934 Deus
470 4878 683 4932 Nachor
716 4879 914 4948 judicet
952 4878 1084 4931 inter
1125 4893 1238 4932 nos.
1267 4877 1357 4931 54.
1406 4875 1472 4929 Et
1499 4877 1696 4947 juravit
1723 4875 1886 4928 Jacob

280 4989 372 5042 per
407 4973 635 5024 timorem
665 4968 764 5024 Dei
792 4971 950 5039 patris
969 4971 1048 5024 sui
1077 4969 1260 5036 Isaac,
1289 4979 1335 5022 et
1363 4967 1668 5036 sacriﬁcavit
1692 4967 1893 5034 sacriﬁ-

281 5065 418 5116 cium
445 5063 495 5114 in
529 5070 696 5114 monte
722 5076 741 5114 :
771 5069 816 5113 et
841 5062 1033 5114 vocavit
1065 5064 1248 5130 fratres
1275 5075 1392 5116 suos
1425 5075 1444 5113 :
1473 5069 1519 5113 et
1539 5059 1888 5124 comederunt,

280 5166 328 5210 et
356 5155 623 5220 biberunt,
651 5164 697 5207 et
718 5153 1032 5208 dormierunt
1063 5155 1114 5208 in
1143 5164 1328 5208 monte.
1354 5153 1678 5222 Sacri/icavit
1696 5154 1895 5221 sacri/i-

284 5249 421 5300 cium
457 5245 510 5298 in
540 5255 709 5298 monte
739 5260 758 5298 :
793 5244 1019 5315 gratias,
1056 5246 1254 5315 inquit,
1284 5246 1392 5315 egit
1432 5244 1541 5300 Deo
1571 5245 1640 5300 ob
1680 5260 1742 5300 ea
1773 5259 1894 5314 qua:

285 5336 632 5401 acciderant;
676 5336 744 5390 Et
784 5338 1146 5404 comederunt,
1196 5347 1242 5391 et
1285 5339 1544 5404 biberunt,
1587 5348 1633 5393 et
1677 5339 1898 5392 dormie-

289 5441 411 5483 runt
455 5430 508 5482 in
559 5441 745 5484 monte.
792 5431 882 5485 55.
930 5430 1165 5484 Surrexit
1206 5441 1373 5484 autent
1421 5431 1597 5484 Laban
1641 5448 1820 5498 mane,
1849 5441 1895 5485 et

287 5523 548 5576 osculatus
585 5531 658 5574 est
701 5523 836 5590 ﬁlios
863 5541 979 5578 suos
1006 5535 1052 5578 et
1082 5523 1218 5592 ﬁlias
1247 5541 1364 5578 suas
1386 5567 1401 5591 ,
1435 5535 1479 5579 et
1507 5524 1757 5578 benedixit
1789 5541 1892 5578 eos.

289 5612 360 5667 Et
400 5630 625 5667 reversus
663 5613 839 5668 Laban
870 5618 990 5670 abiit
1030 5619 1082 5670 in
1109 5619 1276 5672 locum
1301 5634 1467 5672 suum.
1506 5617 1733 5686 Vidisti,
1764 5617 1894 5672 dile-

357 5751 372 5780 ⁸
415 5754 467 5796 Et
491 5748 813 5814 fecitcollcm.
856 5760 964 5802 lucc
999 5753 1218 5814 |:Illl'ibllS
1258 5760 1582 5805 narranturin
1610 5765 1749 5809 textu
1775 5767 1898 5813 Scri-

291 5816 466 5889 ptura}.
489 5812 570 5858 ubi
596 5813 769 5861 dicitur
795 5817 938 5862 .Iacnh
976 5812 1270 5889 ιδξιηυυιςμὶδδθ
1299 5817 1532 5886 fratribus
1569 5824 1671 5871 suis
1699 5833 1750 5875 ut
1777 5812 1898 5889 lapi-

296 5876 385 5923 dcs
405 5884 766 5935 coacct‘vat'ent,
795 5890 957 5939 exque
987 5880 1040 5927 iis
1058 5876 1230 5928 collem
1251 5880 1577 5931 COILSIIIUIbSC.

1281 452 1344 508 ΙΝ
1376 451 1524 510 CAP.
1552 450 1769 508 XXXII.
1797 450 2043 508 GENES.
2089 454 2318 512 IIOIIIL.
2362 457 2545 514 LVIII.

3487 470 3594 528 506

1993 579 2113 638 cte,
2157 583 2355 643 quanta
2405 575 2500 631 Dei
2549 575 2846 646 sapientia,
2894 580 3166 649 quomodo
3212 596 3319 636 uno
3361 581 3503 639 facto
3543 597 3598 642 et

1990 677 2141 718 suam
2182 679 2308 734 erga
2344 664 2547 734 justum
2585 665 2878 724 declaravit
2912 669 3304 739 providentiam
3325 714 3339 737 ,
3363 681 3417 728 et
3445 674 3596 730 illum

1990 755 2059 810 ab
2099 756 2358 828 injustilia
2387 757 2640 825 abduxit,
2673 769 2728 817 ct
2757 762 2810 816 in
2839 761 3034 818 divina:
3064 763 3264 820 notitiae
3293 767 3434 820 viam
3462 781 3599 836 pau-

1990 847 2137 902 latim
2167 847 2382 903 induxit
2411 849 2684 908 Labannm
2700 893 2716 920 ,
2747 851 3147 908 interminando
3167 855 3214 908 ei
3241 871 3310 910 ne
3327 856 3451 926 quid
3468 858 3596 912 mali

1988 949 2177 994 contra
2203 940 2375 996 Jacob
2400 942 2816 1013 loquereturzet
2841 945 2931 1016 qui
2961 947 3114 1016 quasi
3136 945 3248 1002 fera
3279 949 3599 1004 accurrebat

1987 1040 2040 1085 et
2069 1033 2535 1103 comprehendere
2567 1045 2727 1106 atque
2770 1036 3075 1092 interﬁcere
3127 1037 3375 1106 volebat,
3399 1039 3601 1095 desinit

1989 1126 2040 1179 in
2067 1125 2440 1182 defensionem
2464 1168 2480 1192 ,
2512 1135 2569 1183 et
2597 1127 2651 1181 in
2683 1127 2916 1183 ﬁliorum
2949 1127 3287 1199 ﬁliarumque
3313 1129 3598 1186 deoscula-

1987 1218 2224 1284 tionem,
2269 1227 2324 1274 et
2364 1219 2443 1275 sic
2472 1218 2691 1274 domum
2720 1220 2899 1276 redit?
2937 1221 3101 1277 Forte
3128 1222 3389 1291 prolixius
3415 1235 3600 1291 sermo

1983 1323 2044 1364 se
2086 1308 2359 1374 extendit,
2405 1309 2502 1365 sed
2544 1311 2804 1382 ignoscite
2835 1328 2848 1365 :
2877 1327 2984 1368 non
3030 1312 3133 1367 hoc
3156 1322 3350 1382 sponte
3375 1312 3600 1368 admisi-

1984 1413 2106 1452 mus
2130 1439 2146 1464 ,
2183 1399 2278 1453 sed
2306 1399 2481 1470 coegit
2510 1415 2610 1455 nos
2634 1399 2873 1456 historiae
2901 1403 3058 1457 ratio.

2056 1489 2276 1546 Muralis
2314 1493 2618 1546 exhortatio.
2667 1523 2741 1534 --
2779 1493 2906 1549 Ideo
2952 1495 3038 1548 hic
3077 1495 3299 1550 missum
3331 1493 3594 1551 facientes

1982 1595 2290 1638 sermonem
2319 1625 2334 1648 ,
2372 1597 2593 1638 oramus
2619 1593 2853 1640 vestram
2880 1585 3159 1641 caritatem
3178 1626 3196 1654 ,
3228 1595 3287 1642 ut
3311 1587 3490 1641 omnia
3518 1585 3597 1640 fa-

1981 1673 2186 1729 ciamus
2226 1684 2280 1729 et
2323 1683 2646 1742 tractemus,
2692 1690 2802 1746 quo
2839 1691 3127 1746 supernam
3158 1677 3313 1732 nobis
3335 1676 3596 1732 concilie-

1982 1779 2103 1819 mus
2148 1763 2608 1821 benevolentiam.
2647 1764 2780 1820 Nam
2809 1766 2856 1821 si
2893 1765 3062 1821 Deum
3091 1766 3434 1820 habuerimus
3460 1767 3594 1820 ami-

1981 1871 2107 1910 cum
2130 1897 2145 1921 ,
2171 1856 2354 1912 omnia
2382 1857 2538 1912 nobis
2567 1856 2742 1917 facilia
2770 1866 2930 1912 erunt
2958 1874 2972 1912 :
3002 1866 3056 1912 et
3086 1855 3217 1911 nihil
3245 1871 3343 1911 nos
3370 1857 3422 1910 in
3456 1872 3593 1926 pne-

1982 1945 2124 2000 seuti
2165 1946 2272 2001 vita
2318 1948 2641 2003 contristare
2687 1948 2920 2018 poterit,
2960 1947 3207 2018 quamvis
3237 1947 3591 2017 injucundum

1979 2051 2103 2092 esse
2131 2036 2394 2092 videatur.
2445 2037 2616 2092 Tanta
2647 2038 2792 2118 enim
2824 2038 2943 2108 ejus
2974 2037 3188 2093 virtutis
3210 2047 3297 2093 est
3321 2038 3594 2093 excellen-

1981 2129 2090 2193 tia,
2135 2139 2193 2184 ut
2240 2130 2402 2185 etiam
2447 2146 2510 2186 ea
2554 2146 2678 2201 qua:
2718 2132 2888 2186 tristia
2940 2141 3094 2197 sunt,
3134 2130 3372 2203 jucunda
3416 2129 3597 2187 facere

1978 2230 2162 2290 queat.
2186 2219 2276 2277 Sic
2298 2229 2352 2276 et
2380 2221 2579 2277 Paulus
2606 2222 2659 2277 in
2686 2221 3070 2278 afflictionibus
3098 2223 3366 2278 exsistens
3389 2222 3595 2292 gaude-

1981 2317 2073 2372 bat
2099 2325 2156 2371 et
2184 2316 2489 2372 exsultabat
2509 2317 2916 2385 exspectatione
2943 2316 3308 2386 repositorum
3331 2314 3597 2370 bonorum

1979 2408 2250 2463 animatus
2281 2408 2457 2480 (Rom.
2483 2409 2537 2465 5.
2570 2408 2625 2463 2.
2653 2410 2727 2471 5).
2761 2409 3052 2478 Propterea
3079 2417 3134 2463 et
3161 2405 3421 2478 prepheta
3446 2405 3598 2462 dice-

1987 2498 2078 2554 bat
2112 2515 2125 2551 :
2160 2497 2228 2552 In
2252 2498 2524 2570 afflictione
2550 2498 2779 2553 dilatasti
2809 2499 2933 2552 mihi
2976 2497 3149 2568 (Psal.
3181 2497 3236 2552 4.
3264 2497 3325 2567 2)
3355 2495 3598 2553 :docens

1983 2603 2084 2644 nos
2108 2629 2123 2653 ,
2161 2589 2329 2643 Deum
2362 2603 2422 2643 se
2443 2589 2496 2644 in
2533 2589 2646 2659 ipsa
2678 2589 2973 2645 afflictione
2999 2589 3230 2645 liberum
3260 2597 3318 2644 et
3338 2589 3598 2658 tranquil-

1984 2680 2095 2735 lum
2144 2680 2519 2736 constituisse.
2567 2680 2754 2736 Talem
2789 2681 2948 2751 igitur
2977 2681 3241 2736 habentes
3271 2679 3599 2744 Dominum,

1984 2781 2091 2826 tam
2131 2779 2443 2841 potentem,
2487 2780 2596 2828 tam
2637 2774 2938 2843 sapientem
2964 2813 2980 2840 ,
3035 2781 3249 2843 tamque
3288 2771 3599 2827 misericor-

1981 2863 2138 2932 dem,
2183 2865 2329 2934 quod
2375 2875 2619 2920 nostrum
2662 2876 2746 2921 est
2782 2865 3104 2929 alferamus,
3135 2864 3457 2934 virtutisque
3482 2879 3598 2917 ma-

1985 2972 2145 3027 gnam
2176 2957 2475 3013 habeamus
2504 2958 2769 3013 rationem
2791 3001 2806 3025 ,
2841 2967 2897 3012 ut
2927 2972 3037 3012 non
3066 2958 3241 3013 solum
3271 2956 3554 3026 prmsentia
3581 2997 3598 3020 ,

1983 3048 2080 3103 sed
2121 3057 2176 3104 et
2213 3047 2392 3102 futura
2434 3050 2574 3104 bona
2612 3064 3039 3119 consequamur,
3068 3051 3240 3121 gratia
3269 3059 3323 3103 et
3349 3048 3598 3119 benigni-

1985 3147 2093 3194 tate
2120 3139 2331 3193 Domini
2360 3139 2532 3194 nostri
2559 3139 2687 3195 Jesu
2714 3139 2949 3205 Christi,
2977 3155 3100 3195 cum
3129 3154 3238 3210 quo
3263 3137 3409 3194 Patri
3436 3139 3595 3193 simul

1983 3239 2039 3287 et
2085 3230 2310 3300 Spiritui
2358 3240 2547 3286 saneto
2590 3233 2660 3286 sit
2706 3233 2912 3303 gloria,
2966 3230 3251 3301 imperium
3285 3271 3304 3299 ,
3349 3244 3495 3286 nunc
3541 3239 3598 3305 et

1982 3336 2232 3393 semper,
2265 3332 2320 3378 et
2345 3324 2398 3378 in
2429 3325 2627 3380 sarcula
2653 3323 2997 3379 szeculorum.
3021 3322 3220 3377 Amen.

2541 3456 2824 3516 IIOMILIA
2865 3456 3048 3512 LVIII.

1988 3595 2050 3650 Et
2074 3597 2279 3651 elevatis
2307 3596 2469 3651 oculis
2492 3593 2654 3651 Iacob
2685 3595 2810 3648 uidit
2845 3604 3015 3648 castra
3059 3592 3154 3650 Dei
3177 3602 3365 3649 metata
3386 3636 3402 3659 ,
3425 3604 3473 3650 et
3503 3611 3592 3648 oc-

2053 3697 2319 3743 currerunt
2357 3687 2405 3742 ei
2433 3688 2602 3758 angeli
2625 3684 2760 3752 Dei;
2792 3703 2916 3756 quos
2935 3702 3051 3740 cum
3070 3686 3274 3741 vidisset
3298 3728 3315 3753 ,
3347 3686 3476 3740 dixit
3503 3684 3602 3740 Ja-

2056 3782 2148 3836 cob
2194 3797 2213 3836 :
2256 3780 2438 3836 Castra
2467 3779 2560 3833 Dei
2589 3787 2709 3835 sunt
2736 3780 2844 3834 haec
2864 3819 2882 3841 ,
2911 3787 2958 3833 et
2982 3780 3258 3849 appellavit
3287 3796 3470 3834 nomen
3496 3780 3598 3835 loci

2057 3874 2196 3928 illius
2215 3916 2229 3940 ,
2257 3872 2439 3928 Castra
2469 3871 2622 3942 (Gen.
2651 3870 2740 3928 52.
2773 3867 2940 3942 με).

2057 4031 2110 4084 1.
2131 4027 2255 4084 Seio
2281 4043 2378 4083 vos
2400 4026 2518 4083 heri
2543 4026 2865 4098 defatigatos
2890 4024 3078 4094 fuisse,
3111 4026 3268 4082 nobis
3295 4042 3601 4083 sermonem

1989 4121 2252 4191 prolixius
2277 4117 2693 4175 extendentibus
2722 4135 2737 4170 :
2769 4117 2868 4173 sed
2895 4116 3042 4172 bono
3069 4126 3246 4173 estote
3266 4119 3486 4185 animo;
3519 4119 3603 4174 la-

1989 4212 2090 4268 bor
2134 4220 2316 4267 vester
2365 4226 2473 4266 non
2519 4220 2603 4265 est
2650 4209 2824 4264 inanis
2855 4227 2868 4265 :
2905 4209 2959 4263 in
2991 4209 3222 4265 Domino
3251 4210 3397 4265 enim
3429 4211 3602 4267 factus

1989 4315 2104 4370 est,
2136 4313 2357 4374 propter
2381 4319 2541 4374 quem
2567 4311 2624 4359 et
2649 4302 2825 4357 brevis
2852 4302 3000 4356 labor
3022 4317 3272 4374 magnam
3295 4305 3604 4360 mercedem

1990 4398 2145 4454 vobis
2187 4398 2447 4452 allaturus
2495 4405 2598 4451 est.
2650 4394 2787 4450 Nam
2832 4395 2957 4449 licet
3003 4410 3202 4465 corpus
3246 4394 3562 4467 fatigaretur
3589 4439 3606 4463 ,

1991 4492 2171 4546 anima
2219 4500 2399 4545 tamen
2446 4490 2618 4560 magis
2655 4486 3096 4544 conﬁrmabatur.
3142 4489 3267 4544 Ideo
3298 4500 3353 4545 et
3379 4491 3495 4561 ipse
3523 4491 3602 4546 vi-

1991 4581 2127 4636 dens
2167 4591 2404 4636 vestrum
2451 4580 2663 4636 fervens
2705 4578 3035 4634 desiderium
3073 4589 3127 4634 et
3158 4581 3432 4649 studium,
3457 4581 3603 4638 volc-

1993 4671 2115 4727 bam
2145 4671 2466 4727 contrahere
2496 4669 2756 4726 doctrina:
2791 4662 3139 4736 sermonem;
3177 4672 3271 4727 sed
3317 4680 3604 4742 antequam

1997 4765 2244 4820 ﬁniretur
2291 4764 2548 4830 historia,
2603 4762 2789 4829 nolui,
2830 4763 3009 4818 sciens
3055 4778 3142 4818 tne
3187 4763 3342 4819 vobis
3384 4764 3486 4820 hac
3521 4781 3602 4819 ra-

1999 4861 2145 4916 tione
2186 4859 2358 4930 tnagis
2383 4858 2825 4929 gratiﬁcaturum.
2856 4855 3140 4912 Multitudo
3164 4857 3310 4913 enim
3337 4857 3609 4914 dictorum

1997 4953 2130 5007 satis
2168 4950 2482 5007 declarabat
2524 4949 2855 5020 inexplebile
2898 4957 3134 5005 vestrum
3185 4949 3510 5005 desiderium
3550 4958 3609 5006 et

1998 5044 2235 5100 studium
2278 5044 2532 5101 audiendi
2577 5045 2790 5100 avidum
2843 5061 2857 5097 :
2911 5054 3191 5113 propterea
3235 5053 3291 5100 et
3333 5045 3447 5114 ipse
3484 5057 3616 5100 cum

2001 5137 2193 5207 majori
2237 5137 2516 5193 alacritate
2546 5154 2642 5192 vos
2670 5137 2869 5194 docere
2896 5138 3122 5207 incipio,
3156 5137 3344 5193 videns
3371 5148 3614 5194 vestram

2001 5231 2244 5300 quotidie
2271 5230 2634 5301 appetentiam
2663 5245 2931 5286 crescere.
2962 5231 3075 5301 Age
3107 5240 3161 5285 et
3193 5230 3351 5286 hodie
3377 5245 3497 5300 qua:
3528 5243 3617 5284 se-

2002 5332 2239 5393 quuntur
2279 5323 2588 5379 hesternam
2636 5323 2924 5379 lectionem
2968 5338 3066 5393 pro
3093 5323 3230 5377 virili
3274 5331 3455 5378 nostra
3488 5337 3615 5393 per-

2006 5427 2302 5472 tractemus
2320 5459 2334 5484 ,
2366 5428 2685 5472 consuetum
2707 5428 2902 5471 vestra:
2923 5416 3133 5472 caritati
3152 5415 3457 5470 convivium
3489 5429 3616 5484 pro-

2008 5520 2274 5578 ponentcs
2299 5551 2313 5575 ,
2366 5519 2420 5564 et
2448 5510 2755 5576 videamus,
2790 5519 2912 5579 post
2940 5509 3235 5565 discessum
3269 5509 3448 5564 Laban
3479 5523 3615 5578 quo-

2008 5601 2168 5655 modo
2204 5602 2383 5671 justus
2412 5603 2513 5655 iter
2543 5601 2781 5672 arripiat.
2814 5602 2956 5657 Nihil
2988 5603 3129 5658 enim
3161 5615 3618 5671 supervacaneum

2009 5696 2060 5750 in
2102 5697 2285 5749 divina
2333 5697 2606 5766 Scriptura
2649 5699 2880 5767 positum
2928 5707 3050 5762 est,
3097 5697 3194 5752 sed
3235 5696 3413 5750 omnia
3440 5709 3558 5764 qua:
3591 5708 3622 5749 τι

2003 5789 2163 5856 justis
2210 5788 2385 5853 ﬁunt,
2427 5789 2657 5842 maxima
2701 5791 2930 5843 utilitate
2978 5789 3137 5858 plena
3179 5797 3326 5843 sunt.
3354 5785 3626 5854 Quoniam

2013 5880 2154 5934 enim
2193 5879 2567 5935 universorum
2602 5881 2883 5935 hominum
2913 5883 3168 5935 continuo
3193 5878 3494 5935 habuerunt
3525 5892 3622 5932 ωε
