4086 6482
486 436 587 493 δον

484 552 665 604 mitem
689 589 707 615 ,
751 553 807 603 et
849 543 1057 600 itineris
1098 542 1439 597 diﬂicultates
1482 538 1794 595 reddentem
1846 534 2069 597 faciles,

482 640 707 695 nmltum
752 636 913 693 etiam
951 649 1051 692 nos
1087 634 1330 691 utilitatis
1368 650 1439 690 ex
1481 647 1645 703 parvo
1670 645 1858 687 eorum
1885 629 2074 683 itinere

487 742 768 798 pessumus
794 727 1091 797 percipere.
1113 724 1244 780 Nam
1270 734 1547 794 postquam
1571 720 1754 776 Laban
1782 720 1834 774 in
1854 718 2071 773 domum

484 833 637 873 suam
662 817 831 882 abiit,
865 816 920 871 1.
950 814 1013 870 Et
1032 813 1192 869 Iacob
1221 814 1353 868 siam
1377 829 1524 868 suam
1560 811 1816 883 perrexit,
1842 817 1889 863 et
1909 807 2074 861 eleva-

487 910 550 962 tis
572 909 734 963 oculis
761 908 883 963 uidit
909 916 1074 961 castra
1100 906 1203 961 Dei
1223 912 1591 961 castramelata
1624 919 1727 958 esse
1748 941 1765 968 ,
1782 910 1831 956 et
1846 915 2074 955 occurre-

488 1010 610 1055 runt
648 1002 695 1056 ei
730 999 896 1071 angeli
936 998 1031 1053 Dei
1060 998 1249 1069 (Caput
1273 998 1387 1071 32).
1410 998 1696 1065 Postquam
1725 993 1872 1049 enim
1895 1006 2077 1047 cessa—

491 1092 565 1145 vit
589 1132 605 1157 ,
644 1099 699 1145 et
742 1090 904 1145 linem
953 1088 1138 1144 habuit
1181 1088 1341 1143 timor
1364 1086 1564 1142 Labani
1585 1125 1602 1152 ,
1631 1083 1842 1155 excepit
1863 1097 1986 1139 eum
2012 1082 2079 1136 ti~

494 1198 611 1236 mor
644 1182 825 1236 fratris
864 1200 879 1235 :
923 1193 1142 1251 prepter
1170 1180 1272 1237 hoc
1295 1181 1532 1235 clemens
1557 1178 1815 1233 Dominus
1840 1177 2079 1232 animare

493 1276 691 1342 justum
716 1273 901 1327 volens
919 1313 935 1337 ,
966 1280 1023 1326 et
1040 1286 1253 1326 onmem
1273 1270 1389 1339 ejus
1414 1279 1615 1325 metum
1634 1268 1927 1334 discutere,
1958 1267 2081 1323 fecit

495 1374 551 1417 ut
577 1363 888 1432 angelorum
905 1362 1111 1417 videret
1135 1371 1328 1417 castra.
1360 1360 1699 1416 Occurrerunt
1713 1359 1864 1423 enim,
1888 1358 2076 1429 inquit,

496 1454 541 1506 ci
563 1453 731 1524 angeli
750 1451 868 1507 Dei.
893 1452 947 1507 9..
972 1452 1038 1507 Et
1058 1454 1187 1508 dixit
1205 1452 1388 1521 Iacob,
1411 1463 1581 1509 castra
1599 1451 1699 1507 Dei
1717 1462 1835 1508 sunt
1858 1452 1985 1506 lucc.
2012 1450 2080 1504 Et

496 1544 689 1597 rocavit
718 1559 895 1597 nomen
921 1544 1019 1597 loci
1045 1545 1185 1616 ejus,
1218 1542 1398 1599 Castra
1418 1559 1438 1598 :
1465 1553 1523 1599 ut
1545 1558 1609 1599 es
1641 1558 1703 1597 ea
1729 1541 2083 1612 appellatione

504 1643 759 1703 perpetua
786 1644 1030 1689 maneret
1053 1635 1307 1689 memoria
1327 1633 1548 1689 visionis
1574 1649 1693 1704 qua:
1714 1633 1824 1687 illic
1842 1632 1892 1687 ei
1913 1631 2086 1687 conti-

500 1733 671 1795 gerat.
702 1724 903 1779 Deinde
919 1725 1308 1794 postvisionem
1330 1726 1487 1790 hanc,
1506 1727 1561 1781 5.
1584 1724 1747 1791 Misit,
1767 1724 2087 1794 inquit,ante

499 1831 553 1868 se
580 1816 781 1869 nuntios
808 1814 876 1868 ad
914 1814 1055 1869 Esau
1082 1815 1291 1884 fratrem
1316 1832 1481 1882 suum,
1511 1824 1555 1871 et
1581 1815 1838 1869 mandavit
1876 1815 1947 1868 eis
1967 1854 1984 1881 ,
2002 1814 2086 1867 di-

501 1905 733 1961 cens:Sic
746 1904 922 1960 dicetis
941 1906 1145 1959 domino
1172 1923 1282 1961 meo
1303 1905 1603 1962 Esat‘s.Vide
1621 1915 1675 1961 et
1688 1913 1809 1975 post
1827 1904 2085 1959 visionem

502 2005 734 2065 quantus
761 1996 939 2051 adhuc
966 1996 1127 2051 timor
1155 1996 1375 2067 urgebat
1396 1995 1617 2067 justum.
1658 1994 1902 2050 Timebat
1941 1993 2084 2049 enim

504 2086 684 2140 fratris
709 2085 1034 2152 violentiam,
1064 2094 1119 2141 et
1148 2086 1443 2156 angebatur
1473 2086 1675 2152 animo,
1717 2100 1785 2141 ne
1811 2084 1945 2139 forte
1971 2099 2087 2139 me-

504 2175 672 2229 moria
693 2189 877 2230 eorum
904 2192 1023 2246 qute
1049 2176 1175 2231 olim
1203 2177 1339 2232 facta
1365 2186 1489 2232 sunt
1516 2176 1819 2247 impelleret
1844 2177 1991 2232 illum
2021 2175 2088 2231 ad

504 2264 743 2319 insidias.
792 2266 847 2320 4.
876 2265 1061 2331 Dicite,
1093 2266 1282 2338 inquit,
1314 2268 1518 2322 domino
1543 2284 1653 2321 meo
1683 2267 1825 2322 Esau
1851 2283 1870 2321 :
1893 2267 1986 2322 Sic
2006 2268 2090 2321 di-

504 2358 571 2409 cit
618 2371 790 2410 seruus
824 2365 938 2411 tuus
965 2356 1125 2412 Jacob
1165 2376 1184 2412 :
1216 2357 1523 2429 Peregrinus
1553 2358 1629 2429 {ui
1660 2374 1775 2412 cum
1817 2356 2016 2424 Laban,
2045 2367 2093 2412 et

506 2448 659 2517 longo
699 2456 921 2517 tempore
962 2449 1030 2501 ibi
1057 2458 1282 2502 moratus
1308 2465 1420 2502 sum
1447 2465 1604 2517 usque
1628 2464 1781 2514 nunc,
1812 2448 1867 2504 5.
1897 2457 1944 2502 et
1972 2464 2094 2501 cou-

507 2534 726 2607 tigerunt
749 2538 874 2591 mihi
901 2538 1065 2603 boves,
1091 2547 1140 2593 et
1165 2539 1344 2605 asinis,
1375 2547 1421 2593 et
1450 2554 1583 2602 oves,
1616 2547 1662 2592 et
1688 2539 1834 2603 servi,
1860 2547 1907 2591 et
1926 2538 2092 2591 ancil-

506 2629 591 2692 lat,
614 2637 659 2682 et
702 2629 816 2693 misi
858 2639 912 2683 ut
938 2630 1326 2683 annuntiaretur
1351 2630 1555 2683 domino
1596 2644 1708 2682 meo
1736 2627 1898 2694 Esau,
1929 2638 1982 2681 ut
2008 2630 2091 2682 in-

507 2720 673 2773 ueniat
698 2734 822 2790 puer
848 2730 963 2775 tuus
999 2722 1217 2791 gratiam
1246 2736 1416 2774 coram
1444 2733 1511 2775 te.
1563 2720 1791 2776 Attende
1828 2721 2096 2791 quomodo

517 2810 704 2864 timeat
739 2809 957 2866 fratrem
988 2827 1002 2864 :
1033 2820 1087 2866 et
1136 2820 1411 2881 propterea
1464 2810 1675 2881 placare
1724 2827 1845 2866 eum
1886 2812 2092 2879 volens,

514 2901 802 2969 prarmittat
826 2900 1129 2971 signiﬁcans
1152 2903 1203 2957 ei
1232 2912 1287 2957 et
1318 2902 1545 2958 reditum
1576 2918 1730 2958 suum
1758 2912 1813 2959 et
1837 2903 2088 2959 substan-

511 2990 636 3044 tiam
655 3006 772 3061 qme
801 2990 900 3045 sibi
929 2992 1245 3061 contigerat,
1272 3002 1328 3047 et
1357 2992 1446 3047 ubi
1474 3002 1621 3047 tanto
1649 3002 1890 3062 tempore
1914 3009 2095 3049 mora-

513 3090 599 3135 tus
630 3080 806 3149 fuerit,
838 3090 897 3136 ut
922 3082 1132 3151 placato
1155 3084 1269 3152 ejus
1297 3081 1477 3139 furore
1514 3083 1839 3138 clementem
1868 3082 2096 3139 reddere

513 3172 725 3242 possit:
771 3173 821 3227 id
868 3174 1012 3244 quod
1050 3184 1104 3229 et
1162 3172 1358 3229 factum
1407 3183 1516 3241 est,
1551 3175 1661 3230 Deo
1713 3190 1807 3230 cor
1840 3176 1980 3231 illius
2004 3176 2098 3231 de-

515 3263 801 3331 mulcente,
825 3272 880 3318 et
905 3264 1049 3318 illum
1079 3265 1406 3319 tractabilem
1436 3264 1700 3320 exstincta
1724 3266 1799 3319 ira
1839 3265 2090 3322 faciente.

515 3355 647 3409 Nam
674 3356 718 3410 si
745 3355 1015 3411 Labanum
1044 3357 1133 3427 qui
1177 3365 1318 3411 tanta
1352 3356 1710 3412 concitatione
1738 3358 2096 3427 pelsequeba-

517 3457 622 3509 tur,
670 3445 928 3501 deterruit
958 3462 1051 3515 per
1087 3462 1149 3503 ea
1178 3462 1297 3518 qua:
1335 3446 1404 3502 ad
1436 3448 1607 3517 ipsum
1637 3447 1846 3502 dicebat
1880 3468 1893 3502 :
1928 3447 2096 3503 multo

516 3537 683 3606 magis
708 3537 923 3592 fratrem
951 3538 1361 3592 mansuetiorem
1391 3552 1516 3608 erga
1531 3537 1733 3608 justum
1765 3536 2013 3592 reddidit.
2039 3538 2095 3595 6.

522 3627 723 3682 Reuersi
744 3637 860 3681 sunt
879 3637 1071 3695 autem,
1097 3628 1285 3698 inquit,
1317 3630 1535 3683 dicentes
1555 3645 1574 3683 :
1608 3627 1845 3684 Venimus
1887 3629 1956 3683 ad
1978 3629 2095 3697 [ra-

523 3726 650 3769 trem
670 3726 831 3782 tuum,
858 3708 1074 3770 etvenit
1092 3719 1160 3770 ~in
1197 3733 1458 3771 occursum
1478 3727 1637 3783 tuum,
1664 3727 1710 3772 et
1746 3718 2098 3791 quadringenti

518 3808 610 3861 viri
634 3824 747 3861 cum
768 3823 844 3860 eo.
865 3806 998 3862 Vide
1012 3809 1279 3878 quomodo
1294 3820 1346 3864 et
1372 3809 1509 3864 istud
1532 3810 1702 3880 ipsum
1724 3823 1879 3881 auget
1895 3824 2096 3867 metum

517 3898 666 3965 justi.
697 3898 883 3968 Neque
925 3901 1067 3953 enim
1094 3899 1296 3955 sciebat
1314 3900 1588 3955 evidenter
1609 3912 1845 3957 mentem
1873 3903 2053 3959 fratris
2081 3922 2095 3960 :

516 3989 609 4043 sed
628 3999 681 4043 ut
702 3988 885 4044 didicit
907 3990 1294 4045 multitudinem
1312 3992 1633 4047 venientium
1651 4008 1770 4047 cum
1787 3993 1898 4061 illo,
1918 3994 2100 4050 formi-

517 4080 681 4143 davit,
710 4080 985 4149 suspicans
1010 4097 1078 4136 ne
1099 4084 1247 4152 quasi
1272 4083 1325 4137 in
1347 4082 1545 4138 bellum
1569 4094 1755 4140 centra
1780 4099 1839 4141 se
1868 4076 2095 4152 veniret,

522 4180 577 4225 et
605 4170 673 4223 ita
703 4169 864 4224 vellet
884 4184 1186 4225 occurrere.
1215 4172 1266 4224 7.
1296 4169 1484 4226 Timuit
1512 4173 1677 4240 enim,
1703 4173 1892 4249 inquit,
1913 4176 2095 4244 Jacob,

516 4270 566 4313 et
592 4260 861 4329 perplexas
898 4270 1023 4313 erat.
1067 4260 1317 4315 Formido
1347 4272 1579 4317 mentem
1614 4263 1732 4333 ejus
1763 4266 2096 4334 turbaverat,

519 4361 574 4404 et
623 4352 897 4406 nesciebat
947 4353 1073 4421 quid
1128 4354 1346 4421 faceret,
1391 4356 1484 4410 sed
1528 4359 1720 4411 mansit
1762 4358 2045 4427 perplexas
2080 4382 2093 4417 :

517 4449 801 4510 propterea
842 4442 1015 4496 timuit
1043 4444 1195 4512 quasi
1224 4444 1293 4500 de
1314 4445 1483 4501 salute
1514 4462 1630 4513 sua,
1662 4457 1954 4503 etmortem
1976 4459 2099 4506 ante

517 4532 704 4587 oculos
753 4532 977 4589 habens.
1010 4533 1187 4589 Divisit
1212 4547 1381 4590 autem
1420 4537 1474 4590 in
1509 4538 1637 4591 duas
1671 4548 1863 4593 turmas
1900 4556 2099 4595 omnem

522 4622 767 4690 populum
786 4625 880 4694 qui
916 4641 1083 4678 secum
1128 4635 1254 4679 erat.
1280 4627 1333 4680 8.
1358 4626 1499 4680 Dixit
1524 4628 1677 4693 enim,
1716 4628 1778 4684 Si
1816 4630 2005 4683 venerit
2028 4630 2098 4684 ad

518 4721 554 4762 ll
578 4729 742 4766 rutam
772 4730 947 4781 uuam,
989 4724 1036 4768 et
1078 4718 1378 4786 percusserit
1421 4734 1556 4785 eam,
1598 4720 1693 4773 erit
1723 4721 1889 4774 adhuc
1914 4724 2095 4790 altera,

521 4820 631 4870 quia
658 4804 950 4859 saloabitur.
981 4805 1126 4860 Talia
1156 4808 1507 4878 suggerebant
1542 4809 1589 4863 ei
1624 4808 1782 4863 timor
1824 4820 1878 4866 et
1904 4827 2095 4882 magna

524 4892 765 4950 formido.
798 4894 998 4950 Videns
1028 4906 1204 4952 autem
1234 4911 1293 4952 se
1334 4899 1483 4968 quasi
1526 4899 1577 4952 iu
1612 4901 1709 4954 reti
1741 4902 2095 4970 comprehen-

522 4996 662 5049 sum,
689 4985 755 5038 ad
784 4985 1032 5041 invictum
1066 4986 1344 5041 Dominum
1357 4988 1609 5057 confugit,
1641 4998 1696 5043 et
1720 4992 2098 5059 promissiones

523 5090 642 5142 qua:
666 5076 715 5130 ei
742 5075 891 5131 factae
934 5086 1087 5133 erant
1107 5080 1297 5147 repetit
1324 5078 1392 5134 ab
1424 5081 1658 5135 omnium
1686 5082 1811 5149 Deo,
1850 5086 1998 5153 quasi
2026 5086 2101 5139 di-

523 5179 652 5218 cens
692 5164 760 5220 ad
805 5182 927 5221 eum
962 5185 977 5223 :
1015 5168 1166 5223 Nunc
1192 5169 1337 5223 venit
1361 5177 1567 5238 tempus
1601 5172 1651 5225 in
1669 5187 1775 5242 quo
1802 5183 1856 5229 et
1881 5184 2099 5246 propter

531 5257 997 5326 primogenitornm
1029 5259 1276 5314 virtutem
1305 5301 1321 5324 ,
1352 5269 1407 5314 et
1443 5270 1659 5328 propter
1688 5266 2095 5332 promissionem

522 5362 641 5415 qua:
669 5362 700 5401 a
728 5356 777 5403 te
806 5349 941 5404 facta
970 5359 1053 5405 est
1086 5350 1239 5417 mihi,
1269 5351 1458 5421 dignus
1491 5350 1686 5408 habear
1711 5355 1801 5424 qui
1830 5366 1919 5411 tuo
1946 5358 2098 5427 adju-

525 5451 622 5488 vcr
662 5438 925 5503 prasidio.
957 5439 1015 5495 9.
1061 5439 1204 5494 Dixit
1238 5443 1379 5497 enim
1406 5443 1566 5499 Jacob
1596 5462 1613 5500 :
1643 5444 1780 5500 Deus
1808 5449 1965 5515 patris
2000 5451 2096 5503 mei

522 5526 798 5594 Abraham,
823 5538 869 5582 et
902 5529 1041 5585 Deus
1075 5534 1235 5598 patris
1260 5534 1357 5587 mei
1382 5533 1550 5601 Isaac,
1571 5548 1623 5591 tu
1643 5539 1730 5605 qui
1749 5539 1922 5593 dixisti
1948 5542 2093 5608 mihi,

534 5613 669 5670 Vade
702 5619 755 5671 in
800 5630 981 5673 terram
1019 5624 1446 5690 nativitatistute;
1490 5629 1577 5697 qui
1609 5630 1838 5683 evocasti
1866 5645 1970 5694 me,
2009 5632 2093 5685 in-

524 5706 653 5775 quit,
682 5708 749 5764 de
775 5719 913 5767 terra
940 5714 1131 5785 aliena,
1161 5725 1213 5771 et
1245 5719 1540 5789 praecepisti
1574 5731 1627 5776 ut
1655 5721 1882 5778 redirem
1910 5722 1975 5780 ad
2003 5738 2093 5796 pa-

1198 430 1254 488 s.
1296 426 1574 486 JOANNIS
1617 413 2095 483 cumsos'rout
2137 418 2458 477 ABClllEP.
2498 419 3063 480 consumma

3657 421 3773 479 508

2187 540 2321 587 trem
2353 549 2552 599 meum,
2594 535 2727 590 etin
2756 546 2950 590 terram
2983 534 3310 591 nativitatis:
3342 534 3432 590 10.
3475 533 3621 592 Satis
3641 534 3778 588 mihi

2181 627 2246 679 sit
2272 629 2290 658 ί
2315 627 2380 681 de
2404 627 2545 681 omni
2562 628 2766 696 justitia
2788 637 2833 682 et
2855 629 3081 695 veritate,
3104 645 3257 698 quam
3284 630 3449 698 fecisti
3470 641 3628 696 puero
3657 636 3771 679 tuo.

2182 716 2422 772 Sufﬁciat
2450 718 2599 784 milii,
2630 719 2818 789 inquit,
2850 721 2916 775 ad
2946 720 3242 776 subsidium
3272 720 3323 774 in
3351 718 3606 790 praesenti
3625 728 3771 772 tem-

2184 821 2334 875 pore.
2362 806 2463 875 Qui
2493 810 2633 863 enim
2657 824 2823 881 usque
2848 810 2913 865 ad
2927 824 3163 880 przesens
3190 821 3395 882 tempus
3420 817 3626 864 tantam
3647 823 3779 878 erga

2186 911 2272 951 me
2298 895 2579 953 declarasti
2606 899 3017 969 providentiam,
3043 908 3197 971 potes
3221 902 3381 957 etiam
3404 914 3547 954 nunc
3562 899 3782 973 eripere

2186 1002 2272 1042 me
2304 987 2373 1044 ab
2410 991 2719 1060 urgentibus
2750 992 3020 1063 periculis.
3056 991 3174 1047 Non
3203 993 3345 1047 enim
3377 993 3601 1063 ignoro,
3631 988 3784 1060 quod

2187 1079 2254 1135 In
2305 1082 2400 1137 isto
2438 1083 2615 1139 baculo
2648 1103 2759 1140 meo
2787 1087 2995 1140 transivi
3029 1085 3310 1141 Iordanem
3349 1100 3369 1140 :
3409 1084 3504 1140 scd
3554 1091 3779 1155 ριόριει·

2189 1179 2330 1227 tuam
2366 1172 2434 1229 de
2458 1190 2545 1230 me
2569 1177 2982 1232 sollicitudinem
3007 1219 3022 1245 ,
3050 1177 3143 1248 qui
3168 1176 3411 1232 baculum
3465 1175 3649 1231 solum
3678 1188 3784 1244 ge-

2188 1272 2340 1319 stans
2371 1264 2511 1320 abivi
2541 1267 2595 1322 in
2614 1276 2809 1322 terram
2839 1268 3089 1335 alienam,
3123 1266 3278 1322 Nunc
3298 1283 3413 1321 cum
3437 1266 3639 1320 duabus
3665 1274 3786 1318 tur-

2190 1353 2285 1407 mis
2305 1354 2505 1409 adveni.
2531 1356 2609 1411 Tu
2636 1358 2813 1426 igitur,
2859 1357 3104 1426 Domine,
3134 1359 3225 1428 qui
3252 1366 3453 1412 tantam
3484 1354 3619 1411 mihi
3645 1352 3788 1409 sub-

2189 1446 2441 1500 stantiam
2489 1446 2709 1517 largitus
2759 1463 2819 1503 es
2851 1489 2866 1514 ,
2907 1450 2994 1519 qui
3024 1458 3227 1504 tantum
3258 1449 3648 1504 incrementum
3688 1444 3790 1498 der

2189 1534 2336 1600 disti,
2367 1550 2509 1591 nunc
2546 1537 2634 1591 11.
2684 1538 2841 1609 Eripe
2881 1555 2959 1592 me
2987 1539 3051 1592 de
3090 1555 3246 1592 manu
3270 1538 3447 1609 fratris
3470 1537 3571 1590 mei
3592 1533 3739 1590 Esai
3768 1550 3787 1589 :

2189 1631 2307 1699 quia
2339 1628 2490 1683 timeo
2527 1646 2620 1701 ego
2639 1646 2774 1694 cum,
2809 1647 2873 1685 ne
2913 1635 3043 1702 forte
3092 1632 3338 1701 percutiat
3372 1646 3470 1696 me,
3494 1638 3541 1683 et
3567 1637 3793 1681 matrem

2192 1736 2304 1774 cum
2346 1721 2533 1789 pueris.
2565 1721 2655 1775 12.
2686 1720 2764 1775 Tu
2784 1722 2958 1777 dixisti
2982 1740 2994 1774 :
3020 1720 3344 1792 Beuefaciam
3369 1720 3477 1787 tibi,
3517 1732 3568 1774 et
3596 1733 3794 1789 ponam

2191 1826 2358 1865 semen
2397 1820 2539 1864 tuum
2567 1812 2695 1865 sicut
2731 1829 2940 1867 arenam
2974 1814 3151 1881 maris,
3186 1829 3301 1883 qute
3323 1812 3581 1866 numerari
3608 1811 3787 1880 nequit

2194 1921 2301 1975 prta
2320 1905 2659 1959 multitudine.

2265 1997 2318 2051 2.
2348 1997 2509 2053 Jacob
2546 1990 2671 2068 petit
2704 2015 2738 2054 a
2774 1997 2882 2053 Deo
2915 2008 2971 2053 ut
3002 2016 3122 2054 suas
3151 1997 3505 2069 promissiones
3533 1997 3796 2063 impleat;

2196 2087 2404 2143 luctatio
2422 2086 2602 2143 Jacobi
2636 2105 2751 2142 cum
2778 2089 2958 2159 angelo
2980 2105 3000 2153 ;
3022 2091 3231 2143 mutatio
3270 2088 3486 2142 nominis
3503 2088 3556 2141 in
3578 2086 3796 2152 Israel;

2196 2198 2288 2235 cur
2314 2182 2539 2236 humana
2563 2182 2730 2252 ﬁgura
2753 2191 3033 2253 appareant
3066 2180 3257 2253 angeli.
3284 2210 3354 2220 ——
3384 2180 3518 2235 Vide
3540 2179 3673 2249 justi
3702 2194 3795 2233 re-

2199 2271 2443 2340 ligiosum
2463 2272 2722 2337 animum,
2740 2282 2798 2328 et
2821 2273 3044 2343 probum
3071 2271 3317 2327 affectum
3346 2290 3359 2326 :
3392 2269 3667 2341 quomodo
3685 2284 3799 2325 non

2197 2364 2341 2419 aliud
2371 2364 2654 2420 Dominum
2684 2375 2950 2435 precatur,
2986 2381 3145 2436 quam
3172 2373 3232 2419 ut
3255 2378 3382 2419 suas
3403 2363 3800 2434 promissiones

2199 2455 2508 2525 adimpleat.
2526 2456 2593 2511 Et
2612 2455 2679 2511 de
2703 2456 2969 2526 prioribus
2984 2456 3219 2511 exhibita
3245 2456 3533 2525 gratiarum
3552 2453 3796 2518 actione,

2200 2548 2579 2617 confessusque
2615 2563 2673 2603 se
2694 2547 2894 2603 nudum
2925 2557 2979 2603 et
2998 2539 3247 2603 omnibus
3265 2546 3577 2601 destitutum
3602 2544 3655 2599 in
3680 2553 3800 2597 tan-

2203 2646 2311 2705 tam
2342 2638 2649 2708 pervenisse
2677 2636 3357 2708 abundantiam,supplicat
3382 2645 3439 2689 ut
3459 2634 3528 2691 de
3548 2633 3798 2705 periculo

2202 2746 2263 2786 se
2307 2730 2516 2787 liberet.
2569 2729 2751 2785 Dixisti
2792 2732 2959 2795 enim,
2989 2729 3180 2800 inquit,
3211 2716 3421 2783 Ponant
3455 2736 3798 2780 sementium

2202 2821 2332 2875 sicut
2355 2837 2562 2874 arenam
2592 2821 2768 2885 maris,
2795 2835 2909 2891 qua:
2932 2818 3244 2873 dinumerari
3264 2817 3451 2885 nequit.
3470 2814 3610 2871 Cum
3633 2814 3799 2885 igitur

2203 2912 2501 2968 orationem
2530 2926 2681 2965 suam
2704 2911 2770 2965 ad
2802 2911 2971 2965 Deum
2993 2910 3233 2977 fecisset,
3262 2918 3317 2964 et
3344 2908 3797 2978 supplicationem

2204 3019 2421 3074 precum
2450 3002 2751 3068 obtulisset,
2772 3001 2898 3056 facit
2921 3010 2977 3057 et
3003 3017 3157 3056 suum
3173 3000 3429 3054 ofﬁcium.
3467 2998 3533 3052 Et
3553 2998 3802 3066 acceptis

2202 3097 2535 3161 muneribus,
2576 3097 2781 3166 inquit,
2798 3113 2864 3151 ex
2901 3097 2965 3150 iis
2994 3110 3113 3165 qua:
3139 3093 3416 3157 afferebat,
3440 3093 3585 3146 misit
3614 3090 3799 3156 fratri,

2202 3204 2323 3245 eiun
2341 3199 2673 3260 segregasset
2688 3189 3181 3260 qutcmittereutur,
3200 3196 3253 3242 et
3269 3185 3518 3241 mandata
3534 3185 3799 3249 dedisset,

2204 3282 2273 3337 ita
2314 3290 2371 3336 ut
2419 3281 2725 3352 placaretur
2749 3282 2907 3336 etiam
2953 3282 3050 3348 per
3077 3279 3237 3333 verba
3267 3277 3479 3332 animus
3505 3275 3712 3341 fratris,
3747 3286 3803 3330 et

2202 3386 2331 3427 suus
2365 3373 2700 3428 nuntiaretur
2739 3371 2999 3425 adventus
3034 3371 3102 3439 (v.
3149 3371 3237 3425 15.
3268 3398 3297 3411 -
3325 3367 3439 3439 19).
3481 3367 3572 3423 20.
3624 3365 3797 3421 Dicite

2202 3463 2368 3530 enim,
2395 3464 2585 3533 inquit,
2619 3462 2751 3517 Ecce
2776 3479 2900 3530 puer
2928 3472 3044 3516 tuus
3076 3461 3277 3515 advenit
3302 3468 3414 3529 post
3440 3474 3572 3521 nos;
3598 3468 3659 3512 ut
3684 3459 3797 3527 pri-

2204 3569 2348 3607 mum
2365 3553 2677 3608 redderetur
2697 3554 2918 3615 amicus,
2952 3561 3007 3606 et
3023 3560 3148 3606 tunc
3169 3551 3222 3604 in
3247 3548 3437 3605 faciem
3459 3548 3577 3618 ejus
3598 3564 3801 3605 oecur-

2204 3652 2367 3699 reret.
2394 3643 2621 3698 Posthac
2655 3644 2809 3708 enim,
2846 3643 3038 3712 inquit,
3074 3641 3251 3697 videbo
3270 3642 3453 3711 faciem
3481 3641 3595 3711 ejus
3620 3656 3639 3694 :
3664 3640 3805 3709 forte

2205 3739 2338 3790 enim
2373 3744 2581 3804 accepta
2619 3735 2713 3789 erit
2756 3735 2802 3788 ei
2839 3734 2996 3806 facies
3035 3750 3166 3787 utea.
3204 3733 3296 3789 2|.
3328 3731 3395 3786 Et
3433 3731 3803 3786 antecedebant

2207 3826 2341 3881 dona
2381 3825 2656 3879 secundum
2701 3826 2881 3896 {aciem
2921 3825 3052 3895 ejus.
3097 3823 3296 3879 Verum
3344 3822 3487 3889 vide,
3540 3822 3801 3890 obsecro,

2207 3916 2527 3973 inetfabilem
2556 3916 2652 3971 Dei
2672 3916 3033 3981 clementiam,
3065 3924 3117 3970 et
3139 3915 3409 3985 quomodo
3424 3929 3642 3984 semper
3663 3928 3803 3969 con-

2205 4024 2338 4078 gruo
2352 4016 2596 4078 tempore
2611 4023 2761 4063 suam
2780 4007 3013 4061 declarat
3028 4006 3437 4076 providentiam.
3454 4004 3590 4061 Nam
3606 4004 3679 4060 de
3695 4005 3803 4059 La-

2207 4100 2310 4154 ban
2327 4099 2541 4169 quidem
2556 4098 2808 4168 quoniam
2826 4097 3001 4167 justus
3015 4097 3147 4151 nihil
3166 4097 3274 4151 tale
3289 4095 3685 4165 suspicabatur,
3705 4111 3805 4151 ne-

2205 4207 2309 4263 que
2338 4190 2544 4247 sciebat
2568 4190 2842 4246 Labanum
2872 4205 2993 4245 cum
3025 4198 3167 4245 tanta
3192 4190 3244 4246 vi
3274 4189 3525 4245 invadere
3553 4204 3614 4245 so
3633 4189 3803 4258 velle,

2206 4292 2261 4336 ut
2284 4282 2423 4336 clam
2454 4289 2759 4351 susceptum
2795 4283 2863 4334 ab
2890 4295 2948 4335 se
2994 4279 3290 4335 discessum
3317 4279 3686 4345 ulcisceretur,
3715 4280 3804 4334 di-

2205 4382 2349 4427 ctum
2371 4381 2453 4428 est
2472 4374 2783 4443 apparuisse
2798 4372 3042 4441 angelum
3065 4380 3229 4425 noctu
3255 4370 3490 4433 Labano.
3509 4380 3563 4425 et
3588 4385 3805 4440 repres-

2206 4468 2339 4522 sisse
2385 4465 2504 4536 ejus
2556 4466 2833 4535 impetum,
2890 4462 3304 4531 mandatumque
3342 4461 3556 4518 dedisse
3598 4477 3669 4518 ne
3709 4463 3806 4519 vel

2205 4573 2450 4626 asperum
2480 4556 2699 4611 verbum
2728 4556 3033 4625 loqueretur
3050 4554 3254 4611 Jacob:
3282 4554 3491 4610 dicebat
3515 4552 3687 4620 enim,
3714 4553 3807 4610 Ne

2206 4648 2427 4717 loquaris
2450 4664 2565 4701 cum
2581 4645 2743 4700 Iacob
2768 4646 2902 4699 mala
2921 4644 3070 4718 (Gen.
3096 4646 3184 4701 3|.
3207 4644 3306 4714 ει)
3337 4662 3350 4697 :
3375 4653 3429 4700 et
3456 4646 3558 4700 hoc
3588 4645 3661 4698 ita
3680 4642 3805 4699 dis-

2207 4739 2477 4807 pensabat,
2509 4752 2614 4807 quo
2634 4752 2729 4807 per
2749 4737 2886 4790 illius
2907 4736 3139 4805 linguam
3167 4742 3350 4789 notum
3376 4733 3526 4789 ﬂeret
3545 4734 3725 4802 justo;
3741 4744 3804 4787 ut

2207 4828 2472 4883 ﬁdentiori
2504 4838 2648 4883 esset
2677 4827 2857 4880 animo
2884 4836 3157 4893 comperta
3187 4834 3331 4879 tanta
3362 4826 3454 4880 Dei
3495 4826 3547 4879 in
3575 4840 3634 4879 se
3666 4840 3804 4894 pro-

2203 4920 2453 4974 videntia.
2485 4918 2635 4973 Nunc
2664 4926 2863 4984 autem,
2894 4917 3015 4989 quia
3057 4916 3220 4971 frater
3261 4917 3515 4986 temporis
3557 4916 3803 4988 longitu-

2205 5013 2328 5067 dine
2372 5011 2640 5081 mitigatus
2684 5019 2820 5073 erat,
2855 5009 3234 5079 quieveratque
3279 5007 3357 5062 ira
3405 5017 3457 5063 et
3502 5006 3805 5077 indignatio

2204 5114 2391 5159 c0utra
2420 5102 2582 5158 Jacob
2613 5120 2629 5156 :
2663 5102 2748 5157 hic
2772 5110 2949 5157 autem
2977 5101 3168 5156 anxius
3194 5109 3331 5165 erat,
3361 5102 3554 5155 timens
3587 5108 3644 5156 et
3682 5112 3801 5156 tre-

2206 5211 2357 5250 mens
2400 5193 2575 5249 fratris
2618 5207 2899 5247 occursum
2949 5210 2962 5245 :
3009 5192 3182 5246 bonus
3229 5191 3488 5245 Dominus
3530 5206 3636 5245 non
3683 5192 3801 5260 jam

2206 5284 2347 5338 Esau
2378 5284 2636 5355 prsecipit,
2665 5280 2821 5354 (nihil
2848 5283 2989 5337 enim
3019 5290 3206 5335 contra
3248 5280 3464 5335 fratrem
3495 5280 3800 5335 meditaba-

2207 5376 2335 5444 tur),
2368 5375 2460 5431 sed
2489 5377 2687 5444 justum
2718 5374 2939 5429 solatur.
2967 5373 3097 5427 Nam
3126 5382 3406 5443 postquam
3448 5374 3682 5427 misisset
3708 5374 3797 5428 of-

2208 5464 2437 5521 ferentes
2468 5481 2711 5532 munera,
2737 5475 2794 5520 et
2816 5466 3173 5531 dormivisset,
3201 5464 3291 5518 εἳ.
3322 5462 3559 5519 Surreait
3576 5464 3629 5517 in
3650 5476 3801 5519 nocte

2204 5559 2315 5627 illa,
2347 5569 2394 5613 et
2423 5576 2604 5614 sutores
2632 5560 2759 5615 duas
2786 5570 2835 5614 ct
2860 5560 2996 5629 ﬁlios
3025 5559 3301 5613 transmisit
3344 5559 3395 5611 in
3439 5559 3655 5612 transitu
3692 5558 3796 5613 Ja-

2268 5691 2633 5757 igtnxtantpoisl.
2663 5692 2925 5757 legendum
2967 5697 3075 5744 cst:
3103 5691 3226 5747 Satis
3266 5690 3383 5743 mihi
3415 5696 3509 5751 est,
3536 5696 3589 5742 et
3626 5690 3752 5741 infra
3779 5705 3795 5741 :

2204 5754 2379 5818 Sufﬁcit
2404 5753 2539 5805 mihi.
