4086 6448
287 531 485 602 πορίας
510 531 620 586 ἔστι
639 530 740 603 τὴν
762 529 1031 601 ὠφέλειαν
1051 529 1468 602 καρπώιασθαι.
1503 529 1880 592 Ἀπελοόντος,

283 614 442 684 φησὶ,
476 611 574 666 τοῦ
616 613 804 668 Λάϐαν
843 614 925 677 εἰς
947 613 1040 667 τὸν
1076 609 1227 667 οἷκον
1273 613 1464 678 αὑτοῦ,
1507 615 1618 669 Καὶ
1674 611 1889 666 Ἰακὼϐ

280 695 564 766 ἀπῆλθεν
605 700 695 763 εις
734 696 850 766 τὴν
885 696 1107 751 ἑαυτοῦ
1155 696 1302 752 ὁδὸν
1321 737 1336 761 ,
1375 697 1475 751 καί
1527 695 1882 764 ἀναϐλέψας

278 777 405 836 εἶδε
466 779 858 851 παρεμϐολὴν
919 779 1068 834 Θεοῦ
1125 779 1691 850 παρεμϐεϐληκυῖαν
1710 819 1726 844 ,
1780 778 1880 830 καί

278 865 686 932 συνήντησαν
721 861 882 928 αὐτῷ
913 864 968 916 οι
1015 862 1258 933 ἄγγελοι
1301 863 1408 917 τοῦ
1446 862 1615 917 Θεοῦ.
1660 858 1880 931 Ἐπειδὴ

275 951 412 1022 γὰρ,
459 948 814 1018 παυσαμένου
853 947 949 1000 :06
979 947 1150 1022 φόϐου
1200 946 1297 1000 τοῦ
1343 947 1534 1000 Λάϐαν
1579 944 1676 999 1:01
1726 942 1881 1006 τέλος

277 1021 586 1102 εἰληφότος,
621 1030 889 1101 διεδέχετο
915 1021 1101 1083 λοιπὸν
1129 1031 1157 1083 6
1188 1029 1354 1098 φόϐος
1376 1028 1472 1082 τοῦ
1507 1025 1764 1096 ἀδελφοῦ,
1791 1025 1880 1079 6:0

274 1115 442 1168 τοῦτο
483 1117 512 1168 6
549 1113 937 1185 φιλάνθρωπος
988 1112 1270 1182 Δεσπότης
1325 1111 1748 1185 παραθαρρῦναι
1788 1109 1879 1163 τὸν

274 1199 488 1253 δίκαιον
544 1197 904 1270 βουλόμενος,
954 1197 1050 1250 1:01
1097 1198 1284 1251 πᾶσαν
1321 1195 1489 1250 αὑτοῦ
1521 1194 1622 1267 τὴν
1668 1193 1877 1248 δειλίαν

272 1281 670 1345 ἀποσκεδάσαι,
706 1278 1122 1352 παρεσκεύασεν
1154 1280 1318 1334 αὑτὸν
1347 1280 1456 1345 τῶν
1494 1278 1744 1348 ἀγγέλων
1777 1277 1878 1349 τὴν

273 1363 635 1436 παρεμϐολὴν
671 1363 821 1418 ίδεῐν.
857 1363 1267 1431 Συνήντησαν
1307 1364 1418 1432 τὰρ
1463 1361 1647 1427 αὐτῷ,
1687 1361 1875 1436 φησὶν,

269 1449 329 1500 οι
348 1446 593 1517 ἄγγελοι
613 1443 720 1500 τοῦ
742 1445 915 1499 Θεοῦ.
931 1445 1040 1499 Καὶ
1063 1442 1238 1499 εἶπεν
1252 1445 1457 1500 Ἰακώϐ
1472 1461 1485 1476 ·
1513 1444 1872 1514 Παρεμϐολη

274 1529 428 1585 Θεοῦ
472 1529 648 1596 αὕτη.
702 1527 812 1582 Καὶ
850 1526 1111 1581 ἐκάλεσε
1167 1527 1236 1582 τὸ
1283 1528 1475 1597 ὄνομα
1527 1527 1635 1582 τοῦ
1685 1530 1876 1583 τόπου

267 1615 538 1679 ἐκείνου,
585 1611 1028 1680 Παρεμϐολαὶι,
1059 1609 1201 1663 ὥστε
1232 1612 1296 1664 ἐκ
1348 1611 1446 1682 τῆς
1500 1611 1877 1682 προσηγορίας

270 1696 500 1766 διηνεκῆ
533 1695 633 1764 τὴν
661 1694 972 1765 ὑπόμνησιν
1000 1689 1142 1748 εἶναι
1174 1694 1274 1764 τῆς
1307 1694 1686 1765 γεγενημένης
1725 1693 1876 1764 αύτῷ

269 1780 457 1849 ἐκεῖσε
497 1777 787 1840 ὀπτασίας.
833 1771 970 1830 Εἶτα
1019 1777 1160 1847 μετά
1202 1776 1301 1847 τὴν
1334 1778 1608 1832 ὀπτασίαν
1635 1777 1872 1848 ταύτην,

283 1861 660 1924 Ἀπέστειλε,
708 1861 874 1930 φησὶν
897 1900 912 1923 ,
964 1859 1308 1929 ἔμπροσθεν
1351 1860 1541 1914 αὑτοῦ
1573 1857 1874 1930 ἀγγέλους

265 1945 421 2013 πρὸς
462 1944 656 1999 Ἡσαῦ
692 1943 800 1998 τὸν
841 1943 1112 2012 ἀδελφὸν
1143 1943 1356 2008 αὐτοῦ,
1397 1944 1495 1997 καὶ
1531 1944 1874 1998 ἐνετείλατο

265 2028 498 2097 λέγων·
532 2028 733 2092 Οὕτως
761 2025 948 2094 ἐρεῖτε
989 2025 1070 2091 τῷ
1100 2027 1289 2094 κυρίῳ
1326 2043 1449 2095 μου
1491 2025 1694 2080 Ἡσαῦ.
1729 2025 1874 2096 Ὅρα

211 2123 222 2134 ⁵
265 2111 364 2165 1:01
396 2100 538 2182 μετά
568 2111 666 2180 τὴν
693 2110 816 2180 ἂψιν
851 2111 1017 2174 πόσος
1047 2109 1128 2163 ἔτι
1149 2113 1176 2164 ὁ
1207 2111 1370 2180 φόϐος
1400 2111 1656 2164 ἐπέκειτο
1684 2109 1762 2182 τῷ
1789 2109 1872 2163 6:-

265 2193 430 2264 καίῳ.
469 2193 759 2247 Ἐδεδοίκει
805 2193 916 2265 γὰρ
961 2193 1055 2247 :06
1105 2193 1337 2261 ἀδελφοῦ
1380 2193 1480 2264 τὴν
1521 2193 1738 2266 ὁρμὴν,
1780 2194 1874 2246 καὶ

263 2277 500 2348 ἠγωνία,
534 2278 614 2348 μὴ
638 2279 671 2348 ὴ
714 2277 906 2348 μνήμη
934 2276 1046 2330 τῶν
1084 2277 1215 2346 πρὶν
1246 2275 1342 2330 ὑπ’
1370 2275 1538 2330 αὑτοῦ
1567 2276 1874 2346 γεγενημέ-

261 2369 372 2414 νων
400 2361 480 2425 είς
509 2361 610 2432 τὴν
641 2359 762 2414 κατ’
792 2358 959 2412 αὑτοῦ
999 2358 1189 2428 ἔφοδον
1229 2361 1588 2432 παρορμήσῃ.
1621 2361 1666 2411 Ε
1673 2359 1870 2426 ιπατε,

262 2443 423 2515 φησὶ,
450 2442 531 2496 τῶ
557 2444 744 2511 κυρίῳ
753 2461 875 2512 μου
905 2441 1090 2499 Ἠσαῦ
1106 2459 1119 2473 ·
1155 2443 1322 2496 Οὕτω
1342 2444 1507 2514 λέγει
1530 2446 1562 2496 ό
1587 2442 1731 2509 παῖς
1753 2458 1871 2496 σου

277 2526 506 2582 Ἰακώϐ·
525 2525 690 2580 Μετὰ
714 2525 920 2580 Λάϐαν
940 2525 1296 2594 παρῴκησα,
1315 2527 1414 2579 καὶ
1442 2526 1737 2596 ἐχρόνισα
1757 2524 1872 2593 ἓως

244 2611 371 2676 ,τοῦ
387 2610 524 2674 νῦν,
542 2609 642 2665 καὶ
655 2609 940 2679 ἐγένοντό
947 2627 1049 2680 μοι
1061 2607 1212 2675 ,ϐόες
1229 2611 1327 2664 καὶ
1346 2611 1474 2665 ὄνοι
1490 2610 1590 2666 καί
1603 2611 1872 2678 πρόϐατα

258 2693 363 2747 καὶ
379 2692 594 2758 παῖδες
613 2692 712 2746 καὶ
741 2691 1081 2756 παιδίσκαι,
1101 2694 1198 2746 καί
1227 2692 1564 2748 ἀπέστειλα
1589 2692 1670 2758 τῷ
1685 2693 1871 2763 κυρίῳ

255 2795 399 2849 μου,
414 2778 517 2831 ἶνα
530 2777 678 2848 εὕρῃ
691 2780 724 2830 ό
735 2775 876 2843 παῖς
887 2792 1006 2831 σου
1023 2777 1306 2831 ἐναντίον
1320 2792 1438 2831 σου
1451 2776 1651 2846 χάριν.
1665 2777 1868 2831 Σκόπει

259 2860 381 2924 πῶς
417 2859 623 2914 δέδοικε
645 2859 738 2913 τὸν
763 2861 1015 2930 ἀδελφὶν,
1051 2862 1146 2914 καὶ
1179 2860 1267 2914 διά
1313 2858 1474 2914 τοῦτο
1510 2861 1869 2931 ὲξευμενίσα-

261 2943 387 2997 σθαι
418 2944 583 2998 αὑτὸν
619 2943 968 3015 βουλόμενος,
999 2943 1432 3013 προαποστέλλει
1461 2943 1686 3015 μηνύων
1716 2943 1870 3015 αὑτῷ

255 3028 360 3098 τήν
400 3044 458 3079 τε
497 3027 709 3080 οἰκείαν
751 3027 1033 3094 ἐπάνοδον,
1064 3029 1164 3099 τήν
1206 3043 1266 3080 τε
1311 3027 1686 3098 γεγενημένην
1718 3027 1870 3100 αὑτῷ

259 3110 606 3183 περιουσίαν,
637 3112 732 3164 1:01
775 3112 911 3163 ὃπου
945 3111 1037 3164 τὸν
1070 3110 1290 3164 ἅπαντα
1337 3110 1607 3164 διετέλεσε
1653 3111 1865 3182 χρόνον,

259 3193 349 3248 ἵνα
385 3194 634 3264 μαλάξας
665 3194 832 3247 αὑτοῦ
863 3195 956 3248 τὸν
999 3194 1194 3265 θυμόν,
1233 3193 1446 3265 ἥμερον
1492 3193 1656 3247 αὑτὸν
1694 3210 1868 3249 κατα-

260 3277 461 3348 στῆσαι
489 3277 726 3349 δυνηθῇ’
771 3277 800 3330 6
841 3277 907 3348 δὴ
938 3277 1033 3330 1:01
1062 3277 1384 3347 γεγένηται,
1424 3275 1520 3330 τοῦ
1567 3276 1704 3342 Θεοῦ
1735 3295 1869 3331 κατ-

259 3360 594 3423 ευνάσαντος
629 3359 797 3414 αὑτοῦ
833 3360 932 3431 τὴν
971 3359 1200 3432 καρδίαν
1223 3399 1238 3424 ,
1285 3361 1380 3413 1:01
1425 3358 1724 3423 σϐέσαντος
1766 3359 1867 3430 τὴν

255 3443 432 3516 ὀργὴν
485 3441 678 3506 αὑτοῦ,
713 3443 811 3497 καί
845 3443 1055 3515 ἥμερον
1089 3441 1256 3495 αὑτὸν
1294 3443 1763 3514 καταστήσαντος.
1803 3442 1867 3496 Εί

257 3528 370 3600 γὰρ
403 3526 498 3580 τὸν
524 3525 712 3580 Λάϐαν
750 3525 844 3579 τδν
887 3524 1026 3595 μετά
1066 3523 1340 3594 τοσαύτης
1371 3525 1552 3596 ὁρμῆς
1597 3524 1868 3578 καταδιιῖμο

259 3609 449 3678 ξαντα,
477 3610 538 3663 ὲν
555 3608 800 3680 τοσούτῳ
831 3609 983 3678 φόϐῳ
1009 3606 1265 3676 γενέσθαι
1288 3606 1673 3678 παρεσκεύασε
1696 3608 1766 3662 δι’
1791 3601 1867 3662 ὧν

258 3693 400 3765 πρὸς
427 3693 595 3748 αὑτὸν
621 3689 766 3755 εἷπε,
800 3691 981 3762 πολλῷ
1018 3691 1219 3762 μᾶλλον
1247 3692 1340 3746 τὸν
1377 3690 1607 3761 ἀδελφὺν
1641 3693 1747 3764 ὴμε
1758 3691 1867 3762 ρώ-

257 3791 418 3845 τερον
468 3774 535 3827 ἂν
577 3773 834 3841 γενέσθαι
882 3770 1270 3842 παρεσκεύασε
1323 3771 1454 3843 περὶ
1494 3771 1588 3825 τὸν
1631 3772 1862 3826 δίκαιον.

274 3851 690 3921 Ἀνέστρεψαν
735 3850 822 3917 δὲ,
882 3851 1040 3922 φησι,
1099 3849 1389 3919 λέγοντες
1407 3865 1423 3880 ⁶
1483 3849 1869 3922 Ἀπήλθομεν

260 3932 414 4001 πρὸς
438 3933 548 3988 τὸν
576 3932 848 4002 ἀδελφόν
874 3947 1016 3996 σου,
1042 3930 1141 3985 καὶ
1169 3932 1407 4001 ἔρχεται
1437 3934 1526 3999 είς
1551 3931 1866 4002 συνάντη-

258 4012 369 4066 σιν
384 4025 522 4077 σου,
545 4011 647 4066 καί
675 4011 1051 4080 τετρακόσιοι
1079 4009 1298 4080 ἄνδρες
1319 4013 1448 4080 μετ’
1475 4011 1684 4067 αὑτοῦ.
1711 4011 1865 4086 [565]

263 4090 408 4162 Ὅρα
449 4091 568 4155 πῶς
603 4091 699 4145 1:01
733 4089 868 4144 αὑτὸ
901 4087 1061 4143 τοῦτο
1102 4090 1349 4143 ἐπέτεινε
1401 4088 1482 4161 τῷ
1527 4089 1727 4162 δικαίῳ
1773 4091 1868 4145 τὸν

261 4169 450 4240 φόϐον.
479 4169 615 4224 οὑδὲ
643 4170 755 4242 γὰρ
783 4169 901 4240 ᾔδει
947 4168 1042 4222 τὸν
1069 4168 1277 4222 σκοπὸν
1309 4167 1406 4222 τοῦ
1447 4169 1680 4240 ἀδελφοῦ
1725 4171 1865 4242 μετά

258 4249 570 4323 ἀκριϐείας,
587 4249 724 4304 ἀλλά
753 4248 944 4320 μαθὼν
967 4249 1029 4304 τὸ
1057 4249 1261 4321 πλῆθος
1285 4249 1395 4303 τῶν
1422 4249 1694 4306 συνόντων
1715 4251 1867 4324 αὐτῷ

256 4330 552 4396 ἐδεδοίκει,
573 4329 928 4401 ὑφορώμενος
966 4329 1042 4401 μὴ
1070 4328 1147 4392 ὡς
1193 4329 1331 4399 πρὸς
1381 4326 1625 4401 ’πόλεμον
1669 4348 1866 4403 παρα-

258 4409 694 4481 σκευασάμενος,
730 4407 873 4462 οὕτω
901 4408 1000 4480 τὴν
1041 4407 1350 4479 ὑπάντησιν
1381 4409 1715 4480 ποιήσασθαι
1742 4411 1865 4482 βού-

254 4490 439 4563 ληται.
476 4487 778 4558 Ἐφοϐήθη
817 4487 959 4560 γὰρ,
1003 4487 1192 4560 φησὶν,
1234 4487 1476 4554 Ἰακὼϐ,
1513 4489 1613 4544 καί
1651 4489 1862 4559 διηπο-

253 4568 433 4638 ρεῖτο.
477 4567 537 4622 ’0
558 4567 724 4638 φόϐος
748 4565 915 4620 αὑτοῦ
961 4567 1059 4640 τὴν
1094 4567 1338 4622 διάνοιαν
1374 4568 1724 4641 διετάρασσε,
1771 4570 1866 4624 καὶ

254 4646 358 4700 οὑκ
381 4645 499 4718 ᾔδει
530 4645 592 4700 :6
625 4646 679 4699 τί
716 4645 938 4717 πράξει,
968 4647 1086 4700 ἀλλ’
1125 4647 1186 4700 έν
1220 4646 1428 4720 ἀπορίᾳ
1460 4648 1742 4720 ἐγεγόνει·
1782 4649 1864 4704 6:6

253 4724 333 4789 ὡς
364 4725 494 4798 περὶ
523 4723 622 4779 τοῦ
657 4725 858 4788 παντὸς
887 4724 1144 4791 δεδοικὼς
1165 4766 1180 4790 ,
1222 4727 1318 4782 1:01
1359 4726 1453 4782 τὸν
1489 4727 1724 4784 θάνατον
1756 4731 1865 4801 πρὸ

253 4801 552 4875 ὀφθαλμῶν
569 4803 728 4874 ἒχων,
755 4801 978 4871 Διαιρεῒ
993 4805 1082 4870 εις
1106 4803 1218 4860 δύο
1248 4807 1634 4876 παρεμϐολὰς
1665 4807 1865 4863 πάντα

254 4881 364 4936 τὸν
404 4880 562 4936 λαὸν
594 4880 704 4936 τὸν
737 4881 868 4952 μετ’
899 4882 1115 4937 αὐτοῦ.
1139 4879 1288 4937 Εἷπε
1318 4883 1454 4954 γὰρ,
1484 4886 1684 4958 φησίν·
1728 4888 1865 4942 Ἐὰν

251 4961 403 5030 ἔλθῃ
434 4963 525 5028 εις
568 4959 963 5030 παρεμϐολὴν
992 4961 1143 5030 μίαν
1183 4962 1284 5016 καὶ
1335 4965 1502 5034 eum
1550 4965 1772 5036 αὐτῆν,
1822 4969 1861 5037 ἠ

251 5039 506 5108 δευτέρα
535 5041 708 5095 ἔσται
736 5043 827 5107 είς
850 5039 917 5094 τὸ
945 5039 1260 5101 σώζεσθαι.
1283 5042 1472 5096 Ταῦτα
1507 5044 1606 5114 μὲν
1642 5047 1672 5098 6
1697 5045 1863 5116 φόϐος

254 5119 605 5191 ὑπηγόρευσε
626 5120 722 5173 1:01
760 5121 796 5190 ἠ
821 5118 994 5191 πολλὴ
1026 5119 1238 5174 δειλία.·
1260 5120 1442 5192 Ὁρῶν
1469 5123 1527 5176 δὲ
1561 5125 1760 5178 ἑαυτὸν
1784 5125 1863 5190 ὡς

251 5200 311 5253 ὲν
337 5197 578 5263 δικτύοις
605 5196 1041 5270 ἀπειλημμένον,
1076 5199 1171 5253 ἐπὶ
1200 5198 1293 5254 τὸν
1317 5200 1537 5272 ἄμαχον
1574 5203 1862 5276 Δεσπότην

253 5276 615 5348 καταφεύγει,
641 5277 736 5331 1:01
765 5277 868 5341 τάς
902 5277 1226 5349 ὑποσχέσεις
1257 5278 1358 5342 τὰς
1383 5281 1466 5345 είς
1499 5281 1666 5334 αὑτὸν
1693 5299 1860 5352 γεγε-

249 5359 494 5431 νημένας
525 5361 750 5414 ἀπαιτεί
773 5356 928 5430 παρά
949 5358 1044 5412 τοῦ
1070 5359 1182 5414 τῶν
1212 5357 1351 5414 ὅλων
1377 5359 1542 5437 Θεοῦ,
1571 5367 1860 5437 μονονουχὶ

249 5439 430 5509 λέγων
457 5438 594 5512 πρδς
619 5439 811 5493 αὐτόν·
830 5438 946 5494 Νῦν
968 5438 1095 5510 ἥκει
1116 5440 1331 5512 καιρὸς,
1362 5440 1422 5495 ὲν
1442 5432 1488 5508 ᾧ
1515 5432 1612 5496 1:01
1640 5441 1732 5496 6:0
1761 5432 1860 5518 τήν

248 5519 362 5575 τῶν
399 5519 682 5592 προγόνων
714 5518 938 5591 ἀρετὴν,
963 5519 1059 5574 1:01
1100 5518 1191 5573 6:0
1217 5519 1318 5592 τὴν
1350 5519 1506 5594 παρὰ
1553 5521 1650 5577 σοῦ
1689 5541 1857 5595 γεγε-

249 5615 315 5671 νη
324 5597 494 5671 μένην
511 5599 805 5670 ὑπόσχεσιν
825 5599 1034 5662 δίκαιος
1049 5599 1118 5655 ἀν
1139 5599 1259 5671 εἴην
1286 5599 1508 5671 ἀπάσης
1535 5602 1857 5660 ἀπολαῦσαι

251 5679 595 5752 συμμαχίας.
620 5675 772 5734 EI."
795 5678 938 5751 γάρ,
968 5680 1158 5753 φησιν,
1196 5679 1438 5736 Ἰακώϐο
1476 5681 1542 5737 Ὀ
1563 5685 1713 5754 Θεὸς
1747 5686 1855 5742 τοῦ

313 5817 344 5852 ο
383 5816 617 5880 Quinque
657 5830 774 5867 ωε.
813 5818 1115 5882 παρεμϐολή.
1157 5818 1259 5869 Alii
1299 5823 1630 5886 παρεμϐολαί,
1682 5834 1738 5876 et
1783 5828 1858 5878 sic

249 5889 436 5952 legitur
472 5889 523 5937 iu
545 5887 645 5945 τοῖς
668 5891 711 5961 9
726 5888 758 5949 ',
779 5887 865 5938 ubi
889 5887 1049 5951 primo
1083 5891 1192 5940 loco
1211 5891 1336 5942 Illud
1365 5894 1662 5965 Hebyatcum
1683 5900 1848 5965 run-:1

250 5949 477 6010 labem,
521 5951 635 6013 quia
683 5963 735 5999 tn
777 5951 1016 6014 singulari
1067 5953 1304 6014 positum,
1346 5965 1560 6006 vertitur
1593 5961 1843 6014 παρεμϐοο

250 5961 477 6010 ιωιαπε,
521 5961 635 6013 quia
683 5963 735 5999 1n
777 5961 1016 6014 ungulam
1067 5961 1304 6014 positum,
1346 5961 1560 6006 vertitur
1593 5961 1843 6023 παρεμϐοὲ

246 6019 328 6089 113.
343 6021 774 6089 ,Βεεαωοριιιεπε
795 6021 908 6089 ιοεο
937 6020 1022 6071 ubi
1062 6022 1377 6089 I_n_H_ebre0
1421 6029 1612 6089 legitur
1649 6030 1845 6088 cum:

249 6080 551 6145 Ιαίιωιαίπι,
572 6082 726 6139 forma
743 6082 1203 6147 θυαιί,παριμϐολαί
1224 6095 1422 6140 vntum
1445 6080 1585 6143 L'XX.

1284 418 1347 474 IN
1387 417 1546 477 CAP.
1591 415 1785 474 XXXII
1819 415 2074 474 GENES.
2115 419 2353 478 IIOMIL.
2390 421 2572 478 LVIII.

3491 429 3598 484 5M

1992 533 2220 602 πατρός
2238 551 2360 604 μου
2394 535 2673 605 Ἀϐραὰμ,
2703 535 2804 589 καὶ
2852 537 2886 590 ό
2915 536 3062 603 Θεὸς
3090 535 3199 590 τοῦ
3221 535 3450 606 πατρός
3476 557 3606 608 μου

2005 614 2236 681 Ἰσαὰκ,
2272 617 2378 681 σὺ,
2427 619 2614 688 φησὶν,
2655 621 2688 672 ὀ
2741 617 2910 684 Θεὸς,
2947 621 2981 672 ὁ
3022 619 3210 672 εἰπών
3234 632 3375 687 μοι·
3425 619 3601 673 Ἀπόο

1989 713 2166 767 τρεχε
2189 701 2281 765 είς
2309 699 2426 768 τὴν
2450 699 2570 771 γῆν
2593 699 2702 766 τῆς
2724 700 3021 770 γενέσεώς
3049 715 3169 754 σου
3187 718 3200 730 ·
3233 703 3262 751 6
3285 702 3605 772 ἀναστήσας

1992 796 2082 850 με,
2117 783 2305 853 φησὶν,
2329 783 2441 836 01:6
2473 783 2575 853 τῆς
2601 783 2780 853 ξένης,
2817 783 2912 836 1:01
2937 783 3252 853 προστάξας
3281 783 3603 837 ἐπανελθεῖν

1989 864 2127 935 πρὸς
2160 867 2253 918 τὸν
2280 866 2494 938 πατέρα
2523 866 2615 920 τὸν
2645 867 2778 920 ίδιον
2807 867 2904 921 καὶ
2932 868 3013 929 είς
3048 865 3148 937 τὴν
3170 866 3276 936 γῆν
3313 867 3416 936 τῆς
3444 868 3602 935 γενέ-

1990 962 2162 1011 σεως’
2204 948 2575 1003 Ἰκανούσθω
2595 967 2699 1018 μοι
2725 949 2752 988 δ
2781 949 2900 1002 ἀπὸ
2945 947 3154 1016 πάσης
3176 949 3600 1016 δικαιοσύνης,

1987 1030 2089 1084 καί
2118 1031 2429 1100 ἀληθείας,
2555 1032 2856 1098 ἐποίησας
2892 1029 2973 1096 τῷ
3000 1031 3171 1085 παιδί
3199 1046 3341 1086 σου.
3382 1032 3600 1102 Ἀρκεί-

1990 1112 2123 1175 σθω,
2153 1115 2312 1184 φησὶ,
2342 1114 2482 1186 πρὸς
2519 1115 2620 1185 τὴν
2664 1114 2759 1168 ἐπὶ
2787 1113 2881 1167 :06
2927 1114 3196 1186 παρόντος
3233 1115 3432 1186 καιροῦ
3462 1131 3604 1186 συμ-

1990 1195 2216 1281 μαχίαν.
2241 1197 2461 1268 -Ὀ’γάρ
2504 1197 2668 1281 μέχρι
2703 1195 2798 1281 :06
2839 1197 3109 1281 παρόντος
3158 1197 3432 1281 τοσαύτην
3474 1199 3598 1281 61::-

1984 1277 2306 1349 δειξάμενος
2340 1281 2471 1350 περὶ
2506 1279 2606 1350 ἐμὲ
2650 1275 3002 1350 κηδεμονίαν,
3037 1279 3264 1343 δυνατὸς
3303 1275 3353 1332 εἴ
3383 1281 3478 1334 1:01
3503 1279 3601 1334 νῦν

1985 1361 2299 1432 ἐξαρπάσαι
2344 1380 2412 1435 με
2444 1363 2556 1417 τῶν
2596 1364 2966 1432 ἐπικειμένων
2999 1380 3089 1433 μοι
3131 1363 3418 1418 κινδύνων.
3459 1363 3598 1417 Οὑδὲ

1985 1444 2096 1514 γὰρ
2123 1445 2324 1513 ἀγνοῶ,
2359 1447 2442 1500 ὅτι
2485 1448 2587 1502 Ἑν
2615 1445 2692 1515 τῇ
2723 1446 2930 1514 ῥάϐδῳ
2962 1464 3085 1516 μου
3117 1449 3307 1516 ταύτῃ
3339 1445 3601 1516 διῆλθον

1984 1528 2094 1582 τὸν
2136 1529 2454 1598 Ἰορδάνην
2497 1530 2750 1584 τοῦτ-ον’
2783 1529 2903 1582 νυνὶ
2955 1529 3012 1582 δὲ
3044 1529 3134 1583 διὰ
3177 1530 3278 1602 τὴν
3318 1531 3420 1601 σὴν
3465 1530 3599 1600 περὶ

1985 1613 2086 1682 ἐμὲ
2122 1613 2402 1684 πρόνοιαν,
2431 1615 2460 1666 6
2492 1613 2591 1684 τὴν
2628 1612 2934 1683 βακτηρίαν
2964 1613 3135 1683 μόνην
3169 1613 3598 1684 ἐπιφερόμενος,

1983 1695 2149 1766 ἡνίκα
2175 1697 2256 1760 είς
2290 1697 2390 1768 τὴν
2419 1695 2708 1767 ἀλλοτρίαν
2735 1695 2955 1766 ἀπῄειν,
2975 1696 3106 1749 Νῦν
3129 1697 3282 1764 μετὰ
3310 1696 3421 1752 δύο
3448 1712 3600 1763 παι-

1983 1779 2258 1848 εμϐολῶν
2293 1780 2698 1848 παραγέγονα.
2751 1777 2826 1831 Σὺ
2862 1774 2977 1844 οὖν,
3015 1779 3288 1843 Δέσποτα,
3324 1781 3354 1832 6
3385 1778 3599 1848 ταύτην

1988 1879 2080 1933 μοι
2110 1863 2209 1934 τὴν
2240 1863 2506 1933 εὐπορίαν
2529 1863 2926 1934 χαρισάμενος,
2950 1862 2978 1914 6
3003 1865 3083 1926 είς
3106 1861 3365 1916 τοσοῦτόν
3398 1879 3468 1933 με
3495 1863 3599 1914 αύ-

1985 1945 2217 2017 ξηθῆναι
2251 1946 2708 2017 παρασκευάσας.
2746 1946 2812 1998 σὺ
2842 1945 2939 1998 νῦν
2986 1945 3243 2010 Ἐξελοῦ
3275 1962 3355 2014 με
3381 1945 3451 1998 ἐκ
3478 1962 3602 2013 χει-

1975 2027 2087 2096 ρὸς
2127 2027 2235 2082 τοῦ
2266 2028 2540 2098 ἀδελφοῦ
2585 2045 2708 2098 μου
2754 2027 2980 2092 Ἡσαῦ,
3016 2027 3107 2082 ὅτι
3146 2028 3443 2098 φοϐοῦμαι
3480 2026 3603 2098 ἐγὼ

1981 2113 2191 2180 αὑτὸν,
2234 2113 2476 2182 μήποτε
2521 2112 2761 2180 πατάξῃ
2800 2129 2900 2182 με,
2932 2113 3034 2166 καὶ
3084 2112 3320 2182 μητέρα
3350 2112 3451 2165 ἐπὶ
3499 2113 3598 2166 τέ-

1983 2212 2175 2263 κνοις.
2219 2197 2305 2251 Σὺ
2347 2198 2556 2262 εἴπας·
2603 2191 2692 2250 Εὖ
2725 2209 2802 2249 σε
2844 2195 3117 2265 ποιήσω,
3154 2196 3252 2248 καὶ
3308 2193 3478 2262 θήσω
3527 2195 3601 2249 τὸ

1981 2281 2222 2350 σπέρμα
2249 2298 2368 2336 σου
2392 2282 2474 2346 ὡς
2505 2279 2622 2350 τὴν
2651 2279 2852 2349 ἅμμον
2873 2279 2988 2348 τῆς
3023 2279 3372 2349 θαλάσσης,
3406 2277 3446 2348 ἢ
3481 2282 3597 2334 οὑκ

1980 2362 2455 2432 ἀριθμηθήσεται
2478 2362 2599 2418 ὑπὸ
2639 2363 2748 2418 τοῦ
2778 2362 3056 2428 πλήθους
3079 2373 3128 2418 ε.

2054 2445 2119 2516 β’.
2166 2449 2310 2520 Ὅρα
2352 2447 2447 2500 τοῦ
2481 2447 2693 2501 δικαίου
2733 2447 2796 2500 :6
2837 2445 3088 2517 φιλόθεον
3126 2446 3224 2501 1:01
3252 2447 3355 2518 τὴν
3393 2447 3600 2519 πολλὴν

1981 2529 2428 2605 εὐγνωμοσύνην,
2461 2530 2582 2594 πῶς
2605 2530 2761 2585 οὐδὲν
2781 2530 2972 2602 ἕτερον
3000 2528 3140 2594 ἀξιοῖ
3171 2528 3261 2582 τὸν
3289 2530 3595 2600 Δεσπότην.

1979 2613 2014 2683 ἢ
2064 2613 2166 2676 τὰς
2205 2613 2413 2676 οἰκείας
2450 2613 2780 2685 ὑποσχέσεις
2818 2611 3131 2684 πληρῶσαι.
3189 2612 3306 2666 K01
3355 2613 3448 2666 ἐπὶ
3480 2615 3598 2677 τοῖς

1980 2695 2352 2768 προλαϐοῦσιν
2400 2695 2760 2768 εὐχαριστίαν
2787 2693 3226 2766 ἐπιδειξάμενος.
3269 2695 3361 2748 καὶ
3400 2696 3598 2767 ὁμολο-

1978 2781 2159 2850 γήσας
2186 2779 2270 2833 ὃτι
2297 2780 2506 2851 γυμνὸν
2545 2780 2675 2833 ὄντα
2706 2779 2801 2832 καὶ
2839 2777 3264 2850 ἀπερριμμένον
3287 2781 3369 2842 είς
3408 2778 3436 2819 ἀ
3465 2797 3597 2832 τοσ-

1979 2862 2153 2933 αύτην
2186 2863 2510 2934 περιουσίαν
2563 2862 2924 2934 κατέστησεν,
2956 2861 3192 2915 ίκετεύει
3220 2861 3316 2914 τοῦ
3343 2863 3600 2916 κινδύνου

1978 2946 2144 3000 αὑτὸν
2172 2945 2501 3017 ἐξαρπάσαι.
2547 2941 2745 3012 Εἷπας
2788 2944 2920 3016 γὰρ,
2958 2945 3148 3015 φησὶν,
3190 2944 3279 2997 ὅτι
3309 2944 3492 3011 Θήσω
3529 2944 3602 2999 τό

1977 3030 2221 3100 σπέρμα
2253 3045 2370 3084 σου
2400 3029 2482 3094 ὡς
2512 3027 2630 3096 τὴν
2661 3027 2862 3097 ἅμμον
2889 3028 3002 3096 τῆς
3035 3029 3387 3096 θαλάσσης.
3418 3027 3457 3095 ἢ
3483 3032 3598 3082 οὐκ

1975 3111 2542 3182 ἐξαριθμηθήσεται.
2573 3111 2958 3181 Ποιησάμενος
2990 3111 3048 3163 δὲ
3070 3110 3170 3181 τὴν
3202 3111 3343 3182 πρὸς
3371 3111 3464 3165 τὸν
3497 3116 3600 3164 Δε-

1979 3198 2188 3269 σπότην
2207 3193 2578 3267 παράκλησιν,
2599 3193 2695 3246 καὶ
2727 3194 2828 3264 τὴν
2856 3193 3139 3263 ἱκετηρίαν
3156 3197 3257 3263 τῆς
3286 3195 3600 3266 προσευχῆς

1977 3279 2281 3349 ἀνενέγκας
2309 3278 2388 3350 τῷ
2442 3276 2712 3348 Δεσπότῃ.
2748 3275 2846 3328 1:01
2890 3274 2962 3327 τὰ
3013 3276 3145 3346 παρ’
3177 3275 3379 3329 ἑαυτοῦ
3422 3293 3598 3347 προσ-

1975 3361 2181 3432 τίθησι.
2219 3362 2331 3416 Καὶ
2375 3359 2580 3426 λαϐὼν,
2614 3359 2772 3430 φησὶ,
2821 3357 3001 3429 δῶρα,
3037 3357 3097 3422 ἐξ
3142 3353 3220 3412 ὧν
3255 3358 3598 3431 ἐπεφέρετο,

1977 3443 2269 3497 ἀπέστειλε
2297 3441 2377 3512 τῷ
2412 3439 2632 3511 ἀδελφῷ
2653 3482 2669 3506 ,
2700 3437 2893 3492 διελὼν
2932 3437 3000 3492 τὰ
3039 3438 3459 3502 ἀποσταλέντα,
3502 3440 3601 3492 καὶ

1978 3523 2197 3588 ἐντολὰς
2240 3521 2516 3586 δεδωκὼς,
2559 3521 2704 3574 ὥστε
2750 3521 2847 3572 καὶ
2883 3518 2974 3572 διὰ
3006 3517 3116 3572 τῶν
3146 3519 3326 3588 λόγων
3364 3518 3599 3590 ἐξευμε-

1976 3603 2258 3659 νίσασθαι.
2297 3603 2393 3656 καὶ
2426 3599 2582 3673 [564]
2617 3598 2862 3671 μηνῦσαι
2895 3599 2996 3670 τὴν
3024 3597 3224 3652 ἑαυτοῦ
3265 3598 3598 3670 παρουσίαν.

1978 3685 2204 3738 Εἶπατε
2232 3681 2366 3752 γὰρ,
2397 3681 2585 3750 φησὶν,
2627 3679 2717 3732 ὅτι
2752 3676 2910 3732 Ἰδοὺ
2944 3681 2977 3730 ό
3007 3676 3150 3742 παῖς
3193 3693 3312 3731 σου
3339 3678 3598 3746 παραγί-

1975 3779 2145 3818 νεται
2177 3761 2374 3816 ὀπίσω
2399 3757 2572 3830 ήμῶν
2591 3774 2604 3786 ·
2628 3755 2772 3810 ὥστε
2802 3755 3072 3828 πρότερον
3108 3755 3598 3826 ἐξευμενίσασθαι,

1975 3847 2072 3900 1:01
2101 3845 2223 3899 τότε
2249 3843 2353 3915 τὴν
2393 3841 2538 3896 κατὰ
2569 3841 2868 3914 πρόσωπον
2899 3837 3066 3892 αὑτοῦ
3103 3836 3364 3905 γενέσθαι
3394 3854 3596 3892 συντυ-

1977 3924 2122 3996 χίαν.
2137 3921 2304 3976 Μετὰ
2330 3919 2512 3974 τοῦτο
2536 3921 2673 3990 γὰρ,
2693 3918 2882 3990 φησὶν,
2917 3917 3142 3986 ὄψομαι
3165 3915 3232 3968 τὸ
3261 3917 3599 3996 πρόσωπον

1974 3995 2198 4076 αὐτοῦ’
2231 4004 2382 4069 ίσως
2432 4000 2579 4072 γὰρ,
2631 4001 2799 4072 φησι,
2839 3996 3245 4076 προσδέξεται
3284 3995 3363 4076 τό
3394 4001 3594 4066 πρόσ-

1975 4086 2144 4141 ωπόν
2168 4099 2312 4154 μου.
2342 4081 2456 4136 Καὶ
2484 4079 2922 4156 προεπορεύετο
2946 4077 3017 4156 τὰ
3039 4075 3200 4146 δῶρα
3225 4075 3380 4130 κατὰ
3405 4079 3596 4146 πρόσ-

1975 4181 2144 4219 ωπον
2171 4161 2382 4216 αὑτοῦ.
2421 4159 2562 4214 Ἀλλ’
2592 4161 2695 4232 δρα
2731 4175 2823 4229 μοι
2853 4155 3092 4210 ενταῦθα
3124 4155 3293 4210 πάλιν
3321 4156 3418 4210 τοῦ
3454 4157 3596 4212 Θεοῦ

1974 4242 2075 4315 τὴν
2104 4244 2316 4312 ἀφατον
2337 4238 2779 4310 φιλανθρωπίαν,
2804 4237 2900 4290 1:01
2934 4234 3086 4301 ὅπως
3115 4238 3202 4291 ἀεὶ
3232 4235 3592 4308 καταλλήλως

1972 4321 2074 4394 τὴν
2103 4319 2312 4374 οἰκείαν
2343 4318 2604 4390 πρόνοιαν
2639 4315 3000 4394 ἐνδείκνυται.
3041 4315 3168 4394 ’ξπὶ
3213 4315 3458 4394 μὲνγὰρ
3497 4317 3594 4370 τοῦ

1973 4392 2186 4464 Λάϐαν,
2217 4397 2406 4469 ἐπειδὴ
2436 4397 2465 4450 6
2503 4395 2715 4458 δίκαιος
2750 4393 2906 4448 οὐδὲν
2945 4392 3192 4447 τοιοῦτον
3236 4393 3592 4461 ὑπώπτευεν,

1972 4480 2096 4534 οὑδὲ
2127 4479 2254 4552 «ᾔδει
2304 4478 2386 4532 ὅτι
2427 4475 2648 4539 πάντως
2691 4473 2858 4529 αὑτὸν
2909 4472 3303 4552 καταλήψεται
3330 4475 3360 4527 6
3403 4475 3597 4530 Λάϐαν

1973 4559 2119 4630 μετά
2139 4551 2340 4630 πολλῆς
2367 4556 2470 4628 τῆς
2498 4555 2678 4629 ὁρμῆς
2699 4554 2795 4608 ἐπὶ
2818 4553 2884 4607 :6
2911 4552 3233 4625 ἀμύνασθαι
3259 4551 3354 4607 τὸν
3379 4553 3596 4611 δίκαιον

1971 4639 2073 4712 τῆς
2104 4637 2284 4711 λάθρα
2310 4635 2613 4707 γενομένης
2640 4634 3052 4712 ἀναχωρήσεως
3083 4633 3272 4696 ἕνεκα,
3298 4633 3378 4704 τῷ
3399 4635 3595 4691 Λάϐαν

1972 4710 2263 4789 ἐπιφανεὶς
2296 4715 2651 4771 καταστέλλει
2694 4710 2866 4768 αὑτοῦ
2901 4711 3003 4784 τὴν
3040 4713 3247 4785 ὁρμὴν,
3282 4715 3381 4767 καὶ
3409 4716 3596 4770 ὲντέλ-

1973 4798 2126 4853 λεται
2150 4796 2318 4869 μηδὲν
2350 4794 2430 4868 τῷ
2457 4793 2656 4849 Ἰακὼϐ
2685 4791 2824 4865 μηδὲ
2853 4794 2913 4846 ὲν
2942 4793 3153 4864 ῥήμασι
3183 4792 3431 4865 λυπηρὸν
3452 4796 3594 4851 ἀπο..

1973 4874 2425 4950 κρίνασθαι·Μὴ
2475 4873 2756 4942 λαλήσῃ(
2810 4870 2944 4944 γὰρ,
2985 4872 3142 4944 φησὶ,
3183 4872 3338 4942 μετὰ
3390 4874 3602 4931 Ἰακὼϐ

1971 4959 2247 5026 πονηρόν
2268 4973 2283 4988 ο
2316 4955 2417 5009 1:01
2439 4951 2601 5007 :06:0
2628 4951 2905 5024 ᾠκονόμει
2929 4950 3018 5005 6:0
3044 4951 3148 5023 τῆς
3173 4952 3390 5006 ἐκείνου
3413 4953 3594 5023 γλώτ-
3663 5017 3668 5022 _

1970 5053 2072 5109 της
2121 5033 2400 5108 γνώριμον
2433 5032 2690 5104 γενέσθαι
2729 5032 2810 5105 τῷ
2864 5029 3093 5102 δικαίῳ,
3127 5030 3214 5084 ἵνα
3250 5031 3441 5102 μαθὼν
3489 5035 3595 5106 τὴν

1972 5115 2105 5188 περὶ
2151 5115 2316 5170 αὑτὸν
2348 5114 2732 5186 γεγενημένην
2778 5112 3100 5183 οἰκονομίαν
3130 5111 3597 5188 θαρσαλεώτερον

1971 5199 2242 5268 καταστῇ.
2282 5195 2422 5249 Νυνὶ
2466 5195 2565 5262 δὲ,
2619 5193 2813 5266 ἐπειδὴ
2842 5197 2871 5249 6
2917 5192 3150 5264 ἀδελφὸς
3203 5193 3305 5266 μὲν
3338 5194 3447 5248 ὑπὸ
3494 5195 3591 5250 τοῦ

1970 5277 2166 5348 χρόνου
2198 5276 2460 5347 λωφήσας
2497 5270 2590 5347 ἦν,
2630 5274 2728 5328 καὶ
2758 5275 2851 5329 τὸν
2894 5273 3067 5346 θυμὸν
3093 5275 3189 5348 1:01
3224 5275 3326 5346 τὴν
3373 5274 3590 5344 ἀγανά-

1969 5346 2164 5425 κτησιν
2194 5346 2412 5422 παύσας
2441 5346 2538 5428 τὴν
2566 5354 2715 5409 κατά
2744 5353 2839 5408 τοῦ
2867 5353 3089 5418 Ἰακὼϐ,
3115 5346 3273 5418 οὗτος
3295 5354 3352 5408 δὲ
3379 5354 3594 5424 ἐναγώ-

1967 5453 2082 5502 νιος
2110 5432 2200 5509 ἦν,
2230 5436 2488 5500 δεδοικὼς
2525 5433 2624 5489 1:01
2655 5432 2885 5510 :pépmv
2923 5433 3020 5489 :06
3050 5432 3288 5503 ἀδελφοῦ
3324 5435 3425 5506 τὴν
3461 5451 3593 5488 συνο

1967 5515 2179 5588 τυχίαν,
2218 5518 2247 5570 6
2280 5515 2487 5586 ἀγαθὸς
2513 5514 2801 5584 Δεσπότης
2824 5513 2931 5567 οὐκ
2963 5512 3047 5568 ἔτι
3075 5513 3154 5584 τῷ
3195 5513 3370 5568 Ἦσαῦ
3404 5513 3591 5568 ἐντέλ-

1965 5595 2121 5652 λεται
2135 5613 2149 5626 ’
2177 5596 2299 5651 οὐδὲ
2318 5597 2428 5668 γάρ
2447 5594 2768 5650 ὲϐουλεύετό
2788 5613 2844 5649 τι
2869 5595 3015 5650 κατὰ
3033 5595 3129 5649 :06
3152 5593 3389 5664 ἀδελφοῦ
3411 5611 3426 5627 ο
3451 5593 3590 5650 ἀλλά

1964 5676 2058 5731 τὸν
2085 5676 2296 5733 δίκαιον
2329 5675 2768 5748 παραμυθεῖται.
2802 5673 2960 5729 Μετά
2988 5673 3100 5747 γάρ
3131 5674 3194 5729 :6
3233 5673 3582 5736 ἀποστεῖλαι,

1966 5759 2138 5830 φησὶ,
2187 5758 2317 5822 τοὺς
2363 5756 2433 5812 :0
2480 5755 2633 5827 δῶρα
2680 5753 3158 5825 ἀποκομίζοντας,
3218 5754 3586 5826 καθευδήσας,

1967 5837 2124 5911 φησὶ,
2161 5836 2257 5894 καὶ
2313 5837 2614 5903 ⁹Αναστιίς
2644 5836 2716 5890 ἐν
2747 5832 2824 5903 τῇ
2851 5831 3030 5888 νυκτί
3065 5833 3296 5904 ἐκείνη,
3331 5832 3586 5904 διήγαγε

2013 5959 2042 6034 If
2069 5969 2218 6034 εοιει.
2241 5939 2492 6034 ίκανοῦταί
2513 5977 2682 6034 00:41:
2695 5968 2853 6034 paulo
2865 5968 3146 6034 βοειάρκεῖς
3165 5985 3246 6033 μοι
3257 5968 3351 6029 τήν
3369 5967 3446 6020 ἐπὶ
3454 5966 3548 6019 τοῦ

2019 6033 2047 6090 ε
2074 6033 2176 6082 Sex
2203 6045 2320 6081 mss.
2345 6031 2444 6081 ἀπὸ
2464 6029 2553 6080 :06
2585 6029 2813 6090 πλήθους,
2835 6029 2964 6078 forte
2989 6029 3190 6082 metiri.

2024 6083 2055 6127 ⁸
2077 6094 2175 6145 Sex
2201 6106 2318 6144 mss.
2344 6093 2520 6156 γυμνὸν
2541 6092 2656 6142 ὄντα
2673 6083 2755 6141 ἱιαὶ
2783 6083 2959 6153 ἔρημον
2984 6091 3068 6146 εἰς.
