4086 6458
273 396 378 454 509

267 514 396 568 bach
421 530 437 580 ;
468 511 559 567 23.
590 521 637 566 et
662 512 855 582 accepit
876 527 982 578 eos,
1012 521 1056 565 et
1094 510 1292 565 transiit
1319 521 1611 566 torrentem.
1643 511 1734 566 24.
1769 509 1871 564 Re-

267 605 421 658 lictus
450 611 522 657 est
550 613 720 658 autem
743 601 908 657 Iacob
936 603 1098 670 solus,
1145 612 1192 657 et
1235 603 1522 657 luctabatur
1560 604 1710 656 homo
1755 618 1870 656 cum

263 711 346 750 eo.
392 693 573 764 Magna
624 693 834 749 Domini
883 694 1188 750 clementia.
1234 694 1498 761 Quoniam
1547 707 1871 749 occursurus

262 794 381 840 erat
408 783 578 852 fratri,
607 794 664 838 ut
691 784 853 839 sciret
882 786 1054 854 reipsa
1082 785 1226 855 quod
1257 785 1391 840 nihil
1425 800 1676 854 asperum
1724 784 1867 838 latu-

261 890 358 932 rus
382 884 545 940 esset,
577 876 628 930 in
659 874 826 946 figura
854 875 1087 931 hominis
1117 877 1306 931 luctari
1341 891 1462 932 cum
1498 877 1645 946 justo
1675 875 1865 930 voluit.

262 969 467 1025 Deinde
495 969 683 1025 videns
709 984 770 1025 se
800 970 940 1025 vinci
971 970 1075 1040 (a),
1116 969 1210 1026 25.
1253 971 1623 1041 Apprehendit,
1672 969 1862 1040 inquit,

258 1063 583 1116 latitudinem
619 1064 828 1134 femoris
865 1064 994 1135 ejus.
1046 1061 1240 1117 Totum
1283 1074 1464 1118 autem
1513 1064 1617 1118 hoc
1665 1061 1862 1117 factum

255 1162 365 1219 est,
395 1162 454 1206 ut
478 1167 538 1208 se
577 1154 721 1210 illius
758 1153 1045 1209 humilitati
1078 1162 1482 1224 attemperaret,
1522 1154 1861 1209 formidinem

253 1258 319 1295 ex
349 1242 526 1297 auimrt
550 1244 680 1313 justi
707 1244 990 1311 eximeret,
1033 1253 1086 1298 et
1122 1243 1469 1314 persuaderet
1508 1245 1579 1311 ei,
1627 1254 1686 1298 ut
1725 1244 1860 1298 eitia

253 1347 512 1404 angorem
539 1333 688 1389 fratri
719 1344 1049 1390 occurreret.
1082 1334 1217 1390 Nam
1245 1351 1367 1390 cum
1392 1335 1655 1390 tenuisset
1682 1335 1863 1389 latitu-

249 1421 436 1476 dinem
479 1422 697 1477 femoris
733 1422 918 1489 Iacob,
953 1423 1219 1477 Emarcuit
1265 1424 1483 1478 latitudo
1518 1425 1726 1496 femoris
1763 1422 1862 1477 Ia-

249 1514 365 1577 cob,
396 1529 509 1567 cum
549 1515 915 1569 colluctaretur
953 1515 1041 1568 ille
1079 1531 1196 1569 cum
1235 1531 1315 1570 eo.
1357 1515 1563 1570 Deinde
1595 1525 1652 1569 ut
1694 1516 1856 1569 sciret

247 1603 420 1660 Iacob
451 1606 699 1662 virtutem
727 1607 844 1676 ejus
871 1622 1030 1676 quem
1059 1622 1240 1663 secum
1273 1608 1463 1662 luctari
1495 1608 1743 1678 putabat,
1770 1607 1854 1662 di-

245 1697 409 1752 citad
431 1713 554 1752 eum
599 1716 612 1752 :
659 1697 751 1752 26.
799 1698 1011 1752 Dimitte
1043 1715 1162 1764 me;
1202 1700 1432 1754 ascendit
1478 1702 1611 1754 enim
1639 1717 1850 1754 aurora.

244 1788 502 1843 Sentiens
533 1789 694 1860 igitur
718 1789 893 1859 justus
916 1791 1339 1859 magnitudinem
1362 1791 1577 1846 virtutis
1597 1792 1730 1862 ejus,
1759 1793 1852 1862 qui

247 1881 366 1934 haec
389 1877 488 1934 sibi
515 1878 746 1944 dixerat,
778 1880 915 1935 dixit
952 1899 965 1934 :
996 1881 1214 1936 Minime
1241 1893 1289 1936 te
1327 1883 1604 1949 dimittam,
1637 1883 1738 1937 nisi
1774 1901 1854 1938 me

242 1969 580 2026 bcnedixeris.
614 1972 803 2042 Magna
832 1983 1200 2043 consequutus
1237 1990 1384 2040 sum,
1423 1984 1477 2030 et
1521 1991 1642 2046 qua!
1683 1990 1845 2046 supra

241 2075 422 2115 meam
449 2073 572 2117 sunt
596 2063 906 2133 dignititem
936 2083 951 2118 :
983 2081 1087 2121 non
1117 2066 1264 2135 prius
1302 2077 1354 2121 te
1393 2068 1715 2136 relinquam,
1743 2069 1846 2124 do-

242 2165 345 2205 nec
374 2150 804 2208 benedictionem
840 2169 869 2207 a
915 2155 1264 2226 teaccipiam.
1313 2157 1518 2212 Deinde
1552 2157 1702 2226 dicit,
1751 2158 1842 2214 27.

243 2240 399 2308 Quod
427 2259 609 2297 nomen
634 2253 777 2298 tuum
796 2246 911 2298 est?
942 2245 1069 2300 Vide
1097 2247 1290 2301 iterum
1317 2259 1576 2318 quantum
1600 2265 1721 2306 sese
1744 2251 1847 2307 Ln-

237 2331 413 2386 miliet
436 2340 491 2388 et
511 2342 847 2404 attemperet.
870 2334 1007 2390 Num
1034 2336 1080 2392 si
1105 2353 1212 2393 non
1238 2338 1641 2412 interrogasset,
1671 2343 1820 2398 nesci

237 2424 550 2495 vissetjusti
575 2428 811 2482 nomen?
834 2427 1046 2485 Sciebat
1067 2432 1248 2501 utique
1271 2450 1282 2483 :
1307 2432 1402 2486 scd
1422 2433 1843 2504 interrogatione

234 2516 350 2571 vult
375 2517 493 2588 ejus
528 2518 775 2573 fiduciam
804 2521 1056 2582 solidare.
1089 2534 1145 2578 et
1172 2523 1368 2578 docere
1397 2525 1516 2595 quis
1561 2526 1629 2580 sit
1670 2528 1761 2597 qui
1789 2529 1837 2582 ei

218 2607 504 2678 .loquatur.
534 2608 602 2663 Et
627 2619 908 2680 postquam
937 2611 1092 2679 dixit,
1123 2613 1312 2679 Jacob,
1335 2613 1427 2669 28.
1461 2615 1635 2686 inquit
1666 2633 1679 2670 :
1715 2616 1840 2671 Non

231 2699 497 2753 vocabitur
545 2718 728 2756 nomen
770 2711 910 2757 tuum
948 2705 1132 2771 Iacob,
1175 2708 1264 2760 sed
1302 2705 1474 2761 Israel
1512 2709 1605 2761 erit
1655 2725 1838 2765 nomen

230 2798 400 2844 tuum.
431 2789 685 2858 Quoniam
708 2793 754 2847 si
778 2805 958 2848 contra
983 2795 1151 2850 Deum
1178 2797 1326 2866 fortis
1349 2800 1511 2869 fuisti,
1543 2801 1703 2853 multo
1729 2817 1842 2852 ma-

229 2883 310 2952 gis
339 2893 516 2936 contra
541 2884 768 2939 homines
790 2896 966 2956 potens
989 2889 1109 2942 eris.
1139 2888 1328 2943 Vidisti
1352 2891 1625 2959 quomodo
1650 2901 1837 2945 osten-

226 2973 311 3028 dit
337 2983 502 3028 totam
539 2990 778 3042 causam,
810 2987 1028 3047 propter
1053 2994 1213 3048 quam
1245 2980 1380 3034 adeo
1417 2997 1476 3035 se
1501 2980 1736 3040 demisit.
1781 2994 1834 3038 et

225 3065 386 3120 simul
415 3067 597 3122 docuit
631 3067 832 3137 justum
874 3085 968 3139 per
999 3070 1231 3124 nominis
1275 3071 1671 3141 impositiouem
1717 3076 1836 3143 quis

225 3167 372 3212 esset
391 3173 548 3227 quem
574 3159 767 3214 viderit
787 3170 840 3214 et
855 3161 1346 3230 comprehenderit.
1381 3163 1501 3218 Non
1533 3165 1669 3218 utra
1690 3166 1835 3220 enim

224 3249 483 3303 vocaberis
510 3249 694 3316 Iacob,
725 3253 814 3305 sed
838 3251 1010 3306 Israel
1036 3256 1129 3307 erit
1154 3271 1334 3308 nomen
1367 3265 1528 3308 tuum.
1559 3255 1716 3310 lsraél
1741 3272 1836 3310 au—

227 3350 366 3408 tem,
392 3342 436 3394 si
464 3344 587 3411 quis
615 3343 1015 3413 interpretetur,
1043 3355 1220 3411 sonat,
1247 3345 1445 3400 Videus
1471 3348 1658 3402 Deum.
1683 3346 1832 3414 Quo-

227 3430 370 3484 niam
397 3431 537 3486 sicut
564 3432 746 3486 videre
772 3433 973 3487 homini
1009 3435 1263 3503 possibile
1303 3445 1406 3502 cst,
1439 3437 1605 3492 Deum
1646 3439 1833 3494 videre

226 3521 508 3575 meruisti:
542 3533 822 3591 propterea
860 3532 916 3577 et
951 3523 1091 3578 hanc
1132 3526 1548 3596 appellationem
1598 3527 1690 3581 tibi
1728 3529 1832 3583 im-

227 3627 394 3683 pono,
423 3624 480 3670 ut
509 3617 760 3672 omnibus
787 3618 1016 3686 posteris
1046 3619 1390 3674 manifestum
1429 3621 1520 3686 sit,
1556 3636 1715 3690 quam
1737 3623 1834 3675 .vic

224 3705 434 3763 sionem
461 3717 781 3778 assequutus
805 3709 990 3764 fueris.
1023 3710 1088 3765 Et
1120 3711 1373 3781 subjicit:
1411 3712 1664 3777 Quoniam
1695 3730 1832 3782 prce-

223 3798 429 3852 valuisti
451 3809 627 3852 contra
659 3798 846 3865 Deum,
886 3809 930 3854 et
972 3811 1150 3854 contra
1180 3801 1412 3857 homines
1450 3812 1628 3873 potens
1669 3805 1769 3858 eris
1813 3823 1831 3860 :

225 3889 359 3943 nihil
387 3889 614 3959 amplius
645 3890 772 3945 time
798 3893 850 3964 πί,
880 3908 1055 3962 neque
1102 3894 1358 3948 damnum
1389 3895 1605 3966 aliquod
1634 3913 1831 3966 exspe-

222 3991 363 4046 ctes,
395 3983 536 4052 quod
564 3983 631 4038 ab
657 3985 836 4054 aliquo
862 3984 1021 4040 feras.
1057 3986 1188 4041 Nam
1218 3988 1306 4057 qui
1337 3996 1537 4043 tantam
1578 3991 1829 4046 virtutem

225 4073 506 4142 accepisti,
540 4084 597 4128 ut
622 4089 743 4129 cum
776 4076 884 4130 Deo
924 4077 1110 4132 luctari
1154 4079 1406 4144 valueris,
1450 4081 1620 4135 multo
1660 4084 1831 4154 magis

226 4164 476 4218 homines
504 4167 806 4235 superabis,
834 4176 889 4222 et
915 4169 1139 4223 invictus
1169 4171 1420 4226 omnibus
1456 4173 1584 4227 eris.

295 4257 351 4312 ὅ.
395 4256 487 4311 His
536 4258 730 4312 auditis
744 4259 922 4328 justus
972 4261 1360 4332 obstupescens
1408 4264 1828 4334 magnitudinem

221 4345 343 4415 ejus
372 4348 462 4417 qui
489 4363 673 4403 secum
701 4349 1131 4420 colloquebatur,
1161 4352 1291 4408 dicit
1319 4354 1367 4408 ei
1407 4371 1419 4406 :
1450 4354 1540 4409 29.
1571 4355 1830 4408 Annuntia

222 4437 353 4491 mihi
377 4454 560 4493 nonten
586 4450 746 4494 tuum.
773 4441 840 4494 Et
868 4441 998 4496 dixit
1032 4458 1050 4496 :
1075 4442 1179 4497 Cur
1207 4445 1390 4514 quieris
1411 4462 1596 4500 nomen
1623 4463 1788 4500 meum
1805 4447 1831 4501 .’

223 4530 294 4585 I'It
323 4531 576 4586 benedixit
601 4549 737 4587 eum.
771 4531 914 4588 Intra
939 4544 1060 4590 tuos
1082 4535 1302 4604 limites,
1341 4538 1537 4608 inquit,
1570 4554 1747 4606 mane,
1775 4549 1831 4595 et

225 4638 293 4678 ne
325 4625 737 4695 transgrediaris
780 4642 1084 4682 mensuram
1127 4639 1293 4683 tuam.
1329 4630 1420 4686 Vis
1456 4647 1630 4687 meam
1662 4633 1828 4689 bene-

222 4714 515 4770 dictionem
543 4716 825 4772 obtinere?
858 4719 997 4774 Ecce
1022 4734 1143 4774 eam
1174 4720 1268 4775 tibi
1290 4721 1380 4776 do.
1414 4723 1550 4778 Dicit
1574 4723 1738 4791 enim,
1765 4723 1831 4778 Et

221 4806 479 4860 benedixit
522 4825 656 4862 eum.
698 4808 791 4864 30.
836 4809 904 4863 Et
943 4811 1160 4875 vocavit,
1194 4812 1404 4882 inquit,
1441 4814 1605 4868 Iacob
1649 4830 1831 4869 nomen

227 4896 325 4950 loci
354 4897 513 4963 illius,
547 4897 784 4968 Speciem
823 4899 936 4953 Dei.
984 4900 1098 4954 Vidi
1135 4903 1268 4955 enim
1305 4900 1472 4956 Deum
1500 4904 1632 4974 facie
1656 4905 1725 4958 ad
1749 4905 1836 4975 [ιε-

226 4985 382 5049 riem,
402 4996 450 5038 et
479 4987 622 5040 salva
649 4992 790 5058 facta
818 4999 890 5044 est
919 4992 1092 5045 anima
1123 5009 1256 5046 mea.
1292 4992 1456 5048 Vides
1483 5005 1741 5064 quantum
1780 4998 1829 5052 ei

225 5077 435 5132 fiduciae
462 5094 490 5131 a
533 5079 739 5135 visione
778 5084 848 5136 sit
885 5084 1151 5140 inditum?
1183 5085 1343 5141 Salva
1389 5088 1532 5156 facta
1556 5097 1628 5141 est
1658 5089 1832 5144 anima

289 5207 308 5275 ξ
342 5207 563 5275 Quinque
587 5214 717 5275 iussa
741 5209 979 5275 neminem
1001 5213 1208 5275 amplius
1225 5213 1363 5264 time.

289 5267 364 5329 (a)
397 5267 674 5340 series
701 5267 1351 5340 seiiutricatatu'exbihere
1395 5277 1564 5340 incipit
1597 5291 1609 5326 :
1646 5290 1758 5340 nam
1791 5281 1834 5327 si

226 5328 377 5410 ita'se
399 5328 599 5410 habent,
623 5339 679 5404 ut
700 5334 749 5410 in
775 5335 922 5410 Etlitis
944 5343 995 5410 et
1027 5337 1079 5410 iu
1101 5338 1434 5410 Manuscriptis
1452 5328 1833 5410 0D]?lbll§dt:gi-

227 5398 324 5449 tur,
349 5392 497 5462 Jacob
516 5392 628 5462 ipse
650 5394 702 5462 in
725 5393 853 5444 lucta
879 5398 1032 5446 victus
1053 5395 1221 5458 fuerit,
1249 5392 1355 5461 ipse
1384 5400 1571 5448 dixerit
1595 5415 1608 5448 :
1639 5392 1834 5462 Dimihe

225 5463 321 5509 me,
345 5453 709 5503 ascenditem'm
730 5469 927 5506 aurora.
976 5464 1030 5507 Et
1066 5453 1231 5509 tamen
1265 5453 1360 5509 non
1395 5462 1537 5510 modo
1568 5461 1835 5512 Hebraicus

227 5519 425 5586 tentus,
447 5527 718 5586 otnnesque
749 5524 1049 5586 Interpretes
1080 5521 1189 5586 [περ
1207 5522 1358 5571 verba
1380 5523 1549 5572 dicunt
1577 5535 1691 5572 esse
1727 5525 1835 5586 ejus

631 5573 740 5652 cum
765 5593 853 5640 eo;
879 5573 1102 5652 ipse
1145 5583 1519 5652 Chrysostomus
1549 5586 1673 5635 intra
1695 5573 1832 5652 dicit,

225 5639 439 5710 grauatis
458 5639 612 5710 igitur
620 5639 786 5710 justus
810 5639 1193 5710 magnitudinem
1238 5639 1429 5710 birtutis
1471 5647 1580 5707 ejus
1624 5647 1707 5710 qui
1743 5639 1836 5710 sibi

226 5694 330 5771 lucc
356 5694 569 5771 digerat.
582 5694 915 5771 Quamobrem
932 5694 1322 5771 videturuseries
1344 5694 1649 5771 aliquantum
1663 5694 1835 5758 vitiata

227 5766 498 5834 ommutuit
521 5768 617 5818 est.
641 5770 850 5826 textum,
885 5765 1021 5819 nullo
1065 5767 1366 5834 suffragante
1400 5765 1601 5832 dodioe,
1641 5777 1834 5822 mutare

235 5834 331 5870 twn
345 5822 451 5872 ausi
472 5833 658 5875 sumus.

1306 394 1369 451 IN
1399 396 1552 452 car.
1597 395 1812 452 xxx".
1849 393 2094 452 curvas.
2136 366 2366 451 uouit.
2409 396 2592 454 Lvut.

3493 406 3596 462 510

1982 525 2129 577 mea,
2184 527 2303 582 quae
2352 523 2470 568 erat
2520 514 2908 586 prepemodmn
2958 528 3170 575 mortua
3215 534 3330 591 pne
3376 521 3590 582 timore.

1978 599 2243 666 Quoniam
2287 603 2467 658 videre
2498 605 2630 659 mihi
2670 605 2854 661 datum
2896 617 2980 662 est
3026 609 3193 664 Deum
3240 612 3375 667 lacie
3413 612 3480 668 ad
3516 614 3594 668 fa-

1976 691 2138 753 ciem,
2171 690 2332 746 Salva
2352 693 2494 763 facta
2522 704 2595 748 est
2624 697 2799 750 anima
2829 714 2958 755 mea.
2994 700 3084 754 51.
3135 698 3294 755 Ortus
3318 713 3394 757 est
3426 711 3593 759 auch

1975 779 2021 832 ei
2049 779 2145 841 sol,
2175 783 2379 847 quando
2402 785 2646 852 prwteriit
2671 785 2799 839 visio
2829 785 2941 840 Dei.
2971 787 3164 843 Vidisti
3196 793 3470 858 quomodo
3510 794 3593 850 in-

1975 866 2216 924 ﬁrmitati
2239 871 2490 928 humana:
2523 874 2783 929 Dominus
2827 891 2947 933 sese
2987 888 3377 950 attemperans,
3406 886 3588 942 omnia

1973 959 2082 1028 agit
2110 970 2164 1014 et
2193 970 2405 1030 tractat,
2431 972 2490 1018 ut
2518 978 2668 1019 suam
2703 966 3089 1037 benignitatem
3115 971 3388 1028 declaret?
3423 975 3492 1030 Et
3521 992 3590 1032 ne

1971 1048 2279 1115 admireris,
2325 1051 2541 1119 dilecte,
2573 1055 2719 1126 quod
2760 1065 2905 1112 tanta
2946 1059 3017 1114 sit
3055 1059 3405 1132 indulgentia:
3442 1065 3588 1122 illius

1971 1143 2320 1211 magnitudo:
2349 1144 2443 1199 sed
2470 1148 2642 1216 cogita
2669 1149 2940 1217 quomodo
2978 1159 3034 1205 et
3072 1153 3414 1221 patriarchas,
3459 1172 3585 1213 cum

1968 1232 2108 1302 apud
2140 1248 2394 1303 quercum
2420 1237 2661 1306 sederet,
2688 1238 2740 1292 in
2772 1238 3006 1295 hominis
3035 1242 3200 1312 figura
3229 1260 3349 1298 cum
3375 1248 3584 1316 angelis

1968 1321 2166 1392 hospes
2192 1325 2377 1392 fuerit,
2403 1328 2733 1398 prinsiguaus
2775 1331 2934 1386 nobis
2961 1331 3073 1402 jam
3109 1334 3280 1389 multo
3325 1348 3482 1391 antea
3527 1349 3584 1394 et

1965 1412 2034 1465 ab
2061 1413 2215 1469 initio
2243 1430 2303 1470 se
2333 1417 2621 1472 humanam
2648 1430 2894 1475 naturain
2922 1433 3298 1494 suscepturum
3327 1441 3449 1483 eSse
3469 1468 3489 1496 ,
3520 1440 3579 1485 ut

1963 1504 2042 1559 sic
2061 1519 2275 1562 onmem
2305 1508 2591 1564 humanam
2619 1522 2866 1568 naturam
2912 1527 2941 1567 a
2970 1515 3169 1571 diaboli
3200 1519 3484 1588 tyrannide
3514 1522 3579 1576 li-

1964 1596 2198 1666 beraret,
2219 1611 2283 1655 'et
2313 1600 2378 1654 ad
2406 1603 2637 1657 salutem
2669 1604 2975 1660 reduceret.

2045 1688 2243 1745 Veritas
2288 1693 2659 1749 incarnationis
2704 1696 3041 1762 declaratur;
3083 1699 3444 1768 beneﬁciormn
3483 1702 3576 1758 Dei

1959 1794 2288 1837 monumenta
2318 1787 2370 1840 in
2399 1786 2770 1858 Scriptura.-—
2785 1788 2986 1844 Verum
3018 1799 3143 1845 tunc
3169 1793 3412 1862 quidem,
3439 1810 3574 1865 quo-

1960 1872 2102 1926 niam
2135 1873 2282 1930 initia
2313 1888 2365 1930 et
2395 1879 2657 1948 principia
2686 1889 2860 1945 erant,
2899 1883 2953 1935 in
2979 1881 3145 1952 figura
3177 1884 3468 1956 unicuique
3503 1887 3572 1942 il-

1958 1963 2132 2018 lorum
2161 1967 2474 2036 apparebat,
2502 1970 2643 2025 sicut
2675 1971 2792 2040 ipse
2825 1987 2922 2041 per
2945 1973 3110 2026 alium
3140 1975 3458 2044 ριόνιιριίιιη
3490 1977 3574 2033 di-

1955 2054 2027 2108 cit
2056 2071 2073 2108 :
2104 2055 2217 2126 Ego
2247 2057 2464 2113 visiones
2489 2061 2848 2133 multiplicari,
2870 2074 2915 2117 ct
2943 2065 2995 2117 in
3022 2067 3262 2120 amnibus
3288 2070 3565 2138 map/tcta-

1953 2162 2068 2199 rum
2093 2151 2407 2206 assimilatas
2448 2168 2560 2205 sum
2598 2152 2754 2223 (Osee
2803 2156 2890 2209 12.
2928 2155 3021 2227 10)
3068 2175 3080 2209 :
3128 2157 3345 2228 quando
3386 2171 3567 2218 autem

1950 2236 2206 2309 dignatus
2228 2250 2312 2297 est
2343 2243 2599 2301 Dominus
2623 2245 2913 2302 lmtnanam
2938 2245 3168 2305 formam
3193 2253 3491 2323 suscipere,
3516 2266 3572 2312 et

1952 2332 2214 2400 primitias
2245 2345 2456 2390 nostras
2485 2337 2746 2406 recipere,
2781 2356 2886 2393 non
2918 2341 2971 2393 iu
3003 2340 3168 2411 figura
3203 2359 3377 2413 neque
3402 2361 3571 2416 appa.

1951 2431 2160 2478 reutem
2193 2433 2399 2480 tantum
2429 2441 2675 2493 carnem,
2704 2428 2800 2483 sed
2829 2445 3021 2486 veram
3047 2431 3241 2488 induit.
3279 2434 3346 2488 Et
3367 2451 3567 2506 capro-

1949 2522 2067 2579 pter
2109 2515 2279 2570 voluit
2325 2531 2421 2586 per
2462 2519 2642 2572 omnia
2690 2531 2872 2574 nostra
2919 2523 3184 2590 transire,
3230 2540 3293 2580 ex
3341 2528 3569 2583 muliere

1949 2606 2118 2672 nasci,
2150 2607 2326 2663 infans
2357 2608 2495 2676 fieri,
2539 2611 2842 2680 panniculis
2887 2613 3111 2682 involvi,
3137 2624 3192 2669 et
3229 2616 3365 2670 lacte
3397 2619 3564 2686 pasci,

1946 2697 2159 2768 alioque
2203 2701 2382 2755 omnia
2427 2701 2595 2771 ferre,
2631 2712 2687 2758 ut
2729 2704 3150 2773 dispensationis
3198 2708 3396 2764 veritas
3437 2725 3562 2766 cre-

1943 2786 2164 2844 dibilior
2218 2802 2398 2856 esset,
2455 2804 2508 2848 et
2558 2793 2937 2849 haereticorum
2999 2811 3094 2850 ora
3157 2797 3561 2854 obturarentur.

1948 2879 2234 2950 Propterea
2293 2892 2349 2938 et
2403 2884 2606 2939 dormit
2663 2885 2715 2940 iu
2776 2886 2939 2951 navi,
3012 2897 3068 2941 et
3127 2888 3229 2941 iter
3288 2888 3447 2954 facit,
3506 2899 3565 2945 et

1943 2971 2227 3042 fatigatur,
2279 2983 2332 3028 et
2381 2976 2561 3028 omnia
2611 2976 2843 3030 humana
2896 2977 3164 3042 sustinet,
3216 2989 3273 3032 ut
3320 2995 3416 3049 per
3470 2995 3558 3036 res

1943 3061 2088 3133 ipsas
2157 3063 2428 3133 certisque
2485 3067 2820 3134 argumentis
2891 3067 3214 3134 persuadeat
3284 3069 3558 3125 omnibus.

1941 3152 2169 3223 Propter
2199 3153 2304 3208 hoc
2349 3156 2512 3209 etiam
2555 3157 2808 3211 tribunali
2855 3158 3064 3224 adstat,
3103 3167 3160 3214 et
3204 3160 3556 3232 crucifigitur,

1939 3254 2277 3315 mortemque
2306 3246 2540 3300 sustinet
2568 3247 3158 3317 ignominiosissimam,
3191 3259 3247 3305 et
3288 3253 3339 3305 in
3379 3254 3560 3323 sepul-

1939 3349 2033 3388 cro
2063 3337 2299 3404 ponitur,
2336 3346 2394 3392 ut
2431 3353 2528 3394 sua
2573 3339 2873 3393 incarnatio
2905 3356 3001 3410 per
3025 3343 3206 3396 omnia
3249 3344 3341 3398 fiat
3385 3345 3560 3400 maui-

1938 3427 2097 3483 festa.
2130 3429 2262 3484 Nam
2291 3430 2336 3484 si
2366 3447 2472 3486 non
2510 3447 2638 3486 vere
2677 3445 2900 3486 cantem
2936 3443 3179 3489 nostram
3218 3437 3511 3507 assumpsit
3541 3454 3554 3492 :

1940 3536 2114 3591 neque
2140 3521 2430 3577 cruciﬁxus
2455 3530 2560 3587 est,
2594 3537 2770 3593 neque
2794 3533 3060 3590 mortuus,
3087 3539 3261 3594 neque
3290 3527 3558 3596 sepultus,

1939 3628 2113 3682 neque
2154 3615 2469 3668 resurrexit.
2513 3613 2668 3682 Quod
2700 3615 2744 3669 si
2773 3630 2880 3669 non
2910 3615 3235 3681 resurrexit,
3282 3618 3460 3672 omnis
3488 3619 3556 3675 de

1941 3703 2312 3759 incarnatione
2341 3720 2524 3760 sermo
2549 3707 2844 3762 subversus
2874 3715 2979 3760 est.
3017 3706 3179 3761 Vides
3209 3709 3261 3761 in
3293 3719 3552 3779 quautam

1939 3792 2329 3848 absurditatem
2356 3795 2602 3850 incidunt
2628 3797 2721 3866 qui
2746 3795 2943 3851 divina:
2972 3797 3268 3868 Scriptum
3287 3812 3557 3856 cationent

1936 3884 2089 3954 sequi
2147 3885 2374 3952 nolunt,
2430 3886 2526 3940 sed
2580 3887 2694 3942 suis
2756 3887 3177 3958 cogitationibus
3240 3889 3557 3959 permittunt

1936 3975 2159 4028 omnia?
2205 3975 2401 4030 Verum
2449 3978 2589 4033 sicut
2635 3978 2722 4032 hic
2771 3979 3052 4049 perspicua
3083 3988 3169 4035 est
3215 3981 3437 4047 veritas,
3483 3982 3552 4035 ita

1935 4065 2075 4134 apud
2111 4066 2317 4146 justum
2351 4067 2503 4122 illum
2557 4068 2727 4138 figura
2771 4069 3018 4139 quaedam
3064 4078 3202 4135 erat,
3255 4086 3352 4141 per
3390 4087 3557 4142 quam

1933 4157 2118 4226 justus
2148 4160 2331 4214 multis
2360 4163 2696 4232 argumentis
2724 4163 2927 4218 certior
2970 4161 3144 4225 fieret,
3179 4176 3436 4234 quantam
3470 4167 3555 4219 sui

1935 4264 2117 4305 curam
2152 4253 2291 4307 Deus
2337 4253 2582 4320 haberet,
2632 4265 2687 4309 et
2741 4255 2998 4310 invictum
3048 4272 3107 4310 se
3155 4257 3392 4311 futurum
3431 4273 3555 4314 esse

1934 4344 2187 4397 omnibus
2218 4345 2306 4414 qui
2339 4346 2441 4400 sibi
2473 4347 2879 4402 insidiareutur.
2912 4347 3136 4410 Deinde,
3165 4359 3219 4403 ut
3255 4352 3553 4418 posteritati

1935 4441 2060 4485 nota
2093 4433 2244 4488 ﬁeret
2270 4436 2387 4504 ejus
2418 4436 2576 4504 visio,
2612 4435 2958 4504 Claudicavit,
2989 4439 3183 4508 inquit,
3216 4440 3410 4506 femore
3429 4457 3553 4495 suo.

1938 4525 2026 4578 ³52.
2068 4525 2292 4596 Pr0pter
2317 4527 2412 4581 hoc
2441 4545 2544 4583 non
2571 4529 2842 4583 comedunt
2883 4530 2982 4599 ﬁlii
3023 4529 3193 4583 Israel
3223 4548 3433 4585 uerrunt
3463 4535 3549 4601 qui

1935 4620 2202 4686 emarcuit,
2238 4621 2325 4691 qui
2367 4632 2439 4676 est
2480 4639 2635 4693 super
2679 4622 3001 4675 latitudinem
3030 4618 3260 4693 femoris,
3303 4639 3462 4694 usque
3502 4625 3563 4678 iis

1935 4711 2070 4765 hanc
2100 4711 2234 4765 diem
2263 4727 2285 4766 ε
2313 4712 2433 4782 quia
2462 4714 2630 4784 attigit
2670 4729 2889 4767 nervum-
2926 4729 3080 4782 super
3112 4713 3438 4766 latitudinem
3475 4719 3556 4786 [ο-

1937 4805 2090 4858 moris
2111 4802 2295 4872 Iacob,
2323 4814 2370 4858 et
2392 4806 2662 4861 emarcuit.
2690 4804 2957 4873 Quoniam
2985 4804 3131 4859 enim
3163 4804 3342 4874 justus
3368 4804 3558 4874 imple

1937 4898 2005 4950 tis
2031 4898 2154 4951 vita:
2196 4914 2309 4952 suae
2348 4897 2526 4965 annis,
2576 4899 2935 4970 emigraturus
2969 4905 3086 4952 erat
3129 4912 3196 4952 ex
3236 4896 3338 4953 bac
3377 4899 3492 4953 vita
3537 4918 3549 4952 :

1936 4991 2222 5059 Oportebat
2246 5000 2425 5046 autem
2455 4991 2850 5062 providentiam
2881 4991 2974 5044 Dei
3019 4991 3071 5043 in
3105 4990 3279 5055 illum,
3321 4999 3377 5045 et
3421 4999 3554 5046 tau-

1937 5091 2044 5136 tam
2076 5083 2168 5138 Dei
2197 5085 2702 5154 attemperatiouem
2742 5085 2887 5139 onmi
2923 5082 3200 5137 hominum
3228 5081 3416 5152 generi
3445 5082 3550 5136 dc-

1937 5175 2129 5228 clarari
2161 5192 2173 5227 :
2207 5173 2582 5246 ldeo,inquit,
2625 5193 2727 5231 non
2767 5177 3037 5231 comedunt
3085 5175 3182 5244 ﬁlii
3227 5173 3401 5230 Israel
3433 5192 3555 5228 ner-

1937 5283 2053 5320 vum
2097 5267 2386 5323 latitudinis
2423 5270 2654 5340 femoris,
2699 5270 2784 5340 qui
2829 5268 3097 5322 emarcuit.
3147 5265 3336 5322 Sciens
3365 5282 3560 5322 eorum

1939 5360 2226 5415 admodum
2257 5361 2520 5432 ingratam
2552 5371 2812 5428 mentem,
2854 5371 2909 5416 et
2953 5376 3113 5430 quam
3159 5359 3319 5415 facile
3357 5361 3554 5415 oblivi-

1939 5460 2156 5506 scantur
2176 5451 2268 5506 Dei
2295 5453 2575 5516 beneficia,
2605 5463 2863 5523 perpetuo
2883 5452 3100 5507 artibus
3119 5449 3440 5520 quibusdam
3471 5450 3554 5505 cf-

1941 5544 2051 5599 ficit
2091 5556 2146 5600 ut
2174 5560 2519 5601 monumenta
2560 5547 2793 5602 habeant
2837 5561 3027 5601 eorum
3073 5559 3192 5614 qua:
3233 5557 3264 5596 a
3308 5557 3367 5598 se
3415 5541 3553 5596 facta

1942 5646 2087 5705 sunt,
2122 5638 2476 5709 providetque
2503 5653 2560 5694 ut
2600 5640 2688 5694 illa
2728 5641 3060 5693 monimenta
3103 5650 3201 5706 per
3246 5634 3558 5702 hujusutodi

1943 5730 2348 5788 observationes
2372 5731 2782 5796 custodiantur;
2812 5729 2862 5785 id
2905 5727 3050 5800 quod
3095 5741 3190 5798 per
3219 5725 3560 5794 Scriptorum

1948 5832 2114 5879 totam
2132 5823 2397 5881 invenies.
2426 5823 2554 5880 llaec
2578 5824 2729 5879 enim
2750 5822 2991 5879 maxima
3016 5833 3176 5877 causa
3195 5826 3279 5875 est
3299 5814 3553 5889 plurima-
