4086 6446
551 439 648 494 511

550 568 666 607 rum
698 547 1155 614 Observationum,
1185 544 1325 615 quod
1357 543 1485 598 velit
1523 548 1776 613 perpetuo
1808 540 2010 593 futuras
2035 550 2127 604 ge-

549 642 853 698 nerationes
893 638 1138 711 meditari
1185 635 1442 691 beneficia
1488 635 1602 699 Dei,
1643 638 1698 687 et
1738 645 1842 683 non
1877 627 2141 683 oblivione

552 747 801 802 nunquam
826 730 1172 784 obliterantes
1197 726 1265 780 ad
1292 740 1419 779 suos
1448 737 1662 778 errores
1689 733 1970 775 recurrere
2006 734 2020 771 :
2051 716 2142 786 qui

550 840 667 881 mos
698 823 792 877 fuit
818 821 1122 876 Judaeurum
1151 819 1381 874 maxime
1398 816 1544 888 genti
1569 814 1871 884 peculiaris.
1897 811 2028 866 Nam
2051 809 2141 880 qui

549 915 620 970 de
645 912 918 970 beneficiis
939 926 1082 982 saepe
1108 924 1373 965 summam
1402 924 1508 978 pne
1537 921 1595 960 se
1623 905 1857 959 tulerunt
1883 903 2140 972 ingratam

550 1009 913 1071 voluntatem,
966 1003 1131 1058 multo
1171 1001 1363 1070 magis,
1409 999 1512 1053 nisi
1539 999 1642 1054 hoc
1682 995 1868 1050 fuisset
1919 994 2138 1058 factum,

549 1097 728 1152 omnia
757 1110 877 1165 quae
915 1109 946 1148 a
988 1094 1097 1148 Deo
1143 1093 1194 1145 in
1238 1092 1384 1161 ipsos
1414 1089 1550 1144 facta
1592 1095 1737 1150 sunt,
1772 1100 1804 1140 e
1836 1094 2013 1138 mente
2048 1098 2143 1138 sua

549 1187 890 1257 abjecissent.
927 1185 1194 1239 Caeterum
1235 1180 1510 1236 videamus
1548 1193 1691 1233 nunc
1729 1173 2001 1246 quomodo
2033 1174 2142 1227 fra-

554 1281 619 1335 tri
656 1295 752 1333 suo
773 1276 1006 1332 Iacobus
1030 1273 1344 1330 occurrerit.
1373 1272 1659 1340 Postquam
1675 1269 1822 1324 enim
1852 1282 1916 1321 ex
1940 1265 2004 1319 iis
2024 1279 2144 1333 qua}

551 1372 685 1425 facta
713 1377 856 1432 sunt,
891 1367 1136 1421 idoneam
1159 1365 1366 1434 accepit
1388 1361 1809 1418 consolationem
1832 1368 1886 1412 et
1914 1358 2141 1426 promis-

551 1468 756 1515 sionem
792 1457 935 1529 quod
985 1456 1137 1512 furtis
1179 1455 1390 1510 futurus
1435 1460 1601 1519 esset,
1651 1459 1709 1506 et
1751 1459 1941 1519 potens
1980 1448 2144 1501 etiam

552 1559 736 1604 contra
764 1548 1026 1611 homines,
1062 1547 1114 1600 1.
1148 1545 1373 1599 Elevatis
1399 1543 1560 1596 oculis
1591 1540 1735 1607 vidit,
1780 1548 1825 1593 et
1855 1554 1969 1592 ecce
2003 1535 2146 1590 Esai‘t

553 1646 711 1711 frater
739 1641 870 1708 ejus,
899 1648 945 1691 et
967 1635 1324 1707 quadringenti
1342 1636 1437 1688 viri
1458 1649 1579 1687 cum
1613 1647 1695 1685 eo.
1733 1630 1797 1683 Et
1842 1629 2008 1683 divisit
2050 1627 2145 1680 Ja-

553 1732 643 1786 cob
670 1747 850 1800 pueros
876 1729 943 1781 ad
970 1727 1115 1781 Liam
1139 1737 1184 1780 et
1212 1725 1427 1791 Rachel,
1457 1733 1503 1778 et
1545 1724 1675 1776 duas
1709 1722 1957 1774 ancillas-
1979 1719 2035 1773 2.
2079 1719 2146 1772 Et

559 1823 724 1891 posuit
753 1822 881 1874 duas
923 1820 1134 1873 ancillas
1177 1826 1223 1871 et
1253 1832 1436 1886 pueros
1487 1832 1662 1869 earum
1702 1815 1753 1867 in
1795 1810 2063 1883 principio,
2101 1822 2146 1864 et

555 1913 702 1967 Liant
727 1923 772 1966 et
799 1928 978 1981 pueros
1005 1912 1114 1981 ejus
1142 1919 1314 1980 postea
1337 1949 1352 1974 ,
1396 1918 1442 1962 et
1489 1907 1684 1962 Rachel
1729 1922 1790 1958 ac
1823 1903 2014 1974 Ioseph
2056 1920 2146 1973 po-

558 2006 858 2060 stremos.3.
897 2002 924 2057 1
932 2020 1020 2072 pse
1042 2013 1212 2057 autem
1250 2003 1502 2073 prwcessit
1536 2010 1653 2055 ante
1698 2016 1782 2053 eos
1825 2009 1872 2053 et
1917 1997 2147 2050 adoravit

556 2112 709 2166 super
747 2105 931 2148 terram
969 2096 1172 2162 septies,
1203 2093 1361 2146 donec
1387 2091 1808 2164 apprOpinquavit
1841 2088 1908 2141 ad
1938 2088 2148 2157 fratrem

552 2207 701 2244 suum
726 2187 881 2260 (Cap.
908 2189 977 2243 98
995 2190 1032 2258 ).
1068 2187 1202 2242 Vide
1229 2187 1497 2257 quomodo
1526 2185 1790 2240 divisione
1831 2184 1963 2237 facta
1985 2224 1998 2247 ,
2033 2183 2148 2253 ipse

555 2297 664 2350 pne
692 2281 942 2334 omnibus
976 2279 1226 2332 occurrit.
1261 2277 1328 2330 Et
1363 2277 1596 2329 adoravit
1630 2292 1781 2345 super
1817 2284 2022 2338 terram,
2064 2273 2146 2326 in.

552 2372 686 2441 quit,
716 2371 916 2439 septies,
951 2369 1108 2422 donec
1138 2368 1568 2438 appropinquavit
1605 2366 1672 2418 ad
1714 2370 1922 2436 fratrem
1947 2381 2096 2419 suum
2131 2379 2148 2418 :

555 2477 650 2532 per
685 2470 888 2532 gestus,
919 2469 976 2515 et
1003 2475 1097 2530 per
1126 2459 1490 2514 adorationem
1521 2458 1739 2513 fratrem
1774 2459 1824 2511 in
1870 2460 1949 2512 sui
1981 2458 2146 2511 bene-

552 2553 841 2607 volentiam
874 2565 1209 2619 provocans:
1243 2549 1291 2603 id
1320 2549 1460 2618 quod
1485 2558 1542 2602 et
1567 2547 1761 2602 factum
1788 2559 1888 2602 est.
1924 2549 1978 2601 4.
2011 2547 2149 2600 Nam

554 2644 699 2698 Esau
723 2658 1010 2707 occurrens,
1038 2641 1228 2709 inquit,
1259 2640 1578 2709 amplexatus
1608 2649 1680 2693 est
1708 2656 1842 2703 eum,
1869 2649 1916 2692 et
1946 2641 2146 2693 oscula-

557 2746 636 2789 tus
663 2745 754 2798 est,
781 2733 1091 2802 prociditque
1127 2732 1182 2785 in
1210 2732 1397 2784 collum
1427 2732 1537 2801 ejus
1567 2747 1585 2784 .'
1626 2741 1672 2783 et
1701 2729 1891 2798 ﬂebant
1920 2739 2145 2799 uterque.

627 2825 685 2879 4.
731 2823 859 2878 Vide
888 2823 1340 2892 dispensationem
1375 2822 1467 2876 Dei
1500 2839 1513 2874 :
1544 2821 1686 2891 quod
1731 2821 1872 2876 enim
1913 2820 2030 2875 heri
2071 2821 2151 2875 di-

555 2918 763 2983 cebam,
785 2916 834 2970 id
856 2917 1148 2970 etiamnum
1175 2914 1368 2969 dicam.
1397 2913 1619 2983 Quando
1645 2915 1756 2968 vult
1775 2915 2015 2967 omnium
2042 2914 2146 2968 Do-

555 3011 732 3063 minus
775 3023 924 3062 suam
969 3023 1092 3077 erga
1141 3022 1239 3062 nos
1286 3007 1562 3063 declarare
1609 3007 2019 3078 providentiam,
2056 3022 2150 3062 eos

556 3101 715 3156 etiam
744 3099 832 3168 qui
865 3100 1028 3155 atroci
1059 3099 1109 3152 in
1159 3114 1256 3154 nos
1284 3100 1463 3154 animo
1491 3108 1635 3165 sunt,
1681 3099 1869 3154 ovibus
1903 3113 2151 3153 mansuc-

557 3191 721 3246 tiores
766 3189 909 3244 facit.
957 3190 1249 3244 Considera
1294 3190 1453 3260 igitur
1497 3199 1750 3260 quantam
1800 3191 2150 3245 mutationem

556 3283 794 3337 declarat
840 3281 1001 3336 Esau.
1051 3281 1284 3334 Accurrit
1332 3281 1496 3346 enim,
1543 3281 1731 3351 inquit,
1783 3281 1837 3334 in
1888 3297 2152 3335 occursum

557 3374 686 3444 ejus,
734 3382 781 3426 et
830 3373 1150 3442 amplexatus
1197 3389 1310 3426 eum
1360 3373 1616 3425 osculatus
1657 3381 1766 3436 est;
1815 3382 1860 3426 et
1907 3373 2150 3441 ﬂeverunt

556 3467 720 3519 antbo.
751 3465 846 3520 Vix
876 3465 1087 3518 tandem
1113 3448 1290 3534 justus
1311 3464 1594 3534 respiravit
1615 3473 1669 3518 et
1698 3464 1942 3518 timorem
1967 3480 2152 3519 excus-

556 3557 643 3618 sit,
678 3556 968 3608 animosior
999 3555 1189 3609 factus.
1225 3555 1276 3611 5.
1305 3553 1529 3610 Eleuatis
1555 3564 1723 3608 autem
1749 3556 1926 3622 oculis,
1958 3556 2147 3626 inquit,

559 3646 699 3701 Esau
724 3647 847 3699 vidit
886 3648 1119 3700 mulieres
1148 3655 1194 3700 et
1233 3663 1432 3716 pueros,
1467 3657 1512 3699 et
1556 3646 1706 3714 dixit,
1741 3647 1878 3714 Quid
1921 3648 2027 3702 haec
2064 3649 2152 3704 tibi

557 3740 711 3793 sunt?
736 3739 932 3794 Videns
955 3739 1098 3793 enim
1129 3737 1307 3792 fratris
1337 3737 1638 3804 facultates,
1667 3739 1719 3792 in
1745 3739 2148 3795 admirationem

556 3832 816 3887 adductus
836 3840 938 3898 est,
965 3831 1084 3886 ideo
1105 3841 1162 3886 et
1186 3845 1374 3901 rogare
1392 3831 1579 3885 voluit.
1601 3831 1738 3899 Quid
1762 3832 1919 3901 igitur
1934 3832 2151 3900 justus?

560 3923 707 3988 Filii,
738 3912 925 3993 inquit,
957 3932 1092 3987 sunt,
1121 3921 1300 3993 quibus
1347 3922 1738 3976 misericorditer
1766 3922 1971 3976 donauit
2014 3921 2151 3977 Deus

557 4032 754 4069 servum
783 4024 944 4067 tuum.
976 4013 1112 4068 Vide
1136 4021 1393 4083 quantum
1417 4012 1844 4068 mansuetudinis
1865 4014 2028 4068 robur
2057 4032 2069 4067 :
2099 4024 2153 4068 et

559 4103 829 4173 quomodo
859 4119 955 4173 per
982 4104 1264 4158 verborum
1295 4102 1589 4159 modestam
1620 4103 1971 4159 humilitatem
2012 4105 2152 4160 illius

559 4195 980 4266 indignationem
1008 4195 1168 4265 fregit
1193 4205 1246 4249 et
1271 4195 1551 4266 mitigavit.
1583 4195 1637 4250 6.
1673 4195 1740 4249 Et
1767 4198 2153 4268 appropinqua-

561 4297 761 4352 t-erunt,
791 4287 982 4356 inquit,
1006 4287 1205 4340 ancillae
1230 4296 1276 4340 et
1302 4288 1418 4356 ﬁlii.
1446 4287 1501 4340 7.
1531 4286 1598 4340 Et
1625 4288 1963 4342 adoraverunt
1987 4288 2081 4342 Lia
2102 4301 2150 4343 et

559 4376 771 4430 Rachel.
819 4376 885 4430 Et
914 4377 1039 4430 dixit
1077 4392 1095 4431 :
1128 4378 1180 4432 8.
1231 4378 1368 4442 Quid
1398 4378 1506 4432 haec
1544 4379 1630 4432 tibi
1664 4389 1802 4446 sunt,
1847 4381 2018 4434 omnia
2057 4397 2148 4434 ca-

554 4479 660 4522 stra
684 4467 774 4521 illa
800 4483 914 4537 qua:
942 4468 1066 4521 mihi
1091 4467 1287 4522 obviam
1312 4469 1593 4522 venerunt?
1616 4468 1718 4523 Ille
1761 4479 1930 4524 autem
1957 4471 2085 4525 dixit
2129 4487 2150 4527 :

558 4557 628 4614 Ut
653 4560 870 4613 inveniat
898 4577 1066 4614 servus
1093 4569 1210 4615 tuus
1235 4562 1454 4632 gratiam
1479 4579 1650 4616 coram
1681 4573 1746 4616 te.

630 4648 936 4704 Humilitate
956 4652 1106 4704 uincit
1133 4655 1344 4722 fratrem
1363 4651 1544 4706 Jacob.
1563 4683 1636 4694 ——
1649 4652 1965 4721 Considera,
1987 4655 2148 4710 obse-

554 4753 670 4805 cro,
701 4740 969 4808 quomodo
1010 4740 1308 4797 humilitate
1352 4743 1553 4812 ingenti
1583 4742 1804 4798 fratrem
1830 4743 2086 4800 devicerit
2130 4763 2144 4798 :

555 4839 611 4884 et
632 4844 790 4899 quem
825 4829 1044 4898 putabat
1068 4831 1206 4885 affici
1231 4847 1356 4901 erga
1396 4845 1456 4886 se
1483 4831 1750 4888 hostiliter
1774 4841 1830 4888 et
1873 4835 2145 4901 atrociter,

557 4918 631 4972 ita
660 4918 925 4972 invenerit
967 4928 1302 4975 mansuetum
1336 4929 1394 4975 ut
1431 4921 1660 4976 voluerit
1701 4921 1754 4975 in
1796 4923 2146 4980 ministerium

556 5007 676 5077 ejus
702 5022 863 5065 omne
907 5007 1143 5065 officium
1181 5025 1336 5066 suum
1378 5012 1673 5068 declarare.
1715 5014 1769 5069 9.
1801 5013 1946 5069 Dixit
1979 5017 2144 5083 enim,

554 5097 745 5168 inquit,
777 5108 895 5152 sunt
933 5099 1059 5153 mihi
1097 5101 1276 5167 multa,
1305 5103 1485 5172 frater,
1525 5105 1626 5159 sint
1663 5105 1751 5159 tibi
1795 5114 1901 5159 tua.
1951 5105 2146 5162 Verum

555 5205 731 5259 neque
759 5190 861 5245 hoc
891 5193 1130 5258 permisit
1155 5193 1353 5261 Jacob,
1383 5195 1478 5251 sed
1518 5207 1822 5253 monstrans
1847 5199 2034 5269 quanti
2065 5198 2146 5253 fa-

555 5285 662 5340 ciat
681 5284 797 5354 ejus
815 5285 1122 5353 amicitiam,
1143 5287 1332 5357 inquit.
1361 5289 1445 5344 10.
1476 5288 1538 5344 Si
1555 5290 1720 5344 inveni
1737 5293 1953 5362 gratiam
1974 5308 2146 5346 coram

555 5387 623 5442 te,
653 5376 825 5446 accipe
843 5377 978 5431 dona
997 5378 1061 5432 de
1081 5381 1312 5434 manibus
1335 5381 1479 5437 meis.
1509 5381 1647 5436 Nam
1676 5395 1882 5452 propter
1904 5386 1997 5438 hoc
2018 5385 2147 5440 vide-

555 5467 670 5520 bam
705 5468 886 5538 faciem
915 5479 1086 5536 tuam,
1109 5473 1255 5541 quasi
1274 5473 1458 5544 aliquis
1484 5475 1647 5529 videat
1673 5477 1862 5530 vultum
1890 5477 2005 5531 Dei.
2044 5480 2147 5533 Ac-

554 5559 707 5628 cipe,
739 5559 945 5628 inquit,
977 5561 1116 5617 dona
1156 5579 1276 5634 quae
1317 5580 1346 5617 a
1392 5580 1479 5621 me
1515 5566 1609 5620 tibi
1647 5566 1960 5622 oﬂ'eruntur.
2012 5570 2142 5624 Cum

554 5657 696 5703 tanta
726 5651 868 5703 enim
891 5649 1220 5720 jucunditate
1244 5654 1352 5710 vidi
1383 5655 1569 5712 faciem
1601 5667 1766 5725 tuam,
1798 5674 1919 5714 cum
1947 5669 2142 5731 quanta

553 5739 674 5809 quis
704 5739 895 5796 viderit
927 5740 1019 5798 Dei
1050 5743 1259 5802 faciem.
1311 5747 1426 5802 lloc
1472 5750 1645 5820 magni
1691 5751 1929 5822 obsequii
1976 5754 2144 5822 gratia

551 5828 752 5888 dictum
782 5840 922 5890 ests
945 5832 1109 5906 justo,
1144 5845 1201 5894 ut
1228 5852 1349 5896 eum
1375 5837 1727 5910 demulcerct,
1756 5850 1807 5898 et
1844 5840 1912 5899 ad
1952 5841 2143 5901 fratcr-

1297 428 1356 485 S.
1397 423 1676 483 JOANNIS
1711 417 2190 479 CllllYSOSTOMi
2230 416 2548 473 ARCIIIEP.
2589 415 3124 471 CONSTANTINOP.

3749 406 3858 464 ειη

2251 547 2372 584 nam
2397 529 2827 585 benevolentiam
2860 528 3100 584 duceret.
3135 526 3199 582 Et
3227 526 3594 595 beueplueitum
3619 524 3742 576 mihi
3775 529 3853 593 fa-

2246 623 2370 690 cies,
2395 623 2495 678 hoc
2507 632 2610 689 est,
2624 631 2833 692 gratum
2862 621 2992 675 mihi
3016 621 3198 675 facies.
3220 620 3305 674 Η.
3329 619 3515 686 Accipe
3527 618 3684 689 igitur
3714 616 3806 670 ben
3816 634 3868 670 e—

2248 715 2493 768 dictiones
2533 731 2660 784 quas
2694 713 2844 767 attuli
2881 712 2969 765 tibi
2989 753 3004 776 ,
3034 713 3152 780 quia
3180 711 3414 764 misertus
3447 721 3517 763 est
3546 709 3644 763 mei
3673 708 3816 761 Deus
3837 745 3862 775 ,

2247 815 2295 857 et
2318 815 2436 858 sunt
2454 806 2578 858 mihi
2598 805 2786 858 omnia.
2814 803 2892 858 Nc
2913 803 3202 869 detrectes,
3226 800 3418 871 inquit,
3441 801 3704 870 accipere.
3730 800 3860 854 Ha'c

2248 897 2390 948 enim
2418 882 2652 949 omniaa
2685 896 2792 949 Deo
2815 893 2944 947 mihi
2965 893 3159 947 donata
3193 900 3336 958 sunt,
3371 901 3425 946 et
3460 891 3545 945 hic
3584 889 3713 944 mihi
3753 889 3862 944 ho-

2248 1002 2366 1041 rum
2397 987 2637 1041 omnium
2657 986 3026 1056 suppeditator
3049 984 3219 1040 factus
3242 993 3344 1039 est.
3375 979 3477 1038 Per‘
3504 999 3622 1052 qua:
3645 983 3860 1051 placide

2249 1086 2307 1131 et
2333 1079 2479 1132 illum
2502 1078 2705 1144 docuit,
2725 1086 2921 1147 quanta
2951 1092 3075 1146 erga
3098 1092 3157 1131 se
3188 1076 3347 1132 fuerit
3370 1077 3462 1131 Dei
3494 1075 3854 1142 providentia,

2249 1178 2302 1224 et
2328 1169 2502 1224 effecit
2535 1178 2592 1224 ut
2616 1184 2861 1239 magnam
2898 1168 2997 1223 sibi
3038 1177 3394 1223 reverentiam
3435 1168 3734 1222 exhiberet.
3786 1163 3862 1218 Et

2248 1261 2408 1329 coegit
2433 1276 2568 1324 eum,
2587 1269 2634 1312 et
2652 1261 2866 1330 accepit.
2899 1258 3035 1314 Vide
3065 1274 3205 1313 nunc
3228 1258 3599 1312 mutationem.
3642 1256 3708 1311 Et
3726 1257 3864 1310 dixit

2255 1352 2414 1417 Esau,
2446 1352 2669 1421 Profecti
2697 1369 2867 1406 eamus
2898 1353 2949 1404 in
2971 1361 3156 1405 rectam
3184 1368 3203 1406 :
3231 1352 3342 1405 Hoc
3365 1360 3448 1405 est
3471 1392 3485 1416 ,
3516 1365 3656 1404 nunc
3693 1349 3862 1404 simul

2251 1443 2354 1496 iter
2382 1441 2661 1497 faciamus.
2713 1442 2805 1497 Ille
2825 1451 3004 1498 autem
3035 1450 3283 1496 causatus
3310 1442 3591 1496 honestum
3620 1452 3858 1510 praetex-

2254 1541 2361 1586 tum
2397 1550 2410 1584 :
2442 1531 2689 1586 Dominus
2707 1549 2866 1600 meus,
2893 1533 3080 1602 inquit,
3113 1533 3208 1586 scit
3227 1533 3362 1600 quod
3389 1532 3484 1599 ﬁlii
3514 1532 3607 1584 mei
3635 1531 3859 1584 teucria.

2253 1639 2352 1689 res,
2381 1632 2428 1676 et
2458 1638 2591 1688 oves,
2622 1633 2667 1675 et
2686 1623 2828 1676 boves
2852 1627 2986 1694 fwta:
3013 1623 3112 1676 sint
3143 1638 3162 1675 :
3183 1624 3225 1676 si
3255 1622 3407 1693 igitur
3431 1623 3566 1689 sequi
3591 1638 3647 1673 ea
3671 1638 3862 1691 cogam

2250 1728 2351 1764 uno
2378 1712 2459 1765 die
2478 1753 2492 1777 ,
2526 1713 2820 1765 morientur.
2843 1712 2962 1776 Non
2990 1726 3205 1781 possum
3232 1752 3246 1778 ,
3287 1712 3474 1782 inquit,
3507 1712 3862 1766 acceleratius

2250 1804 2426 1857 facere
2455 1807 2573 1868 iter,
2590 1803 2684 1858 sed
2699 1819 2859 1874 cogor
2881 1804 3024 1858 lente
3045 1813 3098 1858 et
3113 1803 3437 1873 pedetentim
3455 1803 3722 1872 progredi,
3747 1813 3860 1856 tam

2253 1903 2472 1964 propter
2508 1910 2702 1964 pueros
2735 1910 2893 1964 quam
2941 1903 3157 1964 propter
3183 1894 3436 1963 pecudes,
3460 1905 3517 1946 ut
3537 1909 3640 1948 non
3667 1894 3860 1947 labore

2255 1987 2479 2055 plurimo
2498 1986 2890 2056 pereant.Vade
2905 1987 3083 2055 igitur,
3105 1987 3294 2056 inquit,
3314 1996 3367 2040 tn
3387 2002 3514 2056 :ego
3527 1995 3705 2041 autem
3728 2003 3858 2056 pan

2252 2093 2381 2132 cens
2411 2078 2578 2131 labori
2626 2093 2912 2147 puerorum
2941 2087 2993 2131 et
3025 2078 3288 2146 pecudum
3316 2119 3330 2144 ,
3357 2078 3672 2132 conveniam
3709 2089 3762 2132 te
3804 2080 3861 2132 in

2253 2169 2390 2224 Scir.
2415 2169 2615 2235 Quibus
2633 2170 2828 2223 auditis
2846 2168 3007 2224 frater
3025 2170 3132 2224 :15.
3156 2170 3217 2224 Si
3246 2170 3339 2237 vis,
3361 2170 3550 2241 inquit,
3570 2172 3861 2239 relinquam

2253 2262 2449 2330 aliquos
2471 2279 2696 2315 meorum
2723 2262 2862 2331 apud
2888 2273 2953 2317 te.
2981 2262 3234 2318 Faciebat
3250 2265 3350 2319 huc
3369 2266 3419 2318 in
3443 2267 3652 2335 signum
3677 2269 3862 2335 magni

2255 2354 2475 2408 honoris
2498 2365 2552 2409 et
2577 2354 2761 2408 officii.
2796 2354 2888 2410 Ille
2914 2364 3090 2409 autem
3115 2355 3247 2409 nihil
3274 2357 3375 2410 tale
3395 2357 3621 2425 accepit.
3646 2356 3864 2411 Snfticit

2254 2447 2394 2501 enim
2427 2447 2578 2513 mihi,
2602 2448 2788 2517 inquit,
2811 2447 2951 2517 quod
2975 2465 3100 2502 vere
3126 2449 3302 2503 inveni
3330 2449 3551 2528 gratiam
3575 2465 3758 2504 coram
3783 2458 3860 2504 te.

2255 2539 2366 2592 lloc
2396 2555 2556 2592 unum
2583 2538 2711 2593 mihi
2737 2553 2881 2594 cura:
2911 2549 3046 2605 erat,
3078 2549 3136 2595 ut
3176 2541 3406 2596 amicum
3451 2549 3501 2595 te
3537 2542 3862 2596 invenirem.

2254 2629 2516 2695 Quoniam
2551 2631 2708 2700 igitur
2736 2630 2838 2686 hoc
2863 2639 3186 2702 assequutus
3207 2647 3347 2695 sum,
3377 2648 3482 2686 non
3508 2632 3733 2687 alterius
3759 2647 3864 2687 cu-

2250 2724 2483 2793 jnSpiam
2531 2724 2764 2794 indigeo.
2799 2725 2887 2778 17.
2914 2722 2984 2778 Et
3024 2725 3301 2795 profectus,
3332 2726 3521 2795 inquit,
3549 2724 3714 2779 Iacob
3739 2727 3862 2798 fecit

2254 2817 2348 2870 sibi
2373 2817 2473 2886 ipsi
2500 2827 2546 2870 et
2566 2818 2810 2886 jumentis
2833 2818 2938 2873 suis
2963 2819 3290 2873 tabernacula
3317 2834 3335 2872 :
3362 2828 3629 2889 propterea
3666 2820 3864 2874 vocarit

2255 2913 2421 2965 locum
2454 2911 2599 2964 illum
2628 2910 3001 2966 Tabernacula.

2326 2994 2380 3057 5.
2405 3001 2625 3056 Moralis
2645 3004 2910 3073 epilogus;
2949 3003 3178 3056 inimicos
3217 3004 3313 3057 sibi
3355 3002 3631 3057 conciliare
3671 3020 3865 3075 magna

2254 3095 2444 3158 uirtus;
2492 3097 2822 3148 mansuetudo
2861 3106 3103 3166 quantam
3145 3096 3243 3148 vim
3283 3095 3481 3149 habeat.
3509 3124 3578 3136 —-
3607 3095 3736 3149 llaec
3760 3112 3864 3150 au-

2255 3190 2459 3243 dientes
2486 3189 2757 3242 imitemur
2792 3188 2993 3256 justum
3033 3187 3207 3254 illum,
3245 3196 3299 3241 et
3335 3188 3578 3243 eamdem
3605 3187 3856 3243 exhibea-

2256 3297 2375 3335 mus
2401 3279 2760 3334 humilitatem
2788 3280 2956 3333 animi
2981 3297 2994 3332 :
3023 3288 3077 3334 et
3101 3279 3145 3332 si
3175 3279 3263 3348 qui
3291 3288 3415 3332 sunt
3440 3279 3529 3349 qui
3558 3279 3699 3333 male
3730 3294 3862 3348 erga

2257 3385 2356 3423 nos
2385 3369 2683 3424 afficiantur
2709 3411 2723 3433 ,
2750 3383 2855 3423 non
2885 3370 3055 3439 magis
3085 3383 3271 3423 eorum
3300 3367 3822 3435 accendamusiram
3844 3412 3861 3435 ,

2256 3460 2351 3516 sed
2380 3476 2567 3530 magna
2597 3461 3004 3515 mansuetudine
3031 3470 3086 3515 et
3114 3461 3414 3516 humilitate
3442 3470 3547 3516 tam
3570 3462 3863 3517 verborum

2255 3568 2414 3622 quam
2443 3567 2664 3623 operum
2692 3552 3047 3621 reprimamus
3072 3567 3256 3607 eorum
3289 3552 3614 3620 inimicitias,
3639 3564 3694 3609 et
3724 3553 3869 3609 indi-

2255 3650 2441 3712 gnatas
2464 3658 2650 3697 eorum
2682 3658 2932 3698 curemus
2961 3644 3188 3697 animas.
3212 3643 3347 3698 Vide
3372 3645 3512 3699 enim
3543 3647 3864 3714 sapientiam

2257 3734 2414 3802 hujus
2461 3733 2618 3802 justi.
2654 3733 2926 3803 quomodo
2958 3733 3465 3804 magna'verborum
3504 3735 3744 3790 efficacia
3789 3737 3863 3791 ita

2257 3824 2403 3879 Esau
2430 3823 2713 3890 demulsit,
2743 3833 2801 3879 ut
2825 3835 2878 3880 et
2903 3826 2970 3880 ad
3000 3841 3121 3881 eum
3149 3825 3432 3882 colendum
3456 3827 3774 3895 festinaret,
3809 3840 3866 3886 et

2255 3914 2432 3970 facere
2449 3917 2609 3971 vellet
2628 3918 2805 3971 omnia
2832 3933 2951 3987 qua:
2977 3918 3043 3973 ad
3073 3918 3188 3988 ejus
3212 3920 3547 3989 pertinebant
3569 3921 3860 3979 honorem.

2255 4008 2368 4063 Hoc
2396 4024 2522 4064 vere
2554 4024 2779 4064 summa:
2803 4010 3010 4065 virtutis
3038 4021 3120 4065 est
3145 4051 3161 4076 ,
3191 4019 3250 4065 ut
3287 4027 3392 4066 non
3429 4013 3603 4068 solum
3634 4029 3732 4070 eos
3769 4017 3863 4086 qui

2255 4101 2394 4156 bene
2422 4101 2475 4155 in
2503 4117 2602 4156 nos
2627 4101 2934 4157 afficiuntur
2954 4145 2970 4170 ,
3001 4118 3194 4174 magno
3234 4105 3414 4159 studio
3447 4106 3732 4176 diligamus
3753 4149 3768 4173 ,
3809 4120 3864 4166 et

2255 4191 2335 4247 cis
2359 4192 2608 4246 omnibus
2636 4192 2809 4248 modis
2836 4194 3132 4248 serviamus
3163 4189 3190 4247 :'
3209 4194 3304 4249 sed
3334 4203 3392 4250 ut
3428 4197 3590 4251 etiam
3632 4213 3729 4253 eos
3769 4202 3860 4270 qui

2255 4282 2411 4337 nobis
2437 4281 2614 4338 infesti
2652 4298 2775 4339 esse
2797 4284 3002 4350 volunt,
3036 4284 3348 4341 assiduitate
3374 4287 3671 4342 officiorum
3701 4290 3862 4346 nobis

2254 4375 2603 4430 conciliemus
2647 4379 2867 4432 arnicas.
2917 4377 3060 4434 Nihil
3099 4379 3240 4434 enim
3282 4381 3691 4438 mansuetudine
3743 4384 3863 4438 vio-

2255 4467 2472 4524 lentius.
2503 4467 2635 4524 Nam
2665 4470 2802 4526 sicut
2829 4487 3015 4542 rogum
3042 4472 3392 4529 vehementer
3417 4474 3693 4530 incensum
3719 4491 3861 4547 aqua

2256 4559 2448 4629 injecta
2481 4561 2785 4632 restinguit,
2818 4563 2887 4616 ita
2918 4572 2973 4617 et
2998 4563 3234 4618 animum
3265 4568 3477 4619 camino
3506 4565 3677 4635 magis
3699 4581 3862 4622 exar-

2255 4651 2564 4708 descentem
2585 4693 2600 4718 ,
2630 4654 2850 4708 verbum
2882 4668 3003 4708 cum
3031 4655 3441 4711 mansuetudine
3471 4655 3734 4726 prolatum
3766 4675 3863 4712 cx-

2255 4743 2476 4812 stinguit
2505 4761 2517 4797 :
2548 4752 2603 4798 et
2638 4744 2831 4815 duplex
2864 4744 2985 4800 inde
3009 4746 3163 4801 nobis
3189 4746 3396 4802 lucrum
3425 4751 3706 4818 accrescit,
3744 4761 3857 4808 tum

2254 4836 2394 4906 quod
2425 4852 2522 4890 nos
2549 4839 3013 4893 mansuetudinem
3051 4839 3371 4895 exhibemus
3391 4883 3404 4906 ,
3433 4850 3546 4896 tum
3571 4842 3713 4912 quod
3747 4843 3861 4898 fia-

2261 4929 2358 4984 tris
2390 4928 2805 4998 indignationem
2835 4930 3108 4999 sedamus,
3134 4941 3187 4987 et
3211 4941 3445 4988 mentem
3476 4935 3593 5003 ejus
3619 4950 3649 4989 a
3675 4935 3861 5007 turba-

2255 5022 2398 5076 tione
2424 5021 2735 5077 liberamus.
2762 5022 2901 5090 Quid
2930 5022 3106 5091 enim,
3139 5024 3226 5101 dic
3253 5026 3420 5080 mihi?
3449 5028 3641 5081 Annon
3673 5043 3861 5100 repre-

2254 5110 2445 5167 hendis
2485 5112 2700 5167 fratrem
2743 5124 2890 5168 tuum
2928 5122 2983 5169 et
3016 5129 3237 5171 accusas
3264 5116 3380 5186 ejus
3409 5117 3857 5188 indignationem,

2252 5202 2395 5273 quod
2428 5202 2696 5258 hostiliter
2720 5205 2791 5258 sit
2814 5204 3039 5260 affectus
3063 5221 3187 5277 erga
3215 5208 3304 5262 te?
3331 5207 3438 5263 Cur
3462 5208 3622 5278 igitur
3644 5225 3753 5264 non
3774 5210 3860 5266 di.

2252 5308 2406 5348 versa
2438 5296 2519 5348 via
2549 5295 2730 5349 studes
2756 5296 3026 5363 incedere,
3060 5298 3153 5353 sed
3186 5298 3299 5368 ipse
3333 5301 3502 5370 magis
3541 5302 3700 5358 irasci
3731 5303 3812 5357 vis
3833 5307 3859 5359 't

2251 5384 2387 5440 Num
2419 5396 2595 5456 potest
2624 5385 2728 5456 igni
2764 5388 2901 5457 ignis
2930 5391 3234 5460 exstingui?
3263 5391 3544 5462 Repugnat
3572 5393 3673 5449 hoc
3697 5403 3856 5450 natu-

2252 5493 2346 5532 ιω.
2379 5479 2469 5532 Sic
2493 5494 2666 5549 neque
2693 5479 2838 5534 furor
2862 5479 3044 5536 furore
3067 5482 3173 5537 alio
3191 5482 3484 5538 demulceri
3507 5485 3704 5553 poterit
3735 5503 3854 5541 um-

2251 5585 2434 5639 quam.
2469 5569 2682 5624 Etenim
2709 5571 2850 5640 quod
2883 5571 2990 5640 igni
3019 5580 3103 5628 est
3131 5587 3267 5644 aqua
3286 5615 3302 5638 ,
3336 5575 3435 5628 hoc
3462 5585 3548 5628 est
3574 5576 3666 5631 ira:
3692 5593 3854 5632 man-

2252 5660 2570 5716 suetudoct
2604 5662 2920 5718 moderatio.
2962 5663 3250 5735 Propterea
3278 5675 3332 5720 et
3359 5665 3606 5721 Christus
3640 5669 3855 5725 dicebat

2251 5752 2526 5824 discipulis
2559 5772 2572 5807 :
2603 5754 2664 5809 Si
2702 5754 2964 5827 diligentes
2989 5771 3075 5812 vos
3099 5757 3310 5827 diligitis
3334 5797 3348 5822 ,
3384 5774 3536 5828 quant
3573 5765 3852 5816 mercedem

2255 5845 2444 5902 habetis
2477 5844 2702 5916 (Matth.
2732 5846 2784 5903 5.
2815 5847 2884 5902 46
2905 5847 2964 5921 )‘l
3008 5847 3211 5905 Deinde
3243 5849 3410 5919 magis
3437 5849 3502 5905 ad
3534 5848 3631 5904 huc
3657 5853 3850 5908 cohor-
