4086 6436
255 357 362 415 813

255 471 351 523 tari
373 477 432 522 et
465 465 855 535 repiehcndere
883 464 1211 534 negligentes
1232 463 1440 527 volens,
1458 462 1588 516 dicit
1612 480 1625 513 :
1660 460 1846 514 Nonne

252 570 299 612 et
327 558 590 627 publicani
612 559 745 612 idem
774 558 1009 630 faciunt?
1029 556 1429 623 Quemcumque
1459 554 1601 608 enim
1639 553 1854 622 ignavo-

254 659 371 701 runi
398 648 699 718 sumpseris
719 691 733 707 .
759 662 932 701 nonne
965 646 1065 699 huc
1095 644 1255 699 facit?
1301 644 1484 698 Nonne
1505 654 1557 698 et
1587 643 1850 712 publicani

252 752 451 805 magno
491 739 669 791 studio
709 738 820 789 haec
874 734 1107 788 faciunt?
1149 734 1286 802 Quid
1338 744 1516 786 autem
1574 733 1853 800 publicano

250 827 530 883 deterius?
576 829 817 880 Attnuen
860 825 1097 879 invenies
1140 840 1262 879 eum
1311 824 1411 877 hoc
1448 822 1695 877 omnibus
1740 839 1855 876 ιιιο-

253 918 333 972 dis
378 916 710 981 observare,
754 927 805 971 et
840 932 944 969 non
973 926 1055 971 est
1086 915 1338 985 possibile
1378 925 1434 967 ut
1473 928 1577 967 non
1614 912 1856 967 redamct

256 1007 345 1075 qui
375 1014 611 1059 amatur.
662 1005 773 1075 Ego
800 1013 974 1059 autem
1011 1006 1131 1075 quia
1171 1012 1219 1057 et
1261 1004 1585 1058 elcelsiores
1612 1017 1705 1056 vos
1731 1015 1853 1055 esse

253 1097 395 1161 volo,
419 1104 476 1149 et
495 1094 691 1165 aliquid
713 1096 940 1163 amplius
962 1094 1183 1158 habere;
1202 1109 1308 1146 non
1332 1093 1432 1146 hoc
1451 1091 1738 1155 admoneo,
1757 1088 1852 1144 sed

253 1195 308 1241 ut
350 1187 601 1241 inimicos
633 1186 883 1256 diligatis.
915 1186 967 1240 ιιι
992 1185 1135 1255 quod
1167 1184 1352 1240 beatus
1379 1184 1466 1239 illc
1492 1193 1615 1238 ante
1645 1183 1849 1252 legem,

254 1289 378 1332 ante
399 1278 699 1331 decirinam
733 1278 801 1330 ah
824 1278 940 1330 aliis
960 1286 1234 1345 acceptam
1257 1284 1449 1345 sponte
1476 1290 1570 1329 sua
1604 1274 1725 1328 fecit
1752 1290 1765 1327 :
1799 1280 1854 1326 ct

258 1377 476 1437 propter
504 1368 856 1423 excellentem
898 1366 1357 1420 mansuetudinem
1401 1365 1546 1432 prius
1582 1362 1855 1432 superavit

257 1456 462 1522 Laban,
505 1472 648 1511 nunc
684 1469 859 1512 autem
903 1465 958 1512 et
1000 1456 1240 1511 fratrem.
1280 1454 1411 1509 Nam
1456 1455 1579 1510 licet
1618 1468 1853 1523 superno

252 1549 510 1618 praesidio
537 1548 708 1604 fretus
738 1547 912 1615 fuerit,
939 1558 1175 1602 attamen
1205 1546 1346 1617 quod
1377 1561 1533 1602 suum
1563 1555 1678 1600 erat
1707 1546 1853 1615 prius

251 1640 492 1692 exhibuit
518 1636 615 1709 (ιι).
637 1637 710 1691 Ita
738 1652 867 1692 sane
889 1649 941 1692 et
963 1652 1061 1691 nos
1087 1637 1499 1707 persuadeamus
1528 1636 1700 1703 nobis,
1731 1636 1854 1690 licet

254 1729 449 1784 millies
498 1731 807 1796 enitamur,
844 1728 976 1783 nihil
1019 1737 1196 1783 tamen
1249 1742 1467 1798 prorsus
1507 1736 1651 1783 recte
1691 1742 1853 1797 agere

257 1834 435 1887 posse,
469 1818 571 1874 nisi
600 1834 837 1888 superno
870 1818 1069 1872 auxilio
1104 1817 1336 1886 adjutos.
1378 1818 1527 1873 Sicut
1570 1819 1711 1873 cnim
1749 1818 1852 1871 nisi

256 1912 345 1965 illo
372 1910 617 1966 subsidio
641 1909 916 1977 fruamur,
944 1910 1073 1964 nihil
1110 1925 1360 1981 umquam
1394 1926 1677 1981 possumus
1707 1920 1853 1966 recte

252 2017 411 2071 agere
437 2020 452 2057 :
483 2002 555 2057 ita
577 2003 677 2057 nisi
702 2002 843 2072 quod
874 2014 1113 2055 nostrum
1143 2012 1223 2057 est
1248 2003 1603 2068 attulerimus,
1628 2018 1733 2057 non
1759 2017 1851 2072 po-

254 2094 478 2162 terimus
525 2110 818 2165 supernum
867 2094 1122 2149 auxilium
1160 2094 1423 2148 obtinere.
1471 2094 1665 2149 Demus
1695 2093 1854 2165 igitur

254 2200 475 2255 operam
504 2195 562 2241 ut
587 2195 641 2242 et
668 2195 845 2241 nostra
875 2185 1190 2250 aderamus,
1218 2198 1274 2242 et
1299 2201 1589 2257 supernum
1616 2186 1851 2241 favorem

251 2276 573 2342 alliciamus,
597 2287 725 2333 utet
746 2293 811 2333 ex
836 2286 1020 2333 nostro
1042 2278 1217 2334 studio
1241 2288 1295 2335 et
1320 2294 1383 2334 ex
1410 2278 1501 2334 Dei
1532 2279 1853 2350 benignita‘e

257 2370 490 2423 virtutes
520 2378 718 2423 no-tra:
747 2370 983 2439 quotidie
1010 2379 1255 2425 crescant
1278 2412 1291 2435 ,
1321 2372 1593 2441 multaque
1619 2386 1851 2440 superna

254 2458 498 2513 fruamur
519 2460 709 2528 gratia.
741 2460 890 2528 Quod
920 2460 1073 2516 nobis
1097 2461 1343 2516 omnibus
1363 2463 1708 2524 eoncedatur,
1732 2478 1849 2531 gra.

253 2551 323 2603 tia
354 2561 410 2605 et
437 2550 761 2622 benignitate
787 2551 994 2605 Domini
1027 2550 1192 2607 nostri
1218 2552 1341 2608 .lesu
1369 2552 1589 2620 Christi,
1618 2553 1703 2607 cui
1729 2567 1851 2607 cum

254 2644 413 2699 Patre
441 2654 493 2698 et
520 2655 706 2699 sancto
730 2644 930 2715 Spiritu
970 2644 1040 2701 sit
1076 2644 1241 2714 gloria
1259 2686 1275 2712 ,
1304 2644 1586 2715 imperium
1611 2687 1626 2712 ,
1655 2645 1848 2712 honor,

253 2751 399 2791 nunc
421 2744 478 2792 et
501 2751 733 2808 semper,
758 2745 814 2793 et
838 2736 891 2792 in
922 2738 1117 2792 siccula
1145 2736 1482 2793 sreculorum.
1514 2730 1705 2792 Amen.

826 2866 1109 2924 IIOMILIA
1148 2867 1287 2925 LIX.

253 2974 321 3032 Et
362 2978 676 3035 vacillat-ob
708 2979 784 3053 (b)
809 2981 861 3034 in
898 2980 1072 3036 Salem
1100 2981 1350 3036 civitatem
1372 2981 1688 3039 Secintorum
1730 2984 1781 3049 ',
1808 2993 1855 3037 et

323 3072 446 3124 emit
465 3080 657 3137 partem
682 3072 793 3140 agri
806 3071 869 3125 ab
888 3070 1047 3125 Emor
1064 3083 1207 3141 patre
1227 3071 1446 3143 Sycltem
1458 3086 1655 3128 centum
1672 3092 1818 3145 agnis
1834 3090 1857 3131 :

323 3173 371 3220 et
391 3163 548 3219 ercin
565 3163 633 3219 ibi
660 3164 851 3234 altare,
880 3172 927 3219 ct
953 3163 1198 3219 invocavit
1220 3161 1382 3219 Deum
1411 3162 1577 3221 Israel
1595 3163 1745 3240 (Gen.
1762 3166 1854 3223 '55.

327 3254 550 3325 18-20).

327 3348 376 3403 I.
424 3347 642 3403 Vidistis
668 3346 782 3403 heri
812 3358 866 3403 et
897 3350 1063 3403 nostri
1104 3352 1341 3405 omnium
1376 3352 1582 3407 Domini
1606 3354 1855 3407 eximiam

247 3438 614 3503 clementiam,
637 3447 691 3493 et
709 3439 1089 3509 discipulorum
1121 3440 1536 3511 philosophiam,
1561 3453 1615 3498 et
1642 3443 1855 3498 ludam-

250 3546 372 3585 rnni
398 3528 663 3600 ingratum
688 3529 966 3583 animum?
991 3529 1209 3586 Vidistis
1232 3538 1428 3601 quanta
1452 3546 1573 3587 cum
1598 3534 1853 3602 patientia

250 3634 443 3675 eorum
500 3619 863 3688 impudentem
912 3621 1191 3677 audaciam
1239 3623 1615 3679 obmutescere
1656 3627 1853 3695 coegit,

250 3724 378 3766 cum
416 3725 547 3765 suos
574 3721 855 3766 excusaret
882 3710 1177 3782 discipulos
1199 3755 1211 3776 ,
1245 3725 1555 3770 monstrans
1590 3715 1735 3784 ipsos
1762 3717 1853 3786 qui

253 3800 427 3869 legem
457 3800 732 3857 vindicare
758 3803 1030 3867 volebant,
1056 3804 1185 3874 legis
1211 3804 1543 3861 voluntatem
1586 3807 1854 3877 ignorare,

252 3900 309 3947 et
352 3891 649 3948 irradiante
678 3894 904 3950 veritate
923 3937 938 3961 ,
963 3894 1139 3951 adhuc
1180 3897 1383 3951 umbra:
1405 3898 1646 3955 assidere
1674 3901 1811 3956 velle
1832 3902 1865 3961 τ.

257 3984 479 4040 Vidistis
508 3984 778 4054 quomodo
813 3986 923 4054 jam
964 3986 1089 4042 inde
1134 3988 1202 4041 ab
1237 3988 1389 4042 initio
1437 3991 1849 4047 observationes

255 4075 455 4144 legales
504 4074 716 4130 auferre
753 4076 1038 4142 studebat,
1088 4077 1289 4133 docens
1329 4094 1457 4144 eos,
1503 4090 1694 4137 exorto
1742 4084 1856 4139 sole

250 4166 496 4235 ίιιδιίιίειι,
527 4165 763 4221 lucerna:
792 4167 969 4223 lumen
1002 4168 1133 4223 nihil
1160 4170 1269 4239 jam
1296 4168 1511 4226 efficere
1540 4189 1696 4241 posse
1716 4174 1739 4227 ?
1757 4174 1855 4229 Ju-

256 4257 354 4311 bar
376 4255 523 4310 enim
550 4255 744 4311 solaris
771 4258 995 4311 luminis
1023 4259 1165 4329 quod
1206 4261 1415 4314 accedit
1434 4302 1448 4324 ,
1478 4262 1579 4317 hoc
1606 4264 1768 4332 tegit,
1800 4274 1856 4319 et

254 4348 426 4403 videri
458 4362 566 4403 non
592 4347 741 4402 sinit.
767 4348 1037 4404 Didicistis
1078 4350 1349 4420 quomodo
1376 4352 1632 4420 possibile
1659 4354 1729 4408 sit
1751 4395 1765 4413 ,
1797 4365 1855 4411 ut

255 4436 403 4492 feria:
430 4447 706 4513 perpetuae
734 4446 978 4508 agantur,
1009 4447 1064 4495 et
1090 4456 1118 4493 ει
1146 4448 1446 4510 temporum
1473 4443 1853 4501 observatione

254 4529 565 4586 liberemur.
588 4527 722 4584 Nam
768 4541 986 4601 propter
1026 4531 1129 4586 hoc
1158 4533 1304 4587 venit
1346 4533 1605 4590 Dominus
1644 4548 1851 4604 noster,

254 4631 312 4674 ut
341 4634 443 4674 nos
472 4620 727 4674 liberaret
754 4635 783 4673 ει
815 4629 1119 4690 temporum
1167 4624 1491 4680 necessitate
1526 4644 1539 4679 :
1570 4635 1624 4680 et
1670 4628 1853 4685 efﬁce-

253 4721 357 4778 ret,
379 4720 433 4767 ut
464 4712 627 4766 altius
655 4712 1011 4780 evolaremus,
1042 4724 1097 4769 et
1121 4716 1232 4785 jam
1275 4718 1327 4771 in
1355 4718 1492 4772 carlo
1533 4719 1853 4778 haberemus

255 4806 643 4874 municipatum
667 4846 682 4871 ,
713 4815 767 4859 et
794 4820 915 4860 cum
944 4807 1118 4861 adhuc
1150 4808 1394 4865 homines
1432 4827 1648 4878 sumus,
1670 4814 1851 4885 Ange-

296 4941 333 5000 ,ί
368 4948 511 5015 1quta
532 4939 675 5015 savii.
693 4940 957 5004 legendum
974 4952 1125 5004 esset,
1144 4944 1468 5010 Sicanorum;
1493 4957 1547 5000 et
1561 4951 1699 5013 juxta
1717 4954 1857 5015 quiu-

248 5015 348 5064 que
372 5010 503 5063 λιιι,
523 5001 826 5053 εἱεᾶηιοηόιι.

247 5143 292 5193 ἢ
312 5084 672 5194 (nam?
693 5091 966 5149 sequuntur
987 5092 1155 5137 contra
1175 5100 1264 5139 eos
1292 5088 1375 5153 qui
1392 5090 1631 5155 Cbrysost.
1658 5093 1854 5156 Pelagio

296 5160 382 5194 ver

296 5157 416 5195 vere
437 5157 585 5195 αιαιιι

312 5206 390 5270 μ’)
414 5213 557 5277 _Ha_nc
580 5203 826 5277 humiliari}
846 5206 1016 5277 habuit
1036 5209 1287 5277 postridie,
1322 5218 1378 5260 ut
1399 5213 1580 5277 _initio_
1596 5216 1681 5273 ait,
1705 5228 1850 5277 quam

245 5262 776 5337 aliini_babuerat,_ubi
801 5269 987 5337 Domini
1009 5262 1291 5337 clementia;
1311 5279 1363 5320 at
1380 5262 1851 5337 disciptiloru'mfphi-ﬁ

249 5325 471 5391 Iosephi:
494 5327 839 5391 exhibebatur.
864 5329 1136 5391 Iudaeorum
1160 5331 1379 5391 ingratus
1402 5325 1592 5384 animus
1630 5325 1848 5386 declara-

248 5388 408 5453 tiatur,
431 5390 754 5439 incusantium
775 5388 1069 5453 discipulos;
1104 5404 1199 5453 qua
1218 5388 1287 5440 de
1315 5406 1372 5443 re
1406 5396 1684 5446 incusarent
1724 5399 1849 5448 battd

246 5447 443 5519 didicile
467 5452 807 5519 estiaug'urari,
844 5447 975 5519 quod
1017 5447 1146 5519 fame
1173 5452 1452 5504 laborantes
1487 5456 1610 5519 dum
1632 5471 1722 5519 per
1744 5447 1850 5509 sata

248 5511 517 5581 ιηιιείηςιιι
538 5511 746 5581 seem
784 5511 941 5581 spicas
983 5512 1230 5581 venerem.
1253 5523 1305 5581 et
1327 5511 1666 5581 comedereni.
1705 5533 1851 5581 quam

249 5574 445 5642 Iuvenci
471 5571 901 5642 fntgalitatemjiic
918 5582 970 5623 et
984 5572 1091 5622 aliis
1131 5575 1179 5622 in
1218 5571 1851 5642 locist‘hrysostomus'pbi-

251 5628 514 5693 losqbiam
538 5628 693 5693 ineat.
726 5634 1001 5683 Judaeorum
1040 5647 1162 5684 vero
1197 5628 1853 5692 ιιιιιιιιςιίιιιιόοιιιδοιιὶιίιῗιιιέί-

249 5692 372 5765 stus;
395 5702 451 5742 ιιι
471 5692 856 5765 ιωιιθιιιμιιιιτιιι
888 5695 1268 5758 tthrysostomus.
1316 5699 1565 5750 ttomiliam
1599 5714 1742 5763 porro
1774 5702 1853 5755 hic

251 5760 564 5805 maturatur!
587 5760 851 5804 amisimus.

1264 351 1329 407 IN
1365 350 1518 408 CAP.
1561 349 1802 408 XXXIII.
1842 350 2084 409 GI-INES.
2120 352 2347 409 IIOMIL.
2394 354 2527 411 ΗΧ.

3457 364 3563 422 ῡιι

1964 461 2137 515 lorum
2186 462 2524 518 imitaremur
2568 465 2763 532 vitam,
2812 480 2875 523 ac
2928 482 3016 523 res
3061 467 3325 540 humanas
3369 488 3561 529 ornncs

1962 552 2329 607 irrideremus.
2360 558 2471 623 Age
2494 555 2675 621 hodie,
2700 556 2744 611 si
2775 558 3018 626 videtur,
3042 564 3238 617 seriem
3268 564 3558 619 verborum

1961 641 2100 694 beati
2134 643 2294 697 Μηδὶς
2339 657 2662 714 sequentes,
2692 662 2755 701 ea
2793 666 2911 716 qua:
2955 653 3323 720 Superioribus
3365 655 3560 711 diebus

1958 730 2097 786 dicta
2129 743 2445 802 sequuntur,
2479 744 2791 804 tractemus,
2822 749 2877 794 et
2906 741 3028 797 inde
3056 743 3206 798 vobis
3227 759 3562 814 apponamus

1960 824 2286 876 convivium.
2320 824 2481 880 Scitis
2504 828 2647 881 enim
2679 844 2780 882 nos
2801 870 2815 891 ,
2847 845 2969 885 eum
2999 832 3247 889 rediissct
3282 850 3348 890 ex
3380 836 3559 892 Meso-

1960 916 2194 984 potamia
2216 915 2403 982 Jacob,
2426 926 2483 972 et
2508 930 2818 975 occurreret
2844 921 3031 985 fratri,
3059 934 3115 978 et
3157 926 3350 980 iterum
3395 928 3464 981 ab
3492 943 3561 984 eo

1958 1016 2323 1073 separaretur,
2352 1017 2405 1061 et
2434 1008 2525 1063 ille
2563 1010 2779 1079 quidem
2830 1012 2880 1065 in
2912 1012 3033 1068 Seir
3064 1026 3302 1070 montem
3329 1025 3559 1074 conten-

1958 1094 2142 1161 deret,
2171 1096 2338 1152 Jacob
2368 1108 2546 1154 autem
2581 1103 2921 1158 tabernacula
2955 1107 3170 1176 figeret,
3196 1118 3250 1162 et
3278 1110 3451 1164 locum
3491 1113 3563 1167 ab

1958 1195 2152 1241 eventu
2183 1187 2548 1245 Tabernacula
2579 1204 2833 1262 vocaret,
2864 1210 3170 1252 sermonem
3208 1199 3294 1255 hic
3335 1201 3559 1259 missum

1959 1276 2195 1334 fecisse:
2232 1280 2355 1336 ideo
2378 1298 2512 1352 opus
2552 1294 2635 1338 est
2678 1294 2735 1339 ut
2780 1289 3059 1356 sequentia
3094 1306 3192 1358 pro
3221 1291 3421 1345 viribus
3459 1310 3560 1346 no-

1958 1369 2085 1422 stris
2130 1379 2450 1436 tractantcs,
2476 1373 2776 1430 dot-trinam
2806 1379 2958 1433 vobis
2990 1381 3355 1451 relinquamus
3397 1386 3559 1454 Spiri-

1958 1462 2178 1526 tualem.
2234 1461 2467 1519 Securus
2514 1457 2656 1520 enim
2708 1469 2924 1525 tandem
2969 1470 3137 1525 factus
3179 1474 3374 1543 justus,
3400 1486 3452 1531 et
3490 1479 3561 1531 ab

1959 1550 2105 1606 omni
2137 1555 2334 1610 mentis
2376 1570 2577 1627 angore
2622 1557 2914 1625 liberatus,
2948 1564 3034 1618 18.
3072 1562 3234 1630 Venit,
3267 1568 3473 1636 inquit,
3504 1571 3560 1624 in

1957 1642 2205 1697 civitatem
2230 1644 2546 1700 Serimorum
2570 1688 2583 1710 ,
2615 1650 2702 1705 I9.
2734 1660 2779 1704 et
2798 1654 2919 1705 emit
2944 1666 3137 1723 partem
3158 1661 3270 1727 agri
3296 1658 3359 1711 ab
3405 1659 3561 1715 Emor

1960 1742 2105 1800 patre
2128 1732 2347 1804 Syc/tem
2375 1747 2573 1791 centum
2598 1741 2776 1809 agnis‘
2803 1756 2822 1795 :
2842 1742 2931 1797 20.
2964 1755 3011 1798 et
3031 1751 3192 1801 erant
3214 1748 3285 1802 il-i
3307 1750 3490 1816 altare,
3511 1759 3561 1806 et

1957 1820 2206 1878 invocavit
2236 1825 2402 1881 Deum
2433 1827 2615 1884 Israel.
2634 1830 2709 1885 Ne
2738 1843 3116 1901 praetereamus
3147 1838 3321 1895 obiter
3350 1856 3410 1896 ca
3437 1857 3560 1913 qua:

1960 1915 2012 1969 in
2044 1916 2241 1972 divinis
2270 1918 2562 1988 Scripturis
2592 1934 2715 1977 sunt
2762 1934 3035 1981 contenta.
3072 1927 3202 1983 Nam
3247 1932 3291 1985 si
3322 1933 3412 2003 qui
3442 1935 3557 1989 auri

1958 2020 2200 2063 ramenta
2251 2026 2283 2066 e
2323 2022 2461 2068 terra
2512 2014 2806 2084 effodiunt,
2840 2020 2966 2075 nulli
3005 2021 3172 2077 labori
3220 2038 3475 2094 parcunt.
3505 2038 3561 2083 et

1958 2102 2138 2155 auria
2166 2104 2348 2171 gravia
2388 2107 2597 2171 ferunt,
2633 2116 2690 2162 ut
2718 2111 2922 2178 possint
2953 2128 3141 2168 aurum
3173 2130 3201 2170 a
3231 2128 3371 2172 terra
3401 2135 3555 2191 sepa-

1960 2205 2080 2244 rare
2106 2212 2119 2246 ;
2147 2194 2315 2249 multo
2342 2197 2513 2265 magis
2530 2196 2734 2267 justum
2759 2199 2918 2257 fuerit
2940 2213 2993 2258 ut
3019 2215 3325 2263 scrutemur
3348 2210 3559 2282 eloquia

1958 2282 2189 2352 Spiritus
2209 2327 2224 2351 ,
2258 2296 2313 2340 et
2355 2288 2637 2344 utilitatem
2666 2306 2783 2361 qua:
2810 2293 2933 2349 inde
2959 2306 3043 2351 est
3088 2300 3476 2369 pcreipiamus,
3506 2316 3561 2359 et

1959 2378 2038 2431 sic
2068 2379 2191 2434 hinc
2218 2394 2496 2437 exeamus.
2527 2384 2736 2454 Cogita,
2760 2387 3015 2456 obsecro,
3048 2393 3230 2447 eximii
3274 2395 3426 2451 istius
3459 2400 3557 2451 viri

1960 2470 2380 2541 leIIOSOpIIlaln,
2404 2476 2675 2543 quonmdo
2694 2487 2841 2534 tanto
2869 2484 3071 2537 auxilio
3096 2500 3328 2555 superne
3350 2488 3556 2553 fruens,

1958 2571 2015 2617 et
2042 2563 2231 2620 videns
2268 2568 2453 2637 augeri
2484 2568 2763 2627 facultates
2790 2588 2937 2641 suas,
2965 2566 3157 2645 pecora
3184 2577 3326 2642 dico,
3355 2590 3410 2635 et
3444 2590 3561 2635 tau-

1960 2664 2071 2711 tum
2101 2674 2382 2718 numerum
2411 2663 2638 2719 filiorum
2670 2666 3128 2737 circumstantetn,
3148 2687 3253 2729 non
3271 2685 3559 2731 exstruen-

1960 2750 2044 2805 dis
2065 2752 2303 2809 mdiliciis
2322 2755 2515 2825 amplis
2542 2766 2594 2813 et
2616 2758 2890 2829 prseclaris
2916 2759 3017 2816 fuit
3046 2774 3359 2836 occupatus,
3381 2784 3557 2838 neque

1960 2858 2118 2914 agros
2148 2856 2201 2902 et
2230 2848 2383 2903 villas
2412 2863 2595 2907 emere
2624 2856 2866 2922 curavit,
2906 2874 3026 2927 quae
3060 2858 3313 2918 sufficere
3339 2875 3561 2932 possent

1962 2947 2020 2991 ut
2043 2937 2494 3023 distribuerentur
2536 2941 2677 3001 ﬁliis.
2724 2947 2849 3003 llaec
2886 2952 3029 3005 enim
3060 2961 3115 3007 ct
3160 2954 3353 3009 similia
3395 2972 3561 3025 agere

1962 3032 2139 3085 solent
2169 3036 2256 3101 qui
2292 3050 2390 3089 nos
2415 3037 2609 3104 opibus
2640 3041 2970 3097 antecellunt
2999 3054 3086 3098 :et
3103 3059 3248 3113 smpe
3269 3048 3359 3116 qui
3392 3064 3557 3103 unum

1964 3132 2167 3178 tantum
2215 3124 2375 3182 habet
2406 3126 2607 3197 filium,
2636 3129 2825 3186 decem
2871 3134 3034 3189 millia
3077 3135 3397 3194 talentorum
3446 3142 3562 3195 auri

1961 3214 2213 3285 colligi-re
2255 3219 2479 3289 quierit,
2509 3231 2565 3275 ut
2617 3235 2775 3291 agros
2824 3233 3003 3291 emat,
3047 3235 3102 3281 et
3146 3227 3341 3284 domus
3385 3231 3561 3285 claras

1963 3318 2203 3362 exstruat
2227 3328 2240 3363 :
2263 3318 2318 3365 et
2346 3313 2548 3366 utinam
2592 3329 2656 3367 cx
2682 3314 2844 3383 justis
2873 3314 3149 3372 laboribus
3175 3359 3190 3382 ,
3220 3327 3277 3374 et
3317 3321 3434 3376 sine
3480 3323 3563 3376 in.

1970 3398 2177 3469 justitia
2210 3413 2383 3457 tantas
2411 3419 2541 3473 opes
2570 3406 2878 3475 colligeret;
2902 3408 2995 3463 sed
3018 3410 3159 3479 quod
3191 3426 3351 3480 grave
3377 3421 3483 3479 est,
3507 3425 3562 3470 et

1962 3494 2203 3547 omnium
2232 3496 2631 3564 gravissimtun,
2662 3498 2731 3552 ab
2756 3500 2877 3555 aliis
2915 3504 3093 3572 rapit,
3141 3504 3279 3565 alios
3321 3507 3556 3562 circum-

1962 3586 2141 3652 venit,
2173 3586 2295 3645 aliis
2322 3588 2444 3643 lites
2473 3599 2690 3656 movet,
2715 3602 2769 3645 et
2798 3594 2866 3646 ita
2896 3594 3099 3648 alienas
3130 3595 3411 3654 facultates
3435 3614 3561 3654 suas

1965 3676 2108 3731 facit.
2142 3679 2211 3734 Et
2250 3680 2297 3735 si
2336 3680 2457 3751 quis
2486 3681 2682 3737 dixerit
2714 3701 2726 3737 :
2760 3684 2840 3738 Ad
2871 3686 2996 3756 quid
3024 3695 3165 3742 tanta
3206 3691 3272 3743 ad
3303 3693 3561 3762 colligen-

1964 3770 2061 3825 das
2092 3786 2224 3843 opes
2256 3772 2507 3829 insania?
2536 3775 2625 3831 ille
2654 3778 2833 3832 statim
2866 3778 3033 3834 lilium
3062 3784 3328 3851 przetexit,
3351 3794 3406 3839 et
3431 3786 3560 3842 dicit

1964 3878 2023 3918 se
2046 3866 2170 3919 talia
2196 3868 2408 3937 Operari
2433 3868 2504 3923 ob
2523 3884 2678 3924 suum
2704 3870 2754 3925 in
2785 3872 2934 3927 illum
2962 3888 3221 3930 amorem.
3242 3878 3305 3932 Et
3333 3879 3419 3934 ille
3443 3883 3564 3950 qui—

1963 3956 2084 4010 dem
2109 3959 2319 4013 tametsi
2341 3974 2560 4029 puerum
2582 3970 2903 4030 praetexens,
2919 3962 3035 4019 lla-c
3053 3974 3338 4037 utcumque
3360 3972 3560 4040 expiat,

1965 4046 2159 4103 frustra
2203 4059 2379 4106 tamen
2418 4060 2475 4107 et
2520 4053 2811 4109 incassum.
2844 4056 2985 4110 Sunt
3024 4065 3203 4113 autem
3247 4060 3338 4129 qui
3388 4077 3564 4132 nequ-2

1966 4156 2163 4211 pueros
2191 4143 2411 4211 habent,
2439 4156 2493 4201 et
2523 4147 2795 4202 insaniunt
2822 4158 2879 4203 ut
2901 4151 3156 4218 pecunias
3181 4154 3435 4224 colligant
3465 4173 3480 4210 :
3511 4166 3562 4211 rt

1964 4234 2185 4288 mallent
2215 4236 2528 4305 gravissima
2558 4237 2700 4293 ferre
2720 4281 2733 4303 ,
2761 4254 2922 4309 quam
2962 4256 3129 4298 unum
3160 4244 3379 4300 obolum
3425 4246 3566 4301 indi-

1960 4327 2211 4395 gentibus
2238 4342 2481 4397 crogare.
2514 4327 2620 4384 Sed
2648 4328 2828 4399 justus
2860 4330 2949 4385 ille
2979 4331 3113 4387 nihil
3143 4333 3319 4390 simile
3348 4340 3565 4393 consul—

1963 4419 2097 4473 tavit
2119 4461 2131 4481 ,
2158 4434 2332 4489 neque
2361 4421 2617 4491 cogitavit
2641 4439 2654 4474 :
2686 4422 2780 4476 sed
2808 4438 2930 4477 cmn
2961 4440 3127 4494 parvo
3156 4441 3293 4495 cpus
3340 4428 3565 4485 haberet

1958 4524 2110 4578 agro,
2138 4518 2355 4565 centum
2386 4512 2540 4580 agnis
2566 4512 2729 4578 datis,
2764 4524 2967 4583 partem
2997 4516 3109 4585 agri
3143 4518 3277 4573 emit
3301 4518 3371 4573 ab
3395 4519 3564 4574 Emur

1960 4612 2111 4671 patre
2136 4602 2388 4673 Sychem.
2421 4602 2485 4656 Et
2511 4604 2634 4659 vide
2667 4605 2942 4672 pietatem,
2972 4607 3394 4681 religionemque
3424 4611 3521 4665 viri
3544 4654 3557 4673 .

1958 4710 2067 4766 qua
2110 4694 2178 4749 de
2223 4710 2383 4747 causa
2430 4711 2616 4765 agrum
2645 4712 2829 4752 emere
2878 4699 3163 4758 studuerit.
3196 4701 3443 4758 Etercxit
3469 4707 3561 4769 ibi,

1961 4783 2152 4852 inquit,
2181 4783 2378 4850 altare,
2403 4795 2454 4839 et
2494 4787 2740 4839 invocavit
2777 4786 2939 4842 Deum
2978 4788 3147 4845 Israel
3176 4806 3196 4846 :
3223 4801 3277 4847 et
3301 4796 3412 4864 agri
3440 4811 3564 4865 par—

1965 4881 2071 4926 tem
2103 4876 2234 4929 emit
2262 4876 2405 4929 nulla
2438 4876 2539 4930 alia
2572 4875 2643 4932 tle
2674 4893 3033 4949 causa,quam
3067 4890 3123 4935 ut
3149 4885 3351 4952 gratias
3380 4897 3564 4953 ageret

1959 4966 2231 5020 communi
2280 4967 2451 5021 nostri
2495 4967 2738 5022 omnium
2787 4968 3033 5027 Domino.
3076 4970 3227 5027 Illum
3275 4985 3556 5044 oporteret

1960 5056 2154 5109 imitari
2183 5072 2371 5111 omnes
2397 5057 2487 5127 qui
2520 5057 2622 5111 sub
2662 5060 2832 5129 gratia
2873 5069 3033 5126 sunt,
3061 5064 3151 5133 qui
3184 5063 3285 5120 fuit
3316 5077 3441 5121 ante
3486 5068 3565 5122 lc—

1956 5160 2121 5214 gem;
2152 5155 2206 5200 et
2248 5162 2353 5201 non
2399 5147 2478 5203 sic
2526 5147 2764 5203 insanire
2810 5150 2862 5204 in
2907 5153 3253 5221 pecuniarum
3285 5157 3564 5211 Cullcclin-

1958 5252 2104 5289 nem.
2148 5239 2325 5303 Quare
2380 5238 2546 5305 enim,
2577 5240 2664 5294 die
2692 5241 2846 5307 mihi,
2876 5252 2932 5297 et
2977 5244 3176 5315 tibiipsi
3232 5247 3349 5301 haec
3392 5264 3560 5304 onera

1957 5329 2234 5398 spinarum
2265 5344 2584 5401 congregas,
2617 5332 2847 5403 filiisque
2877 5337 2983 5390 tuis
3011 5338 3291 5393 materiam
3317 5347 3373 5394 et
3397 5355 3565 5394 occa—

1956 5422 2165 5476 sionem
2196 5424 2413 5477 malitize
2456 5434 2510 5479 te
2556 5426 2865 5494 relinquere
2906 5444 3012 5483 non
3060 5430 3342 5486 advortis?
3372 5432 3555 5487 Nescis

1961 5511 2244 5568 Dominum
2274 5515 2570 5583 majorem,
2598 5531 2759 5586 quam
2789 5526 2843 5572 tu
2872 5518 3073 5575 habeas
3092 5562 3109 5589 ,
3143 5522 3236 5577 lilii
3264 5523 3339 5579 tui
3368 5534 3535 5577 eurau

1982 5745 1995 5769 Ι
2020 5670 2037 5703 ί
2073 5677 2124 5721 tn
2158 5673 2398 5723 llebraieo
2433 5672 2618 5737 legitur
2641 5679 2844 5760 τιιπτρ
2861 5683 3031 5734 nam
3057 5697 3071 5734 :
3101 5688 3180 5739 alii
3206 5696 3423 5749 vertunt,
3449 5701 3560 5739 rcu-

1954 5767 2053 5818 timt
2075 5767 2298 5818 momnis.
