4086 6430
556 411 657 468 515

555 533 762 591 gerere,
795 529 849 570 tu
884 523 1058 567 autem
1084 523 1352 581 tamquam
1380 511 1520 564 illius
1545 509 1798 578 majorem
1824 520 2008 559 curam
2035 518 2125 573 go-

560 628 706 677 rens,
733 608 1040 665 occasiones
1063 605 1134 658 illi
1167 604 1469 670 relinquere
1487 600 1704 667 studes,
1735 613 1854 668 qua:
1893 595 2136 651 submer-

557 717 685 773 gere
730 699 958 754 animam
1006 696 1123 765 ejus
1169 691 1416 749 valeant?

626 790 871 843 Iuventus
893 785 961 840 ad
979 786 1164 838 malum
1182 782 1592 855 proclivia—An
1611 778 1784 834 nescis
1801 776 2134 847 juventtttem

563 897 657 952 per
687 881 916 949 seipsam
943 875 1009 932 ad
1035 877 1241 932 ruinam
1279 873 1568 944 proclivem
1609 883 1750 933 esse,
1779 875 1834 922 et
1874 865 1940 920 ad
1987 862 2140 918 mali-

563 974 688 1025 tiam
723 970 824 1024 levi
855 975 1128 1022 momento
1150 961 1433 1020 inclinari?
1457 959 1670 1032 quando
1701 967 1878 1012 autem
1900 964 1955 1010 et
1977 968 2137 1024 apum

561 1060 889 1116 al'llncntiam
917 1056 1208 1128 acceperit,
1232 1055 1399 1110 multo
1434 1052 1601 1122 magis
1647 1049 1713 1103 ad
1760 1047 1958 1103 malum
2014 1059 2138 1114 pro-

562 1153 690 1208 ruit.
718 1151 870 1206 Sicut
895 1149 1036 1205 enim
1065 1147 1201 1219 ignis
1227 1160 1347 1201 cum
1380 1143 1614 1198 fomitem
1647 1139 1884 1204 invenit,
1913 1135 2140 1190 validio-

561 1243 712 1298 rilms
757 1241 983 1296 ﬂammis
1019 1239 1296 1308 exsurgit:
1332 1237 1401 1290 ita
1448 1245 1500 1289 et
1542 1232 1757 1306 quando
1797 1232 1851 1288 itt
1892 1230 2142 1299 juvenem

565 1336 786 1390 materia
813 1333 1155 1404 pecuniarum
1179 1329 1437 1393 inciderit,
1466 1335 1664 1381 tantam
1695 1322 1941 1379 accendit
1967 1320 2144 1374 forna-

568 1441 685 1481 cem
706 1467 719 1486 .
748 1434 807 1478 ut
853 1424 1080 1478 animam
1121 1421 1330 1491 juvenis
1361 1417 1866 1499 tutatminllammet.
1889 1413 2143 1483 Quando—

569 1530 692 1569 nam
724 1517 920 1585 poterit
947 1514 1067 1566 talis
1089 1512 1245 1565 homo
1274 1509 1614 1564 continentiae
1637 1522 1818 1562 curam
1840 1505 2059 1570 habere,
2091 1509 2146 1557 et

569 1606 1032 1676 intemperantiam
1065 1603 1277 1672 fugere,
1311 1615 1374 1655 ac
1410 1600 1646 1654 laborem
1677 1613 1774 1668 pro
1800 1598 2026 1661 virtute,
2060 1593 2143 1648 vel

566 1695 709 1749 aliud
742 1694 1020 1764 spirituale
1049 1692 1302 1763 quiddam
1331 1688 1650 1759 suscipere!

636 1786 691 1840 2.
735 1784 1034 1838 Diuitiarum
1055 1782 1344 1836 vanitas.——-
1363 1780 1552 1834 Annon
1589 1776 1741 1833 audis
1763 1777 2034 1833 Christum
2065 1775 2146 1829 di-

570 1887 779 1931 centem
816 1893 828 1927 :
856 1875 1004 1929 Cum!
1023 1874 1175 1943 hujus
1189 1871 1360 1926 steculi
1375 1880 1421 1926 et
1436 1869 1659 1940 deccptio
1675 1868 1964 1922 divitiarum
1982 1866 2147 1934 stt/fo-

567 1975 684 2019 rant
701 1974 930 2026 mentem,
950 1980 1010 2017 ac
1037 1964 1220 2017 sterilis
1253 1962 1309 2030 ﬁt
1327 1960 1536 2030 (Matth.
1558 1960 1644 2016 1⁸5.
1676 1956 1792 2031 2‘2),
1819 1973 1936 2028 qua:
1969 1957 2146 2012 omnia

566 2057 747 2126 spinas
768 2054 1080 2108 nominavit?
1097 2052 1225 2107 Nam
1247 2067 1366 2106 cum
1385 2049 1613 2105 dixisset
1638 2050 1689 2102 in
1709 2047 1954 2118 parabola
1985 2046 2149 2101 semi-

569 2148 674 2210 nis,
695 2147 834 2200 aliud
857 2161 919 2200 es
947 2145 1238 2199 seminibus
1263 2144 1314 2197 in
1343 2143 1523 2212 spinas
1553 2141 1824 2207 incidisse,
1841 2138 2036 2194 deinde
2061 2139 2147 2190 di-

568 2237 786 2306 scipulis
812 2239 1167 2308 interpretans
1194 2249 1436 2305 quautam
1463 2235 1569 2288 sint
1588 2233 1777 2303 spinae,
1799 2231 1998 2301 inquit:
2027 2232 2146 2286 Sol-

574 2328 793 2383 licitudo
819 2327 975 2398 hujus
1002 2326 1180 2381 muli
1207 2334 1262 2380 et
1286 2324 1532 2394 deceptio
1552 2324 1854 2379 divitiarum
1879 2321 2147 2378 sud‘ncant

571 2429 826 2481 mentem,
855 2426 910 2472 ct
938 2417 1134 2472 sterilis
1160 2415 1215 2470 lit
1239 2415 1449 2486 (Matth.
1483 2414 1582 2480 l3;
1612 2423 1660 2467 et
1680 2413 1805 2466 Luc.
1828 2411 1901 2484 8).
1925 2411 1990 2465 Et
2013 2411 2149 2466 bene

569 2512 738 2582 spinis
767 2509 1091 2580 comparavit
1133 2506 1542 2564 sollicitudinem
1584 2504 1740 2574 hujus
1768 2503 1948 2559 steculi
2001 2503 2151 2559 Sicut

571 2604 714 2658 enim
743 2604 909 2672 spinte
930 2617 1034 2657 non
1057 2602 1242 2657 sinunt
1265 2615 1450 2655 semen
1477 2598 1729 2662 emicare,
1753 2597 1847 2652 sed
1884 2597 2150 2652 densitate

571 2709 665 2748 sua
693 2695 1008 2748 scminatum
1035 2693 1375 2763 supprimunt
1403 2709 1415 2744 :
1451 2690 1521 2744 ita
1551 2698 1605 2743 et
1630 2703 1775 2742 cura:
1805 2688 2147 2758 temporales,

570 2786 849 2853 spiritualc
876 2799 1085 2848 semen,
1116 2781 1256 2854 quod
1288 2782 1340 2836 iit
1369 2781 1544 2835 anima
1574 2779 1900 2844 seminatur,
1932 2793 2040 2832 non
2069 2780 2149 2833 si-

571 2885 704 2931 nunt
734 2875 958 2929 fructum
997 2873 1191 2928 alla-rc
1218 2888 1234 2926 :
1264 2869 1356 2926 scd
1388 2871 1616 2924 adurunt
1645 2880 1700 2925 et
1730 2867 1990 2922 sull'ocant
2013 2868 2153 2923 sicut

569 2965 760 3033 spinae,
784 2979 885 3018 nec
910 2962 1092 3017 sinunt
1128 2961 1405 3030 spirituale
1434 2975 1620 3016 semen
1661 2973 1928 3015 crescere.
1960 2957 2029 3028 Et
2058 2959 2148 3014 de-

571 3058 735 3128 ceptio
781 3055 1089 3110 divitiarum.
1137 3053 1305 3110 Recte
1349 3051 1485 3108 dixit
1533 3051 1903 3121 deceptionem
1941 3051 2154 3106 divitia-

571 3164 691 3204 rum
725 3166 739 3202 :
772 3148 969 3203 etenim
1015 3161 1144 3202 vere
1177 3145 1425 3216 deeeptio
1453 3152 1556 3199 est.
1587 3143 1718 3211 Qua:
1760 3144 1904 3199 enim
1950 3144 2152 3200 utilitas

572 3247 651 3293 tot
678 3239 997 3293 talentorum
1017 3277 1033 3304 ,
1060 3248 1113 3292 et
1145 3243 1304 3291 tanta:
1331 3234 1610 3305 pecuniis?
1634 3232 1882 3287 Profecto
1899 3274 1915 3300 ,
1943 3232 2150 3303 inquit,

574 3343 818 3398 magnam
847 3327 1046 3398 praebet
1067 3327 1298 3380 laetitiam
1321 3325 1606 3395 possessio.
1630 3321 1855 3389 Qualem
1888 3323 2153 3378 la-titiam?

577 3419 646 3474 Et
699 3418 824 3488 quid
883 3417 1004 3472 dico
1059 3415 1339 3472 lmlitiami
1381 3415 1570 3472 Nonne
1611 3415 1840 3469 maxime
1885 3415 2150 3485 intempe-

578 3511 769 3564 stivam
793 3508 1059 3564 tristitiam
1085 3516 1137 3563 et
1159 3521 1441 3562 maerorem
1465 3505 1688 3561 multum
1717 3504 1893 3574 parit?
1913 3505 2148 3559 nondum

577 3602 694 3656 dico
738 3615 982 3671 magnam
1022 3599 1164 3653 illaut
1205 3606 1259 3653 et
1299 3598 1351 3653 in
1395 3596 1576 3652 l‘uturo
1610 3596 1895 3667 repositam
1937 3604 2152 3666 propter

576 3694 719 3763 ipsas
765 3707 975 3762 poenam
1010 3690 1146 3747 :sed
1191 3689 1259 3746 de
1301 3691 1384 3745 his
1413 3690 1606 3759 loquor
1642 3705 1763 3760 quae
1808 3689 1861 3744 in
1902 3689 2152 3759 praesenti

575 3783 678 3837 vita
699 3783 1032 3851 contingunt,
1065 3795 1257 3848 nempe
1285 3794 1351 3836 ne
1377 3780 1708 3848 voluptatem
1746 3779 1962 3850 quidem
1987 3780 2150 3834 ullam

585 3873 722 3928 hanc
753 3887 876 3928 vere
907 3870 1105 3926 habere
1132 3884 1310 3940 posse,
1342 3868 1436 3924 sed
1468 3869 1643 3946 potius
1669 3869 2012 3938 quotidianas
2043 3877 2154 3924 tur-

574 3962 815 4018 bationes
837 3970 893 4016 et
917 3959 1317 4015 amaritudines.
1365 3957 1474 4013 Nec
1502 3973 1649 4013 mare
1687 3958 1937 4013 ﬂuctibus
1969 3959 2039 4012 ita
2071 3958 2152 4012 in-

579 4053 847 4116 tumescit,
873 4062 930 4105 ut
971 4050 1129 4106 talem
1167 4050 1399 4103 animam
1425 4063 1454 4102 a
1479 4049 1893 4119 cogitationibus
1928 4059 1984 4104 et
2024 4048 2152 4104 all'e-

580 4143 850 4198 ctionibus
878 4140 1138 4204 infestari,
1161 4145 1214 4194 et
1245 4139 1296 4193 in
1329 4153 1517 4194 omnes
1547 4148 1652 4193 tam
1676 4153 1803 4194 suos
1838 4155 1995 4209 quam
2024 4139 2155 4194 alie-

575 4249 676 4288 nos
699 4231 837 4286 male
856 4231 994 4285 allici
1022 4229 1279 4285 videmus.
1307 4228 1374 4284 Et
1395 4229 1440 4284 si
1467 4228 1681 4298 quando
1709 4239 1916 4298 partem
1940 4228 2150 4282 illorum

573 4321 778 4376 auferat
814 4320 1038 4392 aliquis:
1072 4318 1236 4373 multa
1267 4319 1412 4374 enim
1450 4318 1715 4385 accidunt,
1745 4327 1800 4373 et
1828 4318 1979 4371 tnulti
2013 4318 2141 4372 insi-

572 4413 807 4478 diantur,
835 4425 1028 4481 nempe
1055 4409 1373 4465 famulorum
1402 4409 1724 4480 malignitas,
1751 4408 2154 4479 potentiamque

575 4505 860 4570 violentia;
894 4514 1016 4559 tunc
1055 4504 1235 4572 utique
1271 4503 1510 4556 invenies
1539 4502 1658 4556 illos
1688 4502 1849 4556 vitam
1881 4502 1979 4556 sibi
2006 4517 2160 4557 acer-

577 4597 698 4652 bam
724 4596 940 4650 ducere.
962 4591 1216 4661 Qualibus
1251 4591 1413 4664 igitur
1453 4593 1702 4647 lamentis
1731 4591 1865 4647 tales
1904 4607 2010 4646 non
2041 4591 2154 4646 fue-

580 4688 689 4742 rint
707 4685 872 4756 digni,
896 4685 983 4754 qui
1007 4684 1182 4737 omnia
1203 4681 1376 4738 facere
1397 4684 1613 4737 student
1633 4700 1752 4752 qua:
1779 4683 1880 4738 sibi
1905 4693 2152 4746 noceant,

574 4787 629 4834 et
667 4777 718 4831 in
750 4775 1037 4846 perniciem
1079 4774 1271 4827 animo
1308 4786 1419 4826 sua:
1465 4775 1584 4825 talia
1629 4773 1882 4842 colligere
1924 4773 2153 4827 volunt?

575 4869 796 4935 Verum,
829 4869 874 4924 si
901 4868 1129 4933 videtur,
1161 4867 1356 4922 talibus
1389 4867 1592 4921 relictis
1628 4866 1692 4919 ad
1727 4865 2005 4920 historiam
2022 4865 2152 4934 justi

581 4961 737 5031 hujus
781 4960 1082 5023 redeamus,
1114 4958 1500 5031 et‘videamus
1551 4957 1886 5027 sequentium
1933 4956 2150 5011 seriem.

579 5052 786 5114 Erexit,
817 5051 1005 5120 inquit,
1036 5029 1200 5105 altare
1220 5049 1272 5102 in
1300 5058 1452 5118 parte
1477 5047 1612 5117 agri,
1639 5057 1683 5099 et
1709 5048 1953 5100 invocavit
1992 5045 2156 5101 Deum

579 5144 744 5198 Israel
766 5185 780 5208 ,
806 5155 858 5198 et
896 5155 1076 5214 postea
1107 5145 1158 5198 in
1197 5143 1424 5198 Sccimis
1464 5143 1790 5197 domicilium
1835 5143 2033 5198 habere
2064 5163 2142 5220 vo-

583 5237 698 5290 luit.
734 5235 838 5291 Sed
873 5237 990 5290 vide
1024 5239 1214 5290 iterum
1246 5236 1510 5305 qur-modo
1547 5236 1726 5305 justus
1770 5248 1823 5292 et
1874 5237 1958 5291 hic
2003 5253 2150 5292 suam

579 5329 1033 5382 tnatmtctmlinetu
1054 5327 1379 5381 ιιίξειιιτιι1.Ει
1400 5328 1523 5399 quid
1543 5330 1756 5382 accidit?
1777 5331 1825 5382 i.
1849 5329 2062 5399 Egressa
2085 5343 2153 5383 est

578 5430 774 5480 autem,
809 5419 1005 5486 inquit,
1043 5419 1173 5470 Dina
1202 5419 1308 5486 ftlitt
1337 5418 1464 5480 Litt,
1496 5429 1547 5471 ut
1579 5420 1763 5472 videret
1794 5420 1928 5488 ﬁlias
1957 5421 2151 5490 indiga.

577 5506 852 5560 narum.‘2.
883 5507 944 5559 Et
967 5519 1018 5560 ut
1048 5507 1165 5560 vidit
1195 5524 1307 5561 eum
1335 5508 1551 5578 Syc/tetu
1574 5509 1710 5576 ﬁlius
1744 5508 1900 5561 Emor
1921 5550 1932 5572 ,
1965 5509 2153 5561 dormi-

578 5599 646 5648 vit
679 5614 791 5650 cum
819 5613 910 5664 ea,
944 5597 996 5650 5.
1027 5607 1072 5649 et
1108 5597 1283 5651 diluxit
1322 5598 1598 5667 uirginem,
1627 5608 1676 5651 et
1717 5600 1954 5667 loquutus
1997 5610 2067 5652 est
2110 5600 2154 5650 ei

571 5690 729 5755 juxta
772 5701 978 5742 mentem
1011 5689 1216 5760 virginis
1241 5689 1388 5759 (Cap.
1424 5691 1534 5760 51).
1566 5690 1752 5745 Vidisti
1791 5700 2045 5758 Quantum
2086 5691 2153 5745 sit

572 5779 823 5848 juventus
852 5782 1068 5848 malum,
1097 5778 1307 5849 quando
1341 5789 1493 5835 ructat
1524 5781 1740 5838 rationis
1784 5779 1930 5836 freno
1977 5783 2148 5838 Caret?

1219 402 1223 406 ’
1261 402 1315 459 S.
1360 357 1637 458 ibANNlS
1665 393 2136 454 CllllYSOSTOMl
2179 390 2498 449 AllClllEP.
2541 389 3077 450 CONSTANTINOP.

3732 397 3842 454 5M

2249 504 2391 557 Vidit
2444 504 2589 558 enim
2645 502 2946 574 virginem,
2993 513 3048 560 et
3098 514 3242 559 totus
3289 515 3509 576 propter
3557 520 3841 578 aspectum

2241 609 2424 650 amore
2449 604 2746 664 correptus,
2780 595 3274 665 concupiscentiam
3299 611 3466 665 opere
3504 597 3832 669 complevit,

2241 693 2289 738 et
2315 686 2552 754 loquutus
2577 697 2648 741 est
2675 687 2722 739 ei
2735 687 2890 757 juxta
2911 695 3121 740 mentem
3139 685 3366 756 virginis.
3387 686 3524 754 Quid
3546 698 3650 757 est,
3677 690 3842 763 juxta

2243 787 2459 830 mentem
2498 777 2707 847 virginis
2724 777 2750 830 γ
2771 775 3035 844 Quoniam
3062 776 3276 846 juvenis
3303 787 3419 833 erat
3449 778 3625 849 puella
3643 820 3657 844 ,
3686 779 3841 849 ejus-

2245 868 2390 924 modi
2417 871 2598 936 verba,
2628 870 2830 939 inquit,
2858 885 2979 925 cum
3011 883 3071 924 ea
3105 869 3356 941 loquutus
3383 881 3498 936 est,
3523 886 3642 941 qua:
3682 871 3842 926 suffi—

2245 961 2458 1016 ciebant
2505 961 2572 1016 ad
2615 961 3011 1016 conciliandum
3035 961 3135 1017 sibi
3165 977 3306 1017 eam.
3342 963 3406 1018 Et
3437 964 3610 1034 inquit
3635 965 3702 1019 ad
3736 980 3839 1035 pa-

2247 1059 2381 1105 trem
2406 1068 2421 1105 :
2448 1051 2502 1104 4.
2533 1051 2715 1121 Accipe
2744 1053 2869 1105 mihi
2894 1053 3031 1122 puell
3049 1069 3115 1105 ειη
3145 1053 3281 1106 hanc
3326 1054 3378 1108 in
3408 1070 3638 1108 uxorem.
3666 1055 3842 1110 Audi-

2245 1141 2324 1195 vit
2341 1155 2524 1196 autem
2549 1141 2718 1196 Jacob
2742 1141 2937 1196 factum
2959 1147 2988 1209 ,‘
3006 1151 3061 1197 et
3089 1152 3214 1198 tunc
3243 1143 3432 1200 leviter
3473 1143 3619 1211 tulit,
3639 1159 3846 1215 exspe-

2246 1242 2397 1286 ctans
2419 1231 2640 1286 fratrum
2666 1231 2786 1300 ejus
2808 1231 3121 1287 adventum.
3154 1233 3320 1288 Erant
3344 1234 3489 1290 enim
3517 1234 3570 1289 in
3601 1234 3840 1305 pascuis.

2248 1323 2301 1379 5.
2330 1322 2394 1376 Et
2419 1324 2579 1386 siluit,
2614 1323 2786 1393 iuqttit
2809 1364 2823 1384 .
2854 1322 3016 1376 .lttcob
3035 1363 3050 1388 ,
3075 1322 3237 1378 donec
3263 1324 3486 1380 venirent
3514 1325 3610 1380 illi.
3630 1325 3686 1381 ϐ.
3707 1323 3846 1380 Cum

2247 1427 2414 1470 autem
2443 1415 2651 1469 venisset
2679 1414 2838 1468 Emor
2862 1414 2932 1467 ad
2959 1413 3150 1479 Iacob,
3181 1414 3233 1468 7.
3263 1424 3503 1469 venerunt
3550 1424 3599 1470 et
3653 1419 3850 1486 fratres

2250 1507 2422 1574 Dium,
2451 1516 2494 1560 et
2515 1522 2629 1560 cunt
2658 1505 2964 1559 audivissent
2993 1521 3108 1574 ante
3143 1505 3281 1575 facta
3321 1515 3464 1559 erant
3502 1507 3666 1560 sorori
3693 1521 3802 1560 sua
3826 1547 3844 1569 ,

2250 1597 2535 1666 compuncti
2561 1606 2695 1650 sunt.
2718 1595 2857 1662 Quid
2899 1604 3016 1662 est,
3047 1597 3335 1665 compendi
3357 1607 3472 1651 sunt
3489 1597 3516 1650 7
3540 1597 3848 1652 contristati

2249 1699 2396 1752 sunt,
2431 1703 2651 1758 remque
2684 1687 3079 1742 intolerabilem
3108 1701 3228 1742 esse
3257 1698 3584 1757 putaverunt
3622 1698 3676 1743 ct
3715 1703 3849 1758 gra-

2252 1780 2524 1834 vissimam
2552 1818 2568 1842 ,
2596 1786 2818 1846 eratque
2843 1777 2922 1832 eis
2952 1777 3215 1833 maerendi
3245 1793 3434 1848 magna
3459 1780 3692 1834 occasio.
3720 1777 3850 1832 Ma-

2249 1886 2350 1940 gna
2373 1869 2525 1935 enim,
2559 1868 2751 1936 inquit,
2774 1883 2858 1920 cos
2904 1867 3109 1921 tristitia
3136 1868 3408 1938 aﬁciebat,
3437 1869 3574 1938 quod
3603 1885 3708 1923 rem
3735 1878 3851 1921 tur-

2251 1975 2365 2028 pem
2393 1963 2580 2028 fecerat
2608 1958 2661 2012 in
2690 1955 2860 2012 Israil
2879 1958 3099 2028 Syc/tem
3119 1999 3133 2024 ,
3161 1959 3247 2029 qui
3265 1959 3570 2013 dorntiverat
3595 1975 3711 2012 cum
3731 1959 3853 2028 ﬁlia

2250 2047 2434 2104 Jacob.
2487 2048 2648 2104 Vides
2701 2048 2935 2104 filiorum
2970 2050 3404 2105 continentiam?
3450 2050 3848 2119 turpitudinem

2253 2140 2540 2195 maximam
2566 2139 2670 2196 hoc
2707 2140 2902 2194 factum
2932 2140 3300 2210 reputabant?
3340 2139 3530 2195 Vidisti
3569 2132 3853 2212 quomodo

2248 2236 2429 2306 justus
2464 2249 2658 2304 pueros
2704 2249 2832 2289 suos
2874 2233 3071 2289 erudiit
3115 2233 3184 2289 ad
3237 2234 3531 2290 virtutem?
3561 2233 3853 2302 Quomodo

2255 2329 2380 2382 item
2415 2327 2556 2382 illius
2583 2327 2749 2382 Emor
2776 2341 2931 2381 suam
2967 2328 3462 2397 concupiscentiam
3504 2342 3670 2397 opere
3694 2342 3851 2383 eom-

2254 2418 2407 2489 plens
2426 2459 2442 2484 ,
2473 2417 2533 2470 fit
2573 2417 2710 2488 patri
2745 2427 2802 2474 et
2827 2427 2883 2472 to
2910 2418 2925 2472 i
2952 2418 3154 2473 civitati
3185 2419 3446 2489 perniciei
3477 2420 3712 2473 auctor'l
3741 2417 3851 2473 Sed

2255 2510 2404 2580 prius
2426 2508 2709 2565 audiamus
2731 2524 2852 2580 qua:
2875 2509 3042 2566 Emor
3072 2509 3139 2564 ad
3185 2524 3281 2566 eos
3306 2509 3504 2564 dixerit
3527 2551 3542 2573 .
3571 2520 3625 2565 et
3655 2517 3850 2581 postea

2252 2601 2435 2656 scietis
2466 2601 2690 2656 fratrum
2715 2602 2865 2655 Dina:
2903 2600 3196 2656 versutiam
3218 2643 3233 2668 ,
3261 2611 3317 2656 et
3364 2601 3634 2671 quomodo
3675 2598 3854 2656 vindi-

2253 2710 2379 2750 care
2410 2694 2730 2750 studuerunt
2755 2693 3001 2762 injuriam
3025 2695 3198 2749 sorori
3227 2695 3452 2750 illatam.
3486 2695 3540 2750 8.
3571 2692 3638 2747 Et
3662 2694 3845 2764 loquu-

2255 2795 2337 2840 tus
2366 2795 2439 2840 est
2479 2787 2550 2840 eis
2575 2783 2734 2839 Emor
2771 2786 2940 2840 dicens
2963 2803 2982 2839 :
3004 2784 3226 2856 Sychent
3257 2785 3398 2853 ﬁlius
3426 2802 3566 2839 meus
3591 2785 3853 2855 prter-legit

2253 2877 2426 2930 anima
2468 2876 2630 2944 filiam
2659 2885 2895 2930 vestram.
2923 2875 3057 2930 Vide
3084 2876 3357 2946 quomodo
3400 2876 3511 2945 jam
3562 2875 3855 2946 pratsignat

2257 2968 2551 3038 perniciem
2594 2981 2654 3022 se
2683 2966 3224 3036 comprehensuram.
3257 2964 3526 3038 Prteelcgit
3554 2965 3700 3020 enim
3722 3007 3739 3030 ,
3771 2965 3854 3020 in-

2256 3058 2642 3129 quit,anima:
2672 3057 2775 3113 ltoc
2823 3067 2927 3123 est,
2957 3060 3193 3112 animam
3243 3071 3395 3112 suam
3448 3058 3700 3127 exposuit
3752 3070 3855 3126 pro

2258 3151 2362 3206 lilia
2414 3163 2615 3207 vestra.
2666 3151 2762 3206 llle
2822 3151 3037 3219 quidem
3091 3149 3310 3212 dicebat
3354 3150 3852 3221 concupiscentiam

2257 3240 2393 3310 ejus,
2417 3255 2575 3310 quam
2605 3254 2731 3310 erga
2763 3240 2994 3310 puellam
3029 3238 3259 3294 habebat
3285 3256 3298 3292 :
3324 3241 3485 3309 paulo
3513 3251 3632 3310 post
3666 3249 3852 3295 autem

2256 3333 2461 3401 didicit,
2492 3332 2631 3387 hanc
2660 3349 2772 3387 sua:
2797 3343 2850 3387 et
2876 3332 3112 3387 omnium
3144 3331 3234 3401 qui
3266 3331 3336 3386 ibi
3363 3343 3552 3397 erant,
3585 3314 3892 3401 perditio-,

2256 3427 2340 3480 nis
2393 3425 2508 3481 fore
2551 3425 2914 3480 occasionem.
2948 3425 3081 3492 Quia
3125 3424 3292 3494 igitur,
3326 3423 3418 3478 illo
3466 3423 3729 3492 virginem
3770 3423 3853 3479 sic

2253 3513 2551 3584 deperibat,
2581 3513 2728 3580 Date,
2757 3515 2947 3583 inqttit,
2973 3516 3124 3568 istam
3145 3515 3224 3568 illi
3251 3529 3482 3576 uxorem.
3509 3513 3566 3571 9.
3597 3523 3642 3567 et
3675 3513 3853 3584 itﬁui-

2256 3615 2407 3660 tatcm
2438 3606 2718 3659 contra/tite
2753 3605 3010 3658 nobiscum
3033 3620 3052 3659 :
3080 3605 3216 3674 ﬁlias
3244 3615 3431 3659 uestras
3451 3605 3569 3659 date
3603 3603 3778 3671 nobis,
3801 3614 3855 3659 rt

2255 3697 2392 3765 filius
2418 3705 2616 3752 nostras
2635 3696 2845 3766 accipite
2866 3696 2986 3763 ﬁliis
3013 3695 3188 3749 uestris
3207 3737 3222 3760 ,
3247 3695 3335 3750 10.
3355 3704 3402 3749 et
3425 3695 3556 3748 inter
3580 3711 3673 3748 nos
3699 3694 3852 3748 habi-

2257 3797 2377 3842 tata.
2400 3786 2464 3841 Et
2488 3800 2600 3839 ecce
2625 3794 2760 3838 terra
2787 3785 2893 3839 lata
2921 3795 2993 3840 est
3019 3801 3191 3838 coram
3217 3785 3387 3849 vobis,
3417 3784 3643 3839 habitata
3679 3793 3727 3838 et
3755 3801 3853 3838 tte-

2256 3879 2515 3950 gotiamiui
2541 3878 2593 3931 in
2619 3893 2699 3945 ea,
2726 3887 2772 3931 et
2801 3878 2852 3930 in
2884 3893 2944 3931 ea
2988 3876 3325 3945 possessiones
3348 3876 3543 3930 habete.
3583 3875 3714 3930 Vide
3749 3889 3854 3944 pa-

2258 3984 2415 4034 trem,
2435 3977 2687 4038 quantam
2718 3977 2935 4038 propter
2962 3967 3055 4021 lilii
3087 3982 3329 4022 amorem
3355 3965 3519 4021 habet
3539 3981 3664 4035 erga
3691 3980 3855 4035 pere-

2256 4061 2439 4132 grinos
2469 4060 2871 4130 benignitatem,
2899 4069 2952 4113 et
2978 4058 3252 4129 quomodo
3277 4073 3376 4114 eos
3421 4057 3712 4113 conciliare
3742 4056 3851 4112 sibi

2257 4152 2390 4214 vult.
2423 4151 2545 4206 data
2573 4151 2653 4206 eis
2680 4151 2734 4205 in
2759 4150 2907 4205 omni
2938 4151 3157 4220 regione
3188 4164 3283 4205 sua
3307 4158 3592 4219 potestate.
3635 4147 3701 4202 Et
3731 4148 3855 4204 tunc

2257 4242 2472 4313 quidem
2517 4242 2625 4311 egit
2674 4250 2868 4310 pater:
2903 4239 3044 4294 filius
3089 4249 3267 4294 autem
3321 4238 3443 4309 quia
3496 4237 3632 4293 vidit
3677 4240 3858 4307 patris

2257 4347 2382 4401 erga
2427 4345 2485 4386 se
2506 4329 2758 4395 studium,
2787 4339 2842 4384 et
2886 4327 3155 4399 qudmodo
3191 4329 3370 4383 omnia
3411 4326 3590 4383 facere
3630 4336 3857 4398 paratus

2259 4421 2438 4486 fuerit,
2489 4430 2548 4475 ut
2592 4420 2907 4490 impleretur
2952 4418 3094 4488 quod
3146 4418 3418 4488 cupiebat,
3471 4416 3658 4488 adjicit
3701 4419 3854 4487 quod

2258 4526 2413 4566 suum
2459 4519 2571 4575 est,
2607 4509 2842 4580 dicitque
2869 4507 2934 4562 ad
2962 4507 3130 4563 Jaeob
3158 4519 3214 4562 et
3261 4506 3329 4563 ad
3373 4507 3572 4561 fratres
3604 4506 3802 4576 puclla:
3833 4525 3850 4561 :

2260 4599 2390 4655 “.1
2399 4602 2626 4654 nveniam
2655 4600 2870 4670 gratiam
2888 4597 3234 4665 coranwobis,
3253 4607 3300 4653 et
3318 4597 3566 4666 quidquid
3591 4597 3854 4664 dixeritis,

2259 4694 2528 4748 dabimus:
2569 4691 2654 4746 19..
2697 4692 3033 4762 Multiplicate
3075 4690 3277 4756 dotem,
3306 4699 3353 4743 et
3398 4687 3532 4743 dabo
3567 4687 3854 4743 secundum

2258 4785 2392 4852 quod
2412 4783 2636 4838 dixeritis
2664 4784 2807 4847 mihi,
2822 4794 2867 4836 et
2893 4782 3074 4835 dabitis
3104 4781 3223 4834 mihi
3242 4780 3463 4850 puellam
3485 4779 3616 4832 hanc
3641 4778 3692 4832 in
3717 4795 3854 4833 m-

2261 4890 2386 4926 rem.
2416 4873 2604 4926 Vidisti
2638 4883 2841 4941 patrem
2866 4882 3082 4940 propter
3108 4870 3342 4924 studium
3373 4879 3428 4924 et
3465 4883 3649 4923 curam
3676 4869 3730 4923 in
3777 4853 3850 4922 lio-

2260 4965 2390 5021 lium
2443 4964 2638 5019 obnixe
2691 4963 2921 5033 precari,
2965 4963 3327 5030 juvenemque
3377 4972 3622 5032 prompte
3663 4961 3850 5016 omnia

2261 5057 2596 5126 promittere,
2629 5066 2682 5108 ut
2712 5055 2884 5123 puella
2917 5053 3217 5123 potiretur?

2333 5150 2384 5202 5.
2410 5147 2531 5200 1-1ωο
2559 5146 2720 5209 enim,
2746 5145 2858 5198 lucc
2886 5146 3181 5213 perniciosa
3213 5143 3426 5197 affectio
3452 5144 3628 5197 omnia
3669 5144 3848 5197 susci-

2262 5237 2455 5308 picnda
2488 5237 2706 5291 libidine
2737 5235 2996 5290 dillluenti
3025 5236 3335 5304 persuadet,
3369 5235 3540 5290 donec
3570 5235 3623 5288 in
3651 5234 3849 5290 inferni

2264 5327 2583 5397 profundum
2623 5327 2800 5381 ducat.
2859 5326 2923 5380 Et
2969 5328 3122 5389 vide,
3157 5328 3380 5381 obsecro
3425 5343 3439 5377 :
3495 5328 3674 5382 senior
3721 5328 3847 5396 qui-

2260 5422 2378 5475 dem
2407 5422 2570 5476 .lacob
2597 5421 2708 5473 lucc
2730 5419 2950 5474 audiens
2972 5421 3177 5483 silet,et
3200 5437 3293 5489 pro
3319 5436 3410 5474 sua
3433 5419 3842 5474 mansuetudine

2261 5514 2388 5566 nihil
2423 5513 2686 5581 loquitur:
2715 5513 2805 5564 sed
2836 5514 2937 5565 vim
2968 5512 3087 5566 lilia:
3114 5513 3303 5566 factam
3328 5513 3587 5580 patienter
3607 5511 3725 5564 fert.
3755 5513 3843 5566 i'i.

2265 5606 2384 5657 Filii
2413 5616 2576 5656 autent
2608 5602 2766 5656 Jacob
2807 5603 3040 5656 dlIClllltl
3072 5602 3290 5672 Syt'ltent
3318 5615 3364 5655 et
3397 5602 3549 5655 Emor
3575 5603 3706 5670 patri
3735 5604 3844 5666 eius

2261 5697 2449 5757 dolose,
2483 5705 2528 5748 et
2559 5695 2749 5762 loquuti
2773 5706 2889 5748 sunt
2927 5695 3046 5756 illis,
3085 5696 3214 5760 quod
3243 5695 3612 5763 coinquitturmt
3662 5693 3850 5746 Dinone

2263 5804 2481 5842 sororem
2505 5803 2665 5839 suam.
2695 5786 2984 5842 Considera
3018 5784 3100 5840 hic
3146 5785 3413 5855 quomodo
3444 5795 3662 5856 propter
3693 5791 3856 5847 unius
