4086 6418
253 421 351 478 ΜῚ

248 536 709 601 intemperantiam
741 527 966 582 universi
993 527 1266 579 civitatem
1301 522 1606 576 habitantes
1645 531 1834 586 poma-

249 640 364 678 rutn
392 624 526 679 socii
555 624 702 675 fiant.
744 622 885 676 Sicut
917 618 1058 675 cnim
1090 630 1313 670 accensa
1349 627 1476 682 pyra
1508 652 1524 676 ,
1553 611 1640 677 qui
1672 621 1839 676 prope

245 715 486 768 habitant
511 713 731 781 periculi
756 720 878 762 sunt
909 707 1194 777 participes
1223 747 1235 764 .
1291 705 1412 771 igne
1456 700 1633 752 omnia
1673 698 1840 766 depa-

252 814 438 858 stcnte
472 822 484 855 :
511 804 701 857 eodem
732 799 889 853 modo
932 807 986 852 et
1018 813 1157 850 inme
1183 791 1536 847 adolescentis
1580 789 1842 855 intempe-

249 897 418 951 rantia
468 912 576 950 non
622 893 790 946 solum
823 900 1027 959 patrem
1052 931 1066 952 ,
1095 886 1190 942 sed
1220 895 1276 939 et
1304 899 1492 936 omnes
1523 881 1667 934 urbis
1693 880 1840 934 cives

240 989 396 1042 simul
427 985 682 1056 perdidit.
713 979 849 1048 Quid
873 982 1030 1050 igitur
1053 978 1142 1030 lilii
1163 974 1372 1030 Jacob?
1401 972 1591 1026 Dolose
1633 971 1713 1024 eis
1754 984 1840 1021 rc-

239 1081 598 1149 spondernnt.
649 1076 871 1144 Dignum
900 1082 981 1125 cst
1018 1068 1226 1129 auditu,
1255 1077 1310 1119 ιιι
1339 1063 1554 1118 discatis
1579 1069 1838 1125 quantum

241 1148 461 1238 propter
484 1181 725 1220 sororem
755 1162 1062 1216 doluermit.
1085 1158 1174 1211 Η.
1205 1148 1837 1217 Dixeruntenimnnquit,

241 1237 469 1330 Symeou
514 1267 559 1310 et
597 1255 713 1309 Levi
745 1259 926 1324 fratres
961 1250 1108 1302 Dina:
1132 1288 1144 1308 ,
1175 1245 1271 1315 filii
1323 1254 1488 1296 autent
1532 1241 1637 1292 Lite
1671 1255 1692 1292 .'
1723 1237 1840 1290 Non

242 1354 522 1424 poterimus
553 1353 720 1421 facere
768 1347 969 1400 verbum
1016 1343 1109 1394 hoc
1137 1382 1149 1403 ,
1185 1352 1236 1391 ut
1273 1338 1450 1390 demus
1480 1324 1838 1387 sororcm'uo-

238 1421 398 1498 stram
429 1442 623 1495 homini
653 1439 738 1507 qui
763 1437 909 1490 habet
955 1433 1288 1504 praeputium.
1324 1428 1406 1481 15.
1444 1426 1503 1478 Si
1555 1423 1707 1493 igitur
1744 1421 1842 1472 cir-

236 1532 602 1588 camcidamini
627 1544 780 1581 carne
805 1524 1039 1592 prwputii
1065 1520 1253 1582 vestri,
1295 1519 1380 1571 16.
1432 1515 1663 1567 dabimus
1707 1511 1843 1578 filias

241 1638 442 1680 nostras
482 1619 720 1685 vobis,'et
766 1619 830 1670 de
861 1615 1066 1685 ﬁliabus
1097 1612 1272 1665 vestris
1306 1609 1644 1675 accipiemus,
1668 1614 1712 1655 et
1743 1602 1816 1654 eri

238 1735 352 1771 ntus
380 1715 529 1785 quasi
557 1729 715 1784 genas
738 1725 912 1763 unum.
945 1707 1076 1761 Il;ec
1106 1703 1320 1771 quidem
1359 1696 1653 1768 propositio
1685 1695 1843 1746 bone-

237 1821 318 1862 sta
347 1817 485 1867 enat,
516 1815 565 1859 et
589 1801 780 1856 rationi
810 1804 1192 1857 consentanea,
1212 1791 1305 1845 sed
1336 1804 1456 1842 cum
1481 1787 1627 1849 dolo,
1647 1784 1840 1852 inquit,

238 1901 381 1954 dicta
413 1907 517 1952 est.
549 1896 633 1948 l7.
667 1893 732 1946 Et
762 1892 806 1944 si
849 1886 1133 1947 nolueritis,
1165 1880 1371 1948 inquit,
1405 1879 1496 1929 hoc
1523 1881 1689 1945 facere
1712 1914 1726 1937 ,
1753 1890 1842 1925 ac-

238 2003 386 2060 cepta
424 1991 534 2057 ﬁlia
579 1997 754 2039 nostra
796 1981 1061 2034 abibimus.
1111 1975 1235 2029 Ha-c
1275 1971 1488 2040 quidem
1532 1969 1763 2038 Symeon
1792 1974 1846 2018 ct

242 2085 369 2140 Levi
416 2081 621 2134 cuidem
669 2077 906 2130 onmium
949 2084 1133 2125 secum
1192 2066 1514 2120 meditantes
1563 2071 1846 2129 proposue-

243 2188 388 2232 runt.
435 2176 511 2228 llli
544 2181 722 2224 autem
775 2166 1121 2235 respicientes
1149 2160 1214 2215 ad
1257 2157 1399 2228 quod
1441 2153 1842 2222 exspectabant,

242 2269 589 2340 puellamque
613 2262 816 2316 habere
843 2256 1139 2320 cupientes,
1171 2255 1562 2304 consenserunt
1592 2245 1642 2296 in
1667 2242 1842 2306 dicta,

242 2331 293 2413 cl
326 2331 648 2429 placuerunt
692 2353 773 2406 eis
804 2349 1096 2418 proposita.
1129 2343 1261 2396 Dicit
1292 2342 1435 2392 enim
1469 2356 1481 2390 :
1520 2336 1604 2389 18.
1643 2331 1846 2385 Placuit

245 2469 422 2508 coram
452 2451 525 2503 eis
553 2462 740 2510 sermo,
776 2445 857 2498 l9.
909 2450 953 2494 et
1001 2455 1098 2492 non
1149 2433 1365 2488 lartlat'it
1408 2427 1688 2494 adimplere
1712 2425 1849 2476 dicta

244 2544 566 2598 adolescens.
598 2535 869 2606 Depcribat
893 2532 1025 2586 enim
1053 2530 1217 2598 ﬁliam
1247 2523 1429 2578 Jacub.
1462 2520 1573 2574 lloe
1603 2525 1686 2570 est
1706 2557 1722 2577 ,
1763 2524 1846 2567 to-

245 2649 358 2691 tum
389 2650 448 2688 se
473 2635 527 2686 in
557 2629 746 2699 poi-lla:
774 2640 1012 2680 amorem
1037 2619 1333 2676 dediderat.
1367 2615 1458 2669 ΞΟ.
1486 2612 1550 2666 Et
1586 2616 1866 2673 veneruntp

247 2727 442 2798 inquit,
467 2725 573 2792 ipse
595 2731 642 2776 et
673 2731 815 2790 pater
828 2718 938 2789 ejus
958 2714 1025 2768 ad
1054 2721 1276 2784 portam,
1305 2717 1349 2760 et
1377 2703 1571 2774 loquuti
1599 2707 1715 2754 sunt
1740 2714 1850 2750 om-

247 2793 398 2875 uibus
449 2817 538 2886 qui
589 2814 641 2866 in
681 2809 878 2863 civitate
918 2804 1254 2867 habitabant,
1281 2807 1337 2854 ct
1371 2793 1757 2851 consuluerunt
1794 2797 1853 2842 ut

245 2907 717 2965 circtnncisimiem
769 2900 1107 2969 susciperent
1161 2890 1458 2949 secundum
1499 2886 1738 2942 oblatam
1783 2880 1852 2935 ab

248 3006 358 3060 illis
379 3001 769 3062 conditionem,
799 3003 854 3049 et
881 3003 940 3047 ut
968 2992 1087 3045 illos
1135 2987 1200 3042 ad
1231 2981 1683 3040 cohabitationem
1711 2972 1854 3028 arci-

247 3105 460 3170 perent.
478 3090 776 3162 [inplebant
807 3086 879 3141 illi
912 3085 1090 3138 statim
1116 3094 1238 3149 qua:
1255 3078 1323 3132 ab
1351 3075 1514 3129 Entor
1534 3079 1590 3124 et
1619 3068 1852 3140 Sychem

248 3159 395 3241 dicta
428 3159 578 3245 sunt,
609 3192 662 3236 et
690 3193 880 3233 omnes
922 3173 1078 3229 simul
1107 3163 1535 3226 circumcisionis
1558 3160 1770 3231 signum
1800 3159 1852 3210 in

249 3290 485 3346 corpore
507 3269 864 3340 accipiebant.
910 3265 1025 3319 lloc
1055 3261 1142 3315 ubi
1167 3252 1756 3323 resciveruntSymeon
1788 3261 1853 3300 ac

253 3367 408 3432 levi,
442 3381 565 3434 qua:
609 3360 721 3432 iam
749 3356 952 3413 dudum
990 3366 1173 3408 secum
1221 3346 1617 3403 meditabantur
1639 3382 1656 3405 ,
1691 3353 1855 3408 opere

250 3430 664 3530 compleverunt
683 3471 697 3514 ;
719 3451 813 3507 ‘15.
841 3449 907 3505 Et
940 3445 1158 3516 acceptis
1200 3440 1388 3511 singuli
1417 3436 1601 3509 gladiis
1629 3433 1758 3496 suis,
1776 3430 1858 3484 its-

252 3528 416 3627 gressi
440 3561 557 3607 sunt
582 3550 632 3602 in
660 3546 912 3601 civitatem
951 3554 1145 3596 secure.
1177 3534 1312 3604 Quid
1339 3541 1456 3596 est,
1501 3528 1565 3582 fu
1603 3528 1857 3580 civitatem

253 3620 432 3700 secure
451 3641 629 3710 .’Quia
669 3653 792 3693 cum
820 3635 995 3690 solum
1023 3632 1132 3686 duo
1157 3636 1341 3683 essent
1371 3666 1386 3690 ,
1415 3633 1575 3678 tanta:
1607 3620 1856 3676 multitu-

253 3737 370 3793 dini
412 3749 474 3789 se
501 3736 870 3803 opposuerunt
907 3725 1046 3780 :sed
1089 3734 1334 3790 magnam
1383 3717 1463 3773 eis
1511 3713 1857 3768 securitatem

257 3801 551 3900 praistitit,
573 3821 717 3894 quod
764 3832 953 3874 omnes
990 3815 1063 3869 illi
1111 3811 1277 3868 saucii
1325 3809 1588 3878 iacerent.
1621 3801 1773 3869 Quod
1802 3809 1861 3855 ut

257 3895 417 3976 nobis
449 3915 817 3970 manifestarct
841 3910 1020 3966 divina
1047 3905 1350 3974 Scriptura,
1384 3899 1599 3952 Factum
1640 3905 1734 3960 est,
1780 3895 1859 3947 iu-

255 4012 396 4082 quit,
427 4011 484 4063 in
529 4007 613 4061 die
663 4005 829 4067 tertio,
858 3999 1063 4073 quando
1109 4003 1251 4052 erant
1294 3994 1344 4047 in
1372 3990 1568 4045 dolore.
1598 3987 1710 4042 lloc
1741 3985 1862 4040 illos

257 4076 488 4160 securos
518 4097 772 4160 reddidit,
804 4105 858 4148 et
885 4093 1022 4147 duos
1050 4089 1304 4144 fortiores
1332 4082 1514 4138 multis
1536 4079 1678 4134 fecit.
1712 4076 1864 4131 Occi-

257 4199 466 4258 dernnt,
493 4191 685 4260 inquit,
704 4203 850 4243 omne
871 4182 1232 4241 masculinum,
1250 4179 1351 4232 hoc
1367 4184 1472 4237 est,
1489 4186 1678 4227 omnes
1695 4170 1860 4232 viros,

259 4288 356 4358 qui
425 4293 646 4354 propter
704 4274 1169 4334 circumcisionem
1227 4266 1514 4337 iacebant,
1581 4261 1861 4331 paratique

261 4350 440 4438 cram,
459 4350 607 4427 utita
628 4370 826 4430 dicam,
846 4375 903 4419 ιιι
926 4363 1328 4420 occiderentur:
1345 4365 1399 4412 et
1419 4370 1542 4410 eum
1565 4351 1683 4405 aliis
1704 4350 1864 4406 etiam

263 4472 521 4542 invenem
575 4463 668 4518 ulti
719 4467 865 4520 sunt,
896 4457 984 4527 qui
1016 4452 1249 4526 puellam
1289 4448 1592 4503 vitiaverat.
1647 4444 1712 4498 Et
1759 4459 1865 4496 non

264 4539 512 4614 i-mitmiti
552 4557 649 4608 hac
679 4551 935 4612 vindicta,
956 4548 1118 4602 etiam
1147 4558 1278 4597 oves
1301 4582 1316 4606 ,
1349 4539 1554 4610 inquit,
1583 4550 1769 4592 eorum
1814 4542 1868 4588 et

266 4653 453 4708 otnnia
499 4662 688 4718 pecora
715 4687 730 4710 ,
778 4642 1063 4710 omniaque
1117 4650 1344 4706 corpora
1404 4634 1458 4687 in
1503 4629 1867 4700 captivitatem

268 4746 584 4804 duxerunt,
611 4755 674 4793 ac
701 4736 917 4790 civitate
948 4731 1075 4785 viris
1104 4728 1358 4784 destituta
1389 4734 1444 4779 et
1485 4723 1692 4791 direpta
1745 4719 1870 4774 red-

273 4836 478 4891 ierunt.
505 4829 692 4885 Vidisti
712 4868 725 4888 ,
755 4826 977 4886 dilecte,
1010 4829 1267 4890 quantum
1306 4815 1507 4871 malum
1549 4820 1768 4881 Operata
1801 4810 1872 4864 sit

275 4927 435 4979 unius
457 4920 672 4991 juvenis
701 4913 1007 4970 temeritas?
1038 4909 1226 4964 Vidisti
1257 4917 1509 4977 quantam
1537 4903 1715 4958 attulit
1748 4917 1870 4971 pcr-

275 5018 476 5074 nieiem
500 5011 751 5068 omnibus
774 5009 1043 5063 civitatem
1075 4998 1471 5057 habitantibus?
1504 4996 1627 5050 lliec
1642 4995 1875 5050 scientes

279 5110 614 5166 refrenemus
642 5103 870 5156 filiorum
911 5109 1212 5152 nostrorum
1241 5093 1491 5160 impetus,
1520 5100 1875 5157 magnumque

283 5205 523 5258 furorem
557 5192 910 5251 absterrendo
940 5198 994 5244 et
1038 5185 1376 5242 admonendo
1419 5193 1827 5249 eompescamus
1857 5191 1873 5230 :

283 5307 339 5352 ct
367 5307 621 5348 curemus
647 5298 835 5342 eorum
865 5283 1167 5338 castitatem
1194 5320 1208 5340 ,
1237 5277 1523 5344 omniaque
1550 5274 1805 5327 faciamus
1825 5281 1881 5327 ct

284 5396 599 5444 tiactemus.
631 5390 685 5433 ut
707 5376 964 5432 absurdas
983 5370 1442 5439 concopisecntias
1462 5366 1716 5437 juvenilis
1748 5375 1881 5419 tetas

286 5478 528 5547 effugere
557 5472 744 5542 possit.
775 5468 905 5523 Nam
935 5475 1150 5536 propter
1177 5462 1278 5516 hoc
1304 5469 1356 5514 et
1381 5458 1682 5513 communis
1701 5454 1879 5510 Domi-

291 5584 396 5625 nus
420 5575 604 5621 noster
629 5563 805 5618 sciens
833 5559 1080 5612 humana:
1111 5564 1314 5608 natum
1352 5549 1752 5611 infirmitatem,
1778 5562 1882 5599 nu-

292 5664 429 5730 ptias
457 5655 612 5711 dedit
640 5665 693 5708 et
731 5650 988 5715 sancivit,
1019 5656 1074 5700 ut
1093 5647 1162 5700 ab
1192 5644 1378 5699 illicito
1403 5638 1688 5696 concubitu
1714 5638 1883 5693 absti-

1094 414 1160 468 ιιι
1199 411 1349 467 car.
1393 409 1635 464 xxxw.
1678 405 1768 461 ET
1808 399 2028 460 xxxv.
2061 403 2306 460 cunas.
2351 403 2589 458 nomL.
2627 361 2783 457 Lux.

3445 402 3545 457 διδ

1943 514 2189 582 juvenes,
2220 514 2313 569 sed
2341 514 2573 568 scientes
2606 513 2839 568 fornacis
2872 511 3177 567 incendium
3197 551 3214 577 ,
3239 513 3548 582 priusquam

1948 605 2000 659 in
2035 604 2244 658 luxuria
2278 606 2644 673 implicentur,
2677 604 2991 659 stinleamus
3015 620 3109 659 eos
3144 606 3443 660 secundum
3469 605 3542 659 le-

1944 712 2068 764 gem
2095 694 2186 748 Dei
2222 697 2423 764 nuptiis
2452 697 2705 764 copulare
2729 737 2743 757 ,
2777 705 2834 750 ut
2868 707 2920 749 et
2969 697 3354 750 continentiam
3398 711 3548 750 suam

1946 789 2270 852 Custodiam,
2327 789 2643 856 nullumque
2703 789 2959 842 damnum
3004 788 3237 844 lasciviae
3292 804 3404 844 sua:
3453 789 3547 841 ba-

1949 882 2131 947 beant,
2166 884 2405 938 remedio
2445 885 2589 939 illinc
2619 895 2857 952 sumpto,
2880 895 2932 936 ut
2967 883 3368 951 possintcarnis
3393 882 3547 936 indos

1946 974 2106 1025 mitos
2134 985 2311 1028 motus
2342 975 2658 1043 reprimere,
2702 985 2756 1028 et
2804 990 3017 1044 po'nam
3057 974 3313 1042 effugere.
3343 973 3450 1026 Sed
3477 973 3550 1024 vi-

1946 1062 2168 1116 deamus
2205 1065 2476 1131 quomodo
2497 1079 2558 1118 ea
2586 1081 2707 1133 qua:
2742 1081 2770 1118 a
2800 1065 2979 1132 pueris
3008 1064 3142 1117 laeta
3174 1074 3294 1118 sunt
3319 1103 3332 1125 ,
3363 1079 3550 1118 senem

1946 1153 2242 1207 affecerint.
2276 1155 2363 1209 50.
2397 1154 2540 1208 Dixit
2571 1157 2746 1218 enim,
2778 1154 2967 1223 inquit,
3000 1153 3162 1206 Iacob
3189 1171 3207 1208 :
3248 1154 3473 1223 Symcou
3505 1161 3551 1205 ct

1949 1242 2090 1306 Levi,
2115 1262 2325 1298 exosum
2348 1264 2426 1300 me
2449 1248 2638 1318 fecistis
2663 1289 2678 1312 ,
2703 1256 2758 1300 ut
2795 1248 3033 1300 inolestus
3065 1262 3158 1316 ego
3179 1246 3275 1300 sint
3304 1246 3550 1298 habitato-

1949 1335 2084 1386 ribus
2114 1344 2281 1388 teme.
2306 1335 2510 1401 Quare,
2542 1337 2735 1407 inquit,
2765 1345 2972 1391 tantam
3004 1335 3207 1391 fecistis
3226 1337 3551 1390 vindictam?

1947 1425 2083 1478 Nam
2113 1443 2233 1494 qua:
2261 1442 2289 1480 a
2318 1427 2472 1483 vobis
2509 1429 2644 1482 facta
2673 1440 2797 1482 sunt
2821 1469 2837 1494 ,
2869 1430 3053 1483 odium
3097 1430 3226 1483 mihi
3259 1431 3552 1484 maxinnnn

1949 1518 2159 1586 parient
2195 1518 2334 1586 apud
2365 1533 2555 1573 omnes
2592 1520 2916 1574 habitatores
2945 1530 3103 1574 terra:
3133 1519 3314 1589 hujus.
3348 1521 3552 1574 Deinde

1949 1619 2258 1662 monstrans
2280 1610 2527 1663 timorem
2557 1611 2608 1662 in
2637 1625 2743 1679 quo
2769 1621 2888 1664 erat
2909 1612 3254 1676 constitutus,
3290 1610 3420 1662 ΜίΙιί
3448 1629 3545 1663 au-

1951 1709 2070 1764 tem,
2099 1701 2306 1770 inquit,
2332 1717 2516 1769 parvus
2564 1718 2804 1755 numerus
2832 1714 2926 1766 est,
2977 1713 3021 1755 et
3047 1704 3338 1773 congregati
3375 1715 3554 1755 contra

1949 1807 2027 1842 me
2055 1830 2070 1853 ,
2112 1792 2391 1858 percutieut
2423 1809 2502 1846 me
2527 1835 2542 1857 ,
2575 1803 2621 1844 et
2653 1802 2850 1846 cxterar
2871 1809 2890 1846 :
2930 1795 3080 1862 quasi
3103 1793 3308 1848 diceret
3337 1811 3348 1846 :
3374 1792 3556 1847 Nesci-

1950 1880 2018 1934 tis
2040 1881 2184 1950 quod
2209 1883 2361 1951 pauci
2394 1885 2618 1937 sumus?
2648 1882 2800 1937 facile
2829 1883 3020 1938 eadem
3051 1891 3108 1937 et
3133 1899 3232 1937 nos
3266 1885 3551 1953 patiemur,

1948 1973 2143 2041 quibus
2181 1975 2334 2027 vobis
2382 1974 2501 2027 illos
2555 1976 2776 2028 afficere
2814 1974 3031 2042 placuit.
3065 1975 3129 2028 lit
3157 1975 3294 2029 sicut
3320 1974 3552 2044 Sycbem

1949 2066 2083 2134 patri
2111 2075 2166 2120 et
2191 2067 2441 2121 omnibus
2466 2066 2736 2121 civitatem
2764 2066 3128 2121 habitantibus
3169 2067 3326 2135 hujus
3373 2069 3542 2121 inter-

1950 2155 2053 2211 itus
2081 2157 2177 2210 fuit
2202 2169 2411 2221 auctor,
2442 2158 2511 2210 ita
2552 2166 2606 2212 et
2631 2173 2726 2210 vos
2757 2157 2909 2211 mihi.
2960 2158 3093 2211 Nam
3124 2170 3342 2226 propter
3374 2173 3470 2211 vos
3498 2168 3552 2211 et

1949 2262 2049 2316 ego
2087 2264 2282 2302 exosus
2311 2258 2442 2313 ero,
2477 2260 2530 2302 et
2567 2249 2699 2302 nihil
2745 2247 2994 2316 prohibet
3040 2249 3169 2317 quin
3214 2247 3396 2302 delcar
3427 2265 3559 2317 pro-

1953 2349 2072 2408 pter
2123 2347 2355 2394 vcstram
2385 2340 2685 2394 audaciam.
2737 2341 2826 2394 5L
2861 2338 2953 2393 Illi
2977 2350 3148 2394 autem
3175 2341 3431 2404 dixerunt,
3471 2341 3555 2393 in-

1951 2431 2101 2497 quit,
2159 2429 2424 2500 Numquid
2470 2442 2524 2484 ut
2580 2440 2745 2484 scorto
2792 2430 3062 2484 abutemur
3105 2446 3280 2484 sorore
3332 2439 3504 2484 nostra
3532 2432 3559 2484 ?

1955 2521 2086 2576 Vide
2115 2538 2310 2592 pueros
2337 2525 2682 2576 continenti-.c
2710 2526 2883 2592 gratia
2927 2522 3188 2577 ultionem
3221 2525 3553 2593 sumpsisse:
3617 2533 3621 2536 ’

1951 2623 2208 2668 excusant
2229 2613 2374 2668 enim
2400 2630 2458 2667 se
2492 2614 2662 2681 patri,
2713 2623 2768 2667 ct
2806 2614 2992 2667 dicunt
3020 2629 3034 2665 :
3063 2611 3283 2667 Infamia
3319 2628 3414 2668 nos
3438 2613 3560 2670 alle-

1953 2713 2145 2759 ccrunt
2178 2745 2192 2770 ,
2223 2704 2386 2759 veluti
2414 2715 2602 2760 scorto
2631 2703 2783 2759 abusi
2811 2715 2935 2758 sunt
2964 2718 3152 2759 sorore
3176 2713 3358 2758 nostra
3388 2720 3401 2757 :
3436 2720 3560 2774 pro-

1956 2804 2139 2864 pterea
2172 2795 2276 2850 hoc
2317 2795 2493 2851 facere
2520 2795 2689 2850 coacti
2730 2810 2941 2864 sumus,
2985 2805 3042 2850 ut
3083 2805 3137 2852 et
3174 2796 3357 2851 cancri
3387 2796 3559 2852 disce-

1956 2899 2098 2952 rent,
2130 2888 2323 2942 similia
2351 2904 2456 2943 non
2478 2888 2698 2943 audere.

2015 2981 2069 3034 4.
2094 2979 2199 3033 Sed
2223 2980 2365 3044 vide,
2386 2980 2634 3044 obsecro,
2658 2978 2746 3033 hic
2773 2978 3098 3034 ineffabilem
3124 2979 3215 3034 Dei
3232 2994 3416 3034 curam
3435 2994 3564 3049 erga

1953 3070 2181 3139 iustum.
2237 3069 2371 3124 Nam
2400 3070 2522 3139 quia
2553 3071 2684 3124 vidit
2720 3086 2847 3126 eum
2899 3071 3279 3125 formidantem
3327 3073 3562 3141 regionis

1960 3163 2164 3218 incolas
2208 3173 2424 3233 propter
2451 3162 2684 3216 ﬁliorum
2712 3162 2968 3225 facinora,
3004 3164 3052 3217 l.
3088 3161 3234 3216 Dixit
3275 3164 3321 3216 ci
3368 3165 3503 3218 Dens
3533 3183 3551 3221 :

1961 3254 2151 3326 Surge,
2173 3265 2221 3309 et
2254 3255 2472 3310 ascende
2499 3257 2550 3308 in
2595 3254 2762 3309 locum
2809 3254 3001 3308 Bwlltel
3023 3295 3036 3318 ,
3066 3267 3112 3308 et
3134 3257 3203 3309 ibi
3231 3257 3401 3308 habita
3424 3257 3558 3326 (Ca-

1960 3360 2051 3420 put
2081 3348 2151 3403 55
2182 3350 2222 3418 ).
2250 3348 2406 3416 Quia,
2439 3347 2630 3418 inquit,
2663 3364 2758 3402 cos
2784 3350 2872 3418 qui
2905 3347 2991 3403 hic
3022 3347 3260 3402 habitant
3286 3350 3564 3412 linies,re-

1964 3442 2102 3497 cede
2132 3441 2277 3507 hinc,
2309 3451 2362 3496 et
2397 3441 2572 3495 habita
2605 3442 2655 3494 in
2682 3440 2902 3507 Bmthcl,
2931 3440 2994 3493 Et
3026 3440 3109 3510 fac
3146 3441 3253 3495 illic
3272 3443 3436 3495 altare
3453 3441 3561 3494 Do-

1965 3534 2123 3597 mino,
2151 3533 2240 3602 qui
2263 3533 2501 3602 apparuit
2525 3533 2613 3585 tibi
2637 3549 2752 3585 cum
2783 3537 2982 3603 fugeres
3007 3548 3038 3583 a
3062 3532 3193 3602 facie
3222 3531 3360 3585 Esau
3391 3532 3567 3601 fratris

1965 3625 2060 3678 tui.
2085 3625 2142 3677 2.
2171 3623 2234 3676 Et
2255 3623 2384 3676 dixit
2405 3621 2568 3676 Iacob
2589 3623 2764 3676 domui
2783 3638 2912 3686 sum,
2942 3632 2990 3676 ct
3010 3622 3243 3675 omnibus
3268 3624 3374 3675 suis
3400 3620 3565 3684 :Tol-

1964 3716 2055 3770 lite
2082 3715 2204 3770 deos
2222 3716 2415 3769 alienos
2448 3729 2476 3768 e
2506 3714 2673 3768 medio
2706 3714 2875 3778 vestri,
2897 3723 2943 3768 et
2973 3713 3338 3783 puriﬁcamini,
3368 3723 3414 3765 et
3455 3729 3569 3764 mu-

1968 3819 2070 3864 tate
2103 3809 2262 3864 stolas
2289 3817 2501 3873 vestras,
2533 3807 2587 3861 5.
2611 3816 2660 3859 et
2688 3806 2879 3876 surgite
2903 3848 2917 3871 ,
2939 3816 2988 3858 et
3018 3805 3352 3859 ascentlanms
3374 3804 3423 3856 in
3444 3803 3565 3856 Bir-

1967 3898 2090 3964 tliel,
2120 3909 2166 3952 et
2185 3898 2436 3969 faciamus
2481 3895 2591 3949 illic
2619 3896 2783 3948 altare
2804 3893 3048 3959 Domino,
3078 3895 3162 3962 qui
3195 3894 3450 3948 exaudivit
3482 3909 3564 3944 me

1966 3991 2021 4043 in
2051 3991 2136 4044 die
2176 3987 2481 4059 aﬂlictionis,
2514 3986 2600 4053 qui
2629 3987 2726 4057 fuit
2750 4002 2966 4052 mecum,
2992 3996 3042 4039 et
3062 3984 3272 4039 salvae?!
3301 4000 3379 4036 me
3401 3985 3454 4036 in
3484 3984 3574 4039 viis

1967 4097 2069 4150 qua
2112 4078 2388 4132 ambulavi.
2420 4075 2803 4131 Animadverte
2833 4075 2918 4140 hic
2951 4075 3078 4143 justi
3114 4073 3476 4129 obedientiam
3516 4085 3573 4128 et

1971 4174 2226 4242 pietatem
2259 4170 2310 4223 in
2343 4171 2529 4226 Deum.
2560 4169 2695 4235 Quia
2723 4167 2928 4221 audivit
2953 4183 2967 4219 :
2994 4164 3225 4220 Asceade
3269 4165 3323 4218 in
3343 4164 3564 4228 b‘wtlicl‘,

1970 4275 2016 4319 et
2042 4268 2127 4335 fac
2169 4263 2332 4316 altare
2364 4278 2382 4314 :
2412 4261 2648 4324 vocatis,
2681 4261 2884 4330 inquit,
2917 4258 3168 4312 omnibus
3212 4257 3359 4322 suis,
3386 4255 3522 4311 dixit
3551 4300 3569 4323 ,

1972 4357 2158 4411 Tollite
2187 4356 2328 4410 deos.
2383 4354 2581 4421 Quales
2602 4395 2617 4416 ,
2641 4353 2838 4407 dixerit
2878 4351 2999 4421 quis
3019 4393 3034 4415 ,
3063 4349 3239 4405 deos?
3298 4349 3570 4420 Nusquam

1971 4450 2118 4503 enim
2149 4448 2392 4502 videmus
2421 4447 2595 4516 ipsum
2627 4445 2878 4499 habuisse
2914 4443 3047 4497 deos
3088 4458 3101 4495 :
3143 4441 3214 4494 ab
3247 4441 3398 4495 initio
3427 4441 3573 4494 enim

1977 4541 2074 4596 Dei
2103 4541 2282 4596 cultor
2313 4538 2414 4593 fuit
2437 4538 2634 4606 iustus.
2682 4534 3004 4604 Significant;
3036 4532 3176 4586 forte
3196 4532 3329 4586 deos
3365 4531 3573 4594 Laban,

1975 4647 2111 4701 quos
2139 4630 2339 4685 Rachel
2369 4630 2728 4690 subtraxerat,
2761 4627 2880 4680 ideo
2905 4624 3067 4678 dixit:
3098 4624 3362 4691 Quoniam
3378 4623 3581 4693 gratias

1978 4723 2149 4779 acturi
2179 4737 2366 4777 sumus
2389 4736 2518 4774 vero
2561 4720 2669 4773 Deo
2693 4759 2708 4781 ,
2739 4717 2836 4787 qui
2860 4731 3077 4786 semper
3104 4725 3306 4769 undam
3348 4715 3451 4768 mei
3476 4729 3573 4768 cu-

1979 4831 2096 4871 ram
2123 4814 2309 4884 gessit,
2339 4811 2545 4866 auferte
2572 4810 2616 4863 si
2646 4825 2754 4876 qua
2778 4817 2903 4862 sunt
2930 4808 2982 4861 in
3008 4807 3160 4859 vobis
3191 4805 3355 4867 idola,
3389 4803 3452 4856 Et
3482 4820 3578 4872 pu-

1981 4906 2274 4977 riﬁramiui,
2301 4915 2346 4960 et
2374 4913 2565 4956 mutate
2590 4903 2747 4956 stolas
2778 4911 2987 4963 vestras,
3017 4908 3073 4953 et
3101 4898 3179 4951 sic
3205 4896 3273 4950 ad
3302 4895 3580 4951 civitatem

1983 5012 2300 5068 pergcmus,
2330 5004 2386 5048 et
2440 4994 2587 5046 iuius
2635 5000 2690 5046 ct
2740 4991 2872 5044 foris
2925 4986 3168 5043 mundati
3214 4985 3374 5041 simul
3407 4984 3575 5040 ibitis.

1983 5089 2102 5146 Non
2133 5089 2309 5143 solum
2335 5087 2561 5140 vestium
2606 5083 2782 5136 nitore
2812 5081 3099 5150 puritatem
3141 5078 3411 5132 declarato
3433 5117 3447 5139 ,
3480 5076 3579 5130 sed

1984 5198 2108 5240 cum
2143 5179 2446 5249 obiectione
2494 5175 2757 5229 idolorum
2817 5170 3113 5240 purificatis
3171 5169 3586 5237 cogitationibtts

1986 5275 2182 5331 montis
2224 5271 2578 5328 ascendamus
2616 5266 2686 5322 ad
2717 5264 2947 5320 B:cthel.
2971 5264 3027 5319 4.
3078 5263 3144 5317 Et
3169 5261 3450 5323 dederunt,
3500 5261 3584 5312 in-

1987 5367 2125 5435 quit,
2155 5362 2314 5418 Jacob
2335 5362 2454 5414 deos
2479 5361 2672 5412 alienos
2698 5359 2829 5424 (non
2863 5355 3011 5410 enim
3032 5363 3184 5409 erant
3212 5353 3450 5421 ipSorum
3469 5355 3508 5414 l,
3537 5359 3587 5402 rt

1989 5460 2193 5512 inaures
2235 5469 2349 5522 qua:
2388 5453 2441 5504 iu
2495 5449 2703 5502 auribus
2743 5464 2936 5501 eorum.
2970 5445 3128 5499 Forte
3169 5444 3314 5499 enim
3365 5452 3420 5497 et
3473 5441 3587 5493 ha-e

1989 5551 2139 5617 signa
2175 5543 2418 5615 quaedam
2439 5549 2592 5595 erant
2619 5539 2842 5592 istorum
2884 5537 3183 5597 idolorum,
3234 5533 3356 5586 ideo
3383 5541 3437 5584 ct
3475 5532 3590 5582 lucc

1992 5654 2115 5693 cum
2141 5636 2244 5690 diis
2282 5634 2514 5688 afferunt
2541 5628 2731 5685 Jacob.
2763 5627 2825 5680 Et
2855 5626 3118 5680 abscondit
3160 5641 3219 5676 ea
3254 5623 3426 5676 subter
3456 5632 3584 5674 tere-

1995 5729 2224 5783 bintltum
2251 5727 2301 5778 in
2330 5721 2563 5786 Secimis,
2605 5729 2651 5773 et
2683 5718 2904 5788 perdidit
2930 5733 2989 5769 ea
3020 5730 3174 5783 usque
3210 5713 3261 5766 in
3292 5722 3588 5782 pra'srntem

2005 5820 2156 5873 diem.
2185 5814 2477 5879 Abscomlit,
2511 5811 2701 5881 inquit,
2732 5825 2813 5876 ea,
2846 5819 2892 5862 et
2922 5805 3142 5876 perdidit
3163 5845 3178 5870 ,
3213 5813 3268 5858 ut
3305 5803 3404 5872 ipsi
3435 5815 3591 5856 cl‘t'ttv-
