4086 6428
521 364 627 419 519

518 477 596 534 ris
630 475 769 533 servi
797 493 1036 534 errorem
1065 477 1376 549 ctl‘ngcrcnt,
1406 490 1459 535 et
1494 470 1673 536 nullus
1697 483 1858 536 etiam
1884 483 2020 538 alios
2045 497 2109 538 ex

539 566 596 625 is
619 566 870 623 damnum
895 569 1160 637 acciperet
1185 570 1424 640 posthac.
1453 569 1520 626 Et
1545 586 1666 626 cum
1689 570 1805 628 haec
1829 573 2006 628 omnia
2034 572 2116 628 fe-

525 661 696 720 cisset
719 661 918 729 justus,
943 662 997 716 5.
1032 662 1188 725 Abiit,
1228 662 1485 732 inquit,'a
1505 663 1741 730 Secimis,
1763 674 1817 718 et
1844 666 2119 721 contendit

517 749 590 805 ad
611 749 833 804 Btethel.
865 750 1060 806 lterurn
1092 751 1178 807 hic
1221 753 1439 810 attende
1483 763 1742 824 quantam
1786 755 1904 825 ejus
1931 772 2115 811 curant

525 837 772 895 habuerit
791 840 950 907 Deus,
971 852 1024 896 et
1045 858 1208 913 quam
1227 842 1511 916 diligenter
1521 843 1795 916 Scriptura
1819 863 1916 902 nos
1936 850 2113 903 omnia

528 933 743 987 doceat.
771 931 906 990 Cum
936 949 1186 1005 egressus
1226 937 1368 991 enim
1398 947 1542 993 esset
1562 939 1742 1007 justus
1763 955 1829 993 ex
1866 939 2114 1002 Sccimis,

522 1024 717 1080 Factus
739 1037 813 1081 est
840 1026 992 1081 timor
1016 1025 1113 1082 Dei
1138 1044 1289 1098 super
1325 1044 1497 1083 omnes
1541 1028 1766 1086 civitates
1807 1030 1859 1084 in
1899 1031 2114 1084 circuitu

518 1134 695 1171 eorum
719 1158 735 1184 ,
785 1129 834 1175 et
885 1136 986 1173 non
1039 1119 1324 1190 persequuti
1367 1129 1484 1174 sunt
1531 1120 1667 1189 ﬁlios
1713 1119 1900 1177 Israel.
1950 1121 2111 1178 Vides

521 1222 720 1278 quanta
741 1211 1096 1280 providentia,
1118 1220 1174 1267 et
1198 1227 1359 1282 qnam
1387 1212 1608 1268 evidens
1625 1213 1775 1283 ‘ejus
1791 1215 2112 1270 subsidium?

529 1302 688 1357 ltl'llii
721 1305 887 1371 enim,
917 1304 1090 1375 inquit
1114 1346 1130 1372 ,
1161 1319 1326 1375 super
1349 1320 1445 1360 eos
1473 1317 1667 1370 metus,
1699 1315 1753 1363 et
1796 1324 1900 1361 tton
1932 1324 2113 1377 perse-

523 1397 676 1462 quuti
704 1404 830 1448 sunt
851 1395 995 1450 illos.
1027 1394 1160 1450 Nam
1189 1396 1311 1466 quia
1346 1397 1567 1452 timebat
1603 1397 1703 1450 hoc
1727 1398 1924 1467 justus,
1956 1410 2010 1455 et
2030 1401 2112 1455 di-

520 1485 681 1540 cchat
714 1503 727 1539 :
765 1486 894 1540 Mihi
922 1502 1107 1555 parvus
1149 1503 1390 1542 numerus
1433 1496 1504 1543 est
1528 1529 1543 1555 ,
1571 1497 1621 1543 et
1657 1489 1899 1545 delabor:
1929 1502 2111 1548 narrat

514 1577 789 1646 quomodo
820 1579 1009 1635 timore
1042 1593 1136 1633 eos
1163 1579 1466 1661 invadente,
1497 1582 1642 1653 ipsos
1665 1589 1971 1655 persequuti
2001 1602 2106 1641 non

515 1670 644 1724 sint.
670 1667 802 1725 Nam
832 1671 1045 1741 quando
1089 1671 1234 1728 Deus
1277 1689 1432 1730 suum
1469 1675 1732 1732 auxilium
1779 1677 1972 1735 aﬁ‘erre
2014 1694 2111 1734 vo-

517 1760 700 1828 luerit,
720 1762 982 1819 invalidos
1023 1764 1276 1822 fortiores
1320 1769 1646 1837 potentibus.
1690 1781 1744 1824 et
1775 1786 1975 1842 paucos
2012 1787 2107 1842 po-

514 1853 1044 1924 tentiores-pluribus
1082 1856 1208 1913 facit
1231 1899 1246 1924 ,
1279 1857 1518 1930 nihilque
1546 1860 1752 1916 beatius
1777 1874 1858 1918 est
1901 1880 1968 1920 eo
2013 1867 2103 1936 qui

516 1959 809 2014 supernum
834 1948 1087 2003 auxilium
1107 1947 1426 2021 assequutus
1450 1961 1552 2008 est.
1580 1953 1633 2009 6.
1663 1954 1728 2008 Et
1748 1955 1891 2022 abiit,
1912 1956 2102 2026 inquit,

511 2034 682 2090 'Jacob
709 2037 763 2090 in
793 2035 990 2092 Lusum
1016 2079 1034 2103 ,
1061 2056 1177 2110 qua:
1206 2052 1300 2106 est,
1349 2044 1401 2098 in
1443 2053 1576 2098 terra
1605 2043 1874 2114 Chanaan,
1895 2064 2007 2120 qua:
2031 2057 2105 2103 est

512 2127 729 2196 liwtltel,
761 2138 808 2184 et
830 2131 997 2185 omnis
1026 2133 1246 2203 populus
1273 2137 1358 2203 qui
1383 2145 1490 2188 erat
1528 2153 1643 2190 cum
1681 2153 1758 2192 eo.
1791 2139 1843 2193 7.
1881 2137 1945 2193 Et
1979 2140 2107 2194 tedi-

511 2219 681 2286 [Ecanit
713 2218 781 2273 ibi
805 2219 969 2274 altare
993 2261 1011 2288 ,
1042 2231 1090 2275 et
1127 2224 1318 2278 vocavit
1357 2241 1540 2280 nomen
1568 2226 1666 2280 laci
1698 2229 1836 2282 illius
1860 2227 2055 2285 Bwtltel
2084 2247 2105 2286 :

510 2311 579 2364 ibi
609 2311 740 2365 enim
787 2314 1026 2384 apparuit
1072 2317 1115 2368 ei
1146 2314 1316 2383 Deus,
1349 2332 1465 2370 cum
1492 2318 1685 2390 fugeret
1727 2337 1760 2374 a
1803 2322 1936 2390 facie
1961 2320 2104 2378 Esat‘t

515 2404 691 2473 fratris
715 2405 815 2459 sui.
855 2405 1144 2476 Postquam
1193 2409 1370 2475 venit,
1414 2410 1616 2482 inquit,
1646 2413 1696 2466 in
1729 2412 1951 2479 Baethel,
1979 2416 2104 2472 fecit

507 2493 648 2549 sicut
663 2494 711 2550 ei
729 2504 1052 2567 preceptum
1074 2505 1189 2553 erat
1210 2515 1226 2564 ;
1245 2499 1570 2557 etardiﬁcato
1593 2503 1767 2569 altari,
1789 2505 1992 2562 vocavit
2007 2523 2104 2563 no-

510 2602 635 2645 men
666 2587 768 2644 loci
791 2587 1013 2646 Basilici.
1030 2589 1086 2646 8.
1113 2589 1322 2647 Mortua
1346 2605 1418 2648 est
1444 2605 1632 2660 autem,
1654 2597 1844 2668 inquit,
1872 2597 2102 2655 Deborra

511 2681 688 2736 nutrix
718 2681 978 2752 Rebecca,
996 2693 1042 2738 et
1071 2685 1270 2754 sepulta
1298 2687 1464 2741 estad
1482 2689 1678 2742 radices
1709 2689 1907 2745 Battiel
1930 2692 2104 2747 subter

508 2788 751 2835 quercum
783 2788 801 2826 :
827 2783 873 2826 et
899 2775 1091 2829 vocavit
1109 2774 1273 2830 Iacob
1298 2793 1476 2831 nomen
1507 2780 1634 2850 ejus,
1665 2779 1893 2845 Quercus
1913 2782 2097 2838 luctus.

513 2864 673 2921 Vides
704 2868 973 2936 quomodo
1004 2883 1219 2939 semper
1258 2871 1328 2926 ab
1371 2873 1650 2928 eventibus
1689 2877 1927 2930 nominat
1959 2877 2095 2944 loca,

512 2967 569 3009 nt
593 2967 847 3027 perpetua
873 2969 1120 3014 servetur
1144 2963 1402 3017 memoria
1428 2962 1452 3017 τ
1491 2963 1558 3019 Et
1594 2968 1883 3036 quomodo,
1903 2969 2102 3026 dixerit

507 3047 774 3117 quispiam
793 3091 811 3115 ,
841 3052 1018 3106 nutrix
1071 3051 1325 3108 Rebecca:
1371 3053 1470 3110 fuit
1510 3070 1634 3111 cum
1663 3055 1828 3114 lacob
1850 3059 1963 3129 jam
1993 3063 2099 3131 pri-

510 3155 658 3194 mum
685 3142 932 3197 veniente
959 3158 988 3196 a
1019 3143 1396 3213 Mesopotamia
1420 3187 1435 3211 ,
1460 3147 1766 3219 priusquam
1794 3163 2103 3209 occurreret

509 3231 651 3303 patri
682 3234 823 3288 suo?
852 3233 1013 3290 Forte
1044 3235 1146 3292 hoc
1172 3237 1456 3295 dicendum
1479 3281 1495 3306 ,
1528 3256 1647 3297 eam
1693 3244 1907 3314 quando
1934 3262 1964 3300 a
1995 3245 2099 3302 La-

510 3323 615 3377 tum
638 3323 729 3379 ille
756 3324 934 3391 rediit,
962 3328 1116 3381 simul
1148 3345 1270 3384 eum
1301 3330 1468 3387 Jacob
1497 3335 1679 3389 venire
1708 3337 2006 3406 cupivisse,
2043 3349 2100 3394 ut

508 3423 625 3481 post
656 3415 865 3485 longum
895 3426 1104 3488 tempus
1137 3419 1430 3477 Reheceam
1459 3414 1712 3482 inviseret
1742 3444 1757 3481 :
1787 3427 1879 3485 sed
1918 3431 2098 3502 prius-

507 3519 668 3574 quam
703 3507 772 3562 illi
803 3523 1127 3574 occurrcret,
1150 3511 1453 3572 defunctam
1478 3533 1618 3574 esse.

579 3593 634 3650 ὅ.
663 3595 881 3653 Muralis
906 3602 1134 3674 epilogus
1160 3605 1222 3660 dc
1254 3606 1524 3664 liberorum
1549 3614 1903 3684 castigatione.
1931 3647 2000 3657 —
2028 3618 2096 3673 At

511 3674 612 3741 nos
643 3690 826 3756 etiam,
859 3693 902 3747 si
934 3695 1148 3762 placet,
1197 3696 1282 3752 hic
1315 3699 1564 3758 ﬁniamus
1605 3722 1906 3764 sermonem
1930 3726 2096 3774 ,cou-

511 3782 644 3834 tcnti
690 3781 756 3836 iis
775 3799 897 3852 quas
923 3785 1063 3842 dicta
1106 3799 1250 3844 sunt.
1291 3792 1421 3849 lllnd
1447 3806 1625 3851 autem
1647 3811 1878 3855 vestram
1907 3803 2099 3858 carita-

508 3879 620 3925 tem
647 3875 1040 3944 rogaverimus,
1076 3887 1132 3934 ιιι
1159 3891 1213 3936 et
1259 3897 1352 3938 vos
1399 3886 1608 3942 virtutis
1647 3905 1826 3944 curam
1860 3894 2055 3963 geratis
2080 3936 2097 3963 ,

506 3973 564 4018 ct
593 3964 853 4033 juvenum
880 3973 1264 4030 continentiam
1305 3980 1520 4034 curetis.
1560 3981 1694 4036 l-linc
1733 3985 1874 4038 enim
1896 4025 1912 4050 ,
1945 3997 2001 4040 ut
2027 3988 2096 4040 ita

477 4056 703 4121 ~dicato,
724 4061 903 4115 omnia
926 4063 1062 4117 mala
1096 4075 1405 4133 nascantur.
1423 4069 1770 4127 Consuetudo
1795 4075 1938 4130 enim
1971 4079 2095 4133 mali

503 4163 759 4218 processu
788 4155 1044 4222 temporis
1086 4155 1420 4214 invaleseeus
1467 4171 1663 4218 tantam
1715 4166 1870 4222 allert
1916 4175 2096 4239 perui-

503 4240 665 4306 ciem,
693 4253 749 4298 ut
773 4256 956 4314 postea
985 4263 1089 4302 non
1115 4250 1287 4317 possit
1310 4251 1484 4321 aliqua
1518 4256 1658 4311 vinci
1681 4259 2052 4318 admonitione
2076 4283 2091 4330 ;

504 4342 562 4386 et
604 4349 726 4388 cum
771 4337 937 4391 semel
989 4352 1020 4393 a
1070 4340 1269 4394 malitia
1325 4341 1523 4400 fuerint
1563 4351 1834 4417 occupati,
1861 4355 2009 4422 quasi
2042 4357 2094 4410 in

501 4424 869 4492 captivitatem
891 4438 1072 4483 essent
1107 4430 1318 4487 abducti
1342 4475 1358 4501 ,
1387 4449 1602 4507 quoquo
1639 4439 1888 4497 diabolus
1910 4444 2091 4513 jusse-

502 4516 575 4569 rit
599 4527 847 4587 aguntur.
882 4520 974 4576 ille
1000 4522 1141 4577 enim
1173 4525 1250 4580 eis
1276 4527 1542 4598 imperat,
1576 4542 1629 4587 et
1674 4537 1968 4603 perniciosa
2007 4540 2092 4595 illa

503 4604 596 4659 dat
623 4608 865 4663 mandata
892 4651 906 4673 ,
940 4627 1059 4680 quae
1099 4614 1327 4684 juvenes
1375 4621 1603 4676 libenter
1630 4627 1927 4695 perﬁciunt,
1957 4647 2092 4700 pra:-

504 4705 714 4752 scntem
747 4708 950 4754 tantum
1003 4705 1328 4775 voluptatem
1372 4723 1704 4783 spectantes,
1750 4730 1802 4773 et
1853 4720 2089 4780 futurum

504 4789 746 4847 dolorem
777 4809 880 4848 non
907 4797 1230 4866 cogitantes.
1264 4799 1388 4858 Ideo
1409 4821 1506 4859 oro
1529 4819 1585 4860 ut
1621 4811 1954 4875 przcheamns
1976 4833 2090 4871 ma-

507 4900 633 4939 num
668 4886 788 4944 ﬁliis
815 4889 1030 4955 nostris,
1069 4903 1123 4946 ut
1155 4909 1220 4949 ne
1249 4896 1410 4953 etiam
1437 4915 1535 4971 pro
1570 4903 1634 4956 iis
1655 4919 1772 4973 quae
1798 4907 1872 4962 illi
1901 4925 2089 4977 pecea-

502 4986 629 5032 runt
648 5021 664 5045 ,
706 4995 801 5035 nos
833 4996 1019 5051 pinnas
1044 4988 1422 5062 sustineamus.
1470 4993 1550 5048 An
1578 5000 1793 5052 nescitis
1820 5002 1945 5068 quid
1974 5005 2088 5059 seni

505 5067 584 5122 illi
608 5070 884 5135 acciderit,
907 5090 1028 5128 cum
1059 5092 1161 5130 neu
1196 5078 1373 5137 debite
1397 5085 1710 5142 emendaret
1741 5089 1975 5147 ﬁliorum
1997 5097 2090 5151 de-

500 5158 627 5213 licta
671 5161 774 5231 (l.
825 5161 952 5235 Reg.
1004 5169 1054 5221 8.
1092 5169 1158 5224 18
1202 5171 1262 5238 )?
1301 5173 1759 5240 Quemadmodum
1801 5185 1943 5237 enim
1988 5203 2091 5242 mc-

501 5251 693 5320 dicus,
745 5256 791 5310 si
848 5259 1092 5314 morbum
1164 5265 1401 5321 sectione
1456 5268 1779 5339 indigentem
1838 5280 2088 5337 unctione

502 5355 593 5396 aut
634 5347 930 5415 emplastro
978 5367 1168 5409 curare
1215 5356 1456 5423 voluerit,
1507 5363 1613 5416 cito
1660 5367 1903 5422 morbum
1933 5370 2087 5425 ineu-

502 5435 726 5491 rabilem
758 5439 972 5508 efliciet,
1008 5459 1128 5500 cum
1161 5461 1447 5517 congruam
1485 5468 1590 5508 non
1631 5455 1881 5514 adhibeat
1916 5463 2086 5517 medi-

503 5527 678 5581 einam
714 5546 729 5583 :
774 5530 843 5584 ita
875 5541 927 5585 et
955 5547 1114 5590 senex
1146 5537 1252 5601 ille,
1271 5555 1390 5595 eum
1412 5541 1634 5601 deberet
1667 5549 1802 5604 ﬁlios
1837 5567 1962 5607 suos
1994 5572 2087 5623 pro

505 5629 842 5684 peccatorum
877 5625 1080 5682 ratione
1103 5630 1408 5698 emendare,
1429 5633 1584 5691 nimia
1609 5637 1824 5698 lenitate
1848 5642 1967 5700 illos
1997 5660 2084 5699 ar-

565 5795 581 5827 ι
616 5799 838 5863 Quinque
856 5807 982 5864 Mss,
1008 5803 1205 5871 eﬁicax;
1232 5823 1327 5862 non
1351 5810 1496 5862 male.

1241 367 1300 424 S.
1339 367 1619 424 JOANNIS
1655 368 2128 428 CllRYSOSTOMl
2170 370 2494 430 ARClllEP.
2532 372 3068 436 CONSTANTINOI’.

3717 395 3831 453 520

2233 498 2401 554 gneus
2422 525 2437 550 ,
2484 486 2728 558 supplicii
2758 499 2811 545 ct
2837 491 2950 561 ipse
2982 507 3206 551 consors
3251 494 3367 553 fuit.
3403 497 3634 562 Proinde
3692 521 3830 571 oro.

2227 576 2531 645 exetnplam
2555 577 2656 635 hoc
2682 580 2986 648 timeamus,
3010 593 3063 640 et
3085 585 3346 645 habentes
3367 588 3506 646 ﬁlios
3533 594 3827 663 provides-

2227 681 2346 722 mus
2372 667 2451 723 eis
2481 669 2550 726 de
2573 670 2798 728 honesta
2825 673 3143 733 educatione
3163 720 3178 746 ,
3223 689 3278 734 et
3305 679 3356 735 in
3401 697 3613 737 summa
3658 700 3830 740 unus-

2222 757 2450 829 quisque
2479 775 2661 817 curam
2690 778 2874 819 eorum
2905 775 3046 837 agat,
3071 769 3158 838 qtti
3198 771 3340 840 apud
3384 787 3443 828 se
3483 772 3742 841 habitant,
3772 787 3830 832 et

2225 846 2433 904 lucrum
2465 853 2754 909 maximum
2800 854 2961 911 ducat
2991 859 3269 915 utilitatem
3297 864 3545 933 proximi,
3571 877 3628 920 ut
3647 882 3828 923 unus-

2219 939 2450 1012 quisque
2463 941 2678 1000 discens
2704 961 2766 1001 ea
2793 962 2912 1018 qua:
2939 949 3005 1002 ad
3029 949 3278 1018 virtutem
3306 955 3593 1025 pertinent,
3622 969 3674 1012 et
3691 974 3828 1029 pec-

2219 1033 2324 1086 cati
2359 1035 2658 1105 periculum
2679 1036 2952 1110 effugere,
2979 1051 3035 1096 et
3063 1043 3314 1100 virtutem
3353 1049 3689 1118 amplexatus
3729 1065 3828 1104 sn-

2217 1140 2441 1196 pernum
2469 1128 2725 1185 auxilium
2773 1132 2875 1187 sibi
2915 1134 3203 1192 conciliare
3230 1137 3405 1193 valeat
3431 1157 3443 1192 :
3471 1139 3613 1210 quod
3662 1141 3827 1198 nobis

2216 1217 2466 1273 omnibus
2492 1221 2838 1289 concedatur,
2887 1226 3056 1294 gratia
3090 1237 3144 1282 et
3171 1227 3458 1284 clementia
3483 1231 3689 1286 Domini
3716 1247 3826 1288 no—

2216 1307 2468 1365 striiesn
2497 1310 2693 1366 Christi
2718 1354 2735 1379 ,
2770 1313 2857 1368 cui
2888 1330 3010 1370 cum
3049 1316 3208 1374 Patre
3241 1329 3297 1375 et
3321 1331 3506 1376 sancto
3526 1322 3726 1393 Spiritu
3749 1326 3826 1379 sit

2213 1397 2407 1467 gloria,
2433 1401 2738 1472 imperium,
2773 1403 2964 1473 honor,
3001 1423 3142 1465 nunc
3168 1417 3225 1466 et
3249 1424 3464 1484 semper
3486 1455 3500 1480 ,
3526 1422 3580 1470 et
3618 1415 3670 1470 in
3702 1429 3821 1471 sa:-

2213 1491 2334 1547 cula
2364 1495 2705 1552 saeculorum.
2737 1500 2930 1555 Amen.

2786 1613 3064 1671 llOMILlA
3115 1617 3230 1673 LX.

2213 1719 2280 1774 Et
2308 1721 2565 1790 cedi/iean
2591 1724 2746 1778 altari
2771 1729 2963 1781 vocavit
2979 1745 3158 1782 nomen
3179 1731 3279 1784 loci
3301 1730 3494 1786 Bwtﬁel
3514 1749 3532 1785 :
3553 1734 3658 1788 illic
3676 1735 3824 1790 enim

2282 1815 2522 1884 apparuit
2556 1817 2601 1869 ei
2633 1815 2792 1882 Deus,
2824 1836 2941 1873 cum
2970 1825 3167 1892 fugeret
3209 1839 3242 1876 a
3281 1824 3412 1894 facie
3457 1824 3598 1892 Esai
3635 1828 3822 1896 fratris

2278 1909 2358 1962 sui
2390 1908 2408 1979 (
2442 1907 2572 1965 Gen.
2594 1909 2684 1965 55.
2715 1910 2813 1980 7).

2283 2044 2336 2099 l.
2366 2044 2477 2115 Age
2508 2054 2562 2100 et
2591 2045 2751 2102 hodie
2773 2088 2788 2109 ,
2827 2048 2870 2102 si
2903 2048 3064 2116 libet,
3096 2052 3336 2122 repetitis
3378 2054 3442 2107 iis
3489 2071 3608 2125 qum
3640 2073 3821 2127 nuper

2209 2134 2470 2202 diximus,
2518 2137 2585 2191 ad
2625 2142 2901 2209 sequentia
2928 2141 3083 2197 vobis
3122 2145 3436 2213 exponenda
3467 2146 3814 2204 accedamus.

2215 2227 2346 2283 Nam
2375 2228 2536 2283 etiam
2568 2229 2725 2285 hodie
2755 2229 2979 2286 historia
3005 2232 3172 2288 Jacob
3200 2245 3323 2306 apta
3350 2245 3437 2299 est
3474 2237 3540 2292 ad
3569 2252 3670 2293 nos
3709 2239 3814 2294 do-

2211 2318 2440 2374 cendum
2474 2320 2826 2391 multiplicem
2876 2323 2970 2378 Dei
3006 2324 3058 2379 in
3091 2325 3243 2380 illum
3284 2328 3680 2398 providentiam
3708 2372 3722 2396 ,
3757 2342 3817 2387 et

2209 2411 2480 2480 quomodo
2504 2413 2652 2467 illum
2678 2413 2789 2468 suis
2819 2415 3265 2483 promissionihus
3292 2421 3483 2475 iterum
3515 2423 3812 2480 lirmavct'it.

2206 2518 2564 2560 remunerans
2585 2509 2701 2576 ejus
2736 2508 3077 2576 probitatem.
3111 2510 3402 2581 Postquam
3447 2515 3590 2569 enim
3640 2531 3802 2586 supc-

2213 2595 2328 2650 rins
2360 2597 2592 2651 narravit
2619 2597 2773 2652 nobis
2796 2639 2812 2665 ,
2835 2600 3104 2670 quomodo
3143 2603 3436 2656 secundum
3476 2617 3808 2676 przeeeptnm

2206 2685 2324 2752 Dei,
2353 2687 2558 2742 relictis
2601 2687 2829 2743 Secitnis
2859 2701 3079 2760 propter
3127 2692 3361 2749 facinora
3405 2695 3636 2751 ﬁliorum
3677 2713 3810 2752 suo-

2207 2794 2349 2844 rum,
2371 2778 2438 2832 ad
2491 2777 2690 2834 Luzam
2734 2782 3014 2836 contendit
3048 2801 3060 2837 :
3101 2782 3169 2836 Et
3196 2785 3453 2852 auti/icato
3491 2787 3647 2842 altari
3676 2829 3692 2854 ,
3725 2791 3809 2844 in-

2203 2871 2341 2942 quit,
2368 2872 2560 2926 vocavit
2588 2889 2771 2927 nomen
2803 2873 2902 2927 loci
2927 2873 3126 2929 Bmtltel
3156 2891 3174 2929 :
3207 2877 3314 2930 illic
3339 2879 3472 2932 enim
3499 2882 3742 2950 apparuit
3764 2882 3810 2936 ei

2208 2959 2364 3026 Deus,
2398 2979 2514 3016 cum
2543 2965 2742 3035 fugeret
2769 2981 2800 3017 a
2831 2965 2963 3036 facie
2988 2964 3133 3020 Esau
3153 2969 3330 3040 fratris
3351 2970 3451 3023 sui.
3484 2970 3602 3038 Quo
3631 2972 3808 3041 impo-

2205 3054 2291 3110 rio
2340 3055 2480 3111 Deus
2525 3056 2727 3125 justum
2779 3058 3023 3114 liberavit
3071 3075 3100 3114 a
3150 3060 3341 3117 timore
3384 3079 3491 3131 quo
3520 3064 3811 3122 tenebatur

2205 3156 2424 3216 propter
2452 3148 2661 3203 occisos
2691 3148 2975 3206 Secintitas
3007 3167 3021 3204 :
3057 3151 3318 3221 immisit,
3362 3155 3569 3226 inquit,
3619 3158 3670 3212 in
3705 3158 3808 3214 ha-

2205 3238 2466 3294 bitatores
2494 3239 2706 3295 illarum
2728 3241 3005 3297 civitatum
3038 3255 3263 3313 metunt,
3305 3250 3375 3300 ita
3414 3258 3473 3303 ut
3516 3249 3665 3303 illum
3698 3266 3808 3304 non

2203 3341 2673 3403 persequerentur.
2705 3333 2838 3390 Vide
2881 3335 3269 3405 providentiam
3318 3339 3432 3406 Dei,
3462 3349 3518 3395 et
3549 3351 3809 3410 quantam

2204 3424 2399 3481 habeat
2433 3426 2848 3494 sollicitudinem
2891 3443 2990 3499 pro
3023 3429 3213 3486 Jacob.
3243 3430 3564 3498 Concussit,
3593 3427 3806 3504 inquit,

2205 3520 2396 3575 timore
2416 3520 2623 3575 animas
2653 3536 2839 3576 eorum
2872 3523 2961 3592 qui
3002 3523 3206 3579 vicinas
3250 3525 3496 3581 civitates
3536 3525 3811 3581 inhabita-

2202 3610 2353 3676 bant,
2375 3620 2432 3666 ut
2458 3627 2524 3666 ne
2554 3624 3001 3683 persequerentur
3057 3615 3206 3671 illum
3235 3631 3249 3669 :
3293 3633 3413 3672 nam
3452 3619 3692 3673 rtlI‘laSSlS
3723 3619 3811 3673 ul-

2202 3702 2334 3756 cisci
2375 3703 2627 3777 volebant
2665 3703 2966 3760 Secimitas.
3016 3706 3122 3761 Sed
3177 3713 3428 3776 quoidam
3473 3709 3556 3762 illa
3605 3721 3810 3780 pruzter

2199 3793 2330 3864 justi
2356 3795 2674 3849 sententiam
2699 3795 2832 3850 facta
2867 3797 3094 3865 fuerant,
3121 3807 3176 3853 ct
3205 3798 3438 3870 Sytneoo
3465 3817 3528 3855 ac
3557 3801 3682 3855 Levi
3708 3819 3809 3858 so-

2204 3887 2343 3941 roris
2371 3887 2620 3942 violatam
2638 3888 3022 3943 continentiam
3048 3881 3372 3946 ulciscen'tes
3399 3892 3515 3947 hzec
3539 3893 3805 3961 iecerant;

2205 3993 2312 4033 non
2336 3979 2510 4033 solum
2540 3995 2660 4035 eum
2697 3988 2753 4036 et
2790 3981 2928 4035 ﬁlios
2956 3981 3074 4051 ejus
3102 3997 3131 4036 a
3173 3984 3341 4038 nimio
3380 3984 3571 4040 timore
3600 3985 3806 4041 libera-

2202 4073 2316 4138 vit,
2346 4074 2440 4127 sed
2487 4073 2608 4128 illos
2660 4073 2821 4129 etiam
2884 4074 3078 4131 timore
3127 4078 3477 4142 concutiens,
3519 4095 3549 4133 ο
3602 4090 3806 4135 conatu

2204 4165 2564 4235 persequendi
2620 4167 2862 4221 retraxit.
2897 4168 3120 4224 Vidistis
3162 4181 3422 4241 quantum
3472 4174 3540 4227 sit
3587 4174 3680 4228 niti
3710 4175 3804 4228 di-

2201 4256 2328 4310 vino
2375 4257 2668 4326 praesidio?
2695 4257 2827 4312 Nam
2869 4260 3085 4329 quando
3140 4261 3279 4316 Deus
3313 4263 3466 4317 nobis
3506 4264 3642 4318 bene
3662 4265 3803 4319 alle-

2201 4357 2321 4402 ctus
2379 4357 2480 4414 est,
2514 4364 2546 4404 e
2598 4350 2775 4404 medio
2819 4352 3076 4408 tolluntur
3126 4353 3385 4410 terribilia
3416 4356 3616 4409 omnia.
3647 4356 3804 4414 Sient

2202 4441 2345 4493 enim
2387 4439 2534 4508 justo
2583 4441 2829 4496 ﬁduciam
2862 4444 3047 4508 dedit,
3099 4446 3170 4500 ita
3220 4446 3327 4500 illis
3371 4448 3521 4502 dedit
3570 4461 3802 4505 metunt.

2203 4528 2492 4585 Enimvero
2553 4532 2812 4587 Dominus
2856 4552 2976 4589 curn
3022 4537 3129 4602 sit,
3179 4538 3359 4593 omnia
3407 4551 3562 4608 prout
3612 4543 3802 4598 volue-

2201 4621 2270 4674 rit
2314 4622 2492 4686 vertit,
2543 4632 2599 4678 et
2621 4626 3041 4694 omnipotentem
3067 4644 3215 4684 suam
3250 4633 3566 4700 sapientiam
3598 4635 3648 4690 in
3671 4650 3801 4691 om-

2199 4714 2354 4768 nibus
2373 4715 2639 4772 declarat.
2673 4720 2750 4773 Ac
2787 4719 2919 4775 nihil
2960 4721 3151 4777 fortius
3177 4734 3260 4779 est
3285 4741 3352 4780 eo
3381 4727 3470 4796 qui
3506 4743 3799 4798 supernatn

2197 4807 2299 4862 sibi
2345 4811 2648 4865 conciliavit
2676 4827 2856 4880 opem,
2904 4814 3041 4869 sicut
3070 4816 3230 4872 etiam
3265 4818 3394 4873 nihil
3436 4820 3699 4876 inﬁrmius
3727 4837 3801 4879 eo

2197 4902 2286 4968 qui
2319 4900 2408 4953 illa
2461 4902 2698 4970 privatus
2725 4913 2826 4956 est.
2855 4904 2993 4960 Ecce
3037 4907 3181 4962 enim
3200 4909 3378 4977 justus
3420 4911 3544 4979 ille,
3593 4927 3799 4982 paucos

2199 5007 2425 5046 numero
2470 5008 2651 5048 secum
2684 4995 2905 5062 habens,
2957 5001 3077 5069 quia
3104 5003 3549 5058 custodiebatnra
3579 5003 3712 5071 Deo,
3739 5018 3800 5065 et

2198 5084 2445 5140 ﬁduciam
2484 5089 2712 5158 accepit,
2739 5099 2793 5143 et
2840 5091 3060 5147 insidias
3093 5093 3278 5165 ell'ugit
3305 5104 3320 5144 :
3351 5098 3423 5153 illi
3447 5108 3647 5165 autem,
3669 5117 3794 5156 cunt

2196 5178 2348 5232 multi
2375 5190 2576 5244 essent,
2601 5190 2654 5235 et
2678 5184 2978 5252 conglobati
3001 5190 3424 5257 conspirassent,
3449 5193 3579 5246 nihil
3603 5209 3789 5248 eorum

2196 5287 2316 5341 qua:
2369 5273 2619 5328 volebant
2652 5279 2903 5345 operibus
2927 5282 3199 5348 complere
3245 5291 3552 5351 potuerunt.
3597 5285 3794 5340 Factus

2197 5373 2271 5417 est
2301 5366 2452 5426 enim,
2485 5366 2672 5436 inquit,
2724 5372 2874 5424 timor
2903 5371 3002 5426 Dei
3042 5391 3196 5440 super
3217 5375 3442 5430 civitates
3479 5379 3530 5431 in
3576 5380 3791 5434 circuitu

2195 5471 2389 5510 earum.
2419 5456 2706 5529 Postquam
2740 5461 2898 5532 igitur
2935 5464 3110 5532 justus
3140 5480 3169 5518 a
3219 5467 3410 5522 timore
3456 5473 3679 5524 istorum
3728 5472 3791 5526 li-

2194 5548 2410 5604 beratus
2459 5559 2574 5615 est,
2608 5554 2728 5608 vide
2767 5557 2958 5611 iterum
2989 5557 3242 5613 eximiam
3276 5561 3370 5616 Dei
3423 5562 3787 5633 clementiam,

2195 5655 2353 5709 quam
2384 5658 2507 5712 erga
2530 5659 2650 5700 eum
2679 5646 2988 5705 declaravit.
3023 5652 3078 5709 9.
3117 5651 3267 5708 Visus
3291 5664 3364 5708 est
3390 5657 3523 5709 enim
3561 5668 3608 5710 et
3651 5655 3790 5713 Deus

2196 5731 2377 5784 iterum
2422 5735 2474 5786 in
2500 5734 2659 5788 Luza.
2687 5737 2863 5805 Quare
2904 5742 3086 5810 adjicit
3125 5744 3225 5798 hoc
3274 5747 3516 5808 verbum,
3551 5747 3789 5804 Iterum!

2196 5820 2314 5881 Non
2344 5823 2546 5896 absque
2573 5841 2751 5894 causa,
2782 5831 2876 5889 sed
2907 5842 2964 5889 ut
3004 5834 3200 5904 discas,
3237 5851 3358 5892 eum
3381 5840 3528 5908 prius
3546 5840 3708 5896 etiam
3729 5837 3784 5897 in
