  <div class='ocr_page' id='page_1' title='image "/cluster/home/n/w/nwhite01/storage/ocr_20150623/54/ien.35556001660810/154.png"; bbox 0 0 4086 6422; ppageno 0'>
   <div class='ocr_carea' id='block_1_1' title="bbox 198 449 303 506">
    <p class='ocr_par' dir='ltr' id='par_1_1' title="bbox 198 449 303 506">
     <span class='ocr_line' id='line_1_1' title="bbox 198 449 303 506; baseline -0.019 0"><span class='ocrx_word' id='word_1_1' title='bbox 198 449 303 506; x_wconf 74' lang='grc'><strong>521</strong></span> 
     </span>
    </p>
   </div>
   <div class='ocr_carea' id='block_1_2' title="bbox 201 539 1803 624">
    <p class='ocr_par' dir='ltr' id='par_1_2' title="bbox 201 539 1803 624">
     <span class='ocr_line' id='line_1_2' title="bbox 201 539 1803 624; baseline -0.014 -11"><span class='ocrx_word' id='word_1_2' title='bbox 201 562 304 613; x_wconf 85' lang='lat' dir='ltr'><strong>hoc</strong></span> <span class='ocrx_word' id='word_1_3' title='bbox 329 558 445 612; x_wconf 85' lang='lat' dir='ltr'><strong>loco</strong></span> <span class='ocrx_word' id='word_1_4' title='bbox 467 557 514 611; x_wconf 89' lang='lat' dir='ltr'><strong>ei</strong></span> <span class='ocrx_word' id='word_1_5' title='bbox 543 552 874 624; x_wconf 88' lang='lat' dir='ltr'><strong>apparuisse,</strong></span> <span class='ocrx_word' id='word_1_6' title='bbox 899 545 1113 618; x_wconf 89' lang='lat' dir='ltr'><strong>quando</strong></span> <span class='ocrx_word' id='word_1_7' title='bbox 1143 546 1349 616; x_wconf 76' lang='lat' dir='ltr'><strong>fugiens</strong></span> <span class='ocrx_word' id='word_1_8' title='bbox 1368 544 1588 596; x_wconf 89' lang='lat' dir='ltr'><strong>l&#39;ratrem</strong></span> <span class='ocrx_word' id='word_1_9' title='bbox 1619 541 1671 594; x_wconf 90' lang='lat' dir='ltr'><strong>in</strong></span> <span class='ocrx_word' id='word_1_10' title='bbox 1697 539 1803 592; x_wconf 71' lang='lat' dir='ltr'><strong>ille-</strong></span> 
     </span>
    </p>
   </div>
   <div class='ocr_carea' id='block_1_3' title="bbox 199 631 1811 719">
    <p class='ocr_par' dir='ltr' id='par_1_3' title="bbox 199 631 1811 719">
     <span class='ocr_line' id='line_1_3' title="bbox 199 631 1811 719; baseline -0.012 -16"><span class='ocrx_word' id='word_1_11' title='bbox 199 649 555 719; x_wconf 82' lang='lat' dir='ltr'><strong>sopotamiam</strong></span> <span class='ocrx_word' id='word_1_12' title='bbox 596 642 972 700; x_wconf 66' lang='lat' dir='ltr'><strong>contendebat.</strong></span> <span class='ocrx_word' id='word_1_13' title='bbox 1008 640 1188 707; x_wconf 67' lang='lat' dir='ltr'><strong>Itaque</strong></span> <span class='ocrx_word' id='word_1_14' title='bbox 1226 645 1282 691; x_wconf 90' lang='lat' dir='ltr'><strong>et</strong></span> <span class='ocrx_word' id='word_1_15' title='bbox 1329 648 1468 688; x_wconf 88' lang='lat' dir='ltr'><strong>nunc</strong></span> <span class='ocrx_word' id='word_1_16' title='bbox 1506 633 1622 684; x_wconf 89' lang='lat' dir='ltr'><strong>ait:</strong></span> <span class='ocrx_word' id='word_1_17' title='bbox 1657 631 1811 684; x_wconf 88' lang='lat' dir='ltr'><strong>Sicut</strong></span> 
     </span>
    </p>
   </div>
   <div class='ocr_carea' id='block_1_4' title="bbox 200 725 1810 796">
    <p class='ocr_par' dir='ltr' id='par_1_4' title="bbox 200 725 1810 796">
     <span class='ocr_line' id='line_1_4' title="bbox 200 725 1810 796; baseline -0.014 0"><span class='ocrx_word' id='word_1_18' title='bbox 200 753 330 796; x_wconf 89' lang='lat' dir='ltr'><strong>tunc</strong></span> <span class='ocrx_word' id='word_1_19' title='bbox 361 741 504 794; x_wconf 87' lang='lat' dir='ltr'><strong>visus</strong></span> <span class='ocrx_word' id='word_1_20' title='bbox 535 747 617 793; x_wconf 89' lang='lat' dir='ltr'><strong>est</strong></span> <span class='ocrx_word' id='word_1_21' title='bbox 642 737 690 790; x_wconf 88' lang='lat' dir='ltr'><strong>ei</strong></span> <span class='ocrx_word' id='word_1_22' title='bbox 717 735 955 796; x_wconf 86' lang='lat' dir='ltr'><strong>abeunti,</strong></span> <span class='ocrx_word' id='word_1_23' title='bbox 991 732 1061 784; x_wconf 93' lang='lat' dir='ltr'><strong>ita</strong></span> <span class='ocrx_word' id='word_1_24' title='bbox 1082 739 1132 783; x_wconf 90' lang='lat' dir='ltr'><strong>et</strong></span> <span class='ocrx_word' id='word_1_25' title='bbox 1155 743 1294 781; x_wconf 90' lang='lat' dir='ltr'><strong>nunc</strong></span> <span class='ocrx_word' id='word_1_26' title='bbox 1324 725 1810 792; x_wconf 88' lang='lat' dir='ltr'><strong>redcttntiapparet</strong></span> 
     </span>
    </p>
   </div>
   <div class='ocr_carea' id='block_1_5' title="bbox 197 819 1810 891">
    <p class='ocr_par' dir='ltr' id='par_1_5' title="bbox 197 819 1810 891">
     <span class='ocr_line' id='line_1_5' title="bbox 197 819 1810 891; baseline -0.014 -5"><span class='ocrx_word' id='word_1_27' title='bbox 197 832 253 886; x_wconf 88' lang='lat' dir='ltr'><strong>in</strong></span> <span class='ocrx_word' id='word_1_28' title='bbox 288 832 478 887; x_wconf 91' lang='lat' dir='ltr'><strong>eodem</strong></span> <span class='ocrx_word' id='word_1_29' title='bbox 511 830 647 891; x_wconf 90' lang='lat' dir='ltr'><strong>loco,</strong></span> <span class='ocrx_word' id='word_1_30' title='bbox 667 836 720 881; x_wconf 88' lang='lat' dir='ltr'><strong>et</strong></span> <span class='ocrx_word' id='word_1_31' title='bbox 744 827 1030 879; x_wconf 90' lang='lat' dir='ltr'><strong>conﬁrmat</strong></span> <span class='ocrx_word' id='word_1_32' title='bbox 1051 819 1456 887; x_wconf 63' lang='grc' dir='ltr'><strong>ιιτυιιιίεδὶοιιῡς,</strong></span> <span class='ocrx_word' id='word_1_33' title='bbox 1483 829 1617 884; x_wconf 82' lang='lat' dir='ltr'><strong>quas</strong></span> <span class='ocrx_word' id='word_1_34' title='bbox 1643 827 1810 881; x_wconf 83' lang='lat' dir='ltr'><strong>quan-</strong></span> 
     </span>
    </p>
   </div>
   <div class='ocr_carea' id='block_1_6' title="bbox 196 906 1809 982">
    <p class='ocr_par' dir='ltr' id='par_1_6' title="bbox 196 906 1809 982">
     <span class='ocr_line' id='line_1_6' title="bbox 196 906 1809 982; baseline -0.012 -6"><span class='ocrx_word' id='word_1_35' title='bbox 196 923 271 977; x_wconf 88' lang='lat' dir='ltr'><strong>do</strong></span> <span class='ocrx_word' id='word_1_36' title='bbox 301 924 432 976; x_wconf 86' lang='lat' dir='ltr'><strong>abiit</strong></span> <span class='ocrx_word' id='word_1_37' title='bbox 459 937 580 974; x_wconf 90' lang='lat' dir='ltr'><strong>cum</strong></span> <span class='ocrx_word' id='word_1_38' title='bbox 613 935 678 974; x_wconf 91' lang='lat' dir='ltr'><strong>eo</strong></span> <span class='ocrx_word' id='word_1_39' title='bbox 710 918 855 979; x_wconf 79' lang='lat' dir='ltr'><strong>fecit,</strong></span> <span class='ocrx_word' id='word_1_40' title='bbox 909 915 1010 967; x_wconf 89' lang='lat' dir='ltr'><strong>hoc</strong></span> <span class='ocrx_word' id='word_1_41' title='bbox 1036 923 1294 982; x_wconf 78' lang='lat' dir='ltr'><strong>pra-stans</strong></span> <span class='ocrx_word' id='word_1_42' title='bbox 1321 919 1374 962; x_wconf 84' lang='lat' dir='ltr'><strong>tit</strong></span> <span class='ocrx_word' id='word_1_43' title='bbox 1401 909 1575 976; x_wconf 77' lang='lat' dir='ltr'><strong>justus</strong></span> <span class='ocrx_word' id='word_1_44' title='bbox 1606 906 1809 958; x_wconf 90' lang='lat' dir='ltr'><strong>ﬁrmius</strong></span> 
     </span>
    </p>
   </div>
   <div class='ocr_carea' id='block_1_7' title="bbox 199 1006 1810 1083">
    <p class='ocr_par' dir='ltr' id='par_1_7' title="bbox 199 1006 1810 1083">
     <span class='ocr_line' id='line_1_7' title="bbox 199 1006 1810 1083; baseline -0.011 -16"><span class='ocrx_word' id='word_1_45' title='bbox 199 1016 316 1068; x_wconf 81' lang='lat' dir='ltr'><strong>suis</strong></span> <span class='ocrx_word' id='word_1_46' title='bbox 351 1011 794 1083; x_wconf 82' lang='lat' dir='ltr'><strong>promissiouibus</strong></span> <span class='ocrx_word' id='word_1_47' title='bbox 821 1006 1092 1067; x_wconf 85' lang='lat' dir='ltr'><strong>conﬁdat,</strong></span> <span class='ocrx_word' id='word_1_48' title='bbox 1125 1014 1179 1057; x_wconf 91' lang='lat' dir='ltr'><strong>et</strong></span> <span class='ocrx_word' id='word_1_49' title='bbox 1230 1019 1294 1055; x_wconf 86' lang='lat' dir='ltr'><strong>ne</strong></span> <span class='ocrx_word' id='word_1_50' title='bbox 1329 1011 1547 1070; x_wconf 88' lang='lat' dir='ltr'><strong>propter</strong></span> <span class='ocrx_word' id='word_1_51' title='bbox 1602 1010 1810 1065; x_wconf 89' lang='lat' dir='ltr'><strong>tempus</strong></span> 
     </span>
    </p>
   </div>
   <div class='ocr_carea' id='block_1_8' title="bbox 203 1088 1812 1161">
    <p class='ocr_par' dir='ltr' id='par_1_8' title="bbox 203 1088 1812 1161">
     <span class='ocr_line' id='line_1_8' title="bbox 203 1088 1812 1161; baseline -0.012 0"><span class='ocrx_word' id='word_1_52' title='bbox 203 1106 446 1161; x_wconf 89' lang='lat' dir='ltr'><strong>medium</strong></span> <span class='ocrx_word' id='word_1_53' title='bbox 467 1105 705 1158; x_wconf 84' lang='lat' dir='ltr'><strong>ﬂuctuet.</strong></span> <span class='ocrx_word' id='word_1_54' title='bbox 733 1101 795 1154; x_wconf 86' lang='lat' dir='ltr'><strong>Et</strong></span> <span class='ocrx_word' id='word_1_55' title='bbox 824 1099 1230 1158; x_wconf 72' lang='lat' dir='ltr'><strong>benedixitetnn,</strong></span> <span class='ocrx_word' id='word_1_56' title='bbox 1257 1095 1410 1160; x_wconf 57' lang='lat'><strong>10,11</strong></span> <span class='ocrx_word' id='word_1_57' title='bbox 1435 1094 1561 1144; x_wconf 69' lang='lat' dir='ltr'><strong>dixit</strong></span> <span class='ocrx_word' id='word_1_58' title='bbox 1593 1092 1636 1143; x_wconf 90' lang='lat' dir='ltr'><strong>ci</strong></span> <span class='ocrx_word' id='word_1_59' title='bbox 1661 1130 1674 1143; x_wconf 92' lang='lat'><strong>.</strong></span> <span class='ocrx_word' id='word_1_60' title='bbox 1711 1088 1812 1142; x_wconf 85' lang='lat' dir='ltr'><strong>No-</strong></span> 
     </span>
    </p>
   </div>
   <div class='ocr_carea' id='block_1_9' title="bbox 197 1182 1814 1250">
    <p class='ocr_par' dir='ltr' id='par_1_9' title="bbox 197 1182 1814 1250">
     <span class='ocr_line' id='line_1_9' title="bbox 197 1182 1814 1250; baseline -0.011 0"><span class='ocrx_word' id='word_1_61' title='bbox 197 1215 318 1250; x_wconf 84' lang='lat' dir='ltr'><strong>men</strong></span> <span class='ocrx_word' id='word_1_62' title='bbox 347 1206 486 1250; x_wconf 81' lang='lat' dir='ltr'><strong>tuum</strong></span> <span class='ocrx_word' id='word_1_63' title='bbox 513 1212 611 1248; x_wconf 86' lang='lat' dir='ltr'><strong>non</strong></span> <span class='ocrx_word' id='word_1_64' title='bbox 641 1191 900 1247; x_wconf 85' lang='lat' dir='ltr'><strong>vocabitur</strong></span> <span class='ocrx_word' id='word_1_65' title='bbox 928 1189 1064 1242; x_wconf 84' lang='lat' dir='ltr'><strong>ultra</strong></span> <span class='ocrx_word' id='word_1_66' title='bbox 1086 1185 1271 1250; x_wconf 77' lang='lat' dir='ltr'><strong>Iacob,</strong></span> <span class='ocrx_word' id='word_1_67' title='bbox 1300 1185 1388 1237; x_wconf 85' lang='lat' dir='ltr'><strong>sed</strong></span> <span class='ocrx_word' id='word_1_68' title='bbox 1420 1182 1588 1235; x_wconf 80' lang='lat' dir='ltr'><strong>Israel</strong></span> <span class='ocrx_word' id='word_1_69' title='bbox 1610 1183 1701 1234; x_wconf 89' lang='lat' dir='ltr'><strong>crit</strong></span> <span class='ocrx_word' id='word_1_70' title='bbox 1723 1196 1814 1232; x_wconf 78' lang='lat' dir='ltr'><strong>no-</strong></span> 
     </span>
    </p>
   </div>
   <div class='ocr_carea' id='block_1_10' title="bbox 200 1273 1812 1352">
    <p class='ocr_par' dir='ltr' id='par_1_10' title="bbox 200 1273 1812 1352">
     <span class='ocr_line' id='line_1_10' title="bbox 200 1273 1812 1352; baseline -0.01 -10"><span class='ocrx_word' id='word_1_71' title='bbox 200 1305 320 1341; x_wconf 76' lang='lat' dir='ltr'><strong>utea</strong></span> <span class='ocrx_word' id='word_1_72' title='bbox 353 1300 514 1340; x_wconf 85' lang='lat' dir='ltr'><strong>tuam.</strong></span> <span class='ocrx_word' id='word_1_73' title='bbox 546 1287 876 1352; x_wconf 80' lang='lat' dir='ltr'><strong>Quamquam</strong></span> <span class='ocrx_word' id='word_1_74' title='bbox 900 1281 1010 1347; x_wconf 86' lang='lat' dir='ltr'><strong>jam</strong></span> <span class='ocrx_word' id='word_1_75' title='bbox 1039 1277 1240 1348; x_wconf 90' lang='lat' dir='ltr'><strong>pridem</strong></span> <span class='ocrx_word' id='word_1_76' title='bbox 1265 1276 1364 1328; x_wconf 84' lang='lat' dir='ltr'><strong>hoc</strong></span> <span class='ocrx_word' id='word_1_77' title='bbox 1407 1289 1598 1327; x_wconf 88' lang='lat' dir='ltr'><strong>nomen</strong></span> <span class='ocrx_word' id='word_1_78' title='bbox 1628 1273 1676 1326; x_wconf 92' lang='lat' dir='ltr'><strong>ei</strong></span> <span class='ocrx_word' id='word_1_79' title='bbox 1716 1273 1812 1326; x_wconf 82' lang='lat' dir='ltr'><strong>de-</strong></span> 
     </span>
    </p>
   </div>
   <div class='ocr_carea' id='block_1_11' title="bbox 202 1363 1814 1443">
    <p class='ocr_par' dir='ltr' id='par_1_11' title="bbox 202 1363 1814 1443">
     <span class='ocr_line' id='line_1_11' title="bbox 202 1363 1814 1443; baseline -0.011 -12"><span class='ocrx_word' id='word_1_80' title='bbox 202 1378 379 1443; x_wconf 88' lang='lat' dir='ltr'><strong>derat,</strong></span> <span class='ocrx_word' id='word_1_81' title='bbox 411 1392 531 1430; x_wconf 89' lang='lat' dir='ltr'><strong>eum</strong></span> <span class='ocrx_word' id='word_1_82' title='bbox 563 1377 812 1429; x_wconf 83' lang='lat' dir='ltr'><strong>transiret</strong></span> <span class='ocrx_word' id='word_1_83' title='bbox 842 1373 894 1426; x_wconf 91' lang='lat' dir='ltr'><strong>in</strong></span> <span class='ocrx_word' id='word_1_84' title='bbox 926 1369 1152 1434; x_wconf 83' lang='lat' dir='ltr'><strong>.Iaboeb,</strong></span> <span class='ocrx_word' id='word_1_85' title='bbox 1192 1382 1379 1421; x_wconf 85' lang='lat' dir='ltr'><strong>verum</strong></span> <span class='ocrx_word' id='word_1_86' title='bbox 1421 1363 1712 1432; x_wconf 75' lang='lat' dir='ltr'><strong>majoribus</strong></span> <span class='ocrx_word' id='word_1_87' title='bbox 1736 1364 1814 1414; x_wconf 86' lang='lat' dir='ltr'><strong>itt-</strong></span> 
     </span>
    </p>
   </div>
   <div class='ocr_carea' id='block_1_12' title="bbox 200 1457 1812 1529">
    <p class='ocr_par' dir='ltr' id='par_1_12' title="bbox 200 1457 1812 1529">
     <span class='ocr_line' id='line_1_12' title="bbox 200 1457 1812 1529; baseline -0.012 -6"><span class='ocrx_word' id='word_1_88' title='bbox 200 1470 359 1524; x_wconf 88' lang='lat' dir='ltr'><strong>diciis</strong></span> <span class='ocrx_word' id='word_1_89' title='bbox 407 1469 690 1520; x_wconf 88' lang='lat' dir='ltr'><strong>certiorem</strong></span> <span class='ocrx_word' id='word_1_90' title='bbox 742 1464 955 1517; x_wconf 85' lang='lat' dir='ltr'><strong>volebat</strong></span> <span class='ocrx_word' id='word_1_91' title='bbox 993 1462 1196 1529; x_wconf 90' lang='lat' dir='ltr'><strong>justum</strong></span> <span class='ocrx_word' id='word_1_92' title='bbox 1250 1457 1511 1517; x_wconf 89' lang='lat' dir='ltr'><strong>reddere,</strong></span> <span class='ocrx_word' id='word_1_93' title='bbox 1569 1463 1623 1508; x_wconf 92' lang='lat' dir='ltr'><strong>et</strong></span> <span class='ocrx_word' id='word_1_94' title='bbox 1670 1467 1812 1506; x_wconf 88' lang='lat' dir='ltr'><strong>nunc</strong></span> 
     </span>
    </p>
   </div>
   <div class='ocr_carea' id='block_1_13' title="bbox 201 1545 1814 1614">
    <p class='ocr_par' dir='ltr' id='par_1_13' title="bbox 201 1545 1814 1614">
     <span class='ocr_line' id='line_1_13' title="bbox 201 1545 1814 1614; baseline -0.011 -2"><span class='ocrx_word' id='word_1_95' title='bbox 201 1559 450 1612; x_wconf 78' lang='lat' dir='ltr'><strong>eamdem</strong></span> <span class='ocrx_word' id='word_1_96' title='bbox 480 1556 905 1610; x_wconf 77' lang='lat' dir='ltr'><strong>benedictionem</strong></span> <span class='ocrx_word' id='word_1_97' title='bbox 937 1552 985 1606; x_wconf 93' lang='lat' dir='ltr'><strong>ei</strong></span> <span class='ocrx_word' id='word_1_98' title='bbox 1026 1551 1137 1614; x_wconf 86' lang='lat' dir='ltr'><strong>dat,</strong></span> <span class='ocrx_word' id='word_1_99' title='bbox 1167 1558 1222 1603; x_wconf 90' lang='lat' dir='ltr'><strong>et</strong></span> <span class='ocrx_word' id='word_1_100' title='bbox 1265 1549 1393 1602; x_wconf 84' lang='lat' dir='ltr'><strong>dicit</strong></span> <span class='ocrx_word' id='word_1_101' title='bbox 1419 1565 1429 1598; x_wconf 90' lang='lat'>:</span> <span class='ocrx_word' id='word_1_102' title='bbox 1461 1545 1628 1598; x_wconf 80' lang='lat' dir='ltr'><strong>Israel</strong></span> <span class='ocrx_word' id='word_1_103' title='bbox 1661 1561 1814 1598; x_wconf 86' lang='lat' dir='ltr'><strong>voca-</strong></span> 
     </span>
    </p>
   </div>
   <div class='ocr_carea' id='block_1_14' title="bbox 195 1638 1814 1711">
    <p class='ocr_par' dir='ltr' id='par_1_14' title="bbox 195 1638 1814 1711">
     <span class='ocr_line' id='line_1_14' title="bbox 195 1638 1814 1711; baseline -0.009 -8"><span class='ocrx_word' id='word_1_104' title='bbox 195 1651 339 1703; x_wconf 84' lang='lat' dir='ltr'><strong>bitur</strong></span> <span class='ocrx_word' id='word_1_105' title='bbox 379 1666 558 1702; x_wconf 86' lang='lat' dir='ltr'><strong>nomen</strong></span> <span class='ocrx_word' id='word_1_106' title='bbox 593 1661 765 1711; x_wconf 85' lang='lat' dir='ltr'><strong>tuam;</strong></span> <span class='ocrx_word' id='word_1_107' title='bbox 821 1646 905 1698; x_wconf 83' lang='lat' dir='ltr'><strong>ll.</strong></span> <span class='ocrx_word' id='word_1_108' title='bbox 940 1654 999 1696; x_wconf 72' lang='lat' dir='ltr'><strong>et,</strong></span> <span class='ocrx_word' id='word_1_109' title='bbox 1029 1656 1196 1694; x_wconf 76' lang='lat' dir='ltr'><strong>cresce</strong></span> <span class='ocrx_word' id='word_1_110' title='bbox 1220 1681 1234 1703; x_wconf 95' lang='lat'><strong>,</strong></span> <span class='ocrx_word' id='word_1_111' title='bbox 1281 1648 1326 1692; x_wconf 88' lang='lat' dir='ltr'><strong>et</strong></span> <span class='ocrx_word' id='word_1_112' title='bbox 1367 1638 1814 1704; x_wconf 61' lang='lat' dir='ltr'><strong>multiplicarewt</strong></span> 
     </span>
    </p>
   </div>
   <div class='ocr_carea' id='block_1_15' title="bbox 199 1734 1816 1811">
    <p class='ocr_par' dir='ltr' id='par_1_15' title="bbox 199 1734 1816 1811">
     <span class='ocr_line' id='line_1_15' title="bbox 199 1734 1816 1811; baseline -0.009 -17"><span class='ocrx_word' id='word_1_113' title='bbox 199 1752 376 1811; x_wconf 73' lang='lat' dir='ltr'><strong>gentes</strong></span> <span class='ocrx_word' id='word_1_114' title='bbox 393 1751 442 1792; x_wconf 74' lang='lat' dir='ltr'><strong>et</strong></span> <span class='ocrx_word' id='word_1_115' title='bbox 460 1738 875 1808; x_wconf 69' lang='lat' dir='ltr'><strong>congrrgationes</strong></span> <span class='ocrx_word' id='word_1_116' title='bbox 896 1734 1121 1804; x_wconf 82' lang='lat' dir='ltr'><strong>gentium</strong></span> <span class='ocrx_word' id='word_1_117' title='bbox 1147 1741 1291 1784; x_wconf 88' lang='lat' dir='ltr'><strong>erant</strong></span> <span class='ocrx_word' id='word_1_118' title='bbox 1322 1744 1386 1782; x_wconf 77' lang='lat' dir='ltr'><strong>ea:</strong></span> <span class='ocrx_word' id='word_1_119' title='bbox 1408 1739 1471 1791; x_wconf 89' lang='lat' dir='ltr'><strong>te,</strong></span> <span class='ocrx_word' id='word_1_120' title='bbox 1513 1739 1558 1780; x_wconf 87' lang='lat' dir='ltr'><strong>et</strong></span> <span class='ocrx_word' id='word_1_121' title='bbox 1589 1743 1732 1795; x_wconf 77' lang='lat' dir='ltr'><strong>reges</strong></span> <span class='ocrx_word' id='word_1_122' title='bbox 1753 1739 1816 1781; x_wconf 75' lang='lat' dir='ltr'><strong>ea:</strong></span> 
     </span>
    </p>
   </div>
   <div class='ocr_carea' id='block_1_16' title="bbox 201 1819 1810 1899">
    <p class='ocr_par' dir='ltr' id='par_1_16' title="bbox 201 1819 1810 1899">
     <span class='ocr_line' id='line_1_16' title="bbox 201 1819 1810 1899; baseline -0.01 -14"><span class='ocrx_word' id='word_1_123' title='bbox 201 1834 377 1885; x_wconf 70' lang='lat' dir='ltr'><strong>(titubo</strong></span> <span class='ocrx_word' id='word_1_124' title='bbox 404 1842 491 1884; x_wconf 82' lang='lat' dir='ltr'><strong>tuo</strong></span> <span class='ocrx_word' id='word_1_125' title='bbox 520 1829 810 1899; x_wconf 74' lang='lat' dir='ltr'><strong>prodibant.</strong></span> <span class='ocrx_word' id='word_1_126' title='bbox 844 1826 980 1880; x_wconf 81' lang='lat' dir='ltr'><strong>Vide</strong></span> <span class='ocrx_word' id='word_1_127' title='bbox 1021 1823 1441 1894; x_wconf 79' lang='lat' dir='ltr'><strong>magnitudinem</strong></span> <span class='ocrx_word' id='word_1_128' title='bbox 1477 1819 1810 1874; x_wconf 85' lang='lat' dir='ltr'><strong>benedictio-</strong></span> 
     </span>
    </p>
   </div>
   <div class='ocr_carea' id='block_1_17' title="bbox 201 1909 1813 1975">
    <p class='ocr_par' dir='ltr' id='par_1_17' title="bbox 201 1909 1813 1975">
     <span class='ocr_line' id='line_1_17' title="bbox 201 1909 1813 1975; baseline -0.01 0"><span class='ocrx_word' id='word_1_129' title='bbox 201 1925 310 1975; x_wconf 89' lang='lat' dir='ltr'><strong>nis.</strong></span> <span class='ocrx_word' id='word_1_130' title='bbox 344 1920 460 1974; x_wconf 86' lang='lat' dir='ltr'><strong>Non</strong></span> <span class='ocrx_word' id='word_1_131' title='bbox 489 1921 661 1973; x_wconf 86' lang='lat' dir='ltr'><strong>solum</strong></span> <span class='ocrx_word' id='word_1_132' title='bbox 701 1917 832 1971; x_wconf 87' lang='lat' dir='ltr'><strong>dicit</strong></span> <span class='ocrx_word' id='word_1_133' title='bbox 878 1931 1001 1970; x_wconf 92' lang='lat' dir='ltr'><strong>eum</strong></span> <span class='ocrx_word' id='word_1_134' title='bbox 1051 1916 1103 1966; x_wconf 93' lang='lat' dir='ltr'><strong>in</strong></span> <span class='ocrx_word' id='word_1_135' title='bbox 1159 1921 1359 1964; x_wconf 87' lang='lat' dir='ltr'><strong>tantam</strong></span> <span class='ocrx_word' id='word_1_136' title='bbox 1421 1909 1813 1962; x_wconf 88' lang='lat' dir='ltr'><strong>multitudinem</strong></span> 
     </span>
    </p>
   </div>
   <div class='ocr_carea' id='block_1_18' title="bbox 201 1999 1816 2083">
    <p class='ocr_par' dir='ltr' id='par_1_18' title="bbox 201 1999 1816 2083">
     <span class='ocr_line' id='line_1_18' title="bbox 201 1999 1816 2083; baseline -0.006 -23"><span class='ocrx_word' id='word_1_137' title='bbox 201 2012 632 2083; x_wconf 77' lang='lat' dir='ltr'><strong>propagaudnm,</strong></span> <span class='ocrx_word' id='word_1_138' title='bbox 657 2010 750 2064; x_wconf 88' lang='lat' dir='ltr'><strong>sed</strong></span> <span class='ocrx_word' id='word_1_139' title='bbox 776 2016 830 2062; x_wconf 86' lang='lat' dir='ltr'><strong>et</strong></span> <span class='ocrx_word' id='word_1_140' title='bbox 858 2007 1146 2076; x_wconf 74' lang='lat' dir='ltr'><strong>gloriosum</strong></span> <span class='ocrx_word' id='word_1_141' title='bbox 1167 2001 1281 2056; x_wconf 83' lang='lat' dir='ltr'><strong>fore</strong></span> <span class='ocrx_word' id='word_1_142' title='bbox 1306 2002 1421 2070; x_wconf 84' lang='lat' dir='ltr'><strong>ejus</strong></span> <span class='ocrx_word' id='word_1_143' title='bbox 1449 2016 1632 2054; x_wconf 88' lang='lat' dir='ltr'><strong>semen</strong></span> <span class='ocrx_word' id='word_1_144' title='bbox 1668 2015 1682 2052; x_wconf 89' lang='lat'><strong>:</strong></span> <span class='ocrx_word' id='word_1_145' title='bbox 1717 1999 1816 2052; x_wconf 77' lang='lat' dir='ltr'><strong>lie-</strong></span> 
     </span>
    </p>
   </div>
   <div class='ocr_carea' id='block_1_19' title="bbox 200 2092 1815 2176">
    <p class='ocr_par' dir='ltr' id='par_1_19' title="bbox 200 2092 1815 2176">
     <span class='ocr_line' id='line_1_19' title="bbox 200 2092 1815 2176; baseline -0.009 -17"><span class='ocrx_word' id='word_1_146' title='bbox 200 2124 292 2176; x_wconf 58' lang='lat' dir='ltr'><strong>gr‘s</strong></span> <span class='ocrx_word' id='word_1_147' title='bbox 310 2107 472 2166; x_wconf 87' lang='lat' dir='ltr'><strong>enim,</strong></span> <span class='ocrx_word' id='word_1_148' title='bbox 498 2105 686 2171; x_wconf 87' lang='lat' dir='ltr'><strong>inqttit,</strong></span> <span class='ocrx_word' id='word_1_149' title='bbox 715 2099 976 2154; x_wconf 73' lang='lat' dir='ltr'><strong>exluntbis</strong></span> <span class='ocrx_word' id='word_1_150' title='bbox 1005 2099 1102 2150; x_wconf 76' lang='lat' dir='ltr'><strong>tuis</strong></span> <span class='ocrx_word' id='word_1_151' title='bbox 1123 2097 1482 2167; x_wconf 80' lang='lat' dir='ltr'><strong>egredientar:</strong></span> <span class='ocrx_word' id='word_1_152' title='bbox 1518 2092 1815 2162; x_wconf 78' lang='lat' dir='ltr'><strong>pra-dieens</strong></span> 
     </span>
    </p>
   </div>
   <div class='ocr_carea' id='block_1_20' title="bbox 201 2178 1812 2260">
    <p class='ocr_par' dir='ltr' id='par_1_20' title="bbox 201 2178 1812 2260">
     <span class='ocr_line' id='line_1_20' title="bbox 201 2178 1812 2260; baseline -0.009 -18"><span class='ocrx_word' id='word_1_153' title='bbox 201 2193 250 2243; x_wconf 79' lang='lat' dir='ltr'><strong>ei</strong></span> <span class='ocrx_word' id='word_1_154' title='bbox 285 2190 512 2260; x_wconf 71' lang='lat' dir='ltr'><strong>gloriam</strong></span> <span class='ocrx_word' id='word_1_155' title='bbox 546 2203 737 2242; x_wconf 89' lang='lat' dir='ltr'><strong>eorum</strong></span> <span class='ocrx_word' id='word_1_156' title='bbox 785 2185 875 2254; x_wconf 90' lang='lat' dir='ltr'><strong>qui</strong></span> <span class='ocrx_word' id='word_1_157' title='bbox 920 2199 989 2238; x_wconf 75' lang='lat' dir='ltr'><strong>ex</strong></span> <span class='ocrx_word' id='word_1_158' title='bbox 1023 2185 1137 2251; x_wconf 70' lang='lat' dir='ltr'><strong>ipso</strong></span> <span class='ocrx_word' id='word_1_159' title='bbox 1177 2190 1353 2233; x_wconf 88' lang='lat' dir='ltr'><strong>ortutn</strong></span> <span class='ocrx_word' id='word_1_160' title='bbox 1387 2178 1597 2232; x_wconf 89' lang='lat' dir='ltr'><strong>ducturi</strong></span> <span class='ocrx_word' id='word_1_161' title='bbox 1640 2185 1812 2230; x_wconf 88' lang='lat' dir='ltr'><strong>erant.</strong></span> 
     </span>
    </p>
   </div>
   <div class='ocr_carea' id='block_1_21' title="bbox 205 2266 1814 2344">
    <p class='ocr_par' dir='ltr' id='par_1_21' title="bbox 205 2266 1814 2344">
     <span class='ocr_line' id='line_1_21' title="bbox 205 2266 1814 2344; baseline -0.012 -9"><span class='ocrx_word' id='word_1_162' title='bbox 205 2284 296 2335; x_wconf 72' lang='lat'><strong>12.</strong></span> <span class='ocrx_word' id='word_1_163' title='bbox 328 2279 393 2331; x_wconf 74' lang='lat' dir='ltr'><strong>Et</strong></span> <span class='ocrx_word' id='word_1_164' title='bbox 415 2290 624 2342; x_wconf 86' lang='lat' dir='ltr'><strong>terram,</strong></span> <span class='ocrx_word' id='word_1_165' title='bbox 677 2276 867 2344; x_wconf 90' lang='lat' dir='ltr'><strong>inquit,</strong></span> <span class='ocrx_word' id='word_1_166' title='bbox 923 2289 1072 2342; x_wconf 81' lang='lat' dir='ltr'><strong>quam</strong></span> <span class='ocrx_word' id='word_1_167' title='bbox 1117 2271 1337 2324; x_wconf 74' lang='lat' dir='ltr'><strong>Abraltte</strong></span> <span class='ocrx_word' id='word_1_168' title='bbox 1380 2279 1424 2321; x_wconf 86' lang='lat' dir='ltr'><strong>et</strong></span> <span class='ocrx_word' id='word_1_169' title='bbox 1477 2267 1630 2320; x_wconf 81' lang='lat' dir='ltr'><strong>Isaac</strong></span> <span class='ocrx_word' id='word_1_170' title='bbox 1673 2266 1814 2329; x_wconf 85' lang='lat' dir='ltr'><strong>dedi,</strong></span> 
     </span>
    </p>
   </div>
   <div class='ocr_carea' id='block_1_22' title="bbox 203 2361 1813 2437">
    <p class='ocr_par' dir='ltr' id='par_1_22' title="bbox 203 2361 1813 2437">
     <span class='ocr_line' id='line_1_22' title="bbox 203 2361 1813 2437; baseline -0.009 -10"><span class='ocrx_word' id='word_1_171' title='bbox 203 2375 298 2428; x_wconf 85' lang='lat' dir='ltr'><strong>tibi</strong></span> <span class='ocrx_word' id='word_1_172' title='bbox 328 2374 448 2426; x_wconf 77' lang='lat' dir='ltr'><strong>dedi</strong></span> <span class='ocrx_word' id='word_1_173' title='bbox 489 2389 621 2437; x_wconf 87' lang='lat' dir='ltr'><strong>eam,</strong></span> <span class='ocrx_word' id='word_1_174' title='bbox 654 2381 700 2424; x_wconf 88' lang='lat' dir='ltr'><strong>et</strong></span> <span class='ocrx_word' id='word_1_175' title='bbox 727 2369 907 2423; x_wconf 90' lang='lat' dir='ltr'><strong>semini</strong></span> <span class='ocrx_word' id='word_1_176' title='bbox 937 2379 1024 2421; x_wconf 83' lang='lat' dir='ltr'><strong>tuo</strong></span> <span class='ocrx_word' id='word_1_177' title='bbox 1048 2376 1159 2434; x_wconf 77' lang='lat' dir='ltr'><strong>post</strong></span> <span class='ocrx_word' id='word_1_178' title='bbox 1188 2377 1237 2419; x_wconf 90' lang='lat' dir='ltr'><strong>te</strong></span> <span class='ocrx_word' id='word_1_179' title='bbox 1286 2363 1419 2416; x_wconf 84' lang='lat' dir='ltr'><strong>dabo</strong></span> <span class='ocrx_word' id='word_1_180' title='bbox 1449 2375 1633 2416; x_wconf 83' lang='lat' dir='ltr'><strong>terram</strong></span> <span class='ocrx_word' id='word_1_181' title='bbox 1661 2361 1813 2413; x_wconf 83' lang='lat' dir='ltr'><strong>hanc.</strong></span> 
     </span>
    </p>
   </div>
   <div class='ocr_carea' id='block_1_23' title="bbox 201 2453 1812 2534">
    <p class='ocr_par' dir='ltr' id='par_1_23' title="bbox 201 2453 1812 2534">
     <span class='ocr_line' id='line_1_23' title="bbox 201 2453 1812 2534; baseline -0.011 -15"><span class='ocrx_word' id='word_1_182' title='bbox 201 2467 473 2533; x_wconf 76' lang='lat' dir='ltr'><strong>Quoniam</strong></span> <span class='ocrx_word' id='word_1_183' title='bbox 505 2473 724 2534; x_wconf 88' lang='lat' dir='ltr'><strong>propter</strong></span> <span class='ocrx_word' id='word_1_184' title='bbox 753 2463 885 2516; x_wconf 81' lang='lat' dir='ltr'><strong>facta</strong></span> <span class='ocrx_word' id='word_1_185' title='bbox 909 2462 961 2514; x_wconf 90' lang='lat' dir='ltr'><strong>in</strong></span> <span class='ocrx_word' id='word_1_186' title='bbox 990 2459 1215 2514; x_wconf 84' lang='lat' dir='ltr'><strong>Seeimis</strong></span> <span class='ocrx_word' id='word_1_187' title='bbox 1243 2473 1271 2511; x_wconf 91' lang='lat' dir='ltr'><strong>a</strong></span> <span class='ocrx_word' id='word_1_188' title='bbox 1294 2456 1564 2527; x_wconf 88' lang='lat' dir='ltr'><strong>Symcoue</strong></span> <span class='ocrx_word' id='word_1_189' title='bbox 1582 2464 1633 2506; x_wconf 85' lang='lat' dir='ltr'><strong>et</strong></span> <span class='ocrx_word' id='word_1_190' title='bbox 1667 2453 1812 2516; x_wconf 76' lang='lat' dir='ltr'><strong>Levi,</strong></span> 
     </span>
    </p>
   </div>
   <div class='ocr_carea' id='block_1_24' title="bbox 203 2545 1820 2624">
    <p class='ocr_par' dir='ltr' id='par_1_24' title="bbox 203 2545 1820 2624">
     <span class='ocr_line' id='line_1_24' title="bbox 203 2545 1820 2624; baseline -0.009 -14"><span class='ocrx_word' id='word_1_191' title='bbox 203 2558 423 2612; x_wconf 76' lang='lat' dir='ltr'><strong>dicebat</strong></span> <span class='ocrx_word' id='word_1_192' title='bbox 455 2574 468 2608; x_wconf 89' lang='lat'><strong>:</strong></span> <span class='ocrx_word' id='word_1_193' title='bbox 508 2555 570 2608; x_wconf 88' lang='lat' dir='ltr'><strong>In</strong></span> <span class='ocrx_word' id='word_1_194' title='bbox 600 2569 755 2624; x_wconf 81' lang='lat' dir='ltr'><strong>parvo</strong></span> <span class='ocrx_word' id='word_1_195' title='bbox 783 2568 994 2606; x_wconf 84' lang='lat' dir='ltr'><strong>numero</strong></span> <span class='ocrx_word' id='word_1_196' title='bbox 1015 2567 1126 2602; x_wconf 83' lang='lat' dir='ltr'><strong>sunt</strong></span> <span class='ocrx_word' id='word_1_197' title='bbox 1145 2565 1258 2619; x_wconf 83' lang='lat' dir='ltr'><strong>ego,</strong></span> <span class='ocrx_word' id='word_1_198' title='bbox 1287 2557 1331 2599; x_wconf 76' lang='lat' dir='ltr'><strong>rt</strong></span> <span class='ocrx_word' id='word_1_199' title='bbox 1357 2545 1643 2614; x_wconf 73' lang='lat' dir='ltr'><strong>congregati</strong></span> <span class='ocrx_word' id='word_1_200' title='bbox 1669 2558 1820 2609; x_wconf 75' lang='lat' dir='ltr'><strong>super</strong></span> 
     </span>
    </p>
   </div>
   <div class='ocr_carea' id='block_1_25' title="bbox 208 2631 1816 2717">
    <p class='ocr_par' dir='ltr' id='par_1_25' title="bbox 208 2631 1816 2717">
     <span class='ocr_line' id='line_1_25' title="bbox 208 2631 1816 2717; baseline -0.01 -17"><span class='ocrx_word' id='word_1_201' title='bbox 208 2665 290 2701; x_wconf 86' lang='lat' dir='ltr'><strong>me</strong></span> <span class='ocrx_word' id='word_1_202' title='bbox 320 2647 598 2717; x_wconf 61' lang='lat' dir='ltr'><strong>percutiant</strong></span> <span class='ocrx_word' id='word_1_203' title='bbox 630 2659 729 2707; x_wconf 89' lang='lat' dir='ltr'><strong>me,</strong></span> <span class='ocrx_word' id='word_1_204' title='bbox 769 2653 814 2696; x_wconf 85' lang='lat' dir='ltr'><strong>et</strong></span> <span class='ocrx_word' id='word_1_205' title='bbox 860 2640 1064 2694; x_wconf 70' lang='lat' dir='ltr'><strong>delebor</strong></span> <span class='ocrx_word' id='word_1_206' title='bbox 1094 2655 1184 2709; x_wconf 84' lang='lat' dir='ltr'><strong>ego</strong></span> <span class='ocrx_word' id='word_1_207' title='bbox 1214 2647 1260 2690; x_wconf 88' lang='lat' dir='ltr'><strong>et</strong></span> <span class='ocrx_word' id='word_1_208' title='bbox 1297 2638 1477 2688; x_wconf 82' lang='lat' dir='ltr'><strong>donius</strong></span> <span class='ocrx_word' id='word_1_209' title='bbox 1511 2651 1618 2687; x_wconf 88' lang='lat' dir='ltr'><strong>mea</strong></span> <span class='ocrx_word' id='word_1_210' title='bbox 1661 2631 1816 2699; x_wconf 60' lang='lat' dir='ltr'><strong>(Gen.</strong></span> 
     </span>
    </p>
   </div>
   <div class='ocr_carea' id='block_1_26' title="bbox 205 2724 1818 2809">
    <p class='ocr_par' dir='ltr' id='par_1_26' title="bbox 205 2724 1818 2809">
     <span class='ocr_line' id='line_1_26' title="bbox 205 2724 1818 2809; baseline -0.013 -14"><span class='ocrx_word' id='word_1_211' title='bbox 205 2740 298 2795; x_wconf 63' lang='lat'><strong>35.</strong></span> <span class='ocrx_word' id='word_1_212' title='bbox 333 2737 458 2809; x_wconf 78' lang='lat'><strong>50):</strong></span> <span class='ocrx_word' id='word_1_213' title='bbox 490 2747 546 2792; x_wconf 89' lang='lat' dir='ltr'><strong>et</strong></span> <span class='ocrx_word' id='word_1_214' title='bbox 595 2751 689 2803; x_wconf 87' lang='lat' dir='ltr'><strong>per</strong></span> <span class='ocrx_word' id='word_1_215' title='bbox 733 2733 910 2786; x_wconf 82' lang='lat' dir='ltr'><strong>omnia</strong></span> <span class='ocrx_word' id='word_1_216' title='bbox 945 2730 1275 2785; x_wconf 82' lang='lat' dir='ltr'><strong>monstrabat</strong></span> <span class='ocrx_word' id='word_1_217' title='bbox 1329 2724 1818 2794; x_wconf 73' lang='lat' dir='ltr'><strong>pusillauituiialem</strong></span> 
     </span>
    </p>
   </div>
   <div class='ocr_carea' id='block_1_27' title="bbox 205 2815 1820 2902">
    <p class='ocr_par' dir='ltr' id='par_1_27' title="bbox 205 2815 1820 2902">
     <span class='ocr_line' id='line_1_27' title="bbox 205 2815 1820 2902; baseline -0.015 -12"><span class='ocrx_word' id='word_1_218' title='bbox 205 2844 263 2890; x_wconf 81' lang='lat' dir='ltr'><strong>et</strong></span> <span class='ocrx_word' id='word_1_219' title='bbox 295 2843 620 2902; x_wconf 84' lang='lat' dir='ltr'><strong>metumque</strong></span> <span class='ocrx_word' id='word_1_220' title='bbox 643 2829 950 2881; x_wconf 74' lang='lat' dir='ltr'><strong>tenebatur:</strong></span> <span class='ocrx_word' id='word_1_221' title='bbox 970 2833 1250 2894; x_wconf 73' lang='lat' dir='ltr'><strong>propterea</strong></span> <span class='ocrx_word' id='word_1_222' title='bbox 1281 2818 1540 2888; x_wconf 76' lang='lat' dir='ltr'><strong>benignus</strong></span> <span class='ocrx_word' id='word_1_223' title='bbox 1564 2815 1820 2869; x_wconf 89' lang='lat' dir='ltr'><strong>Dominus</strong></span> 
     </span>
    </p>
   </div>
   <div class='ocr_carea' id='block_1_28' title="bbox 207 2909 1821 2984">
    <p class='ocr_par' dir='ltr' id='par_1_28' title="bbox 207 2909 1821 2984">
     <span class='ocr_line' id='line_1_28' title="bbox 207 2909 1821 2984; baseline -0.014 -3"><span class='ocrx_word' id='word_1_224' title='bbox 207 2941 354 2981; x_wconf 83' lang='lat' dir='ltr'><strong>nunc</strong></span> <span class='ocrx_word' id='word_1_225' title='bbox 380 2924 510 2978; x_wconf 83' lang='lat' dir='ltr'><strong>dicit</strong></span> <span class='ocrx_word' id='word_1_226' title='bbox 530 2921 596 2976; x_wconf 83' lang='lat' dir='ltr'><strong>ad</strong></span> <span class='ocrx_word' id='word_1_227' title='bbox 626 2937 747 2975; x_wconf 88' lang='lat' dir='ltr'><strong>cum</strong></span> <span class='ocrx_word' id='word_1_228' title='bbox 777 2917 1072 2984; x_wconf 79' lang='lat' dir='ltr'><strong>:Quoniam</strong></span> <span class='ocrx_word' id='word_1_229' title='bbox 1099 2911 1301 2973; x_wconf 76' lang='lat' dir='ltr'><strong>dixisti,</strong></span> <span class='ocrx_word' id='word_1_230' title='bbox 1334 2909 1391 2964; x_wconf 84' lang='lat' dir='ltr'><strong>in</strong></span> <span class='ocrx_word' id='word_1_231' title='bbox 1411 2921 1575 2977; x_wconf 80' lang='lat' dir='ltr'><strong>parvo</strong></span> <span class='ocrx_word' id='word_1_232' title='bbox 1597 2919 1821 2960; x_wconf 83' lang='lat' dir='ltr'><strong>numero</strong></span> 
     </span>
    </p>
   </div>
   <div class='ocr_carea' id='block_1_29' title="bbox 208 2999 1823 3085">
    <p class='ocr_par' dir='ltr' id='par_1_29' title="bbox 208 2999 1823 3085">
     <span class='ocr_line' id='line_1_29' title="bbox 208 2999 1823 3085; baseline -0.016 -9"><span class='ocrx_word' id='word_1_233' title='bbox 208 3038 330 3078; x_wconf 82' lang='lat' dir='ltr'><strong>sum</strong></span> <span class='ocrx_word' id='word_1_234' title='bbox 356 3062 371 3085; x_wconf 92' lang='lat'><strong>,</strong></span> <span class='ocrx_word' id='word_1_235' title='bbox 401 3020 550 3075; x_wconf 84' lang='lat' dir='ltr'><strong>disce</strong></span> <span class='ocrx_word' id='word_1_236' title='bbox 579 3017 814 3072; x_wconf 76' lang='lat' dir='ltr'><strong>futurum</strong></span> <span class='ocrx_word' id='word_1_237' title='bbox 848 3026 968 3068; x_wconf 87' lang='lat' dir='ltr'><strong>esse</strong></span> <span class='ocrx_word' id='word_1_238' title='bbox 1001 3021 1054 3063; x_wconf 89' lang='lat' dir='ltr'><strong>ut</strong></span> <span class='ocrx_word' id='word_1_239' title='bbox 1082 3021 1327 3072; x_wconf 66' lang='lat' dir='ltr'><strong>creseas,</strong></span> <span class='ocrx_word' id='word_1_240' title='bbox 1361 3013 1416 3058; x_wconf 84' lang='lat' dir='ltr'><strong>et</strong></span> <span class='ocrx_word' id='word_1_241' title='bbox 1443 2999 1823 3070; x_wconf 90' lang='lat' dir='ltr'><strong>multiplicetur</strong></span> 
     </span>
    </p>
   </div>
   <div class='ocr_carea' id='block_1_30' title="bbox 207 3092 1825 3177">
    <p class='ocr_par' dir='ltr' id='par_1_30' title="bbox 207 3092 1825 3177">
     <span class='ocr_line' id='line_1_30' title="bbox 207 3092 1825 3177; baseline -0.019 -3"><span class='ocrx_word' id='word_1_242' title='bbox 207 3131 399 3173; x_wconf 78' lang='lat' dir='ltr'><strong>semen</strong></span> <span class='ocrx_word' id='word_1_243' title='bbox 450 3123 622 3177; x_wconf 87' lang='lat' dir='ltr'><strong>tuum,</strong></span> <span class='ocrx_word' id='word_1_244' title='bbox 655 3119 708 3165; x_wconf 87' lang='lat' dir='ltr'><strong>et</strong></span> <span class='ocrx_word' id='word_1_245' title='bbox 735 3109 807 3162; x_wconf 87' lang='lat' dir='ltr'><strong>ita</strong></span> <span class='ocrx_word' id='word_1_246' title='bbox 833 3106 902 3160; x_wconf 85' lang='lat' dir='ltr'><strong>sit</strong></span> <span class='ocrx_word' id='word_1_247' title='bbox 925 3103 1233 3174; x_wconf 74' lang='lat' dir='ltr'><strong>gloriosum,</strong></span> <span class='ocrx_word' id='word_1_248' title='bbox 1285 3109 1341 3151; x_wconf 92' lang='lat' dir='ltr'><strong>ut</strong></span> <span class='ocrx_word' id='word_1_249' title='bbox 1385 3092 1825 3164; x_wconf 58' lang='lat' dir='ltr'><strong>congregatione:</strong></span> 
     </span>
    </p>
   </div>
   <div class='ocr_carea' id='block_1_31' title="bbox 209 3188 1819 3282">
    <p class='ocr_par' dir='ltr' id='par_1_31' title="bbox 209 3188 1819 3282">
     <span class='ocr_line' id='line_1_31' title="bbox 209 3188 1819 3282; baseline -0.017 -17"><span class='ocrx_word' id='word_1_250' title='bbox 209 3210 453 3282; x_wconf 74' lang='lat' dir='ltr'><strong>gentium</strong></span> <span class='ocrx_word' id='word_1_251' title='bbox 474 3215 531 3261; x_wconf 86' lang='lat' dir='ltr'><strong>et</strong></span> <span class='ocrx_word' id='word_1_252' title='bbox 553 3217 707 3274; x_wconf 78' lang='lat' dir='ltr'><strong>rcges</strong></span> <span class='ocrx_word' id='word_1_253' title='bbox 752 3216 816 3257; x_wconf 81' lang='lat' dir='ltr'><strong>es</strong></span> <span class='ocrx_word' id='word_1_254' title='bbox 849 3214 914 3254; x_wconf 89' lang='lat' dir='ltr'><strong>eo</strong></span> <span class='ocrx_word' id='word_1_255' title='bbox 955 3193 1334 3266; x_wconf 80' lang='lat' dir='ltr'><strong>pt&#39;ndiltlt&#39;isittl</strong></span> <span class='ocrx_word' id='word_1_256' title='bbox 1356 3208 1370 3255; x_wconf 86' lang='lat'><strong>;</strong></span> <span class='ocrx_word' id='word_1_257' title='bbox 1395 3199 1553 3259; x_wconf 87' lang='lat' dir='ltr'><strong>atque</strong></span> <span class='ocrx_word' id='word_1_258' title='bbox 1583 3188 1819 3240; x_wconf 81' lang='lat' dir='ltr'><strong>laturum</strong></span> 
     </span>
    </p>
   </div>
   <div class='ocr_carea' id='block_1_32' title="bbox 211 3282 1823 3367">
    <p class='ocr_par' dir='ltr' id='par_1_32' title="bbox 211 3282 1823 3367">
     <span class='ocr_line' id='line_1_32' title="bbox 211 3282 1823 3367; baseline -0.019 -9"><span class='ocrx_word' id='word_1_259' title='bbox 211 3317 356 3367; x_wconf 61' lang='lat' dir='ltr'><strong>esse,</strong></span> <span class='ocrx_word' id='word_1_260' title='bbox 392 3308 452 3352; x_wconf 90' lang='lat' dir='ltr'><strong>ut</strong></span> <span class='ocrx_word' id='word_1_261' title='bbox 483 3311 587 3350; x_wconf 86' lang='lat' dir='ltr'><strong>non</strong></span> <span class='ocrx_word' id='word_1_262' title='bbox 616 3293 792 3350; x_wconf 87' lang='lat' dir='ltr'><strong>solum</strong></span> <span class='ocrx_word' id='word_1_263' title='bbox 825 3306 930 3345; x_wconf 90' lang='lat' dir='ltr'><strong>non</strong></span> <span class='ocrx_word' id='word_1_264' title='bbox 958 3287 1227 3349; x_wconf 87' lang='lat' dir='ltr'><strong>delearis,</strong></span> <span class='ocrx_word' id='word_1_265' title='bbox 1259 3282 1354 3337; x_wconf 91' lang='lat' dir='ltr'><strong>sed</strong></span> <span class='ocrx_word' id='word_1_266' title='bbox 1384 3291 1435 3335; x_wconf 89' lang='lat' dir='ltr'><strong>et</strong></span> <span class='ocrx_word' id='word_1_267' title='bbox 1478 3291 1531 3332; x_wconf 91' lang='lat' dir='ltr'><strong>tu</strong></span> <span class='ocrx_word' id='word_1_268' title='bbox 1557 3287 1610 3332; x_wconf 91' lang='lat' dir='ltr'><strong>et</strong></span> <span class='ocrx_word' id='word_1_269' title='bbox 1637 3291 1823 3330; x_wconf 74' lang='lat' dir='ltr'><strong>semen</strong></span> 
     </span>
    </p>
   </div>
   <div class='ocr_carea' id='block_1_33' title="bbox 214 3366 1816 3448">
    <p class='ocr_par' dir='ltr' id='par_1_33' title="bbox 214 3366 1816 3448">
     <span class='ocr_line' id='line_1_33' title="bbox 214 3366 1816 3448; baseline -0.017 -1"><span class='ocrx_word' id='word_1_270' title='bbox 214 3405 364 3448; x_wconf 89' lang='lat' dir='ltr'><strong>tuum</strong></span> <span class='ocrx_word' id='word_1_271' title='bbox 389 3403 607 3443; x_wconf 89' lang='lat' dir='ltr'><strong>omnem</strong></span> <span class='ocrx_word' id='word_1_272' title='bbox 642 3395 839 3440; x_wconf 87' lang='lat' dir='ltr'><strong>terram</strong></span> <span class='ocrx_word' id='word_1_273' title='bbox 867 3381 1004 3434; x_wconf 83' lang='lat' dir='ltr'><strong>lianc</strong></span> <span class='ocrx_word' id='word_1_274' title='bbox 1043 3379 1095 3431; x_wconf 92' lang='lat' dir='ltr'><strong>in</strong></span> <span class='ocrx_word' id='word_1_275' title='bbox 1127 3374 1479 3432; x_wconf 84' lang='lat' dir='ltr'><strong>hereditatem</strong></span> <span class='ocrx_word' id='word_1_276' title='bbox 1520 3366 1816 3436; x_wconf 67' lang='lat' dir='ltr'><strong>accipiatis.</strong></span> 
     </span>
    </p>
   </div>
   <div class='ocr_carea' id='block_1_34' title="bbox 218 3461 1825 3549">
    <p class='ocr_par' dir='ltr' id='par_1_34' title="bbox 218 3461 1825 3549">
     <span class='ocr_line' id='line_1_34' title="bbox 218 3461 1825 3549; baseline -0.018 -8"><span class='ocrx_word' id='word_1_277' title='bbox 218 3487 283 3542; x_wconf 77' lang='lat' dir='ltr'><strong>Et</strong></span> <span class='ocrx_word' id='word_1_278' title='bbox 306 3483 463 3539; x_wconf 79' lang='lat' dir='ltr'><strong>lactis</strong></span> <span class='ocrx_word' id='word_1_279' title='bbox 493 3482 541 3536; x_wconf 90' lang='lat' dir='ltr'><strong>ei</strong></span> <span class='ocrx_word' id='word_1_280' title='bbox 569 3474 1017 3549; x_wconf 81' lang='lat' dir='ltr'><strong>promissionibus</strong></span> <span class='ocrx_word' id='word_1_281' title='bbox 1045 3471 1180 3530; x_wconf 75' lang='lat' dir='ltr'><strong>istis.</strong></span> <span class='ocrx_word' id='word_1_282' title='bbox 1217 3467 1304 3523; x_wconf 74' lang='lat' dir='ltr'><strong>i3.</strong></span> <span class='ocrx_word' id='word_1_283' title='bbox 1345 3464 1580 3519; x_wconf 70' lang='lat' dir='ltr'><strong>Ascendit</strong></span> <span class='ocrx_word' id='word_1_284' title='bbox 1608 3461 1741 3514; x_wconf 81' lang='lat' dir='ltr'><strong>Deus</strong></span> <span class='ocrx_word' id='word_1_285' title='bbox 1763 3461 1825 3514; x_wconf 91' lang='lat' dir='ltr'><strong>ab</strong></span> 
     </span>
    </p>
   </div>
   <div class='ocr_carea' id='block_1_35' title="bbox 214 3559 1825 3646">
    <p class='ocr_par' dir='ltr' id='par_1_35' title="bbox 214 3559 1825 3646">
     <span class='ocr_line' id='line_1_35' title="bbox 214 3559 1825 3646; baseline -0.021 -9"><span class='ocrx_word' id='word_1_286' title='bbox 214 3597 298 3646; x_wconf 74' lang='lat' dir='ltr'><strong>eo,</strong></span> <span class='ocrx_word' id='word_1_287' title='bbox 320 3595 386 3634; x_wconf 75' lang='lat' dir='ltr'><strong>ea:</strong></span> <span class='ocrx_word' id='word_1_288' title='bbox 407 3576 519 3631; x_wconf 81' lang='lat' dir='ltr'><strong>loco</strong></span> <span class='ocrx_word' id='word_1_289' title='bbox 543 3574 624 3628; x_wconf 82' lang='lat' dir='ltr'><strong>ubi</strong></span> <span class='ocrx_word' id='word_1_290' title='bbox 648 3580 719 3627; x_wconf 85' lang='lat' dir='ltr'><strong>est</strong></span> <span class='ocrx_word' id='word_1_291' title='bbox 745 3571 980 3639; x_wconf 70' lang='lat' dir='ltr'><strong>loquutus</strong></span> <span class='ocrx_word' id='word_1_292' title='bbox 1008 3579 1120 3618; x_wconf 80' lang='lat' dir='ltr'><strong>cum</strong></span> <span class='ocrx_word' id='word_1_293' title='bbox 1152 3563 1260 3616; x_wconf 89' lang='lat' dir='ltr'><strong>illo.</strong></span> <span class='ocrx_word' id='word_1_294' title='bbox 1297 3559 1429 3613; x_wconf 78' lang='lat' dir='ltr'><strong>Vide</strong></span> <span class='ocrx_word' id='word_1_295' title='bbox 1456 3565 1713 3626; x_wconf 76' lang='lat' dir='ltr'><strong>quantum</strong></span> <span class='ocrx_word' id='word_1_296' title='bbox 1741 3561 1825 3605; x_wconf 89' lang='lat' dir='ltr'><strong>at-</strong></span> 
     </span>
    </p>
   </div>
   <div class='ocr_carea' id='block_1_36' title="bbox 219 3649 1828 3742">
    <p class='ocr_par' dir='ltr' id='par_1_36' title="bbox 219 3649 1828 3742">
     <span class='ocr_line' id='line_1_36' title="bbox 219 3649 1828 3742; baseline -0.019 -14"><span class='ocrx_word' id='word_1_297' title='bbox 219 3677 530 3742; x_wconf 82' lang='lat' dir='ltr'><strong>tctnperant</strong></span> <span class='ocrx_word' id='word_1_298' title='bbox 559 3682 619 3722; x_wconf 86' lang='lat' dir='ltr'><strong>se.</strong></span> <span class='ocrx_word' id='word_1_299' title='bbox 637 3676 834 3718; x_wconf 67' lang='lat' dir='ltr'><strong>nostra:</strong></span> <span class='ocrx_word' id='word_1_300' title='bbox 863 3656 1158 3714; x_wconf 88' lang='lat' dir='ltr'><strong>inﬁrmitati</strong></span> <span class='ocrx_word' id='word_1_301' title='bbox 1188 3653 1380 3706; x_wconf 82' lang='lat' dir='ltr'><strong>divin-.e</strong></span> <span class='ocrx_word' id='word_1_302' title='bbox 1405 3649 1693 3718; x_wconf 76' lang='lat' dir='ltr'><strong>Scriptura:</strong></span> <span class='ocrx_word' id='word_1_303' title='bbox 1711 3660 1828 3698; x_wconf 65' lang='lat' dir='ltr'><strong>vero</strong></span> 
     </span>
    </p>
   </div>
   <div class='ocr_carea' id='block_1_37' title="bbox 220 3737 1826 3822">
    <p class='ocr_par' dir='ltr' id='par_1_37' title="bbox 220 3737 1826 3822">
     <span class='ocr_line' id='line_1_37' title="bbox 220 3737 1826 3822; baseline -0.021 -1"><span class='ocrx_word' id='word_1_304' title='bbox 220 3766 312 3820; x_wconf 85' lang='lat' dir='ltr'><strong>ba.</strong></span> <span class='ocrx_word' id='word_1_305' title='bbox 338 3737 618 3819; x_wconf 63' lang='lat' dir='ltr'><strong>iddscendit</strong></span> <span class='ocrx_word' id='word_1_306' title='bbox 639 3756 802 3817; x_wconf 85' lang='lat' dir='ltr'><strong>enim,</strong></span> <span class='ocrx_word' id='word_1_307' title='bbox 833 3751 1023 3822; x_wconf 87' lang='lat' dir='ltr'><strong>inquit.</strong></span> <span class='ocrx_word' id='word_1_308' title='bbox 1065 3747 1200 3801; x_wconf 74' lang='lat' dir='ltr'><strong>Deus</strong></span> <span class='ocrx_word' id='word_1_309' title='bbox 1243 3746 1306 3799; x_wconf 87' lang='lat' dir='ltr'><strong>ab</strong></span> <span class='ocrx_word' id='word_1_310' title='bbox 1335 3761 1393 3798; x_wconf 84' lang='lat' dir='ltr'><strong>eo</strong></span> <span class='ocrx_word' id='word_1_311' title='bbox 1425 3757 1440 3794; x_wconf 89' lang='lat'>:</span> <span class='ocrx_word' id='word_1_312' title='bbox 1474 3755 1580 3794; x_wconf 74' lang='lat' dir='ltr'><strong>non</strong></span> <span class='ocrx_word' id='word_1_313' title='bbox 1605 3748 1661 3792; x_wconf 91' lang='lat' dir='ltr'><strong>ut</strong></span> <span class='ocrx_word' id='word_1_314' title='bbox 1706 3737 1826 3791; x_wconf 82' lang='lat' dir='ltr'><strong>loco</strong></span> 
     </span>
    </p>
   </div>
   <div class='ocr_carea' id='block_1_38' title="bbox 217 3829 1827 3913">
    <p class='ocr_par' dir='ltr' id='par_1_38' title="bbox 217 3829 1827 3913">
     <span class='ocr_line' id='line_1_38' title="bbox 217 3829 1827 3913; baseline -0.021 1"><span class='ocrx_word' id='word_1_315' title='bbox 217 3853 474 3913; x_wconf 76' lang='lat' dir='ltr'><strong>nunciudi</strong></span> <span class='ocrx_word' id='word_1_316' title='bbox 499 3850 870 3906; x_wconf 77' lang='lat' dir='ltr'><strong>existimemus</strong></span> <span class='ocrx_word' id='word_1_317' title='bbox 903 3845 1067 3898; x_wconf 89' lang='lat' dir='ltr'><strong>Deum</strong></span> <span class='ocrx_word' id='word_1_318' title='bbox 1091 3880 1106 3904; x_wconf 92' lang='lat'><strong>,</strong></span> <span class='ocrx_word' id='word_1_319' title='bbox 1142 3837 1235 3894; x_wconf 74' lang='lat' dir='ltr'><strong>sed</strong></span> <span class='ocrx_word' id='word_1_320' title='bbox 1269 3846 1326 3889; x_wconf 91' lang='lat' dir='ltr'><strong>ut</strong></span> <span class='ocrx_word' id='word_1_321' title='bbox 1375 3848 1470 3904; x_wconf 90' lang='lat' dir='ltr'><strong>per</strong></span> <span class='ocrx_word' id='word_1_322' title='bbox 1515 3832 1618 3885; x_wconf 85' lang='lat' dir='ltr'><strong>hoc</strong></span> <span class='ocrx_word' id='word_1_323' title='bbox 1667 3829 1827 3884; x_wconf 89' lang='lat' dir='ltr'><strong>etimu</strong></span> 
     </span>
    </p>
   </div>
   <div class='ocr_carea' id='block_1_39' title="bbox 219 3923 1828 4020">
    <p class='ocr_par' dir='ltr' id='par_1_39' title="bbox 219 3923 1828 4020">
     <span class='ocr_line' id='line_1_39' title="bbox 219 3923 1828 4020; baseline -0.019 -16"><span class='ocrx_word' id='word_1_324' title='bbox 219 3949 339 4020; x_wconf 83' lang='lat' dir='ltr'><strong>ejus</strong></span> <span class='ocrx_word' id='word_1_325' title='bbox 366 3943 692 4002; x_wconf 82' lang='lat' dir='ltr'><strong>ineffabilem</strong></span> <span class='ocrx_word' id='word_1_326' title='bbox 722 3941 990 3994; x_wconf 62' lang='lat' dir='ltr'><strong>distamus</strong></span> <span class='ocrx_word' id='word_1_327' title='bbox 1017 3931 1356 3989; x_wconf 88' lang='lat' dir='ltr'><strong>clementiam</strong></span> <span class='ocrx_word' id='word_1_328' title='bbox 1383 3943 1397 3980; x_wconf 88' lang='lat'><strong>:</strong></span> <span class='ocrx_word' id='word_1_329' title='bbox 1429 3925 1660 3995; x_wconf 82' lang='lat' dir='ltr'><strong>Spiritus</strong></span> <span class='ocrx_word' id='word_1_330' title='bbox 1686 3923 1828 3978; x_wconf 90' lang='lat' dir='ltr'><strong>enim</strong></span> 
     </span>
    </p>
   </div>
   <div class='ocr_carea' id='block_1_40' title="bbox 218 4014 1834 4112">
    <p class='ocr_par' dir='ltr' id='par_1_40' title="bbox 218 4014 1834 4112">
     <span class='ocr_line' id='line_1_40' title="bbox 218 4014 1834 4112; baseline -0.015 -19"><span class='ocrx_word' id='word_1_331' title='bbox 218 4014 391 4112; x_wconf 68' lang='lat' dir='ltr'><strong>gratia</strong></span> <span class='ocrx_word' id='word_1_332' title='bbox 406 4053 466 4094; x_wconf 86' lang='lat' dir='ltr'><strong>se</strong></span> <span class='ocrx_word' id='word_1_333' title='bbox 481 4035 546 4091; x_wconf 84' lang='lat' dir='ltr'><strong>ad</strong></span> <span class='ocrx_word' id='word_1_334' title='bbox 565 4033 923 4088; x_wconf 79' lang='lat' dir='ltr'><strong>inﬁrmitatem</strong></span> <span class='ocrx_word' id='word_1_335' title='bbox 949 4034 1183 4081; x_wconf 85' lang='lat' dir='ltr'><strong>nostram</strong></span> <span class='ocrx_word' id='word_1_336' title='bbox 1208 4021 1495 4078; x_wconf 85' lang='lat' dir='ltr'><strong>detnittens</strong></span> <span class='ocrx_word' id='word_1_337' title='bbox 1509 4014 1689 4072; x_wconf 82' lang='lat' dir='ltr'><strong>omnia</strong></span> <span class='ocrx_word' id='word_1_338' title='bbox 1709 4030 1834 4069; x_wconf 86' lang='lat' dir='ltr'><strong>nar-</strong></span> 
     </span>
    </p>
   </div>
   <div class='ocr_carea' id='block_1_41' title="bbox 223 4107 1830 4190">
    <p class='ocr_par' dir='ltr' id='par_1_41' title="bbox 223 4107 1830 4190">
     <span class='ocr_line' id='line_1_41' title="bbox 223 4107 1830 4190; baseline -0.019 0"><span class='ocrx_word' id='word_1_339' title='bbox 223 4107 347 4190; x_wconf 74' lang='lat' dir='ltr'><strong>iare</strong></span> <span class='ocrx_word' id='word_1_340' title='bbox 369 4131 528 4186; x_wconf 81' lang='lat' dir='ltr'><strong>solet.</strong></span> <span class='ocrx_word' id='word_1_341' title='bbox 558 4124 894 4180; x_wconf 74' lang='lat' dir='ltr'><strong>Descendere</strong></span> <span class='ocrx_word' id='word_1_342' title='bbox 918 4121 1082 4183; x_wconf 88' lang='lat' dir='ltr'><strong>enim,</strong></span> <span class='ocrx_word' id='word_1_343' title='bbox 1110 4127 1164 4172; x_wconf 89' lang='lat' dir='ltr'><strong>et</strong></span> <span class='ocrx_word' id='word_1_344' title='bbox 1190 4111 1508 4177; x_wconf 78' lang='lat' dir='ltr'><strong>ascendere,</strong></span> <span class='ocrx_word' id='word_1_345' title='bbox 1552 4107 1830 4178; x_wconf 77' lang='lat' dir='ltr'><strong>indignum</strong></span> 
     </span>
    </p>
   </div>
   <div class='ocr_carea' id='block_1_42' title="bbox 227 4200 1835 4288">
    <p class='ocr_par' dir='ltr' id='par_1_42' title="bbox 227 4200 1835 4288">
     <span class='ocr_line' id='line_1_42' title="bbox 227 4200 1835 4288; baseline -0.019 -9"><span class='ocrx_word' id='word_1_346' title='bbox 227 4225 459 4286; x_wconf 80' lang='lat' dir='ltr'><strong>benest;</strong></span> <span class='ocrx_word' id='word_1_347' title='bbox 483 4219 578 4274; x_wconf 66' lang='lat' dir='ltr'><strong>sui</strong></span> <span class='ocrx_word' id='word_1_348' title='bbox 609 4217 731 4288; x_wconf 84' lang='lat' dir='ltr'><strong>quia</strong></span> <span class='ocrx_word' id='word_1_349' title='bbox 755 4213 1139 4268; x_wconf 72' lang='lat' dir='ltr'><strong>iussinnunest</strong></span> <span class='ocrx_word' id='word_1_350' title='bbox 1169 4203 1448 4261; x_wconf 74' lang='lat' dir='ltr'><strong>iuell‘ahilis</strong></span> <span class='ocrx_word' id='word_1_351' title='bbox 1467 4202 1585 4270; x_wconf 85' lang='lat' dir='ltr'><strong>ejus</strong></span> <span class='ocrx_word' id='word_1_352' title='bbox 1596 4200 1835 4256; x_wconf 83' lang='lat' dir='ltr'><strong>clemen-</strong></span> 
     </span>
    </p>
   </div>
   <div class='ocr_carea' id='block_1_43' title="bbox 228 4289 1834 4380">
    <p class='ocr_par' dir='ltr' id='par_1_43' title="bbox 228 4289 1834 4380">
     <span class='ocr_line' id='line_1_43' title="bbox 228 4289 1834 4380; baseline -0.016 -10"><span class='ocrx_word' id='word_1_353' title='bbox 228 4317 318 4370; x_wconf 74' lang='lat' dir='ltr'><strong>tia:</strong></span> <span class='ocrx_word' id='word_1_354' title='bbox 335 4308 759 4380; x_wconf 89' lang='lat' dir='ltr'><strong>indicium,quod</strong></span> <span class='ocrx_word' id='word_1_355' title='bbox 781 4315 996 4377; x_wconf 88' lang='lat' dir='ltr'><strong>propter</strong></span> <span class='ocrx_word' id='word_1_356' title='bbox 1007 4310 1242 4356; x_wconf 87' lang='lat' dir='ltr'><strong>nostram</strong></span> <span class='ocrx_word' id='word_1_357' title='bbox 1260 4294 1619 4354; x_wconf 62' lang='lat' dir='ltr'><strong>eruditionem</strong></span> <span class='ocrx_word' id='word_1_358' title='bbox 1641 4289 1834 4347; x_wconf 77' lang='lat' dir='ltr'><strong>talibus</strong></span> 
     </span>
    </p>
   </div>
   <div class='ocr_carea' id='block_1_44' title="bbox 229 4384 1835 4473">
    <p class='ocr_par' dir='ltr' id='par_1_44' title="bbox 229 4384 1835 4473">
     <span class='ocr_line' id='line_1_44' title="bbox 229 4384 1835 4473; baseline -0.015 -12"><span class='ocrx_word' id='word_1_359' title='bbox 229 4408 312 4462; x_wconf 89' lang='lat' dir='ltr'><strong>uti</strong></span> <span class='ocrx_word' id='word_1_360' title='bbox 350 4405 531 4461; x_wconf 76' lang='lat' dir='ltr'><strong>verbis</strong></span> <span class='ocrx_word' id='word_1_361' title='bbox 567 4404 848 4473; x_wconf 80' lang='lat' dir='ltr'><strong>dignetur,</strong></span> <span class='ocrx_word' id='word_1_362' title='bbox 879 4407 1161 4469; x_wconf 82' lang='lat' dir='ltr'><strong>propterea</strong></span> <span class='ocrx_word' id='word_1_363' title='bbox 1218 4389 1464 4446; x_wconf 75' lang='lat' dir='ltr'><strong>humanis</strong></span> <span class='ocrx_word' id='word_1_364' title='bbox 1513 4384 1835 4441; x_wconf 85' lang='lat' dir='ltr'><strong>dictionibus</strong></span> 
     </span>
    </p>
   </div>
   <div class='ocr_carea' id='block_1_45' title="bbox 233 4479 1836 4566">
    <p class='ocr_par' dir='ltr' id='par_1_45' title="bbox 233 4479 1836 4566">
     <span class='ocr_line' id='line_1_45' title="bbox 233 4479 1836 4566; baseline -0.016 -14"><span class='ocrx_word' id='word_1_365' title='bbox 233 4500 425 4563; x_wconf 87' lang='lat' dir='ltr'><strong>utitur,</strong></span> <span class='ocrx_word' id='word_1_366' title='bbox 455 4495 581 4566; x_wconf 86' lang='lat' dir='ltr'><strong>quia</strong></span> <span class='ocrx_word' id='word_1_367' title='bbox 613 4491 851 4561; x_wconf 87' lang='lat' dir='ltr'><strong>alioquin</strong></span> <span class='ocrx_word' id='word_1_368' title='bbox 883 4483 1212 4553; x_wconf 79' lang='lat' dir='ltr'><strong>impossibile</strong></span> <span class='ocrx_word' id='word_1_369' title='bbox 1237 4491 1352 4537; x_wconf 87' lang='lat' dir='ltr'><strong>erat</strong></span> <span class='ocrx_word' id='word_1_370' title='bbox 1376 4479 1640 4533; x_wconf 87' lang='lat' dir='ltr'><strong>humanas</strong></span> <span class='ocrx_word' id='word_1_371' title='bbox 1678 4487 1836 4529; x_wconf 87' lang='lat' dir='ltr'><strong>aures</strong></span> 
     </span>
    </p>
   </div>
   <div class='ocr_carea' id='block_1_46' title="bbox 231 4566 1836 4644">
    <p class='ocr_par' dir='ltr' id='par_1_46' title="bbox 231 4566 1836 4644">
     <span class='ocr_line' id='line_1_46' title="bbox 231 4566 1836 4644; baseline -0.017 0"><span class='ocrx_word' id='word_1_372' title='bbox 231 4588 378 4644; x_wconf 75' lang='lat' dir='ltr'><strong>ferre</strong></span> <span class='ocrx_word' id='word_1_373' title='bbox 401 4585 686 4641; x_wconf 82' lang='lat' dir='ltr'><strong>verborum</strong></span> <span class='ocrx_word' id='word_1_374' title='bbox 712 4578 1115 4642; x_wconf 81' lang='lat' dir='ltr'><strong>sublimitatem,</strong></span> <span class='ocrx_word' id='word_1_375' title='bbox 1137 4573 1180 4629; x_wconf 90' lang='lat' dir='ltr'><strong>si</strong></span> <span class='ocrx_word' id='word_1_376' title='bbox 1203 4571 1496 4627; x_wconf 86' lang='lat' dir='ltr'><strong>secundum</strong></span> <span class='ocrx_word' id='word_1_377' title='bbox 1522 4566 1836 4638; x_wconf 78' lang='lat' dir='ltr'><strong>dignitatem</strong></span> 
     </span>
    </p>
   </div>
   <div class='ocr_carea' id='block_1_47' title="bbox 239 4676 851 4736">
    <p class='ocr_par' dir='ltr' id='par_1_47' title="bbox 239 4676 851 4736">
     <span class='ocr_line' id='line_1_47' title="bbox 239 4676 851 4736; baseline -0.021 1"><span class='ocrx_word' id='word_1_378' title='bbox 239 4679 450 4736; x_wconf 86' lang='lat' dir='ltr'><strong>Domini</strong></span> <span class='ocrx_word' id='word_1_379' title='bbox 475 4676 617 4732; x_wconf 88' lang='lat' dir='ltr'><strong>dicta</strong></span> <span class='ocrx_word' id='word_1_380' title='bbox 647 4680 851 4729; x_wconf 85' lang='lat' dir='ltr'><strong>essent.</strong></span> 
     </span>
    </p>
   </div>
   <div class='ocr_carea' id='block_1_48' title="bbox 310 4832 1842 4926">
    <p class='ocr_par' dir='ltr' id='par_1_48' title="bbox 310 4832 1842 4926">
     <span class='ocr_line' id='line_1_48' title="bbox 310 4832 1842 4926; baseline -0.019 -12"><span class='ocrx_word' id='word_1_381' title='bbox 310 4858 367 4914; x_wconf 73' lang='grc'><strong>2.</strong></span> <span class='ocrx_word' id='word_1_382' title='bbox 407 4852 560 4926; x_wconf 86' lang='lat' dir='ltr'><strong>Quod</strong></span> <span class='ocrx_word' id='word_1_383' title='bbox 587 4849 906 4921; x_wconf 73' lang='lat' dir='ltr'><strong>cogitantes,</strong></span> <span class='ocrx_word' id='word_1_384' title='bbox 937 4856 1228 4913; x_wconf 87' lang='lat' dir='ltr'><strong>numquam</strong></span> <span class='ocrx_word' id='word_1_385' title='bbox 1248 4839 1302 4897; x_wconf 88' lang='lat' dir='ltr'><strong>in</strong></span> <span class='ocrx_word' id='word_1_386' title='bbox 1323 4835 1622 4892; x_wconf 73' lang='lat' dir='ltr'><strong>humilitati-</strong></span> <span class='ocrx_word' id='word_1_387' title='bbox 1647 4832 1842 4887; x_wconf 88' lang='lat' dir='ltr'><strong>verbo-</strong></span> 
     </span>
    </p>
   </div>
   <div class='ocr_carea' id='block_1_49' title="bbox 239 4926 1846 5010">
    <p class='ocr_par' dir='ltr' id='par_1_49' title="bbox 239 4926 1846 5010">
     <span class='ocr_line' id='line_1_49' title="bbox 239 4926 1846 5010; baseline -0.022 1"><span class='ocrx_word' id='word_1_388' title='bbox 239 4965 360 5010; x_wconf 84' lang='lat' dir='ltr'><strong>rum</strong></span> <span class='ocrx_word' id='word_1_389' title='bbox 391 4949 713 5008; x_wconf 73' lang='lat' dir='ltr'><strong>Increamus,</strong></span> <span class='ocrx_word' id='word_1_390' title='bbox 742 4939 837 4997; x_wconf 86' lang='lat' dir='ltr'><strong>sed</strong></span> <span class='ocrx_word' id='word_1_391' title='bbox 863 4949 916 4995; x_wconf 91' lang='lat' dir='ltr'><strong>et</strong></span> <span class='ocrx_word' id='word_1_392' title='bbox 944 4948 1157 5008; x_wconf 84' lang='lat' dir='ltr'><strong>propter</strong></span> <span class='ocrx_word' id='word_1_393' title='bbox 1186 4933 1287 4988; x_wconf 87' lang='lat' dir='ltr'><strong>hoc</strong></span> <span class='ocrx_word' id='word_1_394' title='bbox 1303 4931 1631 4985; x_wconf 86' lang='lat' dir='ltr'><strong>admiremur</strong></span> <span class='ocrx_word' id='word_1_395' title='bbox 1657 4926 1846 4980; x_wconf 81' lang='lat' dir='ltr'><strong>inetl&#39;a-</strong></span> 
     </span>
    </p>
   </div>
   <div class='ocr_carea' id='block_1_50' title="bbox 243 5017 1844 5108">
    <p class='ocr_par' dir='ltr' id='par_1_50' title="bbox 243 5017 1844 5108">
     <span class='ocr_line' id='line_1_50' title="bbox 243 5017 1844 5108; baseline -0.016 -10"><span class='ocrx_word' id='word_1_396' title='bbox 243 5041 406 5098; x_wconf 88' lang='lat' dir='ltr'><strong>hilem</strong></span> <span class='ocrx_word' id='word_1_397' title='bbox 442 5039 562 5108; x_wconf 81' lang='lat' dir='ltr'><strong>ejus</strong></span> <span class='ocrx_word' id='word_1_398' title='bbox 588 5035 900 5095; x_wconf 83' lang='lat' dir='ltr'><strong>bonitatem,</strong></span> <span class='ocrx_word' id='word_1_399' title='bbox 924 5027 1065 5099; x_wconf 76' lang='lat' dir='ltr'><strong>quod</strong></span> <span class='ocrx_word' id='word_1_400' title='bbox 1106 5040 1281 5096; x_wconf 88' lang='lat' dir='ltr'><strong>neque</strong></span> <span class='ocrx_word' id='word_1_401' title='bbox 1307 5023 1378 5078; x_wconf 82' lang='lat' dir='ltr'><strong>ab</strong></span> <span class='ocrx_word' id='word_1_402' title='bbox 1413 5021 1514 5076; x_wconf 89' lang='lat' dir='ltr'><strong>hac</strong></span> <span class='ocrx_word' id='word_1_403' title='bbox 1546 5017 1844 5075; x_wconf 80' lang='lat' dir='ltr'><strong>humilitate</strong></span> 
     </span>
    </p>
   </div>
   <div class='ocr_carea' id='block_1_51' title="bbox 243 5109 1842 5200">
    <p class='ocr_par' dir='ltr' id='par_1_51' title="bbox 243 5109 1842 5200">
     <span class='ocr_line' id='line_1_51' title="bbox 243 5109 1842 5200; baseline -0.016 -11"><span class='ocrx_word' id='word_1_404' title='bbox 243 5134 538 5196; x_wconf 76' lang='lat' dir='ltr'><strong>abhorreat</strong></span> <span class='ocrx_word' id='word_1_405' title='bbox 565 5135 784 5200; x_wconf 81' lang='lat' dir='ltr'><strong>prOptcr</strong></span> <span class='ocrx_word' id='word_1_406' title='bbox 803 5121 1225 5178; x_wconf 81' lang='lat' dir='ltr'><strong>imbecillitatem</strong></span> <span class='ocrx_word' id='word_1_407' title='bbox 1253 5124 1460 5171; x_wconf 74' lang='lat' dir='ltr'><strong>naturze</strong></span> <span class='ocrx_word' id='word_1_408' title='bbox 1482 5124 1702 5169; x_wconf 71' lang='lat' dir='ltr'><strong>nostrae.</strong></span> <span class='ocrx_word' id='word_1_409' title='bbox 1735 5109 1842 5164; x_wconf 85' lang='lat' dir='ltr'><strong>Sed</strong></span> 
     </span>
    </p>
   </div>
   <div class='ocr_carea' id='block_1_52' title="bbox 248 5201 1838 5292">
    <p class='ocr_par' dir='ltr' id='par_1_52' title="bbox 248 5201 1838 5292">
     <span class='ocr_line' id='line_1_52' title="bbox 248 5201 1838 5292; baseline -0.016 -12"><span class='ocrx_word' id='word_1_410' title='bbox 248 5225 371 5279; x_wconf 82' lang='lat' dir='ltr'><strong>vide</strong></span> <span class='ocrx_word' id='word_1_411' title='bbox 393 5223 599 5292; x_wconf 86' lang='lat' dir='ltr'><strong>justum</strong></span> <span class='ocrx_word' id='word_1_412' title='bbox 637 5217 784 5270; x_wconf 89' lang='lat' dir='ltr'><strong>illum</strong></span> <span class='ocrx_word' id='word_1_413' title='bbox 809 5215 1001 5268; x_wconf 89' lang='lat' dir='ltr'><strong>iterum</strong></span> <span class='ocrx_word' id='word_1_414' title='bbox 1030 5208 1165 5279; x_wconf 72' lang='lat' dir='ltr'><strong>grati</strong></span> <span class='ocrx_word' id='word_1_415' title='bbox 1195 5205 1357 5260; x_wconf 89' lang='lat' dir='ltr'><strong>animi</strong></span> <span class='ocrx_word' id='word_1_416' title='bbox 1405 5204 1559 5274; x_wconf 72' lang='lat' dir='ltr'><strong>signa</strong></span> <span class='ocrx_word' id='word_1_417' title='bbox 1597 5201 1838 5256; x_wconf 89' lang='lat' dir='ltr'><strong>dantem.</strong></span> 
     </span>
    </p>
   </div>
   <div class='ocr_carea' id='block_1_53' title="bbox 295 5291 1848 5374">
    <p class='ocr_par' dir='ltr' id='par_1_53' title="bbox 295 5291 1848 5374">
     <span class='ocr_line' id='line_1_53' title="bbox 295 5291 1848 5374; baseline -0.018 -3"><span class='ocrx_word' id='word_1_418' title='bbox 295 5318 340 5372; x_wconf 78' lang='grc' dir='ltr'>ι.</span> <span class='ocrx_word' id='word_1_419' title='bbox 373 5291 547 5368; x_wconf 67' lang='lat' dir='ltr'><strong>Erexit</strong></span> <span class='ocrx_word' id='word_1_420' title='bbox 568 5308 734 5371; x_wconf 85' lang='lat' dir='ltr'><strong>enim,</strong></span> <span class='ocrx_word' id='word_1_421' title='bbox 766 5305 971 5374; x_wconf 87' lang='lat' dir='ltr'><strong>inquit,</strong></span> <span class='ocrx_word' id='word_1_422' title='bbox 1003 5297 1163 5354; x_wconf 69' lang='lat' dir='ltr'><strong>Iacob</strong></span> <span class='ocrx_word' id='word_1_423' title='bbox 1197 5297 1482 5351; x_wconf 78' lang='lat' dir='ltr'><strong>columnam</strong></span> <span class='ocrx_word' id='word_1_424' title='bbox 1513 5294 1769 5364; x_wconf 80' lang='lat' dir='ltr'><strong>lapideam</strong></span> <span class='ocrx_word' id='word_1_425' title='bbox 1795 5291 1848 5344; x_wconf 86' lang='lat' dir='ltr'><strong>in</strong></span> 
     </span>
    </p>
   </div>
   <div class='ocr_carea' id='block_1_54' title="bbox 253 5381 1852 5472">
    <p class='ocr_par' dir='ltr' id='par_1_54' title="bbox 253 5381 1852 5472">
     <span class='ocr_line' id='line_1_54' title="bbox 253 5381 1852 5472; baseline -0.019 -10"><span class='ocrx_word' id='word_1_426' title='bbox 253 5410 385 5470; x_wconf 83' lang='lat' dir='ltr'><strong>loco,</strong></span> <span class='ocrx_word' id='word_1_427' title='bbox 407 5406 462 5458; x_wconf 89' lang='lat' dir='ltr'><strong>in</strong></span> <span class='ocrx_word' id='word_1_428' title='bbox 486 5416 587 5472; x_wconf 81' lang='lat' dir='ltr'><strong>quo</strong></span> <span class='ocrx_word' id='word_1_429' title='bbox 609 5400 844 5468; x_wconf 78' lang='lat' dir='ltr'><strong>loquutus</strong></span> <span class='ocrx_word' id='word_1_430' title='bbox 866 5403 938 5447; x_wconf 87' lang='lat' dir='ltr'><strong>est</strong></span> <span class='ocrx_word' id='word_1_431' title='bbox 971 5407 1086 5445; x_wconf 83' lang='lat' dir='ltr'><strong>cum</strong></span> <span class='ocrx_word' id='word_1_432' title='bbox 1124 5404 1183 5443; x_wconf 83' lang='lat' dir='ltr'><strong>eo</strong></span> <span class='ocrx_word' id='word_1_433' title='bbox 1214 5386 1383 5449; x_wconf 84' lang='lat' dir='ltr'><strong>Deus,</strong></span> <span class='ocrx_word' id='word_1_434' title='bbox 1416 5394 1463 5439; x_wconf 92' lang='lat' dir='ltr'><strong>et</strong></span> <span class='ocrx_word' id='word_1_435' title='bbox 1512 5383 1683 5436; x_wconf 79' lang='lat' dir='ltr'><strong>libavit</strong></span> <span class='ocrx_word' id='word_1_436' title='bbox 1717 5382 1759 5434; x_wconf 85' lang='lat' dir='ltr'><strong>ei</strong></span> <span class='ocrx_word' id='word_1_437' title='bbox 1788 5381 1852 5434; x_wconf 83' lang='lat' dir='ltr'><strong>li-</strong></span> 
     </span>
    </p>
   </div>
   <div class='ocr_carea' id='block_1_55' title="bbox 251 5472 1852 5561">
    <p class='ocr_par' dir='ltr' id='par_1_55' title="bbox 251 5472 1852 5561">
     <span class='ocr_line' id='line_1_55' title="bbox 251 5472 1852 5561; baseline -0.02 -6"><span class='ocrx_word' id='word_1_438' title='bbox 251 5499 526 5556; x_wconf 64' lang='lat' dir='ltr'><strong>tationem,</strong></span> <span class='ocrx_word' id='word_1_439' title='bbox 553 5502 599 5547; x_wconf 90' lang='lat' dir='ltr'><strong>et</strong></span> <span class='ocrx_word' id='word_1_440' title='bbox 622 5487 904 5561; x_wconf 71' lang='lat' dir='ltr'><strong>superfudit</strong></span> <span class='ocrx_word' id='word_1_441' title='bbox 931 5484 1116 5548; x_wconf 74' lang='lat' dir='ltr'><strong>oleum,</strong></span> <span class='ocrx_word' id='word_1_442' title='bbox 1141 5480 1223 5535; x_wconf 80' lang='lat' dir='ltr'><strong>l5.</strong></span> <span class='ocrx_word' id='word_1_443' title='bbox 1248 5488 1295 5532; x_wconf 89' lang='lat' dir='ltr'><strong>et</strong></span> <span class='ocrx_word' id='word_1_444' title='bbox 1324 5477 1514 5531; x_wconf 74' lang='lat' dir='ltr'><strong>vocavit</strong></span> <span class='ocrx_word' id='word_1_445' title='bbox 1544 5489 1725 5528; x_wconf 79' lang='lat' dir='ltr'><strong>nomen</strong></span> <span class='ocrx_word' id='word_1_446' title='bbox 1755 5472 1852 5524; x_wconf 88' lang='lat' dir='ltr'><strong>loci</strong></span> 
     </span>
    </p>
   </div>
   <div class='ocr_carea' id='block_1_56' title="bbox 253 5567 1850 5659">
    <p class='ocr_par' dir='ltr' id='par_1_56' title="bbox 253 5567 1850 5659">
     <span class='ocr_line' id='line_1_56' title="bbox 253 5567 1850 5659; baseline -0.019 -10"><span class='ocrx_word' id='word_1_447' title='bbox 253 5595 307 5649; x_wconf 88' lang='lat' dir='ltr'><strong>in</strong></span> <span class='ocrx_word' id='word_1_448' title='bbox 333 5590 692 5659; x_wconf 62' lang='lat' dir='ltr'><strong>amotoquums</strong></span> <span class='ocrx_word' id='word_1_449' title='bbox 734 5589 806 5635; x_wconf 83' lang='lat' dir='ltr'><strong>est</strong></span> <span class='ocrx_word' id='word_1_450' title='bbox 846 5593 961 5632; x_wconf 79' lang='lat' dir='ltr'><strong>cum</strong></span> <span class='ocrx_word' id='word_1_451' title='bbox 984 5591 1076 5639; x_wconf 85' lang='lat' dir='ltr'><strong>eo,</strong></span> <span class='ocrx_word' id='word_1_452' title='bbox 1124 5571 1338 5627; x_wconf 76' lang='lat' dir='ltr'><strong>Bwtltel.</strong></span> <span class='ocrx_word' id='word_1_453' title='bbox 1386 5567 1700 5632; x_wconf 84' lang='lat' dir='ltr'><strong>Considera,</strong></span> <span class='ocrx_word' id='word_1_454' title='bbox 1731 5580 1850 5628; x_wconf 86' lang='lat' dir='ltr'><strong>oro,</strong></span> 
     </span>
    </p>
   </div>
   <div class='ocr_carea' id='block_1_57' title="bbox 257 5655 1854 5754">
    <p class='ocr_par' dir='ltr' id='par_1_57' title="bbox 257 5655 1854 5754">
     <span class='ocr_line' id='line_1_57' title="bbox 257 5655 1854 5754; baseline -0.018 -19"><span class='ocrx_word' id='word_1_455' title='bbox 257 5655 531 5754; x_wconf 81' lang='lat' dir='ltr'><strong>quomodo</strong></span> <span class='ocrx_word' id='word_1_456' title='bbox 570 5678 624 5729; x_wconf 92' lang='lat' dir='ltr'><strong>in</strong></span> <span class='ocrx_word' id='word_1_457' title='bbox 669 5670 979 5727; x_wconf 82' lang='lat' dir='ltr'><strong>nominibus</strong></span> <span class='ocrx_word' id='word_1_458' title='bbox 1008 5666 1249 5720; x_wconf 89' lang='lat' dir='ltr'><strong>locorum</strong></span> <span class='ocrx_word' id='word_1_459' title='bbox 1289 5659 1602 5714; x_wconf 88' lang='lat' dir='ltr'><strong>memoriam</strong></span> <span class='ocrx_word' id='word_1_460' title='bbox 1635 5655 1854 5711; x_wconf 86' lang='lat' dir='ltr'><strong>immor-</strong></span> 
     </span>
    </p>
   </div>
   <div class='ocr_carea' id='block_1_58' title="bbox 262 5744 1856 5831">
    <p class='ocr_par' dir='ltr' id='par_1_58' title="bbox 262 5744 1856 5831">
     <span class='ocr_line' id='line_1_58' title="bbox 262 5744 1856 5831; baseline -0.021 0"><span class='ocrx_word' id='word_1_461' title='bbox 262 5744 422 5831; x_wconf 57' lang='lat' dir='ltr'><strong>talem</strong></span> <span class='ocrx_word' id='word_1_462' title='bbox 453 5763 835 5824; x_wconf 81' lang='lat' dir='ltr'><strong>beneﬁciorum</strong></span> <span class='ocrx_word' id='word_1_463' title='bbox 859 5763 1102 5828; x_wconf 88' lang='lat' dir='ltr'><strong>reponat,</strong></span> <span class='ocrx_word' id='word_1_464' title='bbox 1135 5763 1191 5807; x_wconf 90' lang='grc' dir='ltr'><strong>ιιι</strong></span> <span class='ocrx_word' id='word_1_465' title='bbox 1216 5761 1272 5806; x_wconf 89' lang='lat' dir='ltr'><strong>et</strong></span> <span class='ocrx_word' id='word_1_466' title='bbox 1321 5749 1550 5824; x_wconf 79' lang='lat' dir='ltr'><strong>posteris</strong></span> <span class='ocrx_word' id='word_1_467' title='bbox 1575 5744 1856 5802; x_wconf 80' lang='lat' dir='ltr'><strong>manifesta</strong></span> 
     </span>
    </p>
   </div>
   <div class='ocr_carea' id='block_1_59' title="bbox 263 5838 1854 5929">
    <p class='ocr_par' dir='ltr' id='par_1_59' title="bbox 263 5838 1854 5929">
     <span class='ocr_line' id='line_1_59' title="bbox 263 5838 1854 5929; baseline -0.02 -4"><span class='ocrx_word' id='word_1_468' title='bbox 263 5866 356 5926; x_wconf 79' lang='lat' dir='ltr'><strong>list</strong></span> <span class='ocrx_word' id='word_1_469' title='bbox 382 5861 545 5926; x_wconf 73' lang='lat' dir='ltr'><strong>visio.</strong></span> <span class='ocrx_word' id='word_1_470' title='bbox 583 5869 687 5929; x_wconf 85' lang='lat' dir='ltr'><strong>qua</strong></span> <span class='ocrx_word' id='word_1_471' title='bbox 709 5853 886 5926; x_wconf 83' lang='lat' dir='ltr'><strong>justus</strong></span> <span class='ocrx_word' id='word_1_472' title='bbox 926 5849 996 5905; x_wconf 90' lang='lat' dir='ltr'><strong>ibi</strong></span> <span class='ocrx_word' id='word_1_473' title='bbox 1024 5846 1270 5919; x_wconf 77' lang='lat' dir='ltr'><strong>dignatus</strong></span> <span class='ocrx_word' id='word_1_474' title='bbox 1296 5841 1413 5898; x_wconf 76' lang='lat' dir='ltr'><strong>fuit.</strong></span> <span class='ocrx_word' id='word_1_475' title='bbox 1451 5841 1538 5898; x_wconf 76' lang='lat' dir='ltr'><strong>lli.</strong></span> <span class='ocrx_word' id='word_1_476' title='bbox 1568 5838 1635 5894; x_wconf 82' lang='lat' dir='ltr'><strong>Et</strong></span> <span class='ocrx_word' id='word_1_477' title='bbox 1677 5841 1854 5910; x_wconf 71' lang='lat' dir='ltr'><strong>profe—</strong></span> 
     </span>
    </p>
   </div>
   <div class='ocr_carea' id='block_1_60' title="bbox 1203 425 2448 490">
    <p class='ocr_par' dir='ltr' id='par_1_60' title="bbox 1203 425 2448 490">
     <span class='ocr_line' id='line_1_60' title="bbox 1203 425 2448 490; baseline -0.006 0"><span class='ocrx_word' id='word_1_478' title='bbox 1203 435 1267 490; x_wconf 76' lang='grc' dir='ltr'><strong>ΙΝ</strong></span> <span class='ocrx_word' id='word_1_479' title='bbox 1307 434 1460 489; x_wconf 60' lang='lat' dir='ltr'><strong>CAP.</strong></span> <span class='ocrx_word' id='word_1_480' title='bbox 1506 430 1726 486; x_wconf 68' lang='lat' dir='ltr'><strong>XXXV.</strong></span> <span class='ocrx_word' id='word_1_481' title='bbox 1768 428 2012 484; x_wconf 71' lang='lat' dir='ltr'><strong>CENES.</strong></span> <span class='ocrx_word' id='word_1_482' title='bbox 2060 427 2289 483; x_wconf 75' lang='lat' dir='ltr'><strong>IIOMIL.</strong></span> <span class='ocrx_word' id='word_1_483' title='bbox 2335 425 2448 482; x_wconf 80' lang='lat' dir='ltr'><strong>LX.</strong></span> 
     </span>
    </p>
   </div>
   <div class='ocr_carea' id='block_1_61' title="bbox 3417 422 3521 477">
    <p class='ocr_par' dir='ltr' id='par_1_61' title="bbox 3417 422 3521 477">
     <span class='ocr_line' id='line_1_61' title="bbox 3417 422 3521 477; baseline -0.019 0"><span class='ocrx_word' id='word_1_484' title='bbox 3417 422 3521 477; x_wconf 66' lang='lat'><strong>52‘!</strong></span> 
     </span>
    </p>
   </div>
   <div class='ocr_carea' id='block_1_62' title="bbox 1915 533 3523 608">
    <p class='ocr_par' dir='ltr' id='par_1_62' title="bbox 1915 533 3523 608">
     <span class='ocr_line' id='line_1_62' title="bbox 1915 533 3523 608; baseline -0.003 -16"><span class='ocrx_word' id='word_1_485' title='bbox 1915 551 2044 596; x_wconf 79' lang='lat' dir='ltr'><strong>ctus.</strong></span> <span class='ocrx_word' id='word_1_486' title='bbox 2077 541 2264 608; x_wconf 87' lang='lat' dir='ltr'><strong>inquit,</strong></span> <span class='ocrx_word' id='word_1_487' title='bbox 2297 539 2457 591; x_wconf 81' lang='lat' dir='ltr'><strong>Jaccb</strong></span> <span class='ocrx_word' id='word_1_488' title='bbox 2481 535 2593 601; x_wconf 67' lang='lat' dir='ltr'><strong>ﬁxit</strong></span> <span class='ocrx_word' id='word_1_489' title='bbox 2617 533 3309 590; x_wconf 67' lang='lat' dir='ltr'><strong>tabcrnacnntmsnmnultra</strong></span> <span class='ocrx_word' id='word_1_490' title='bbox 3332 545 3523 588; x_wconf 79' lang='lat' dir='ltr'><strong>turrem</strong></span> 
     </span>
    </p>
   </div>
   <div class='ocr_carea' id='block_1_63' title="bbox 1917 628 3505 700">
    <p class='ocr_par' dir='ltr' id='par_1_63' title="bbox 1917 628 3505 700">
     <span class='ocr_line' id='line_1_63' title="bbox 1917 628 3505 700; baseline -0.003 -16"><span class='ocrx_word' id='word_1_491' title='bbox 1917 631 2106 685; x_wconf 61' lang='lat' dir='ltr'><strong>(latter.</strong></span> <span class='ocrx_word' id='word_1_492' title='bbox 2142 631 2380 688; x_wconf 76' lang='lat' dir='ltr'><strong>Ulterius</strong></span> <span class='ocrx_word' id='word_1_493' title='bbox 2405 632 2600 684; x_wconf 90' lang='lat' dir='ltr'><strong>iterum</strong></span> <span class='ocrx_word' id='word_1_494' title='bbox 2629 628 2871 700; x_wconf 85' lang='lat' dir='ltr'><strong>procedit</strong></span> <span class='ocrx_word' id='word_1_495' title='bbox 2893 629 3069 697; x_wconf 86' lang='lat' dir='ltr'><strong>justus</strong></span> <span class='ocrx_word' id='word_1_496' title='bbox 3095 633 3354 682; x_wconf 81' lang='lat' dir='ltr'><strong>anhelans</strong></span> <span class='ocrx_word' id='word_1_497' title='bbox 3387 642 3505 694; x_wconf 85' lang='lat' dir='ltr'><strong>pau-</strong></span> 
     </span>
    </p>
   </div>
   <div class='ocr_carea' id='block_1_64' title="bbox 1917 720 3522 785">
    <p class='ocr_par' dir='ltr' id='par_1_64' title="bbox 1917 720 3522 785">
     <span class='ocr_line' id='line_1_64' title="bbox 1917 720 3522 785; baseline -0.001 -8"><span class='ocrx_word' id='word_1_498' title='bbox 1917 725 2064 777; x_wconf 89' lang='lat' dir='ltr'><strong>latim</strong></span> <span class='ocrx_word' id='word_1_499' title='bbox 2109 725 2295 777; x_wconf 76' lang='lat' dir='ltr'><strong>venire</strong></span> <span class='ocrx_word' id='word_1_500' title='bbox 2321 723 2387 775; x_wconf 89' lang='lat' dir='ltr'><strong>ad</strong></span> <span class='ocrx_word' id='word_1_501' title='bbox 2435 722 2612 776; x_wconf 89' lang='lat' dir='ltr'><strong>locum</strong></span> <span class='ocrx_word' id='word_1_502' title='bbox 2655 722 2743 774; x_wconf 88' lang='lat' dir='ltr'><strong>ubi</strong></span> <span class='ocrx_word' id='word_1_503' title='bbox 2774 721 3046 775; x_wconf 88' lang='lat' dir='ltr'><strong>habitabat</strong></span> <span class='ocrx_word' id='word_1_504' title='bbox 3093 720 3260 774; x_wconf 82' lang='lat' dir='ltr'><strong>Isaac.</strong></span> <span class='ocrx_word' id='word_1_505' title='bbox 3295 720 3522 785; x_wconf 72' lang='lat' dir='ltr'><strong>Deinde,</strong></span> 
     </span>
    </p>
   </div>
   <div class='ocr_carea' id='block_1_65' title="bbox 1919 809 3522 883">
    <p class='ocr_par' dir='ltr' id='par_1_65' title="bbox 1919 809 3522 883">
     <span class='ocr_line' id='line_1_65' title="bbox 1919 809 3522 883; baseline -0.004 -15"><span class='ocrx_word' id='word_1_506' title='bbox 1919 815 2108 883; x_wconf 88' lang='lat' dir='ltr'><strong>inquit,</strong></span> <span class='ocrx_word' id='word_1_507' title='bbox 2138 817 2357 879; x_wconf 85' lang='lat' dir='ltr'><strong>Quando</strong></span> <span class='ocrx_word' id='word_1_508' title='bbox 2381 814 2804 883; x_wconf 76' lang='lat' dir='ltr'><strong>appropinquavit</strong></span> <span class='ocrx_word' id='word_1_509' title='bbox 2837 809 3196 868; x_wconf 80' lang='lat' dir='ltr'><strong>ntintraretin</strong></span> <span class='ocrx_word' id='word_1_510' title='bbox 3216 810 3522 879; x_wconf 74' lang='lat' dir='ltr'><strong>Ephrat/m‘</strong></span> 
     </span>
    </p>
   </div>
   <div class='ocr_carea' id='block_1_66' title="bbox 1924 904 3522 974">
    <p class='ocr_par' dir='ltr' id='par_1_66' title="bbox 1924 904 3522 974">
     <span class='ocr_line' id='line_1_66' title="bbox 1924 904 3522 974; baseline -0.003 -14"><span class='ocrx_word' id='word_1_511' title='bbox 1924 907 2115 960; x_wconf 79' lang='lat' dir='ltr'><strong>Rachel</strong></span> <span class='ocrx_word' id='word_1_512' title='bbox 2147 907 2405 958; x_wconf 84' lang='lat' dir='ltr'><strong>laborabat</strong></span> <span class='ocrx_word' id='word_1_513' title='bbox 2433 906 2482 957; x_wconf 91' lang='lat' dir='ltr'><strong>in</strong></span> <span class='ocrx_word' id='word_1_514' title='bbox 2508 915 2682 974; x_wconf 83' lang='lat' dir='ltr'><strong>parta.</strong></span> <span class='ocrx_word' id='word_1_515' title='bbox 2719 905 2799 957; x_wconf 86' lang='lat' dir='ltr'><strong>I7.</strong></span> <span class='ocrx_word' id='word_1_516' title='bbox 2827 904 2889 956; x_wconf 69' lang='lat' dir='ltr'><strong>Et</strong></span> <span class='ocrx_word' id='word_1_517' title='bbox 2918 907 3109 974; x_wconf 78' lang='lat' dir='ltr'><strong>factum</strong></span> <span class='ocrx_word' id='word_1_518' title='bbox 3140 913 3214 957; x_wconf 84' lang='lat' dir='ltr'><strong>est</strong></span> <span class='ocrx_word' id='word_1_519' title='bbox 3250 921 3363 957; x_wconf 83' lang='lat' dir='ltr'><strong>cum</strong></span> <span class='ocrx_word' id='word_1_520' title='bbox 3390 904 3522 974; x_wconf 73' lang='lat' dir='ltr'><strong>(li/fi-</strong></span> 
     </span>
    </p>
   </div>
   <div class='ocr_carea' id='block_1_67' title="bbox 1917 996 3524 1064">
    <p class='ocr_par' dir='ltr' id='par_1_67' title="bbox 1917 996 3524 1064">
     <span class='ocr_line' id='line_1_67' title="bbox 1917 996 3524 1064; baseline 0.001 -16"><span class='ocrx_word' id='word_1_521' title='bbox 1917 998 2076 1050; x_wconf 84' lang='lat' dir='ltr'><strong>calter</strong></span> <span class='ocrx_word' id='word_1_522' title='bbox 2113 1007 2310 1064; x_wconf 82' lang='lat' dir='ltr'><strong>pareret</strong></span> <span class='ocrx_word' id='word_1_523' title='bbox 2332 1039 2346 1056; x_wconf 89' lang='lat'><strong>,</strong></span> <span class='ocrx_word' id='word_1_524' title='bbox 2381 997 2508 1049; x_wconf 73' lang='lat' dir='ltr'><strong>dixit</strong></span> <span class='ocrx_word' id='word_1_525' title='bbox 2540 997 2584 1048; x_wconf 80' lang='lat' dir='ltr'><strong>ei</strong></span> <span class='ocrx_word' id='word_1_526' title='bbox 2611 996 2849 1049; x_wconf 75' lang='lat' dir='ltr'><strong>obstetrix</strong></span> <span class='ocrx_word' id='word_1_527' title='bbox 2868 1038 2882 1058; x_wconf 89' lang='lat'><strong>,</strong></span> <span class='ocrx_word' id='word_1_528' title='bbox 2913 996 3127 1062; x_wconf 80' lang='lat' dir='ltr'><strong>Con/ide</strong></span> <span class='ocrx_word' id='word_1_529' title='bbox 3159 1011 3172 1050; x_wconf 93' lang='lat'>:</span> <span class='ocrx_word' id='word_1_530' title='bbox 3206 996 3389 1049; x_wconf 82' lang='lat' dir='ltr'><strong>etenim</strong></span> <span class='ocrx_word' id='word_1_531' title='bbox 3442 997 3524 1050; x_wconf 82' lang='lat' dir='ltr'><strong>hic</strong></span> 
     </span>
    </p>
   </div>
   <div class='ocr_carea' id='block_1_68' title="bbox 1919 1082 3520 1157">
    <p class='ocr_par' dir='ltr' id='par_1_68' title="bbox 1919 1082 3520 1157">
     <span class='ocr_line' id='line_1_68' title="bbox 1919 1082 3520 1157; baseline 0.001 -18"><span class='ocrx_word' id='word_1_532' title='bbox 1919 1089 2008 1140; x_wconf 85' lang='lat' dir='ltr'><strong>tibi</strong></span> <span class='ocrx_word' id='word_1_533' title='bbox 2032 1099 2103 1140; x_wconf 79' lang='lat' dir='ltr'><strong>est</strong></span> <span class='ocrx_word' id='word_1_534' title='bbox 2124 1089 2280 1155; x_wconf 83' lang='lat' dir='ltr'><strong>ﬁlius.</strong></span> <span class='ocrx_word' id='word_1_535' title='bbox 2307 1087 2383 1142; x_wconf 82' lang='lat' dir='ltr'><strong>Nc</strong></span> <span class='ocrx_word' id='word_1_536' title='bbox 2405 1089 2480 1142; x_wconf 89' lang='lat' dir='ltr'><strong>sis</strong></span> <span class='ocrx_word' id='word_1_537' title='bbox 2505 1088 2683 1149; x_wconf 75' lang='lat' dir='ltr'><strong>anxia,</strong></span> <span class='ocrx_word' id='word_1_538' title='bbox 2711 1089 2875 1157; x_wconf 85' lang='lat' dir='ltr'><strong>inquit</strong></span> <span class='ocrx_word' id='word_1_539' title='bbox 2905 1105 2916 1139; x_wconf 92' lang='lat'><strong>:</strong></span> <span class='ocrx_word' id='word_1_540' title='bbox 2949 1089 3122 1156; x_wconf 74' lang='lat' dir='ltr'><strong>paries</strong></span> <span class='ocrx_word' id='word_1_541' title='bbox 3151 1082 3294 1140; x_wconf 70' lang='lat' dir='ltr'><strong>cnim</strong></span> <span class='ocrx_word' id='word_1_542' title='bbox 3331 1088 3520 1141; x_wconf 81' lang='lat' dir='ltr'><strong>tilium.</strong></span> 
     </span>
    </p>
   </div>
   <div class='ocr_carea' id='block_1_69' title="bbox 1918 1175 3524 1242">
    <p class='ocr_par' dir='ltr' id='par_1_69' title="bbox 1918 1175 3524 1242">
     <span class='ocr_line' id='line_1_69' title="bbox 1918 1175 3524 1242; baseline -0.001 -11"><span class='ocrx_word' id='word_1_543' title='bbox 1918 1177 2050 1231; x_wconf 79' lang='lat' dir='ltr'><strong>Nam</strong></span> <span class='ocrx_word' id='word_1_544' title='bbox 2095 1177 2297 1231; x_wconf 64' lang='lat' dir='ltr'><strong>licet‘te</strong></span> <span class='ocrx_word' id='word_1_545' title='bbox 2323 1178 2562 1232; x_wconf 90' lang='lat' dir='ltr'><strong>crucient</strong></span> <span class='ocrx_word' id='word_1_546' title='bbox 2593 1177 2841 1242; x_wconf 71' lang='lat' dir='ltr'><strong>dolores,</strong></span> <span class='ocrx_word' id='word_1_547' title='bbox 2879 1187 3250 1230; x_wconf 88' lang='lat' dir='ltr'><strong>verumtamen</strong></span> <span class='ocrx_word' id='word_1_548' title='bbox 3299 1175 3524 1229; x_wconf 83' lang='lat' dir='ltr'><strong>habebis</strong></span> 
     </span>
    </p>
   </div>
   <div class='ocr_carea' id='block_1_70' title="bbox 1918 1267 3524 1336">
    <p class='ocr_par' dir='ltr' id='par_1_70' title="bbox 1918 1267 3524 1336">
     <span class='ocr_line' id='line_1_70' title="bbox 1918 1267 3524 1336; baseline -0.001 -15"><span class='ocrx_word' id='word_1_549' title='bbox 1918 1269 2106 1321; x_wconf 88' lang='lat' dir='ltr'><strong>lilimu.</strong></span> <span class='ocrx_word' id='word_1_550' title='bbox 2137 1269 2220 1322; x_wconf 88' lang='lat' dir='ltr'><strong>l8.</strong></span> <span class='ocrx_word' id='word_1_551' title='bbox 2255 1267 2470 1321; x_wconf 82' lang='lat' dir='ltr'><strong>Factum</strong></span> <span class='ocrx_word' id='word_1_552' title='bbox 2498 1278 2571 1321; x_wconf 83' lang='lat' dir='ltr'><strong>est</strong></span> <span class='ocrx_word' id='word_1_553' title='bbox 2625 1279 2817 1330; x_wconf 78' lang='lat' dir='ltr'><strong>autem,</strong></span> <span class='ocrx_word' id='word_1_554' title='bbox 2863 1269 3065 1336; x_wconf 86' lang='lat' dir='ltr'><strong>inquit.</strong></span> <span class='ocrx_word' id='word_1_555' title='bbox 3102 1282 3218 1319; x_wconf 85' lang='lat' dir='ltr'><strong>cum</strong></span> <span class='ocrx_word' id='word_1_556' title='bbox 3260 1267 3524 1320; x_wconf 70' lang='lat' dir='ltr'><strong>exhalaret</strong></span> 
     </span>
    </p>
   </div>
   <div class='ocr_carea' id='block_1_71' title="bbox 1919 1359 3520 1424">
    <p class='ocr_par' dir='ltr' id='par_1_71' title="bbox 1919 1359 3520 1424">
     <span class='ocr_line' id='line_1_71' title="bbox 1919 1359 3520 1424; baseline -0.001 -14"><span class='ocrx_word' id='word_1_557' title='bbox 1919 1360 2142 1410; x_wconf 86' lang='lat' dir='ltr'><strong>animam</strong></span> <span class='ocrx_word' id='word_1_558' title='bbox 2172 1375 2346 1422; x_wconf 85' lang='lat' dir='ltr'><strong>suam,</strong></span> <span class='ocrx_word' id='word_1_559' title='bbox 2380 1360 2686 1411; x_wconf 84' lang='lat' dir='ltr'><strong>moriebatur</strong></span> <span class='ocrx_word' id='word_1_560' title='bbox 2715 1360 2876 1420; x_wconf 81' lang='lat' dir='ltr'><strong>enim,</strong></span> <span class='ocrx_word' id='word_1_561' title='bbox 2907 1359 3098 1410; x_wconf 78' lang='lat' dir='ltr'><strong>vocavit</strong></span> <span class='ocrx_word' id='word_1_562' title='bbox 3137 1373 3315 1410; x_wconf 75' lang='lat' dir='ltr'><strong>nomen</strong></span> <span class='ocrx_word' id='word_1_563' title='bbox 3348 1360 3520 1424; x_wconf 80' lang='lat' dir='ltr'><strong>pueri,</strong></span> 
     </span>
    </p>
   </div>
   <div class='ocr_carea' id='block_1_72' title="bbox 1922 1451 3525 1522">
    <p class='ocr_par' dir='ltr' id='par_1_72' title="bbox 1922 1451 3525 1522">
     <span class='ocr_line' id='line_1_72' title="bbox 1922 1451 3525 1522; baseline 0 -18"><span class='ocrx_word' id='word_1_564' title='bbox 1922 1451 2095 1504; x_wconf 79' lang='lat' dir='ltr'><strong>Filius</strong></span> <span class='ocrx_word' id='word_1_565' title='bbox 2125 1453 2317 1504; x_wconf 76' lang='lat' dir='ltr'><strong>doloris</strong></span> <span class='ocrx_word' id='word_1_566' title='bbox 2344 1453 2440 1505; x_wconf 84' lang='lat' dir='ltr'><strong>mei</strong></span> <span class='ocrx_word' id='word_1_567' title='bbox 2475 1468 2492 1505; x_wconf 93' lang='lat'><em>:</em></span> <span class='ocrx_word' id='word_1_568' title='bbox 2521 1462 2667 1518; x_wconf 79' lang='lat' dir='ltr'><strong>pater</strong></span> <span class='ocrx_word' id='word_1_569' title='bbox 2689 1463 2856 1505; x_wconf 86' lang='lat' dir='ltr'><strong>autem</strong></span> <span class='ocrx_word' id='word_1_570' title='bbox 2883 1454 2991 1522; x_wconf 75' lang='lat' dir='ltr'><strong>ejus</strong></span> <span class='ocrx_word' id='word_1_571' title='bbox 3023 1453 3212 1505; x_wconf 69' lang='lat' dir='ltr'><strong>vocavit</strong></span> <span class='ocrx_word' id='word_1_572' title='bbox 3253 1468 3366 1505; x_wconf 85' lang='lat' dir='ltr'><strong>eum</strong></span> <span class='ocrx_word' id='word_1_573' title='bbox 3389 1451 3525 1505; x_wconf 82' lang='lat' dir='ltr'><strong>Ben-</strong></span> 
     </span>
    </p>
   </div>
   <div class='ocr_carea' id='block_1_73' title="bbox 1911 1541 3522 1611">
    <p class='ocr_par' dir='ltr' id='par_1_73' title="bbox 1911 1541 3522 1611">
     <span class='ocr_line' id='line_1_73' title="bbox 1911 1541 3522 1611; baseline 0.001 -17"><span class='ocrx_word' id='word_1_574' title='bbox 1911 1543 2103 1610; x_wconf 82' lang='lat' dir='ltr'><strong>jainin.</strong></span> <span class='ocrx_word' id='word_1_575' title='bbox 2139 1541 2228 1595; x_wconf 84' lang='lat' dir='ltr'><strong>Illa</strong></span> <span class='ocrx_word' id='word_1_576' title='bbox 2261 1543 2474 1611; x_wconf 87' lang='lat' dir='ltr'><strong>quidem</strong></span> <span class='ocrx_word' id='word_1_577' title='bbox 2528 1558 2722 1595; x_wconf 82' lang='lat' dir='ltr'><strong>nomen</strong></span> <span class='ocrx_word' id='word_1_578' title='bbox 2752 1544 2798 1596; x_wconf 88' lang='lat' dir='ltr'><strong>ei</strong></span> <span class='ocrx_word' id='word_1_579' title='bbox 2844 1543 2985 1595; x_wconf 84' lang='lat' dir='ltr'><strong>dedit</strong></span> <span class='ocrx_word' id='word_1_580' title='bbox 3013 1559 3078 1596; x_wconf 77' lang='lat' dir='ltr'><strong>ex</strong></span> <span class='ocrx_word' id='word_1_581' title='bbox 3137 1544 3201 1596; x_wconf 89' lang='lat' dir='ltr'><strong>iis</strong></span> <span class='ocrx_word' id='word_1_582' title='bbox 3249 1559 3369 1611; x_wconf 81' lang='lat' dir='ltr'><strong>qua:</strong></span> <span class='ocrx_word' id='word_1_583' title='bbox 3421 1541 3522 1596; x_wconf 86' lang='lat' dir='ltr'><strong>sibi</strong></span> 
     </span>
    </p>
   </div>
   <div class='ocr_carea' id='block_1_74' title="bbox 1919 1633 3526 1702">
    <p class='ocr_par' dir='ltr' id='par_1_74' title="bbox 1919 1633 3526 1702">
     <span class='ocr_line' id='line_1_74' title="bbox 1919 1633 3526 1702; baseline -0.001 -16"><span class='ocrx_word' id='word_1_584' title='bbox 1919 1635 2248 1698; x_wconf 85' lang='lat' dir='ltr'><strong>acciderant,</strong></span> <span class='ocrx_word' id='word_1_585' title='bbox 2294 1645 2446 1702; x_wconf 89' lang='lat' dir='ltr'><strong>pater</strong></span> <span class='ocrx_word' id='word_1_586' title='bbox 2473 1645 2652 1686; x_wconf 88' lang='lat' dir='ltr'><strong>autetu</strong></span> <span class='ocrx_word' id='word_1_587' title='bbox 2686 1634 2962 1701; x_wconf 78' lang='lat' dir='ltr'><strong>ltenjamin</strong></span> <span class='ocrx_word' id='word_1_588' title='bbox 3001 1634 3170 1701; x_wconf 89' lang='lat' dir='ltr'><strong>ipsmu</strong></span> <span class='ocrx_word' id='word_1_589' title='bbox 3203 1635 3431 1686; x_wconf 83' lang='lat' dir='ltr'><strong>vocavit.</strong></span> <span class='ocrx_word' id='word_1_590' title='bbox 3461 1633 3526 1686; x_wconf 67' lang='lat' dir='ltr'><strong>Et</strong></span> 
     </span>
    </p>
   </div>
   <div class='ocr_carea' id='block_1_75' title="bbox 1921 1723 3524 1795">
    <p class='ocr_par' dir='ltr' id='par_1_75' title="bbox 1921 1723 3524 1795">
     <span class='ocr_line' id='line_1_75' title="bbox 1921 1723 3524 1795; baseline -0.001 -18"><span class='ocrx_word' id='word_1_591' title='bbox 1921 1735 2202 1795; x_wconf 72' lang='lat' dir='ltr'><strong>postquam</strong></span> <span class='ocrx_word' id='word_1_592' title='bbox 2234 1727 2458 1794; x_wconf 78' lang='lat' dir='ltr'><strong>peperit,</strong></span> <span class='ocrx_word' id='word_1_593' title='bbox 2481 1726 2670 1794; x_wconf 86' lang='lat' dir='ltr'><strong>inquit,</strong></span> <span class='ocrx_word' id='word_1_594' title='bbox 2709 1724 2788 1779; x_wconf 84' lang='lat' dir='ltr'><strong>l9.</strong></span> <span class='ocrx_word' id='word_1_595' title='bbox 2827 1724 3032 1776; x_wconf 77' lang='lat' dir='ltr'><strong>Mortua</strong></span> <span class='ocrx_word' id='word_1_596' title='bbox 3055 1737 3147 1787; x_wconf 78' lang='lat' dir='ltr'><strong>est,</strong></span> <span class='ocrx_word' id='word_1_597' title='bbox 3174 1734 3220 1776; x_wconf 79' lang='lat' dir='ltr'><strong>et</strong></span> <span class='ocrx_word' id='word_1_598' title='bbox 3239 1724 3440 1790; x_wconf 83' lang='lat' dir='ltr'><strong>sepulta</strong></span> <span class='ocrx_word' id='word_1_599' title='bbox 3470 1723 3524 1776; x_wconf 81' lang='lat' dir='ltr'><strong>in</strong></span> 
     </span>
    </p>
   </div>
   <div class='ocr_carea' id='block_1_76' title="bbox 1919 1811 3527 1884">
    <p class='ocr_par' dir='ltr' id='par_1_76' title="bbox 1919 1811 3527 1884">
     <span class='ocr_line' id='line_1_76' title="bbox 1919 1811 3527 1884; baseline -0.004 -15"><span class='ocrx_word' id='word_1_600' title='bbox 1919 1819 2000 1869; x_wconf 76' lang='lat' dir='ltr'><strong>eia</strong></span> <span class='ocrx_word' id='word_1_601' title='bbox 2032 1815 2460 1884; x_wconf 65' lang='lat' dir='ltr'><strong>Ephratltamarc</strong></span> <span class='ocrx_word' id='word_1_602' title='bbox 2475 1823 2551 1865; x_wconf 86' lang='lat' dir='ltr'><strong>est</strong></span> <span class='ocrx_word' id='word_1_603' title='bbox 2570 1811 2896 1869; x_wconf 72' lang='lat' dir='ltr'><strong>Belide/tem.</strong></span> <span class='ocrx_word' id='word_1_604' title='bbox 2929 1814 3022 1869; x_wconf 72' lang='lat'><strong>20.</strong></span> <span class='ocrx_word' id='word_1_605' title='bbox 3070 1814 3134 1867; x_wconf 67' lang='lat' dir='ltr'><strong>Iit</strong></span> <span class='ocrx_word' id='word_1_606' title='bbox 3161 1815 3318 1868; x_wconf 70' lang='lat' dir='ltr'><strong>erexit</strong></span> <span class='ocrx_word' id='word_1_607' title='bbox 3361 1813 3527 1867; x_wconf 69' lang='lat' dir='ltr'><strong>Iacob</strong></span> 
     </span>
    </p>
   </div>
   <div class='ocr_carea' id='block_1_77' title="bbox 1921 1906 3526 1976">
    <p class='ocr_par' dir='ltr' id='par_1_77' title="bbox 1921 1906 3526 1976">
     <span class='ocr_line' id='line_1_77' title="bbox 1921 1906 3526 1976; baseline -0.001 -15"><span class='ocrx_word' id='word_1_608' title='bbox 1921 1911 2296 1976; x_wconf 81' lang='lat' dir='ltr'><strong>titnlamsnpcr</strong></span> <span class='ocrx_word' id='word_1_609' title='bbox 2331 1908 2636 1975; x_wconf 76' lang='lat' dir='ltr'><strong>sepulcrum.</strong></span> <span class='ocrx_word' id='word_1_610' title='bbox 2690 1906 2973 1960; x_wconf 68' lang='lat' dir='ltr'><strong>Minroretu</strong></span> <span class='ocrx_word' id='word_1_611' title='bbox 3019 1921 3178 1975; x_wconf 88' lang='lat' dir='ltr'><strong>quem</strong></span> <span class='ocrx_word' id='word_1_612' title='bbox 3225 1921 3294 1960; x_wconf 78' lang='lat' dir='ltr'><strong>ex</strong></span> <span class='ocrx_word' id='word_1_613' title='bbox 3347 1918 3526 1960; x_wconf 76' lang='lat' dir='ltr'><strong>morte</strong></span> 
     </span>
    </p>
   </div>
   <div class='ocr_carea' id='block_1_78' title="bbox 1923 1996 3523 2067">
    <p class='ocr_par' dir='ltr' id='par_1_78' title="bbox 1923 1996 3523 2067">
     <span class='ocr_line' id='line_1_78' title="bbox 1923 1996 3523 2067; baseline -0.001 -15"><span class='ocrx_word' id='word_1_614' title='bbox 1923 1999 2172 2053; x_wconf 67' lang='lat' dir='ltr'><strong>Raebelis</strong></span> <span class='ocrx_word' id='word_1_615' title='bbox 2197 2009 2542 2064; x_wconf 85' lang='lat' dir='ltr'><strong>eoneeperat,</strong></span> <span class='ocrx_word' id='word_1_616' title='bbox 2576 1997 2834 2067; x_wconf 75' lang='lat' dir='ltr'><strong>mitigavit</strong></span> <span class='ocrx_word' id='word_1_617' title='bbox 2863 2005 3019 2050; x_wconf 87' lang='lat' dir='ltr'><strong>natus</strong></span> <span class='ocrx_word' id='word_1_618' title='bbox 3045 2013 3205 2066; x_wconf 86' lang='lat' dir='ltr'><strong>puer,</strong></span> <span class='ocrx_word' id='word_1_619' title='bbox 3239 2005 3293 2050; x_wconf 90' lang='lat' dir='ltr'><strong>et</strong></span> <span class='ocrx_word' id='word_1_620' title='bbox 3343 1996 3523 2050; x_wconf 80' lang='lat' dir='ltr'><strong>cll’ecit</strong></span> 
     </span>
    </p>
   </div>
   <div class='ocr_carea' id='block_1_79' title="bbox 1923 2087 3524 2160">
    <p class='ocr_par' dir='ltr' id='par_1_79' title="bbox 1923 2087 3524 2160">
     <span class='ocr_line' id='line_1_79' title="bbox 1923 2087 3524 2160; baseline -0.003 -15"><span class='ocrx_word' id='word_1_621' title='bbox 1923 2103 1978 2146; x_wconf 91' lang='lat' dir='ltr'><strong>ut</strong></span> <span class='ocrx_word' id='word_1_622' title='bbox 2001 2094 2176 2160; x_wconf 85' lang='lat' dir='ltr'><strong>justus</strong></span> <span class='ocrx_word' id='word_1_623' title='bbox 2204 2090 2454 2143; x_wconf 82' lang='lat' dir='ltr'><strong>llaelielis</strong></span> <span class='ocrx_word' id='word_1_624' title='bbox 2505 2099 2731 2142; x_wconf 90' lang='lat' dir='ltr'><strong>mortem</strong></span> <span class='ocrx_word' id='word_1_625' title='bbox 2767 2103 2924 2155; x_wconf 74' lang='lat' dir='ltr'><strong>azquo</strong></span> <span class='ocrx_word' id='word_1_626' title='bbox 2965 2089 3130 2142; x_wconf 80' lang='lat' dir='ltr'><strong>ferret</strong></span> <span class='ocrx_word' id='word_1_627' title='bbox 3165 2087 3368 2141; x_wconf 83' lang='lat' dir='ltr'><strong>animo.</strong></span> <span class='ocrx_word' id='word_1_628' title='bbox 3417 2087 3524 2142; x_wconf 91' lang='lat' dir='ltr'><strong>Sed</strong></span> 
     </span>
    </p>
   </div>
   <div class='ocr_carea' id='block_1_80' title="bbox 1922 2179 3525 2248">
    <p class='ocr_par' dir='ltr' id='par_1_80' title="bbox 1922 2179 3525 2248">
     <span class='ocr_line' id='line_1_80' title="bbox 1922 2179 3525 2248; baseline -0.003 -11"><span class='ocrx_word' id='word_1_629' title='bbox 1922 2183 2045 2237; x_wconf 83' lang='lat' dir='ltr'><strong>hinc</strong></span> <span class='ocrx_word' id='word_1_630' title='bbox 2065 2182 2302 2238; x_wconf 89' lang='lat' dir='ltr'><strong>succedit</strong></span> <span class='ocrx_word' id='word_1_631' title='bbox 2329 2180 2516 2234; x_wconf 79' lang='lat' dir='ltr'><strong>Ruben</strong></span> <span class='ocrx_word' id='word_1_632' title='bbox 2543 2179 2836 2234; x_wconf 88' lang='lat' dir='ltr'><strong>temeritas.</strong></span> <span class='ocrx_word' id='word_1_633' title='bbox 2865 2179 2937 2232; x_wconf 72' lang='grc'><strong>22</strong></span> <span class='ocrx_word' id='word_1_634' title='bbox 2976 2180 3110 2231; x_wconf 83' lang='lat' dir='ltr'><strong>Abiit</strong></span> <span class='ocrx_word' id='word_1_635' title='bbox 3140 2179 3299 2246; x_wconf 86' lang='lat' dir='ltr'><strong>enim,</strong></span> <span class='ocrx_word' id='word_1_636' title='bbox 3332 2179 3525 2248; x_wconf 91' lang='lat' dir='ltr'><strong>inquit,</strong></span> 
     </span>
    </p>
   </div>
   <div class='ocr_carea' id='block_1_81' title="bbox 1923 2271 3528 2338">
    <p class='ocr_par' dir='ltr' id='par_1_81' title="bbox 1923 2271 3528 2338">
     <span class='ocr_line' id='line_1_81' title="bbox 1923 2271 3528 2338; baseline -0.002 -10"><span class='ocrx_word' id='word_1_637' title='bbox 1923 2288 1969 2329; x_wconf 88' lang='lat' dir='ltr'><strong>et</strong></span> <span class='ocrx_word' id='word_1_638' title='bbox 2000 2275 2235 2328; x_wconf 71' lang='lat' dir='ltr'><strong>dormivit</strong></span> <span class='ocrx_word' id='word_1_639' title='bbox 2257 2291 2372 2326; x_wconf 82' lang='lat' dir='ltr'><strong>cum</strong></span> <span class='ocrx_word' id='word_1_640' title='bbox 2400 2272 2550 2326; x_wconf 79' lang='lat' dir='ltr'><strong>Bulla</strong></span> <span class='ocrx_word' id='word_1_641' title='bbox 2585 2272 2866 2325; x_wconf 81' lang='lat' dir='ltr'><strong>concubina</strong></span> <span class='ocrx_word' id='word_1_642' title='bbox 2908 2272 3068 2338; x_wconf 86' lang='lat' dir='ltr'><strong>patris</strong></span> <span class='ocrx_word' id='word_1_643' title='bbox 3097 2271 3176 2324; x_wconf 86' lang='lat' dir='ltr'><strong>sui</strong></span> <span class='ocrx_word' id='word_1_644' title='bbox 3201 2287 3220 2324; x_wconf 91' lang='lat'><strong><em>:</em></strong></span> <span class='ocrx_word' id='word_1_645' title='bbox 3247 2282 3294 2324; x_wconf 81' lang='lat' dir='ltr'><strong>ct</strong></span> <span class='ocrx_word' id='word_1_646' title='bbox 3333 2272 3528 2325; x_wconf 82' lang='lat' dir='ltr'><strong>audit-it</strong></span> 
     </span>
    </p>
   </div>
   <div class='ocr_carea' id='block_1_82' title="bbox 1925 2362 3530 2431">
    <p class='ocr_par' dir='ltr' id='par_1_82' title="bbox 1925 2362 3530 2431">
     <span class='ocr_line' id='line_1_82' title="bbox 1925 2362 3530 2431; baseline -0.002 -10"><span class='ocrx_word' id='word_1_647' title='bbox 1925 2367 2113 2431; x_wconf 85' lang='lat' dir='ltr'><strong>Israel,</strong></span> <span class='ocrx_word' id='word_1_648' title='bbox 2139 2376 2184 2419; x_wconf 91' lang='lat' dir='ltr'><strong>et</strong></span> <span class='ocrx_word' id='word_1_649' title='bbox 2210 2366 2400 2418; x_wconf 74' lang='lat' dir='ltr'><strong>malum</strong></span> <span class='ocrx_word' id='word_1_650' title='bbox 2426 2365 2585 2419; x_wconf 77' lang='lat' dir='ltr'><strong>visum</strong></span> <span class='ocrx_word' id='word_1_651' title='bbox 2606 2374 2677 2417; x_wconf 85' lang='lat' dir='ltr'><strong>est</strong></span> <span class='ocrx_word' id='word_1_652' title='bbox 2705 2379 2878 2416; x_wconf 85' lang='lat' dir='ltr'><strong>coram</strong></span> <span class='ocrx_word' id='word_1_653' title='bbox 2901 2380 2982 2417; x_wconf 89' lang='lat' dir='ltr'><strong>eo.</strong></span> <span class='ocrx_word' id='word_1_654' title='bbox 3017 2362 3142 2416; x_wconf 85' lang='lat' dir='ltr'><strong>Erat</strong></span> <span class='ocrx_word' id='word_1_655' title='bbox 3188 2363 3330 2417; x_wconf 90' lang='lat' dir='ltr'><strong>enim</strong></span> <span class='ocrx_word' id='word_1_656' title='bbox 3374 2363 3530 2418; x_wconf 80' lang='lat' dir='ltr'><strong>valde</strong></span> 
     </span>
    </p>
   </div>
   <div class='ocr_carea' id='block_1_83' title="bbox 1923 2453 3530 2524">
    <p class='ocr_par' dir='ltr' id='par_1_83' title="bbox 1923 2453 3530 2524">
     <span class='ocr_line' id='line_1_83' title="bbox 1923 2453 3530 2524; baseline -0.006 -11"><span class='ocrx_word' id='word_1_657' title='bbox 1923 2458 2184 2513; x_wconf 79' lang='lat' dir='ltr'><strong>nefarium</strong></span> <span class='ocrx_word' id='word_1_658' title='bbox 2235 2456 2461 2510; x_wconf 70' lang='lat' dir='ltr'><strong>facinus.</strong></span> <span class='ocrx_word' id='word_1_659' title='bbox 2492 2454 2616 2509; x_wconf 92' lang='lat' dir='ltr'><strong>Ideo</strong></span> <span class='ocrx_word' id='word_1_660' title='bbox 2647 2468 2828 2524; x_wconf 81' lang='lat' dir='ltr'><strong>postea</strong></span> <span class='ocrx_word' id='word_1_661' title='bbox 2867 2453 3140 2523; x_wconf 79' lang='lat' dir='ltr'><strong>legislator</strong></span> <span class='ocrx_word' id='word_1_662' title='bbox 3184 2453 3359 2506; x_wconf 61' lang='grc' dir='ltr'><strong>λιν-8ος</strong></span> <span class='ocrx_word' id='word_1_663' title='bbox 3407 2469 3530 2522; x_wconf 86' lang='lat' dir='ltr'><strong>pro-</strong></span> 
     </span>
    </p>
   </div>
   <div class='ocr_carea' id='block_1_84' title="bbox 1927 2544 3531 2616">
    <p class='ocr_par' dir='ltr' id='par_1_84' title="bbox 1927 2544 3531 2616">
     <span class='ocr_line' id='line_1_84' title="bbox 1927 2544 3531 2616; baseline -0.002 -14"><span class='ocrx_word' id='word_1_664' title='bbox 1927 2550 2117 2612; x_wconf 91' lang='lat' dir='ltr'><strong>bibuit,</strong></span> <span class='ocrx_word' id='word_1_665' title='bbox 2169 2563 2236 2601; x_wconf 90' lang='lat' dir='ltr'><strong>ne</strong></span> <span class='ocrx_word' id='word_1_666' title='bbox 2277 2558 2428 2616; x_wconf 89' lang='lat' dir='ltr'><strong>pater</strong></span> <span class='ocrx_word' id='word_1_667' title='bbox 2457 2558 2506 2599; x_wconf 86' lang='lat' dir='ltr'><strong>ct</strong></span> <span class='ocrx_word' id='word_1_668' title='bbox 2554 2546 2694 2599; x_wconf 84' lang='lat' dir='ltr'><strong>ﬁlius</strong></span> <span class='ocrx_word' id='word_1_669' title='bbox 2729 2560 2853 2598; x_wconf 92' lang='lat' dir='ltr'><strong>cmn</strong></span> <span class='ocrx_word' id='word_1_670' title='bbox 2894 2544 3084 2598; x_wconf 89' lang='lat' dir='ltr'><strong>eadem</strong></span> <span class='ocrx_word' id='word_1_671' title='bbox 3138 2560 3250 2598; x_wconf 91' lang='lat' dir='ltr'><strong>rem</strong></span> <span class='ocrx_word' id='word_1_672' title='bbox 3299 2544 3531 2598; x_wconf 80' lang='lat' dir='ltr'><strong>habeant</strong></span> 
     </span>
    </p>
   </div>
   <div class='ocr_carea' id='block_1_85' title="bbox 1925 2635 3532 2710">
    <p class='ocr_par' dir='ltr' id='par_1_85' title="bbox 1925 2635 3532 2710">
     <span class='ocr_line' id='line_1_85' title="bbox 1925 2635 3532 2710; baseline -0.001 -18"><span class='ocrx_word' id='word_1_673' title='bbox 1925 2639 2109 2710; x_wconf 83' lang='lat' dir='ltr'><strong>(Levit.</strong></span> <span class='ocrx_word' id='word_1_674' title='bbox 2135 2638 2222 2694; x_wconf 77' lang='lat' dir='ltr'><strong>l8.</strong></span> <span class='ocrx_word' id='word_1_675' title='bbox 2257 2638 2333 2708; x_wconf 87' lang='lat'><strong>8).</strong></span> <span class='ocrx_word' id='word_1_676' title='bbox 2375 2637 2507 2691; x_wconf 81' lang='lat' dir='ltr'><strong>Nam</strong></span> <span class='ocrx_word' id='word_1_677' title='bbox 2543 2647 2602 2690; x_wconf 92' lang='lat' dir='ltr'><strong>ut</strong></span> <span class='ocrx_word' id='word_1_678' title='bbox 2654 2653 2721 2690; x_wconf 91' lang='lat' dir='ltr'><strong>ne</strong></span> <span class='ocrx_word' id='word_1_679' title='bbox 2766 2636 2964 2691; x_wconf 88' lang='lat' dir='ltr'><strong>sensim</strong></span> <span class='ocrx_word' id='word_1_680' title='bbox 2999 2635 3393 2706; x_wconf 79' lang='lat' dir='ltr'><strong>progredieuilo</strong></span> <span class='ocrx_word' id='word_1_681' title='bbox 3443 2649 3532 2690; x_wconf 82' lang='lat' dir='ltr'><strong>res</strong></span> 
     </span>
    </p>
   </div>
   <div class='ocr_carea' id='block_1_86' title="bbox 1924 2727 3533 2795">
    <p class='ocr_par' dir='ltr' id='par_1_86' title="bbox 1924 2727 3533 2795">
     <span class='ocr_line' id='line_1_86' title="bbox 1924 2727 3533 2795; baseline -0.002 -10"><span class='ocrx_word' id='word_1_682' title='bbox 1924 2732 2028 2786; x_wconf 88' lang='lat' dir='ltr'><strong>illis</strong></span> <span class='ocrx_word' id='word_1_683' title='bbox 2054 2731 2105 2784; x_wconf 93' lang='lat' dir='ltr'><strong>in</strong></span> <span class='ocrx_word' id='word_1_684' title='bbox 2134 2729 2576 2784; x_wconf 83' lang='lat' dir='ltr'><strong>consuetudinem</strong></span> <span class='ocrx_word' id='word_1_685' title='bbox 2605 2737 2857 2790; x_wconf 76' lang='lat' dir='ltr'><strong>verteret,</strong></span> <span class='ocrx_word' id='word_1_686' title='bbox 2890 2728 3000 2795; x_wconf 91' lang='lat' dir='ltr'><strong>jam</strong></span> <span class='ocrx_word' id='word_1_687' title='bbox 3055 2737 3211 2780; x_wconf 74' lang='lat' dir='ltr'><strong>antea</strong></span> <span class='ocrx_word' id='word_1_688' title='bbox 3258 2727 3533 2795; x_wconf 67' lang='lat' dir='ltr'><strong>legislator</strong></span> 
     </span>
    </p>
   </div>
   <div class='ocr_carea' id='block_1_87' title="bbox 1925 2820 3534 2893">
    <p class='ocr_par' dir='ltr' id='par_1_87' title="bbox 1925 2820 3534 2893">
     <span class='ocr_line' id='line_1_87' title="bbox 1925 2820 3534 2893; baseline -0.002 -15"><span class='ocrx_word' id='word_1_689' title='bbox 1925 2823 2171 2893; x_wconf 87' lang='lat' dir='ltr'><strong>reprimit</strong></span> <span class='ocrx_word' id='word_1_690' title='bbox 2191 2838 2285 2876; x_wconf 87' lang='lat' dir='ltr'><strong>eos</strong></span> <span class='ocrx_word' id='word_1_691' title='bbox 2306 2865 2320 2886; x_wconf 92' lang='lat'><strong>,</strong></span> <span class='ocrx_word' id='word_1_692' title='bbox 2354 2837 2523 2890; x_wconf 64' lang='lat' dir='ltr'><strong>paena:</strong></span> <span class='ocrx_word' id='word_1_693' title='bbox 2571 2821 2833 2875; x_wconf 77' lang='lat' dir='ltr'><strong>obnoxios</strong></span> <span class='ocrx_word' id='word_1_694' title='bbox 2859 2837 2954 2874; x_wconf 86' lang='lat' dir='ltr'><strong>eos</strong></span> <span class='ocrx_word' id='word_1_695' title='bbox 2991 2820 3081 2889; x_wconf 91' lang='lat' dir='ltr'><strong>qui</strong></span> <span class='ocrx_word' id='word_1_696' title='bbox 3115 2821 3238 2874; x_wconf 87' lang='lat' dir='ltr'><strong>talia</strong></span> <span class='ocrx_word' id='word_1_697' title='bbox 3269 2820 3534 2874; x_wconf 88' lang='lat' dir='ltr'><strong>auderent</strong></span> 
     </span>
    </p>
   </div>
   <div class='ocr_carea' id='block_1_88' title="bbox 1926 2912 3530 2980">
    <p class='ocr_par' dir='ltr' id='par_1_88' title="bbox 1926 2912 3530 2980">
     <span class='ocr_line' id='line_1_88' title="bbox 1926 2912 3530 2980; baseline -0.004 -10"><span class='ocrx_word' id='word_1_698' title='bbox 1926 2917 2270 2972; x_wconf 90' lang='lat' dir='ltr'><strong>denuntians.</strong></span> <span class='ocrx_word' id='word_1_699' title='bbox 2302 2917 2548 2968; x_wconf 79' lang='lat' dir='ltr'><strong>Attamen</strong></span> <span class='ocrx_word' id='word_1_700' title='bbox 2582 2912 2630 2966; x_wconf 87' lang='lat' dir='ltr'><strong>id</strong></span> <span class='ocrx_word' id='word_1_701' title='bbox 2689 2926 2830 2968; x_wconf 89' lang='lat' dir='ltr'><strong>nunc</strong></span> <span class='ocrx_word' id='word_1_702' title='bbox 2863 2922 3143 2966; x_wconf 87' lang='lat' dir='ltr'><strong>mansuete</strong></span> <span class='ocrx_word' id='word_1_703' title='bbox 3182 2913 3301 2966; x_wconf 89' lang='lat' dir='ltr'><strong>tulit</strong></span> <span class='ocrx_word' id='word_1_704' title='bbox 3349 2913 3530 2980; x_wconf 65' lang='lat' dir='ltr'><strong>ju~tus</strong></span> 
     </span>
    </p>
   </div>
   <div class='ocr_carea' id='block_1_89' title="bbox 1928 3004 3534 3075">
    <p class='ocr_par' dir='ltr' id='par_1_89' title="bbox 1928 3004 3534 3075">
     <span class='ocr_line' id='line_1_89' title="bbox 1928 3004 3534 3075; baseline -0.003 -12"><span class='ocrx_word' id='word_1_705' title='bbox 1928 3009 2156 3063; x_wconf 88' lang='lat' dir='ltr'><strong>naturali</strong></span> <span class='ocrx_word' id='word_1_706' title='bbox 2186 3022 2372 3062; x_wconf 86' lang='lat' dir='ltr'><strong>amore</strong></span> <span class='ocrx_word' id='word_1_707' title='bbox 2417 3006 2607 3058; x_wconf 77' lang='lat' dir='ltr'><strong>victus.</strong></span> <span class='ocrx_word' id='word_1_708' title='bbox 2653 3004 2843 3060; x_wconf 81' lang='lat' dir='ltr'><strong>Postea</strong></span> <span class='ocrx_word' id='word_1_709' title='bbox 2879 3014 3060 3058; x_wconf 90' lang='lat' dir='ltr'><strong>autem</strong></span> <span class='ocrx_word' id='word_1_710' title='bbox 3091 3020 3213 3058; x_wconf 89' lang='lat' dir='ltr'><strong>emn</strong></span> <span class='ocrx_word' id='word_1_711' title='bbox 3239 3006 3534 3075; x_wconf 78' lang='lat' dir='ltr'><strong>cuﬁgratu-</strong></span> 
     </span>
    </p>
   </div>
   <div class='ocr_carea' id='block_1_90' title="bbox 1928 3095 3531 3164">
    <p class='ocr_par' dir='ltr' id='par_1_90' title="bbox 1928 3095 3531 3164">
     <span class='ocr_line' id='line_1_90' title="bbox 1928 3095 3531 3164; baseline -0.003 -10"><span class='ocrx_word' id='word_1_712' title='bbox 1928 3115 2020 3154; x_wconf 90' lang='lat' dir='ltr'><strong>rus</strong></span> <span class='ocrx_word' id='word_1_713' title='bbox 2047 3108 2192 3154; x_wconf 84' lang='lat' dir='ltr'><strong>esset</strong></span> <span class='ocrx_word' id='word_1_714' title='bbox 2233 3113 2296 3150; x_wconf 78' lang='lat' dir='ltr'><strong>ex</strong></span> <span class='ocrx_word' id='word_1_715' title='bbox 2350 3097 2449 3149; x_wconf 83' lang='lat' dir='ltr'><strong>hac</strong></span> <span class='ocrx_word' id='word_1_716' title='bbox 2472 3097 2599 3153; x_wconf 86' lang='lat' dir='ltr'><strong>vita.</strong></span> <span class='ocrx_word' id='word_1_717' title='bbox 2638 3095 2804 3148; x_wconf 87' lang='lat' dir='ltr'><strong>ﬁlium</strong></span> <span class='ocrx_word' id='word_1_718' title='bbox 2835 3104 3138 3164; x_wconf 85' lang='lat' dir='ltr'><strong>vituperat,</strong></span> <span class='ocrx_word' id='word_1_719' title='bbox 3164 3106 3218 3149; x_wconf 91' lang='lat' dir='ltr'><strong>et</strong></span> <span class='ocrx_word' id='word_1_720' title='bbox 3272 3095 3531 3164; x_wconf 48' lang='lat' dir='ltr'><strong>ﬂagitium</strong></span> 
     </span>
    </p>
   </div>
   <div class='ocr_carea' id='block_1_91' title="bbox 1929 3184 3533 3260">
    <p class='ocr_par' dir='ltr' id='par_1_91' title="bbox 1929 3184 3533 3260">
     <span class='ocr_line' id='line_1_91' title="bbox 1929 3184 3533 3260; baseline -0.004 -14"><span class='ocrx_word' id='word_1_721' title='bbox 1929 3192 2046 3260; x_wconf 86' lang='lat' dir='ltr'><strong>ejus</strong></span> <span class='ocrx_word' id='word_1_722' title='bbox 2077 3190 2279 3260; x_wconf 83' lang='lat' dir='ltr'><strong>scripto</strong></span> <span class='ocrx_word' id='word_1_723' title='bbox 2305 3188 2439 3242; x_wconf 89' lang='lat' dir='ltr'><strong>tradi</strong></span> <span class='ocrx_word' id='word_1_724' title='bbox 2466 3195 2657 3252; x_wconf 88' lang='lat' dir='ltr'><strong>curat,</strong></span> <span class='ocrx_word' id='word_1_725' title='bbox 2691 3185 3021 3239; x_wconf 87' lang='lat' dir='ltr'><strong>malediceus</strong></span> <span class='ocrx_word' id='word_1_726' title='bbox 3047 3185 3095 3239; x_wconf 86' lang='lat' dir='ltr'><strong>ei</strong></span> <span class='ocrx_word' id='word_1_727' title='bbox 3117 3227 3133 3251; x_wconf 93' lang='lat'><strong>,</strong></span> <span class='ocrx_word' id='word_1_728' title='bbox 3182 3193 3241 3238; x_wconf 89' lang='lat' dir='ltr'><strong>ut</strong></span> <span class='ocrx_word' id='word_1_729' title='bbox 3266 3193 3319 3239; x_wconf 90' lang='lat' dir='ltr'><strong>et</strong></span> <span class='ocrx_word' id='word_1_730' title='bbox 3349 3184 3533 3240; x_wconf 69' lang='lat' dir='ltr'><strong>caeteri</strong></span> 
     </span>
    </p>
   </div>
   <div class='ocr_carea' id='block_1_92' title="bbox 1932 3277 3536 3353">
    <p class='ocr_par' dir='ltr' id='par_1_92' title="bbox 1932 3277 3536 3353">
     <span class='ocr_line' id='line_1_92' title="bbox 1932 3277 3536 3353; baseline -0.002 -14"><span class='ocrx_word' id='word_1_731' title='bbox 1932 3285 2078 3340; x_wconf 91' lang='lat' dir='ltr'><strong>illius</strong></span> <span class='ocrx_word' id='word_1_732' title='bbox 2112 3297 2268 3353; x_wconf 69' lang='lat' dir='ltr'><strong>parua</strong></span> <span class='ocrx_word' id='word_1_733' title='bbox 2291 3280 2726 3335; x_wconf 87' lang='lat' dir='ltr'><strong>emendarentur.</strong></span> <span class='ocrx_word' id='word_1_734' title='bbox 2748 3277 2843 3333; x_wconf 87' lang='lat' dir='ltr'><strong>llic</strong></span> <span class='ocrx_word' id='word_1_735' title='bbox 2871 3277 3020 3332; x_wconf 56' lang='lat' dir='ltr'><strong>nobis</strong></span> <span class='ocrx_word' id='word_1_736' title='bbox 3038 3286 3225 3349; x_wconf 88' lang='lat' dir='ltr'><strong>postea</strong></span> <span class='ocrx_word' id='word_1_737' title='bbox 3255 3287 3536 3335; x_wconf 80' lang='lat' dir='ltr'><strong>enumerat</strong></span> 
     </span>
    </p>
   </div>
   <div class='ocr_carea' id='block_1_93' title="bbox 1931 3371 3535 3441">
    <p class='ocr_par' dir='ltr' id='par_1_93' title="bbox 1931 3371 3535 3441">
     <span class='ocr_line' id='line_1_93' title="bbox 1931 3371 3535 3441; baseline -0.002 -11"><span class='ocrx_word' id='word_1_738' title='bbox 1931 3378 2069 3430; x_wconf 86' lang='lat' dir='ltr'><strong>ﬁlios</strong></span> <span class='ocrx_word' id='word_1_739' title='bbox 2097 3375 2265 3430; x_wconf 81' lang='lat' dir='ltr'><strong>Jacob</strong></span> <span class='ocrx_word' id='word_1_740' title='bbox 2287 3375 2474 3428; x_wconf 89' lang='lat' dir='ltr'><strong>beatus</strong></span> <span class='ocrx_word' id='word_1_741' title='bbox 2499 3371 2673 3426; x_wconf 78' lang='lat' dir='ltr'><strong>Moses</strong></span> <span class='ocrx_word' id='word_1_742' title='bbox 2700 3385 2715 3424; x_wconf 88' lang='lat'><strong>:</strong></span> <span class='ocrx_word' id='word_1_743' title='bbox 2748 3384 2811 3424; x_wconf 83' lang='lat' dir='ltr'><strong>ac</strong></span> <span class='ocrx_word' id='word_1_744' title='bbox 2841 3386 2935 3440; x_wconf 88' lang='lat' dir='ltr'><strong>per</strong></span> <span class='ocrx_word' id='word_1_745' title='bbox 2959 3387 3021 3425; x_wconf 89' lang='lat' dir='ltr'><strong>ea</strong></span> <span class='ocrx_word' id='word_1_746' title='bbox 3056 3386 3175 3441; x_wconf 71' lang='lat' dir='ltr'><strong>quae</strong></span> <span class='ocrx_word' id='word_1_747' title='bbox 3199 3380 3380 3424; x_wconf 88' lang='lat' dir='ltr'><strong>narrat</strong></span> <span class='ocrx_word' id='word_1_748' title='bbox 3402 3371 3535 3440; x_wconf 85' lang='lat' dir='ltr'><strong>justi</strong></span> 
     </span>
    </p>
   </div>
   <div class='ocr_carea' id='block_1_94' title="bbox 1933 3462 3535 3532">
    <p class='ocr_par' dir='ltr' id='par_1_94' title="bbox 1933 3462 3535 3532">
     <span class='ocr_line' id='line_1_94' title="bbox 1933 3462 3535 3532; baseline -0.004 -10"><span class='ocrx_word' id='word_1_749' title='bbox 1933 3468 2184 3522; x_wconf 80' lang='lat' dir='ltr'><strong>virtutem</strong></span> <span class='ocrx_word' id='word_1_750' title='bbox 2232 3481 2331 3520; x_wconf 79' lang='lat' dir='ltr'><strong>nus</strong></span> <span class='ocrx_word' id='word_1_751' title='bbox 2353 3465 2531 3519; x_wconf 75' lang='lat' dir='ltr'><strong>docet.</strong></span> <span class='ocrx_word' id='word_1_752' title='bbox 2568 3462 2856 3518; x_wconf 75' lang='lat' dir='ltr'><strong>Enimvero</strong></span> <span class='ocrx_word' id='word_1_753' title='bbox 2882 3478 2948 3516; x_wconf 89' lang='lat' dir='ltr'><strong>ne</strong></span> <span class='ocrx_word' id='word_1_754' title='bbox 2976 3472 3133 3532; x_wconf 83' lang='lat' dir='ltr'><strong>putes</strong></span> <span class='ocrx_word' id='word_1_755' title='bbox 3157 3463 3377 3518; x_wconf 81' lang='lat' dir='ltr'><strong>fortuito</strong></span> <span class='ocrx_word' id='word_1_756' title='bbox 3406 3464 3535 3517; x_wconf 88' lang='lat' dir='ltr'><strong>sim-</strong></span> 
     </span>
    </p>
   </div>
   <div class='ocr_carea' id='block_1_95' title="bbox 1935 3554 3539 3630">
    <p class='ocr_par' dir='ltr' id='par_1_95' title="bbox 1935 3554 3539 3630">
     <span class='ocr_line' id='line_1_95' title="bbox 1935 3554 3539 3630; baseline 0.001 -20"><span class='ocrx_word' id='word_1_757' title='bbox 1935 3560 2268 3630; x_wconf 85' lang='lat' dir='ltr'><strong>pliciterque.</strong></span> <span class='ocrx_word' id='word_1_758' title='bbox 2299 3567 2355 3612; x_wconf 90' lang='lat' dir='ltr'><strong>ut</strong></span> <span class='ocrx_word' id='word_1_759' title='bbox 2390 3556 2701 3624; x_wconf 80' lang='lat' dir='ltr'><strong>contingere</strong></span> <span class='ocrx_word' id='word_1_760' title='bbox 2730 3554 2902 3618; x_wconf 87' lang='lat' dir='ltr'><strong>solet,</strong></span> <span class='ocrx_word' id='word_1_761' title='bbox 2955 3554 3127 3623; x_wconf 83' lang='lat' dir='ltr'><strong>ipsum</strong></span> <span class='ocrx_word' id='word_1_762' title='bbox 3182 3555 3539 3611; x_wconf 75' lang='lat' dir='ltr'><strong>concubuisse</strong></span> 
     </span>
    </p>
   </div>
   <div class='ocr_carea' id='block_1_96' title="bbox 1931 3645 3536 3715">
    <p class='ocr_par' dir='ltr' id='par_1_96' title="bbox 1931 3645 3536 3715">
     <span class='ocr_line' id='line_1_96' title="bbox 1931 3645 3536 3715; baseline -0.004 -8"><span class='ocrx_word' id='word_1_763' title='bbox 1931 3667 2054 3707; x_wconf 89' lang='lat' dir='ltr'><strong>cum</strong></span> <span class='ocrx_word' id='word_1_764' title='bbox 2103 3649 2301 3704; x_wconf 80' lang='lat' dir='ltr'><strong>Rachel</strong></span> <span class='ocrx_word' id='word_1_765' title='bbox 2329 3658 2384 3703; x_wconf 88' lang='lat' dir='ltr'><strong>et</strong></span> <span class='ocrx_word' id='word_1_766' title='bbox 2421 3646 2515 3702; x_wconf 82' lang='lat' dir='ltr'><strong>Lia</strong></span> <span class='ocrx_word' id='word_1_767' title='bbox 2563 3645 2878 3715; x_wconf 86' lang='lat' dir='ltr'><strong>duabusque</strong></span> <span class='ocrx_word' id='word_1_768' title='bbox 2907 3645 3138 3709; x_wconf 88' lang='lat' dir='ltr'><strong>ancillis,</strong></span> <span class='ocrx_word' id='word_1_769' title='bbox 3169 3654 3432 3699; x_wconf 83' lang='lat' dir='ltr'><strong>monstrat</strong></span> <span class='ocrx_word' id='word_1_770' title='bbox 3473 3663 3536 3700; x_wconf 82' lang='lat' dir='ltr'><strong>se</strong></span> 
     </span>
    </p>
   </div>
   <div class='ocr_carea' id='block_1_97' title="bbox 1933 3735 3539 3812">
    <p class='ocr_par' dir='ltr' id='par_1_97' title="bbox 1933 3735 3539 3812">
     <span class='ocr_line' id='line_1_97' title="bbox 1933 3735 3539 3812; baseline -0.006 -13"><span class='ocrx_word' id='word_1_771' title='bbox 1933 3759 2003 3799; x_wconf 78' lang='lat' dir='ltr'><strong>ex</strong></span> <span class='ocrx_word' id='word_1_772' title='bbox 2035 3741 2437 3812; x_wconf 84' lang='lat' dir='ltr'><strong>dispensatione</strong></span> <span class='ocrx_word' id='word_1_773' title='bbox 2463 3739 2711 3807; x_wconf 85' lang='lat' dir='ltr'><strong>quapiam</strong></span> <span class='ocrx_word' id='word_1_774' title='bbox 2751 3751 2872 3791; x_wconf 88' lang='lat' dir='ltr'><strong>cum</strong></span> <span class='ocrx_word' id='word_1_775' title='bbox 2933 3735 3040 3790; x_wconf 90' lang='lat' dir='ltr'><strong>illis</strong></span> <span class='ocrx_word' id='word_1_776' title='bbox 3100 3751 3213 3790; x_wconf 88' lang='lat' dir='ltr'><strong>rem</strong></span> <span class='ocrx_word' id='word_1_777' title='bbox 3264 3735 3539 3805; x_wconf 84' lang='lat' dir='ltr'><strong>habuisse,</strong></span> 
     </span>
    </p>
   </div>
   <div class='ocr_carea' id='block_1_98' title="bbox 1936 3834 3539 3898">
    <p class='ocr_par' dir='ltr' id='par_1_98' title="bbox 1936 3834 3539 3898">
     <span class='ocr_line' id='line_1_98' title="bbox 1936 3834 3539 3898; baseline -0.006 -7"><span class='ocrx_word' id='word_1_778' title='bbox 1936 3847 1993 3891; x_wconf 91' lang='lat' dir='ltr'><strong>ut</strong></span> <span class='ocrx_word' id='word_1_779' title='bbox 2019 3834 2300 3891; x_wconf 90' lang='lat' dir='ltr'><strong>duodecim</strong></span> <span class='ocrx_word' id='word_1_780' title='bbox 2329 3834 2498 3886; x_wconf 85' lang='lat' dir='ltr'><strong>tribus</strong></span> <span class='ocrx_word' id='word_1_781' title='bbox 2522 3845 2588 3885; x_wconf 69' lang='lat' dir='ltr'><strong>ex</strong></span> <span class='ocrx_word' id='word_1_782' title='bbox 2613 3844 2680 3884; x_wconf 89' lang='lat' dir='ltr'><strong>eo</strong></span> <span class='ocrx_word' id='word_1_783' title='bbox 2706 3837 3057 3882; x_wconf 86' lang='lat' dir='ltr'><strong>nascerentur</strong></span> <span class='ocrx_word' id='word_1_784' title='bbox 3090 3844 3104 3882; x_wconf 90' lang='lat'><strong>:</strong></span> <span class='ocrx_word' id='word_1_785' title='bbox 3129 3836 3409 3898; x_wconf 87' lang='lat' dir='ltr'><strong>propterea</strong></span> <span class='ocrx_word' id='word_1_786' title='bbox 3431 3843 3539 3881; x_wconf 90' lang='lat' dir='ltr'><strong>non</strong></span> 
     </span>
    </p>
   </div>
   <div class='ocr_carea' id='block_1_99' title="bbox 1935 3918 3535 3998">
    <p class='ocr_par' dir='ltr' id='par_1_99' title="bbox 1935 3918 3535 3998">
     <span class='ocr_line' id='line_1_99' title="bbox 1935 3918 3535 3998; baseline -0.011 -11"><span class='ocrx_word' id='word_1_787' title='bbox 1935 3933 2077 3989; x_wconf 85' lang='lat' dir='ltr'><strong>ultra</strong></span> <span class='ocrx_word' id='word_1_788' title='bbox 2098 3929 2343 3987; x_wconf 86' lang='lat' dir='ltr'><strong>meminit</strong></span> <span class='ocrx_word' id='word_1_789' title='bbox 2363 3928 2659 3998; x_wconf 89' lang='lat' dir='ltr'><strong>Scriptura,</strong></span> <span class='ocrx_word' id='word_1_790' title='bbox 2703 3924 2752 3978; x_wconf 87' lang='lat' dir='ltr'><strong>ei</strong></span> <span class='ocrx_word' id='word_1_791' title='bbox 2778 3923 2942 3976; x_wconf 90' lang='lat' dir='ltr'><strong>alium</strong></span> <span class='ocrx_word' id='word_1_792' title='bbox 2976 3930 3156 3974; x_wconf 91' lang='lat' dir='ltr'><strong>natum</strong></span> <span class='ocrx_word' id='word_1_793' title='bbox 3178 3934 3299 3974; x_wconf 86' lang='lat' dir='ltr'><strong>esse</strong></span> <span class='ocrx_word' id='word_1_794' title='bbox 3327 3918 3495 3973; x_wconf 83' lang='lat' dir='ltr'><strong>lilium</strong></span> <span class='ocrx_word' id='word_1_795' title='bbox 3520 3933 3535 3970; x_wconf 89' lang='lat'><strong>:</strong></span> 
     </span>
    </p>
   </div>
   <div class='ocr_carea' id='block_1_100' title="bbox 1937 4015 3542 4092">
    <p class='ocr_par' dir='ltr' id='par_1_100' title="bbox 1937 4015 3542 4092">
     <span class='ocr_line' id='line_1_100' title="bbox 1937 4015 3542 4092; baseline -0.011 -8"><span class='ocrx_word' id='word_1_796' title='bbox 1937 4039 1994 4084; x_wconf 91' lang='lat' dir='ltr'><strong>ut</strong></span> <span class='ocrx_word' id='word_1_797' title='bbox 2023 4028 2200 4083; x_wconf 82' lang='lat' dir='ltr'><strong>discas</strong></span> <span class='ocrx_word' id='word_1_798' title='bbox 2229 4025 2333 4081; x_wconf 87' lang='lat' dir='ltr'><strong>hoc</strong></span> <span class='ocrx_word' id='word_1_799' title='bbox 2384 4037 2490 4078; x_wconf 92' lang='lat' dir='ltr'><strong>non</strong></span> <span class='ocrx_word' id='word_1_800' title='bbox 2529 4020 2870 4092; x_wconf 81' lang='lat' dir='ltr'><strong>simpliciter,</strong></span> <span class='ocrx_word' id='word_1_801' title='bbox 2914 4032 3089 4086; x_wconf 86' lang='lat' dir='ltr'><strong>neque</strong></span> <span class='ocrx_word' id='word_1_802' title='bbox 3127 4015 3329 4084; x_wconf 86' lang='lat' dir='ltr'><strong>absque</strong></span> <span class='ocrx_word' id='word_1_803' title='bbox 3380 4025 3542 4066; x_wconf 76' lang='lat' dir='ltr'><strong>causa</strong></span> 
     </span>
    </p>
   </div>
   <div class='ocr_carea' id='block_1_101' title="bbox 1938 4103 3541 4180">
    <p class='ocr_par' dir='ltr' id='par_1_101' title="bbox 1938 4103 3541 4180">
     <span class='ocr_line' id='line_1_101' title="bbox 1938 4103 3541 4180; baseline -0.013 -3"><span class='ocrx_word' id='word_1_804' title='bbox 1938 4121 2137 4177; x_wconf 77' lang='lat' dir='ltr'><strong>factum</strong></span> <span class='ocrx_word' id='word_1_805' title='bbox 2158 4133 2298 4175; x_wconf 85' lang='lat' dir='ltr'><strong>esse.</strong></span> <span class='ocrx_word' id='word_1_806' title='bbox 2329 4115 2494 4170; x_wconf 81' lang='lat' dir='ltr'><strong>Erant</strong></span> <span class='ocrx_word' id='word_1_807' title='bbox 2520 4125 2707 4178; x_wconf 82' lang='lat' dir='ltr'><strong>autent,</strong></span> <span class='ocrx_word' id='word_1_808' title='bbox 2734 4111 2924 4180; x_wconf 90' lang='lat' dir='ltr'><strong>inquit,</strong></span> <span class='ocrx_word' id='word_1_809' title='bbox 2953 4109 3048 4178; x_wconf 78' lang='lat' dir='ltr'><strong>ﬁlii</strong></span> <span class='ocrx_word' id='word_1_810' title='bbox 3071 4106 3234 4160; x_wconf 83' lang='lat' dir='ltr'><strong>Jacob</strong></span> <span class='ocrx_word' id='word_1_811' title='bbox 3254 4103 3541 4158; x_wconf 78' lang='lat' dir='ltr'><strong>duodecim.</strong></span> 
     </span>
    </p>
   </div>
   <div class='ocr_carea' id='block_1_102' title="bbox 1943 4196 3542 4282">
    <p class='ocr_par' dir='ltr' id='par_1_102' title="bbox 1943 4196 3542 4282">
     <span class='ocr_line' id='line_1_102' title="bbox 1943 4196 3542 4282; baseline -0.014 -15"><span class='ocrx_word' id='word_1_812' title='bbox 1943 4211 2227 4282; x_wconf 74' lang='lat' dir='ltr'><strong>bistiuguit</strong></span> <span class='ocrx_word' id='word_1_813' title='bbox 2265 4222 2397 4264; x_wconf 79' lang='lat' dir='ltr'><strong>vero</strong></span> <span class='ocrx_word' id='word_1_814' title='bbox 2423 4213 2702 4276; x_wconf 86' lang='lat' dir='ltr'><strong>postea,et</strong></span> <span class='ocrx_word' id='word_1_815' title='bbox 2734 4203 2964 4274; x_wconf 88' lang='lat' dir='ltr'><strong>primum</strong></span> <span class='ocrx_word' id='word_1_816' title='bbox 2988 4214 3082 4255; x_wconf 73' lang='lat' dir='ltr'><strong>eos</strong></span> <span class='ocrx_word' id='word_1_817' title='bbox 3113 4199 3200 4268; x_wconf 87' lang='lat' dir='ltr'><strong>qui</strong></span> <span class='ocrx_word' id='word_1_818' title='bbox 3232 4196 3342 4251; x_wconf 77' lang='lat' dir='ltr'><strong>Lia:</strong></span> <span class='ocrx_word' id='word_1_819' title='bbox 3365 4202 3542 4258; x_wconf 86' lang='lat' dir='ltr'><strong>erant,</strong></span> 
     </span>
    </p>
   </div>
   <div class='ocr_carea' id='block_1_103' title="bbox 1940 4286 3543 4373">
    <p class='ocr_par' dir='ltr' id='par_1_103' title="bbox 1940 4286 3543 4373">
     <span class='ocr_line' id='line_1_103' title="bbox 1940 4286 3543 4373; baseline -0.015 -12"><span class='ocrx_word' id='word_1_820' title='bbox 1940 4307 2063 4361; x_wconf 90' lang='lat' dir='ltr'><strong>dein</strong></span> <span class='ocrx_word' id='word_1_821' title='bbox 2093 4319 2189 4361; x_wconf 86' lang='lat' dir='ltr'><strong>eos</strong></span> <span class='ocrx_word' id='word_1_822' title='bbox 2212 4302 2303 4373; x_wconf 85' lang='lat' dir='ltr'><strong>qui</strong></span> <span class='ocrx_word' id='word_1_823' title='bbox 2330 4297 2606 4362; x_wconf 79' lang='lat' dir='ltr'><strong>Raehelis,</strong></span> <span class='ocrx_word' id='word_1_824' title='bbox 2647 4295 2881 4365; x_wconf 89' lang='lat' dir='ltr'><strong>denique</strong></span> <span class='ocrx_word' id='word_1_825' title='bbox 2906 4301 2960 4347; x_wconf 92' lang='lat' dir='ltr'><strong>et</strong></span> <span class='ocrx_word' id='word_1_826' title='bbox 2987 4305 3084 4346; x_wconf 90' lang='lat' dir='ltr'><strong>eos</strong></span> <span class='ocrx_word' id='word_1_827' title='bbox 3107 4290 3196 4358; x_wconf 85' lang='lat' dir='ltr'><strong>qui</strong></span> <span class='ocrx_word' id='word_1_828' title='bbox 3227 4286 3543 4341; x_wconf 87' lang='lat' dir='ltr'><strong>ancillarum</strong></span> 
     </span>
    </p>
   </div>
   <div class='ocr_carea' id='block_1_104' title="bbox 1941 4375 3546 4461">
    <p class='ocr_par' dir='ltr' id='par_1_104' title="bbox 1941 4375 3546 4461">
     <span class='ocr_line' id='line_1_104' title="bbox 1941 4375 3546 4461; baseline -0.015 -8"><span class='ocrx_word' id='word_1_829' title='bbox 1941 4405 2111 4461; x_wconf 86' lang='lat' dir='ltr'><strong>erant,</strong></span> <span class='ocrx_word' id='word_1_830' title='bbox 2142 4399 2424 4457; x_wconf 83' lang='lat' dir='ltr'><strong>numerat,</strong></span> <span class='ocrx_word' id='word_1_831' title='bbox 2449 4399 2503 4443; x_wconf 90' lang='lat' dir='ltr'><strong>et</strong></span> <span class='ocrx_word' id='word_1_832' title='bbox 2531 4387 2661 4442; x_wconf 88' lang='lat' dir='ltr'><strong>dicit</strong></span> <span class='ocrx_word' id='word_1_833' title='bbox 2687 4403 2700 4439; x_wconf 90' lang='lat'><strong>:</strong></span> <span class='ocrx_word' id='word_1_834' title='bbox 2732 4385 2829 4440; x_wconf 73' lang='grc'><strong>26.</strong></span> <span class='ocrx_word' id='word_1_835' title='bbox 2858 4381 2930 4436; x_wconf 79' lang='lat' dir='ltr'><strong>lli</strong></span> <span class='ocrx_word' id='word_1_836' title='bbox 2953 4392 3072 4435; x_wconf 77' lang='lat' dir='ltr'><strong>sunt</strong></span> <span class='ocrx_word' id='word_1_837' title='bbox 3110 4380 3208 4450; x_wconf 74' lang='lat' dir='ltr'><strong>ﬁlii</strong></span> <span class='ocrx_word' id='word_1_838' title='bbox 3236 4376 3421 4440; x_wconf 77' lang='lat' dir='ltr'><strong>Iacob,</strong></span> <span class='ocrx_word' id='word_1_839' title='bbox 3461 4375 3546 4443; x_wconf 85' lang='lat' dir='ltr'><strong>qni</strong></span> 
     </span>
    </p>
   </div>
   <div class='ocr_carea' id='block_1_105' title="bbox 1942 4467 3549 4548">
    <p class='ocr_par' dir='ltr' id='par_1_105' title="bbox 1942 4467 3549 4548">
     <span class='ocr_line' id='line_1_105' title="bbox 1942 4467 3549 4548; baseline -0.016 -4"><span class='ocrx_word' id='word_1_840' title='bbox 1942 4489 2051 4544; x_wconf 82' lang='lat' dir='ltr'><strong>nati</strong></span> <span class='ocrx_word' id='word_1_841' title='bbox 2076 4495 2194 4542; x_wconf 83' lang='lat' dir='ltr'><strong>sunt</strong></span> <span class='ocrx_word' id='word_1_842' title='bbox 2215 4486 2260 4539; x_wconf 88' lang='lat' dir='ltr'><strong>ei</strong></span> <span class='ocrx_word' id='word_1_843' title='bbox 2285 4485 2338 4536; x_wconf 83' lang='lat' dir='ltr'><strong>in</strong></span> <span class='ocrx_word' id='word_1_844' title='bbox 2367 4478 2758 4548; x_wconf 79' lang='lat' dir='ltr'><strong>Mesopotamia.</strong></span> <span class='ocrx_word' id='word_1_845' title='bbox 2781 4474 2940 4544; x_wconf 79' lang='lat' dir='ltr'><strong>Atqui</strong></span> <span class='ocrx_word' id='word_1_846' title='bbox 2970 4483 3095 4526; x_wconf 91' lang='lat' dir='ltr'><strong>tunc</strong></span> <span class='ocrx_word' id='word_1_847' title='bbox 3123 4478 3279 4523; x_wconf 71' lang='lat' dir='ltr'><strong>natus</strong></span> <span class='ocrx_word' id='word_1_848' title='bbox 3299 4476 3384 4522; x_wconf 56' lang='lat' dir='ltr'><strong>est</strong></span> <span class='ocrx_word' id='word_1_849' title='bbox 3410 4467 3549 4520; x_wconf 61' lang='lat' dir='ltr'><strong>Benc</strong></span> 
     </span>
    </p>
   </div>
   <div class='ocr_carea' id='block_1_106' title="bbox 1938 4557 3550 4652">
    <p class='ocr_par' dir='ltr' id='par_1_106' title="bbox 1938 4557 3550 4652">
     <span class='ocr_line' id='line_1_106' title="bbox 1938 4557 3550 4652; baseline -0.013 -20"><span class='ocrx_word' id='word_1_850' title='bbox 1938 4581 2108 4652; x_wconf 86' lang='lat' dir='ltr'><strong>jatnin</strong></span> <span class='ocrx_word' id='word_1_851' title='bbox 2143 4581 2357 4648; x_wconf 76' lang='lat' dir='ltr'><strong>quando</strong></span> <span class='ocrx_word' id='word_1_852' title='bbox 2397 4572 2543 4627; x_wconf 85' lang='lat' dir='ltr'><strong>venit</strong></span> <span class='ocrx_word' id='word_1_853' title='bbox 2594 4568 2930 4624; x_wconf 84' lang='lat' dir='ltr'><strong>Bcthlehem.</strong></span> <span class='ocrx_word' id='word_1_854' title='bbox 2978 4564 3156 4630; x_wconf 84' lang='lat' dir='ltr'><strong>Quare</strong></span> <span class='ocrx_word' id='word_1_855' title='bbox 3204 4559 3364 4630; x_wconf 71' lang='lat' dir='ltr'><strong>igitur</strong></span> <span class='ocrx_word' id='word_1_856' title='bbox 3419 4557 3550 4611; x_wconf 89' lang='lat' dir='ltr'><strong>dicit</strong></span> 
     </span>
    </p>
   </div>
   <div class='ocr_carea' id='block_1_107' title="bbox 1903 4645 3553 4740">
    <p class='ocr_par' dir='ltr' id='par_1_107' title="bbox 1903 4645 3553 4740">
     <span class='ocr_line' id='line_1_107' title="bbox 1903 4645 3553 4740; baseline -0.017 -12"><span class='ocrx_word' id='word_1_857' title='bbox 1903 4708 1917 4716; x_wconf 61' lang='grc' dir='ltr'><strong>ρ-</strong></span> <span class='ocrx_word' id='word_1_858' title='bbox 1939 4645 2244 4740; x_wconf 75' lang='lat' dir='ltr'><strong>Scriptura,</strong></span> <span class='ocrx_word' id='word_1_859' title='bbox 2300 4665 2398 4734; x_wconf 80' lang='lat' dir='ltr'><strong>Qui</strong></span> <span class='ocrx_word' id='word_1_860' title='bbox 2426 4662 2532 4716; x_wconf 87' lang='lat' dir='ltr'><strong>nati</strong></span> <span class='ocrx_word' id='word_1_861' title='bbox 2574 4658 2760 4714; x_wconf 71' lang='lat' dir='ltr'><strong>santei</strong></span> <span class='ocrx_word' id='word_1_862' title='bbox 2804 4656 2856 4708; x_wconf 85' lang='lat' dir='ltr'><strong>in</strong></span> <span class='ocrx_word' id='word_1_863' title='bbox 2899 4648 3313 4722; x_wconf 68' lang='lat' dir='ltr'><strong>diesepotamia.’</strong></span> <span class='ocrx_word' id='word_1_864' title='bbox 3342 4645 3553 4702; x_wconf 79' lang='lat' dir='ltr'><strong>Fortas—</strong></span> 
     </span>
    </p>
   </div>
   <div class='ocr_carea' id='block_1_108' title="bbox 1946 4742 3551 4835">
    <p class='ocr_par' dir='ltr' id='par_1_108' title="bbox 1946 4742 3551 4835">
     <span class='ocr_line' id='line_1_108' title="bbox 1946 4742 3551 4835; baseline -0.019 -13"><span class='ocrx_word' id='word_1_865' title='bbox 1946 4782 2006 4822; x_wconf 84' lang='lat' dir='ltr'><strong>se</strong></span> <span class='ocrx_word' id='word_1_866' title='bbox 2050 4765 2173 4835; x_wconf 89' lang='lat' dir='ltr'><strong>quia</strong></span> <span class='ocrx_word' id='word_1_867' title='bbox 2199 4759 2398 4817; x_wconf 83' lang='lat' dir='ltr'><strong>ltacltel</strong></span> <span class='ocrx_word' id='word_1_868' title='bbox 2444 4766 2567 4810; x_wconf 86' lang='lat' dir='ltr'><strong>ante</strong></span> <span class='ocrx_word' id='word_1_869' title='bbox 2589 4765 2865 4824; x_wconf 79' lang='lat' dir='ltr'><strong>egressum</strong></span> <span class='ocrx_word' id='word_1_870' title='bbox 2893 4763 2956 4802; x_wconf 82' lang='lat' dir='ltr'><strong>ex</strong></span> <span class='ocrx_word' id='word_1_871' title='bbox 2987 4742 3369 4813; x_wconf 79' lang='lat' dir='ltr'><strong>Mesopotamia</strong></span> <span class='ocrx_word' id='word_1_872' title='bbox 3416 4755 3551 4794; x_wconf 85' lang='lat' dir='ltr'><strong>con-</strong></span> 
     </span>
    </p>
   </div>
   <div class='ocr_carea' id='block_1_109' title="bbox 1951 4834 3552 4928">
    <p class='ocr_par' dir='ltr' id='par_1_109' title="bbox 1951 4834 3552 4928">
     <span class='ocr_line' id='line_1_109' title="bbox 1951 4834 3552 4928; baseline -0.017 -16"><span class='ocrx_word' id='word_1_873' title='bbox 1951 4834 2186 4928; x_wconf 78' lang='lat' dir='ltr'><strong>ceperat.</strong></span> <span class='ocrx_word' id='word_1_874' title='bbox 2210 4853 2303 4909; x_wconf 72' lang='grc'><strong>27.</strong></span> <span class='ocrx_word' id='word_1_875' title='bbox 2343 4849 2406 4904; x_wconf 76' lang='lat' dir='ltr'><strong>Et</strong></span> <span class='ocrx_word' id='word_1_876' title='bbox 2431 4849 2561 4903; x_wconf 77' lang='lat' dir='ltr'><strong>venit</strong></span> <span class='ocrx_word' id='word_1_877' title='bbox 2582 4886 2598 4911; x_wconf 97' lang='lat'><strong>,</strong></span> <span class='ocrx_word' id='word_1_878' title='bbox 2629 4843 2818 4914; x_wconf 90' lang='lat' dir='ltr'><strong>inquit,</strong></span> <span class='ocrx_word' id='word_1_879' title='bbox 2866 4837 3031 4894; x_wconf 79' lang='lat' dir='ltr'><strong>Jacob</strong></span> <span class='ocrx_word' id='word_1_880' title='bbox 3073 4837 3141 4889; x_wconf 86' lang='lat' dir='ltr'><strong>ad</strong></span> <span class='ocrx_word' id='word_1_881' title='bbox 3172 4834 3325 4889; x_wconf 81' lang='lat' dir='ltr'><strong>Isaac</strong></span> <span class='ocrx_word' id='word_1_882' title='bbox 3355 4842 3552 4904; x_wconf 78' lang='lat' dir='ltr'><strong>patrem</strong></span> 
     </span>
    </p>
   </div>
   <div class='ocr_carea' id='block_1_110' title="bbox 1949 4926 3556 5006">
    <p class='ocr_par' dir='ltr' id='par_1_110' title="bbox 1949 4926 3556 5006">
     <span class='ocr_line' id='line_1_110' title="bbox 1949 4926 3556 5006; baseline -0.019 -1"><span class='ocrx_word' id='word_1_883' title='bbox 1949 4926 2117 5005; x_wconf 76' lang='lat' dir='ltr'><strong>suam.</strong></span> <span class='ocrx_word' id='word_1_884' title='bbox 2160 4943 2454 5002; x_wconf 83' lang='lat' dir='ltr'><strong>Considera</strong></span> <span class='ocrx_word' id='word_1_885' title='bbox 2480 4980 2496 5006; x_wconf 89' lang='lat'><strong>,</strong></span> <span class='ocrx_word' id='word_1_886' title='bbox 2541 4939 2786 5001; x_wconf 88' lang='lat' dir='ltr'><strong>obsecro,</strong></span> <span class='ocrx_word' id='word_1_887' title='bbox 2836 4932 2926 4986; x_wconf 88' lang='lat' dir='ltr'><strong>hic</strong></span> <span class='ocrx_word' id='word_1_888' title='bbox 2980 4926 3253 4999; x_wconf 78' lang='lat' dir='ltr'><strong>quomodo</strong></span> <span class='ocrx_word' id='word_1_889' title='bbox 3318 4927 3372 4979; x_wconf 77' lang='grc' dir='ltr'><strong>ιιι</strong></span> <span class='ocrx_word' id='word_1_890' title='bbox 3434 4938 3556 4978; x_wconf 82' lang='lat' dir='ltr'><strong>ont—</strong></span> 
     </span>
    </p>
   </div>
   <div class='ocr_carea' id='block_1_111' title="bbox 1953 5020 3556 5098">
    <p class='ocr_par' dir='ltr' id='par_1_111' title="bbox 1953 5020 3556 5098">
     <span class='ocr_line' id='line_1_111' title="bbox 1953 5020 3556 5098; baseline -0.018 0"><span class='ocrx_word' id='word_1_891' title='bbox 1953 5045 2110 5098; x_wconf 87' lang='lat' dir='ltr'><strong>nibus</strong></span> <span class='ocrx_word' id='word_1_892' title='bbox 2134 5039 2294 5096; x_wconf 86' lang='lat' dir='ltr'><strong>certis</strong></span> <span class='ocrx_word' id='word_1_893' title='bbox 2325 5034 2534 5091; x_wconf 83' lang='lat' dir='ltr'><strong>indiciis</strong></span> <span class='ocrx_word' id='word_1_894' title='bbox 2561 5028 2869 5097; x_wconf 72' lang='lat' dir='ltr'><strong>misericors</strong></span> <span class='ocrx_word' id='word_1_895' title='bbox 2890 5026 3032 5080; x_wconf 85' lang='lat' dir='ltr'><strong>Deus</strong></span> <span class='ocrx_word' id='word_1_896' title='bbox 3043 5024 3216 5092; x_wconf 79' lang='lat' dir='ltr'><strong>justas</strong></span> <span class='ocrx_word' id='word_1_897' title='bbox 3231 5020 3556 5074; x_wconf 80' lang='lat' dir='ltr'><strong>continuare</strong></span> 
     </span>
    </p>
   </div>
   <div class='ocr_carea' id='block_1_112' title="bbox 1954 5109 3550 5196">
    <p class='ocr_par' dir='ltr' id='par_1_112' title="bbox 1954 5109 3550 5196">
     <span class='ocr_line' id='line_1_112' title="bbox 1954 5109 3550 5196; baseline -0.021 -5"><span class='ocrx_word' id='word_1_898' title='bbox 1954 5133 2186 5190; x_wconf 76' lang='lat' dir='ltr'><strong>volebat.</strong></span> <span class='ocrx_word' id='word_1_899' title='bbox 2215 5129 2350 5196; x_wconf 83' lang='lat' dir='ltr'><strong>Quia</strong></span> <span class='ocrx_word' id='word_1_900' title='bbox 2388 5126 2532 5182; x_wconf 91' lang='lat' dir='ltr'><strong>enitn</strong></span> <span class='ocrx_word' id='word_1_901' title='bbox 2561 5123 2708 5177; x_wconf 88' lang='lat' dir='ltr'><strong>venit</strong></span> <span class='ocrx_word' id='word_1_902' title='bbox 2740 5127 2860 5190; x_wconf 86' lang='lat' dir='ltr'><strong>post</strong></span> <span class='ocrx_word' id='word_1_903' title='bbox 2914 5126 2992 5170; x_wconf 85' lang='lat' dir='ltr'><strong>tot</strong></span> <span class='ocrx_word' id='word_1_904' title='bbox 3033 5126 3209 5168; x_wconf 86' lang='lat' dir='ltr'><strong>annos</strong></span> <span class='ocrx_word' id='word_1_905' title='bbox 3235 5109 3305 5165; x_wconf 83' lang='lat' dir='ltr'><strong>ad</strong></span> <span class='ocrx_word' id='word_1_906' title='bbox 3346 5116 3550 5179; x_wconf 84' lang='lat' dir='ltr'><strong>patrem</strong></span> 
     </span>
    </p>
   </div>
   <div class='ocr_carea' id='block_1_113' title="bbox 1955 5200 3556 5289">
    <p class='ocr_par' dir='ltr' id='par_1_113' title="bbox 1955 5200 3556 5289">
     <span class='ocr_line' id='line_1_113' title="bbox 1955 5200 3556 5289; baseline -0.019 -4"><span class='ocrx_word' id='word_1_907' title='bbox 1955 5241 2113 5284; x_wconf 88' lang='lat' dir='ltr'><strong>suum</strong></span> <span class='ocrx_word' id='word_1_908' title='bbox 2156 5223 2343 5289; x_wconf 82' lang='lat' dir='ltr'><strong>Jacob,</strong></span> <span class='ocrx_word' id='word_1_909' title='bbox 2372 5221 2602 5274; x_wconf 74' lang='lat' dir='ltr'><strong>maxima</strong></span> <span class='ocrx_word' id='word_1_910' title='bbox 2621 5213 2862 5283; x_wconf 84' lang='lat' dir='ltr'><strong>utrisque</strong></span> <span class='ocrx_word' id='word_1_911' title='bbox 2891 5209 2989 5263; x_wconf 80' lang='lat' dir='ltr'><strong>fuit</strong></span> <span class='ocrx_word' id='word_1_912' title='bbox 3013 5203 3334 5265; x_wconf 85' lang='lat' dir='ltr'><strong>consolatio,</strong></span> <span class='ocrx_word' id='word_1_913' title='bbox 3363 5210 3418 5256; x_wconf 89' lang='lat' dir='ltr'><strong>et</strong></span> <span class='ocrx_word' id='word_1_914' title='bbox 3447 5200 3556 5254; x_wconf 89' lang='lat' dir='ltr'><strong>ﬁlio</strong></span> 
     </span>
    </p>
   </div>
   <div class='ocr_carea' id='block_1_114' title="bbox 1956 5290 3558 5389">
    <p class='ocr_par' dir='ltr' id='par_1_114' title="bbox 1956 5290 3558 5389">
     <span class='ocr_line' id='line_1_114' title="bbox 1956 5290 3558 5389; baseline -0.022 -13"><span class='ocrx_word' id='word_1_915' title='bbox 1956 5336 2023 5376; x_wconf 77' lang='lat' dir='ltr'><strong>ex</strong></span> <span class='ocrx_word' id='word_1_916' title='bbox 2072 5317 2236 5389; x_wconf 87' lang='lat' dir='ltr'><strong>patris</strong></span> <span class='ocrx_word' id='word_1_917' title='bbox 2260 5320 2576 5381; x_wconf 81' lang='lat' dir='ltr'><strong>conspectu,</strong></span> <span class='ocrx_word' id='word_1_918' title='bbox 2605 5315 2659 5362; x_wconf 88' lang='lat' dir='ltr'><strong>et</strong></span> <span class='ocrx_word' id='word_1_919' title='bbox 2691 5303 2825 5375; x_wconf 86' lang='lat' dir='ltr'><strong>patri</strong></span> <span class='ocrx_word' id='word_1_920' title='bbox 2856 5300 3055 5356; x_wconf 85' lang='lat' dir='ltr'><strong>videnti</strong></span> <span class='ocrx_word' id='word_1_921' title='bbox 3083 5307 3284 5352; x_wconf 89' lang='lat' dir='ltr'><strong>tantam</strong></span> <span class='ocrx_word' id='word_1_922' title='bbox 3314 5292 3405 5345; x_wconf 86' lang='lat' dir='ltr'><strong>ﬁlii</strong></span> <span class='ocrx_word' id='word_1_923' title='bbox 3429 5290 3558 5344; x_wconf 81' lang='lat' dir='ltr'><strong>sub-</strong></span> 
     </span>
    </p>
   </div>
   <div class='ocr_carea' id='block_1_115' title="bbox 1959 5381 3556 5474">
    <p class='ocr_par' dir='ltr' id='par_1_115' title="bbox 1959 5381 3556 5474">
     <span class='ocr_line' id='line_1_115' title="bbox 1959 5381 3556 5474; baseline -0.02 -8"><span class='ocrx_word' id='word_1_924' title='bbox 1959 5381 2232 5474; x_wconf 44' lang='lat' dir='ltr'><strong>stati—tiam,</strong></span> <span class='ocrx_word' id='word_1_925' title='bbox 2253 5404 2584 5473; x_wconf 61' lang='lat' dir='ltr'><strong>(horumque</strong></span> <span class='ocrx_word' id='word_1_926' title='bbox 2597 5398 2829 5453; x_wconf 79' lang='lat' dir='ltr'><strong>ﬁliorum</strong></span> <span class='ocrx_word' id='word_1_927' title='bbox 2842 5409 2910 5449; x_wconf 78' lang='lat' dir='ltr'><strong>ex</strong></span> <span class='ocrx_word' id='word_1_928' title='bbox 2925 5407 2990 5448; x_wconf 94' lang='lat' dir='ltr'><strong>co</strong></span> <span class='ocrx_word' id='word_1_929' title='bbox 3004 5383 3367 5446; x_wconf 68' lang='lat' dir='ltr'><strong>natorum.‘19.</strong></span> <span class='ocrx_word' id='word_1_930' title='bbox 3388 5381 3431 5438; x_wconf 86' lang='grc' dir='ltr'><strong><em>Τ</em></strong></span> <span class='ocrx_word' id='word_1_931' title='bbox 3437 5397 3556 5449; x_wconf 78' lang='lat' dir='ltr'><strong>unc,</strong></span> 
     </span>
    </p>
   </div>
   <div class='ocr_carea' id='block_1_116' title="bbox 2027 5623 3567 5705">
    <p class='ocr_par' dir='ltr' id='par_1_116' title="bbox 2027 5623 3567 5705">
     <span class='ocr_line' id='line_1_116' title="bbox 2027 5623 3567 5705; baseline -0.021 -3"><span class='ocrx_word' id='word_1_932' title='bbox 2027 5655 2045 5688; x_wconf 81' lang='grc' dir='ltr'><strong>ι</strong></span> <span class='ocrx_word' id='word_1_933' title='bbox 2081 5659 2133 5701; x_wconf 82' lang='grc' dir='ltr'><strong>ιιι</strong></span> <span class='ocrx_word' id='word_1_934' title='bbox 2157 5649 2279 5700; x_wconf 68' lang='lat' dir='ltr'><strong>ﬁdit.</strong></span> <span class='ocrx_word' id='word_1_935' title='bbox 2310 5651 2420 5696; x_wconf 75' lang='lat' dir='ltr'><strong>LXX</strong></span> <span class='ocrx_word' id='word_1_936' title='bbox 2444 5641 2629 5705; x_wconf 77' lang='lat' dir='ltr'><strong>legitur</strong></span> <span class='ocrx_word' id='word_1_937' title='bbox 2666 5652 2682 5689; x_wconf 89' lang='lat'><strong>:</strong></span> <span class='ocrx_word' id='word_1_938' title='bbox 2707 5646 2827 5690; x_wconf 76' lang='lat' dir='ltr'><strong>non</strong></span> <span class='ocrx_word' id='word_1_939' title='bbox 2849 5627 3249 5705; x_wconf 66' lang='lat' dir='ltr'><strong>appropinqttarit</strong></span> <span class='ocrx_word' id='word_1_940' title='bbox 3273 5623 3567 5705; x_wconf 48' lang='lat' dir='ltr'><strong>{papirith</strong></span> 
     </span>
    </p>
   </div>
   <div class='ocr_carea' id='block_1_117' title="bbox 1964 5687 3568 5770">
    <p class='ocr_par' dir='ltr' id='par_1_117' title="bbox 1964 5687 3568 5770">
     <span class='ocr_line' id='line_1_117' title="bbox 1964 5687 3568 5770; baseline -0.023 -4"><span class='ocrx_word' id='word_1_941' title='bbox 1964 5724 2015 5767; x_wconf 77' lang='lat' dir='ltr'><strong>ut</strong></span> <span class='ocrx_word' id='word_1_942' title='bbox 2033 5687 2619 5770; x_wconf 41' lang='lat' dir='ltr'><strong>inii-a&#39;rz&#39;inuﬁiitriti’liitf</strong></span> <span class='ocrx_word' id='word_1_943' title='bbox 2643 5687 2966 5770; x_wconf 34' lang='lat' dir='ltr'><strong>tiaucuntein‘</strong></span> <span class='ocrx_word' id='word_1_944' title='bbox 2986 5687 3173 5746; x_wconf 67' lang='lat' dir='ltr'><strong>vocent,</strong></span> <span class='ocrx_word' id='word_1_945' title='bbox 3195 5691 3244 5770; x_wconf 63' lang='lat' dir='ltr'><strong>in</strong></span> 
     </span>
    </p>
   </div>
   <div class='ocr_carea' id='block_1_118' title="bbox 1965 5749 3571 5892">
    <p class='ocr_par' dir='ltr' id='par_1_118' title="bbox 1965 5749 3571 5892">
     <span class='ocr_line' id='line_1_118' title="bbox 1965 5749 3571 5892; baseline -0.021 -64"><span class='ocrx_word' id='word_1_946' title='bbox 2719 5749 2934 5813; x_wconf 62' lang='lat' dir='ltr'><strong>[armis</strong></span> <span class='ocrx_word' id='word_1_947' title='bbox 2957 5761 3005 5808; x_wconf 91' lang='lat' dir='ltr'><strong>iu</strong></span> <span class='ocrx_word' id='word_1_948' title='bbox 3026 5770 3135 5820; x_wconf 75' lang='lat' dir='ltr'><strong>ejus</strong></span> <span class='ocrx_word' id='word_1_949' title='bbox 3174 5749 3449 5813; x_wconf 71' lang='lat' dir='ltr'><strong>escutplari</strong></span> <span class='ocrx_word' id='word_1_950' title='bbox 3473 5759 3571 5796; x_wconf 79' lang='lat' dir='ltr'><strong>non</strong></span> 
     </span>
     <span class='ocr_line' id='line_1_119' title="bbox 1987 5849 2239 5891; baseline -0.024 0"><span class='ocrx_word' id='word_1_951' title='bbox 1987 5853 2042 5891; x_wconf 83' lang='lat' dir='ltr'><strong>cr</strong></span> <span class='ocrx_word' id='word_1_952' title='bbox 2064 5854 2075 5870; x_wconf 89' lang='lat'><strong>&#39;</strong></span> <span class='ocrx_word' id='word_1_953' title='bbox 2163 5849 2239 5887; x_wconf 71' lang='grc' dir='ltr'><strong>υτ.</strong></span> 
     </span>
    </p>
   </div>
  </div>
