4086 6426
613 393 719 450 593

614 524 805 592 inquit,
827 531 1050 578 mortus
1074 531 1147 575 est
1172 519 1320 576 Isaae
1345 536 1528 586 senes,
1548 531 1596 574 et
1617 523 1797 592 plenus
1819 522 2014 576 dierum
2032 521 2190 591 (Gen.

615 615 736 669 27A
750 618 786 675 ).
801 613 929 669 Nam
951 628 1069 667 cum
1090 612 1254 667 Iacob
1271 611 1694 669 benedictionem
1715 614 2078 674 sulluraretur,
2097 615 2191 669 bc-

620 706 766 758 lietes
779 711 931 758 erant
946 701 1086 756 oculi
1110 703 1247 770 ejus,
1267 701 1407 758 unde
1431 703 1623 757 factum
1642 713 1721 757 est
1736 711 1793 756 ut
1811 704 2151 772 deciperetur
2173 719 2187 756 :

611 794 802 861 cogitat
828 801 947 862 post
965 801 1040 846 tot
1060 806 1230 846 annos
1249 803 1501 862 quantum
1519 793 1767 846 senuerit.
1801 791 1866 845 Et
1891 793 2191 862 sepelierunt

609 898 739 947 euut,
767 882 953 952 inquit,
985 881 1122 937 Esau
1149 892 1197 936 et
1217 883 1398 936 Iacob.
1422 882 1525 937 Sed
1563 881 1976 950 janmepultura
2025 884 2188 952 patris

608 970 829 1040 fucta,6.
848 971 984 1027 Emi
997 973 1213 1043 acceptis
1229 971 1465 1026 uxoribus
1475 983 1523 1026 et
1537 973 1659 1040 [iliis
1675 984 1722 1027 et
1743 974 1974 1027 omnibus
1993 976 2118 1036 suis,
2139 983 2188 1028 et

607 1063 836 1118 omnibus
859 1080 973 1132 qtae
993 1064 1276 1134 possidebat
1299 1066 1351 1118 in
1384 1075 1517 1118 terra
1545 1065 1967 1128 Chananeurum,
2011 1067 2184 1136 profe-

605 1163 716 1208 ctus
741 1162 830 1209 est.
859 1154 913 1210 7.
936 1152 988 1206 Ν
991 1169 1058 1207 an
1083 1164 1275 1222 poterat
1302 1156 1431 1208 enim
1457 1173 1539 1209 eos
1562 1159 1694 1225 ferre
1722 1168 1855 1210 terra
1893 1159 2185 1227 peregrina-

603 1246 756 1301 tionis
775 1260 882 1317 pra
903 1247 1222 1300 multitudine
1242 1247 1560 1315 facultatum.
1587 1249 1639 1304 8.
1669 1247 1734 1301 Et
1755 1249 1991 1302 habitauit
2008 1259 2182 1319 postea

604 1338 654 1392 in
678 1348 845 1392 monte
881 1339 999 1393 Sei'r
1024 1338 1210 1410 (Caput
1255 1337 1370 1411 36).
1401 1340 1469 1394 Et
1496 1341 1581 1393 ubi
1615 1342 1850 1395 narravit
1872 1340 2026 1396 nobis
2041 1341 2180 1396 divi-

600 1445 666 1485 na
695 1430 966 1500 Scriptura
986 1447 1079 1487 eos
1094 1433 1181 1502 qui
1210 1448 1273 1488 ex
1299 1427 1440 1488 Esat't
1468 1433 1574 1486 nati
1601 1441 1742 1501 sunt,
1773 1441 1822 1486 et
1853 1442 2038 1504 gentes
2061 1450 2181 1503 quin

600 1540 663 1579 es
693 1539 759 1579 co
801 1535 923 1579 sunt
949 1534 1099 1586 orttc.
1131 1524 1258 1579 dicit
1286 1543 1297 1576 :
1326 1526 1374 1579 1.
1410 1524 1715 1595 Peregrinus
1735 1536 1899 1580 autem
1929 1527 2057 1596 fuit‘
2078 1526 2177 1580 Ja-

599 1613 690 1667 eub
731 1616 783 1670 in
823 1626 975 1679 terra,
1002 1632 1102 1686 qua
1122 1617 1468 1686 peregrinatus
1503 1619 1596 1685 fuit
1625 1627 1767 1686 pater
1795 1619 1903 1687 ejus
1950 1619 2001 1671 in
2043 1627 2179 1672 terra

603 1700 840 1758 Chanaan
870 1703 1194 1774 (Capet‘57).
1224 1703 1328 1759 Sed
1361 1703 1482 1759 hinc
1510 1705 1707 1775 excipit
1745 1722 1844 1771 nos
1868 1705 1972 1761 alia
1994 1722 2180 1762 narra-

600 1796 693 1859 tio,
725 1811 827 1866 qna
853 1796 918 1850 de
947 1795 1241 1850 admirabili
1264 1795 1461 1866 Josepb
1503 1798 1696 1866 agitur.

668 1887 722 1942 3.
766 1883 980 1941 llos-alis
1004 1885 1328 1957 epilogus.——
1340 1887 1404 1941 Et
1427 1887 1472 1943 si
1495 1888 1643 1950 libet.
1675 1887 1761 1944 hic
1787 1889 2030 1944 ﬁniemus
2054 1903 2172 1944 ser-

597 1992 834 2045 monem,
865 1977 1137 2033 historiam
1163 1979 1253 2032 ﬁlii
1281 1978 1446 2035 Jacob
1486 1980 1538 2033 in
1589 1979 1729 2034 aliud
1776 1981 2050 2038 conciouis
2088 1982 2173 2037 in-

593 2070 742 2124 itium
769 2068 1120 2124 remittentes.
1148 2068 1277 2122 Illud
1303 2077 1478 2124 tamen
1510 2070 1806 2138 rogaverim
1830 2080 2056 2127 vestram
2082 2087 2173 2128 ca-

591 2164 832 2223 ritatem,
866 2172 920 2215 ut
946 2177 1006 2216 ea
1038 2177 1156 2230 qua:
1181 2161 1429 2216 dicuntur
1452 2161 1735 2232 diligenter
1758 2164 2086 2231 auscultetis,
2118 2175 2172 2220 ct

589 2268 659 2306 ex
691 2251 914 2323 singulis
941 2252 1229 2322 Scriptura:
1257 2252 1412 2308 dictis
1452 2253 1681 2307 maxima
1710 2255 1859 2309 vobis
1899 2265 2171 2311 accrescat

590 2343 822 2409 utilitas,
864 2342 1174 2414 nullumque
1219 2358 1403 2398 eorum
1459 2351 1662 2398 temere
1711 2345 2164 2415 prtetermittatur.

591 2426 894 2487 Tltesaurus
912 2435 1052 2490 enim
1077 2434 1366 2503 spiritualis
1384 2447 1508 2489 sunt
1530 2435 1703 2490 divina
1732 2437 1938 2507 eloquia
1955 2455 1970 2503 ;
1988 2447 2042 2493 et
2057 2438 2166 2494 sic-

590 2535 648 2579 ut
679 2523 870 2596 aliquis
893 2525 960 2581 de
994 2526 1228 2581 sensibili
1257 2526 1507 2581 thesauro
1542 2539 1684 2596 saepe
1715 2544 1871 2581 uuam
1898 2543 2164 2598 genumam

586 2616 868 2685 recipiens,
902 2631 1118 2686 magnas
1139 2616 1236 2670 sibi
1265 2626 1414 2686 parat
1437 2617 1648 2672 divitias
1679 2618 1785 2672 :ita
1816 2629 1867 2673 et
1890 2619 1974 2674 hic
1994 2623 2170 2688 justo-

585 2722 701 2760 rum
731 2705 980 2768 virtutes,
1022 2708 1180 2762 modo
1216 2709 1489 2764 attendere
1545 2710 1866 2764 voluerimus
1892 2752 1909 2778 ,
1963 2722 2161 2767 tantam

583 2795 738 2852 nobis
779 2797 1057 2852 utilitatem
1098 2797 1289 2853 afferre
1321 2808 1575 2867 possunt,
1623 2809 1679 2854 ut
1729 2801 1796 2854 ad
1847 2801 2159 2858 imitaudmn

580 2905 677 2944 eos
725 2889 1028 2944 incitemur.
1071 2888 1158 2944 Sic
1183 2890 1324 2944 enim
1371 2891 1660 2958 poterimus
1685 2901 1737 2945 et
1766 2908 1861 2946 nos
1886 2895 2156 2962 eumdem,

578 2996 736 3051 quem
755 2980 850 3047 illi,
879 2979 1108 3034 favorem
1132 2979 1223 3035 Dei
1248 2981 1522 3049 consequi.
1554 2979 1732 3052 Neque
1755 2984 1885 3037 enim
1915 3001 2160 3054 persona-

577 3091 692 3126 rum
735 3084 969 3143 acceptor
1011 3084 1083 3127 cst
1126 3071 1282 3137 Deus,
1333 3073 1421 3126 sed
1449 3074 1499 3126 in
1541 3076 1676 3128 omni
1718 3086 1862 3145 gente
1896 3077 1982 3144 qui
2018 3079 2162 3131 timet

581 3161 744 3216 Deum
763 3174 810 3216 et
832 3172 1072 3232 oneratur
1083 3164 1356 3234 justitiam,
1381 3173 1614 3232 acceptus
1632 3166 1679 3218 ei
1695 3176 1769 3218 est
1796 3165 1935 3234 (Act.
1958 3169 2043 3223 10.
2069 3171 2158 3225 54.

573 3253 671 3322 55)
699 3271 713 3306 :
738 3254 803 3306 ita
829 3261 906 3316 ut,
938 3253 981 3308 si
1006 3254 1348 3314 voluerimus.
1403 3255 1533 3309 nihil
1565 3256 1633 3309 sit
1683 3256 1824 3325 quod
1852 3258 2154 3326 prohibeat,

574 3346 704 3414 quin
732 3355 876 3398 tanto
899 3346 978 3399 vel
1004 3345 1164 3400 etiam
1206 3345 1392 3415 majori
1419 3349 1680 3416 potiemur
1706 3351 1920 3404 auxilio.
1949 3351 2076 3406 Nam
2108 3354 2153 3409 si

575 3450 673 3490 nos
689 3435 962 3490 dumtaxat
982 3435 1163 3490 vidkrit
1183 3436 1372 3492 alferrc
1391 3454 1507 3507 qua-
1523 3454 1588 3493 ex
1611 3439 1762 3495 nobis
1777 3451 1921 3511 sunt,
1947 3454 1995 3499 et
2018 3459 2153 3513 pra:-

574 3527 717 3583 ferre
742 3526 984 3582 Immanis
1001 3543 1061 3582 ea
1082 3544 1199 3598 quae
1226 3529 1324 3584 sibi
1351 3531 1574 3599 placent,
1609 3540 1807 3587 tantam
1836 3545 1888 3589 et
1921 3537 2032 3606 ipse
2059 3555 2157 3591 no-

573 3619 669 3673 stri
698 3634 879 3674 curam
913 3619 1220 3685 declarabit,
1251 3631 1306 3674 ut
1335 3621 1385 3674 in
1414 3623 1658 3678 omnibus
1685 3623 1909 3681 invictos
1948 3629 2152 3684 reddat.

575 3711 792 3766 Ilosteut
841 3712 984 3766 enim
1008 3712 1261 3767 habemus
1289 3723 1632 3783 perpetuum,
1665 3727 1720 3772 et
1750 3718 2066 3788 implaaibili
2101 3724 2152 3775 in

573 3816 674 3855 nos
717 3801 843 3855 odio
891 3800 1220 3870 ﬂagrantem.
1280 3803 1428 3858 Unde
1475 3807 1628 3860 nobis
1669 3823 1855 3878 magna
1885 3811 2153 3880 vigilantia

570 3908 706 3961 Opus
731 3902 836 3958 est,
856 3893 924 3947 ita
957 3905 1011 3946 ut
1041 3893 1155 3962 ejus
1203 3893 1414 3949 fraudes
1463 3896 1711 3963 viticere,
1752 3915 1814 3954 ac
1851 3904 2152 3970 superiores

571 3984 690 4051 ejus
712 3985 828 4038 telis
848 3984 1095 4038 constitui
1124 3985 1404 4054 possimus.
1441 3987 1552 4041 Non
1580 3989 1736 4043 aliter
1761 4003 1938 4045 autem
1970 3994 2150 4048 vince-

575 4091 710 4138 mus,
736 4091 892 4144 quam
921 4076 962 4128 si
992 4076 1349 4145 peroptimam
1373 4081 1826 4136 conversationem
1858 4100 2146 4153 supernum

572 4165 728 4219 nobis
752 4165 1002 4218 auxilium
1026 4165 1388 4221 conciliemus.
1410 4168 1676 4236 Optimum
1701 4189 1825 4227 vero
1852 4175 2145 4232 institutum

571 4265 653 4308 est
676 4255 776 4309 vita
806 4271 953 4324 pura.
986 4255 1095 4309 lloc
1116 4257 1255 4310 enim
1279 4257 1418 4312 basis
1438 4271 1490 4313 et
1522 4261 1918 4319 fundamentum
1947 4270 2149 4321 cstvir-

573 4347 698 4402 tutis
730 4363 742 4399 :
772 4347 912 4418 quod
934 4347 1022 4416 qui
1051 4358 1195 4401 recte
1217 4347 1427 4416 jeccrit.
1454 4350 1604 4406 facile
1629 4353 1729 4407 alia
1756 4355 1931 4408 munia
1959 4357 2146 4412 devin-

568 4447 684 4495 ct-t:
714 4453 887 4506 neque
917 4439 1059 4491 illum
1083 4442 1354 4508 superabit
1391 4442 1470 4495 vel
1499 4445 1838 4510 pecuniarum
1864 4449 2144 4516 cupiditas,
2189 4489 2208 4496 ρ

571 4531 652 4582 vel
680 4529 864 4598 gloria:
885 4546 1053 4594 amor,
1082 4531 1164 4583 Vel
1193 4531 1405 4594 invidia,
1435 4536 1518 4589 vel
1547 4536 1721 4607 aliqua
1751 4537 1960 4593 aﬁ‘ectio
1987 4543 2144 4597 mala.

573 4620 639 4674 Et
675 4620 961 4689 quomodo,
989 4636 1086 4689 ego
1115 4621 1308 4675 dicam.
1360 4623 1580 4690 Quando
1623 4629 1762 4682 enim
1791 4631 1908 4698 quis
1950 4635 2144 4689 nnmda

569 4710 726 4763 fuerit
751 4710 1096 4775 conscientia,
1128 4719 1177 4764 ct
1210 4710 1278 4764 ab
1319 4714 1461 4766 omni
1485 4715 1650 4769 libera
1679 4721 1880 4773 macula
1906 4763 1919 4785 ,
1956 4728 2148 4792 poterit

572 4799 852 4852 hominum
882 4800 1112 4853 universi
1141 4799 1336 4855 habere
1367 4803 1765 4862 inbabitautcm.
1805 4808 1949 4864 Beati
1978 4815 2142 4882 enim,

570 4889 757 4958 Inquit,
772 4890 956 4942 mundo
968 4891 1137 4955 corde,
1151 4894 1386 4961 quoniam
1405 4894 1498 4963 ipsi
1515 4895 1673 4948 Deum
1689 4900 1919 4954 ridebunt
1933 4903 2142 4970 (Matth.

569 4981 620 5035 5.
648 4979 722 5050 8).
745 4980 893 5046 Quod
923 4981 965 5034 si
984 4982 1101 5050 quis
1122 4982 1268 5037 illum
1297 4984 1697 5043 inhabitatoretn
1725 4990 1922 5047 habere
1937 5012 2145 5050 merea-

570 5079 657 5122 tur
682 5069 829 5139 quasi
860 5068 1051 5124 frustra
1074 5081 1126 5126 ct
1146 5073 1262 5128 sine
1282 5075 1655 5145 impedimento
1671 5098 1896 5151 oorpore
1926 5088 2147 5142 vestitus

568 5170 732 5223 esset,
785 5162 855 5214 ita
900 5173 1078 5231 postea
1107 5162 1386 5230 afﬁcietur,
1420 5177 1472 5221 et
1523 5169 1868 5228 humanarum
1907 5179 2143 5232 omnium

570 5266 746 5322 t‘rrttm
802 5253 1102 5318 superbiam
1150 5255 1301 5311 facile
1337 5269 1660 5315 contemnet.
1710 5264 1947 5321 Humana
2001 5271 2142 5324 enim

571 5342 745 5392 omnia
774 5342 959 5397 umbra
1009 5345 1079 5397 illi
1111 5349 1481 5419 somninmque
1528 5356 1872 5423 apparebunt,
1914 5369 1969 5413 et
2008 5363 2149 5417 sicut

569 5433 794 5488 ca-lestis
814 5435 942 5488 civis
963 5442 1296 5505 innascuntur:
1317 5444 1442 5496 niliil
1463 5446 1680 5513 optabit.
1711 5447 1851 5503 Talis
1876 5462 1991 5506 erat
2024 5455 2144 5508 bea-

572 5531 654 5578 tus
678 5523 868 5578 Paulus
894 5524 1080 5581 doctor
1100 5530 1272 5597 orbis;
1308 5543 1584 5603 propterea
1610 5537 1894 5610 clamabat,
1923 5542 2140 5600 dicens:

633 5764 650 5796 ι
683 5759 826 5825 δεδι,
851 5746 1088 5819 mixtave.

1370 391 1425 447 S.
1465 389 1741 446 JOANNIS
1776 390 2248 447 CIIIIYSOSTOMI
2287 391 2605 450 ARCIIIEI’.
2647 395 3182 457 CONSTANTINOP.

3784 415 3901 471 5'."

2306 498 2448 554 Nunt
2472 506 2861 573 experimentum
2882 511 3112 578 qua'ritis
3147 513 3259 576 eius
3283 515 3373 582 qui
3401 515 3453 570 in
3512 533 3592 572 me
3629 520 3891 590 loquitur,

2299 591 2486 647 Christi
2521 595 2594 664 (2.
2622 596 2738 651 Cor.
2771 599 2856 676 ᾧ.
2881 601 2975 669 3)?
3013 602 3079 656 Et
3119 603 3309 658 iterum
3343 624 3357 658 :
3402 607 3521 664 Vivo
3546 624 3745 677 autem,
3783 633 3892 671 non

2289 681 2403 750 jam
2433 700 2545 754 ego,
2567 687 2684 739 vivit
2708 698 2874 741 autent
2905 691 2956 743 in
2984 708 3063 745 me
3089 691 3319 749 Christus
3349 697 3540 765 (Galat.
3567 701 3622 754 2.
3646 703 3758 772 20).
3821 705 3892 761 Et

2293 770 2692 843 iterumzﬂuod
2715 789 2881 834 autem
2929 798 3065 836 nunc
3109 786 3219 838 sivo
3243 788 3294 840 in
3323 805 3492 856 carne,
3542 795 3593 846 in
3632 797 3735 863 [ide
3774 801 3889 852 eive

2297 861 2508 936 (ΗΜ).
2541 867 2721 923 Vidisti
2747 871 2915 925 virum
2942 887 3166 942 corpore
3189 878 3598 952 circmndatum,
3619 861 3770 957 quasi
3797 891 3888 943 in-

2288 969 2545 1025 corporea
2570 961 2750 1030 quiete
2778 963 3039 1021 fruentem
3070 967 3212 1038 loqui
3240 973 3457 1026 omnia?
3829 1029 3837 1038 ,

2357 1046 2412 1101 4.
2443 1046 2614 1103 Multa
2664 1051 2746 1105 hic
2791 1058 3208 1128 commendantur
3227 1102 3241 1125 ,
3291 1079 3471 1133 nempe
3507 1081 3526 1120 :
3550 1070 3884 1138 modiﬁcatio

2285 1136 2454 1190 carnis
2475 1177 2492 1201 ,
2528 1139 2614 1192 sui
2648 1142 2808 1212 ipsius
2831 1148 3097 1214 spirituale
3117 1154 3455 1223 sacriﬁcium,
3503 1136 3763 1230 vigilantia
3783 1205 3800 1230 ,
3830 1177 3884 1220 et

2285 1243 2496 1284 examen
2526 1236 2860 1292 conscientiat.
2893 1269 2963 1280 —
3002 1241 3153 1299 llune
3181 1261 3370 1303 omnes
3395 1249 3694 1319 imitemur,
3724 1271 3880 1311 mor-

2285 1317 2550 1376 tiﬁcemus
2597 1326 2834 1382 membra
2882 1332 3094 1401 carnis,
3147 1344 3202 1390 et
3243 1337 3310 1393 ad
3355 1340 3494 1396 male
3540 1317 3878 1413 operandam

2284 1406 2576 1467 inefﬁcacia
2622 1415 2954 1475 reddamus:
2994 1424 3073 1478 sic
3108 1427 3252 1482 enim
3293 1431 3624 1498 potissimum
3665 1437 3878 1493 valebi-

2282 1517 2402 1557 mus
2431 1503 2542 1573 ipsa
2586 1506 2700 1563 Deo
2736 1510 2929 1567 oll'errc
2957 1517 3275 1573 sacriﬁcium
3307 1522 3719 1595 beneplacitum.
3777 1530 3878 1584 Vi-

2277 1593 2400 1648 disti
2448 1610 2605 1666 quam
2661 1615 2853 1657 novum
2897 1614 2951 1658 et
2992 1607 3308 1667 admirabile
3356 1593 3461 1669 hoc
3508 1620 3878 1674 sacriﬁcium?

2277 1683 2499 1750 Quando
2527 1699 2736 1745 mortua
2776 1691 2970 1749 fuerint
3013 1698 3247 1753 membra
3267 1741 3285 1767 ,
3315 1711 3438 1759 tunc
3467 1709 3633 1777 magis
3656 1718 3874 1779 gratum

2275 1775 2379 1829 erit
2407 1775 2516 1832 Deo
2539 1781 2878 1836 sacriﬁcium.
2927 1784 3102 1853 Quare
3137 1799 3189 1842 et
3230 1794 3503 1861 quomodo
3545 1775 3681 1853 ιὶοοὶ
3721 1801 3875 1869 Quo-

2276 1864 2417 1918 niam
2443 1866 2717 1934 spirituale
2755 1873 3072 1931 sacriﬁcium
3113 1889 3194 1933 cst
3214 1921 3229 1947 ,
3259 1892 3314 1936 et
3344 1883 3471 1939 nihil
3501 1886 3658 1944 habet
3687 1895 3873 1946 sensi-

2275 1953 2400 2011 bile.
2454 1956 2587 2013 Nam
2617 1960 2669 2014 in
2713 1965 2951 2021 sensibili
2987 1970 3200 2038 quidem
3240 1975 3506 2033 sacriﬁcio
3535 1995 3640 2035 non
3683 1984 3870 2040 solum

2274 2043 2326 2099 id
2348 2086 2364 2111 ,
2393 2048 2533 2117 quod
2562 2062 2825 2108 mortuum
2856 2065 2937 2110 est
2957 2098 2972 2120 ,
3005 2061 3286 2128 abjicitur,
3331 2067 3424 2120 sed
3453 2084 3626 2140 neque
3655 2073 3866 2142 vivum,

2271 2138 2413 2206 quod
2445 2141 2684 2196 vitiatum
2725 2143 2923 2211 fuerit,
2974 2152 3252 2208 sacriﬁciis
3298 2138 3555 2214 idoneum
3591 2177 3746 2230 esse,
3793 2138 3872 2222 ab

2274 2227 2426 2284 initio
2451 2232 2564 2303 lege
2584 2245 2794 2290 cautum
2824 2237 2939 2302 fuit,
2969 2257 3067 2296 nec
3091 2245 3206 2299 sine
3227 2261 3384 2303 causa
3403 2249 3586 2320 (Leuit.
3611 2254 3701 2310 22.
3718 2227 3815 2328 ἐξ»)
3847 2277 3864 2316 :

2269 2324 2362 2377 sed
2409 2334 2465 2380 ut
2513 2343 2608 2397 per
2646 2328 3084 2390 irmtionabilium
3129 2339 3555 2401 observationem
3604 2324 3866 2418 paulatim

2269 2413 2583 2472 inducantur
2603 2420 2667 2474 ad
2686 2422 3012 2490 spiritualem
3038 2426 3174 2484 hanc
3200 2442 3252 2486 ct
3280 2413 3864 2500 rationalem—hostiam

2266 2521 2389 2560 cum
2408 2521 2597 2578 magna
2617 2514 2823 2568 cautela
2850 2515 3192 2574 oﬁ‘erendam.
3209 2521 3359 2591 Quod
3378 2527 3519 2582 enim
3546 2529 3653 2587 illic
3676 2548 3760 2590 est
3782 2537 3868 2591 vi-

2269 2597 2482 2666 tiosum,
2507 2616 2698 2671 nempe
2721 2607 2979 2673 privatum
2997 2612 3322 2679 auribus,vel
3342 2619 3636 2677 mutilatum
3663 2627 3859 2696 catula,

2265 2685 2494 2756 idipsum
2521 2691 2606 2746 hic
2633 2703 2717 2749 est
2753 2697 2886 2751 mala
2917 2703 3347 2773 concupiscentia
3372 2749 3386 2772 ,
3418 2708 3646 2780 luxuria,
3688 2685 3859 2787 opimi

2263 2793 2416 2835 amor
2444 2793 2499 2836 et
2528 2787 2704 2841 omnis
2742 2792 2973 2860 nequitia
3005 2809 3019 2847 :
3050 2805 3102 2850 et
3133 2799 3274 2866 quod
3313 2810 3396 2855 est
3439 2803 3547 2860 illic
3585 2821 3778 2863 sanum
3802 2825 3864 2867 et

2263 2870 2331 2924 ab
2383 2873 2524 2927 omni
2574 2877 2778 2932 macula
2823 2881 3054 2938 alienum
3104 2901 3260 2956 esse,
3317 2891 3544 2962 idipsum
3612 2909 3699 2953 est
3769 2903 3864 2958 hic

2265 2968 2531 3018 mortuum
2581 2968 2815 3036 mundo,
2871 2972 2940 3026 ita
2974 2974 3041 3029 ad
3084 2978 3360 3047 spirituale
3395 2987 3709 3044 sacriﬁcium
3763 3007 3855 3048 se-

2266 3053 2549 3122 metipsum
2606 3057 2856 3116 idoneum
2897 3066 3171 3123 exhibere.
3220 3072 3346 3129 lla'c
3392 3092 3496 3131 non
3539 3079 3858 3150 simpliciter

2265 3152 2675 3211 praetereamus,
2734 3151 2828 3206 sed
2867 3153 3002 3211 bene
3056 3159 3278 3229 ligentes
3323 3179 3385 3220 ea
3435 3166 3487 3221 in
3531 3181 3709 3226 mente
3750 3191 3855 3228 no-

2262 3240 2370 3286 stra
2402 3275 2416 3300 ,
2472 3236 2778 3295 studt-amns
2826 3258 2893 3297 ne
2942 3248 3108 3304 simus
3146 3249 3440 3313 deteriores
3487 3257 3709 3329 Iudaeis,
3760 3267 3854 3335 qui

2262 3323 2314 3376 in
2363 3324 2548 3380 umbra
2614 3337 2811 3386 ιἰιιιςιιιι
2881 3336 3134 3395 exhibent
3198 3323 3856 3412 observationch-Sient

2260 3415 2400 3470 enim
2460 3418 2533 3473 illi
2580 3422 2754 3478 adhuc
2819 3427 3049 3485 lucerure
3091 3435 3389 3494 assidentes
3429 3449 3706 3513 tantopere
3760 3450 3851 3504 illa

2258 3509 2647 3582 observarunt,
2708 3517 2778 3571 ita
2824 3535 2953 3587 nos,
3002 3533 3278 3596 postquam
3346 3532 3426 3586 sol
3476 3534 3698 3604 justitia:
3749 3556 3853 3597 nos

2259 3599 2527 3658 illustrare
2551 3604 2797 3675 dignatus
2821 3621 2922 3672 est.
2949 3615 3238 3687 relictaque
3264 3625 3446 3677 umbra
3474 3627 3539 3679 ad
3563 3642 3848 3686 veritatem

2256 3690 2468 3746 adducti
2517 3710 2734 3762 smnus,
2789 3698 3015 3760 similem
3069 3707 3492 3768 observationem
3544 3719 3688 3775 circa
3741 3723 3849 3778 hoc

2256 3783 2531 3862 spirituale
2557 3790 2872 3846 sacriﬁcium
2904 3783 3279 3857 exltibeanius.
3330 3806 3393 3860 Et
3427 3825 3595 3880 neque
3625 3828 3846 3881 peccata

2256 3889 2375 3942 qua:
2406 3878 2558 3931 nobis
2586 3880 2830 3936 videntur
2851 3900 3030 3954 parva,
3060 3893 3413 3958 perfunc:orie
3436 3878 3844 3970 prmtcrcamus,

2256 3963 2352 4019 sed
2382 3968 2615 4033 quotidie
2643 3985 2671 4024 a
2700 3973 2853 4030 nobis
2871 3978 3101 4035 rationes
3119 3963 3499 4052 repetamus-et
3528 3992 3842 4061 verborum,

2254 4070 2307 4116 et
2327 4074 2634 4132 aspectuum
2665 4081 2679 4119 :
2716 4083 3003 4137 pcnuasque
3032 4071 3097 4126 de
3128 4075 3280 4130 nobis
3307 4078 3434 4146 ipsis
3455 4096 3745 4148 sumamus.
3789 4099 3849 4145 ut

2255 4169 2351 4207 uos
2379 4169 2405 4206 a
2435 4155 2610 4209 futuro
2636 4159 2894 4226 supplicio
2925 4162 3232 4222 liberemus.
3268 4168 3489 4240 Propter
3521 4175 3847 4248 hocquippc

2255 4244 2450 4298 Paulus
2468 4245 2634 4315 inquit
2655 4265 2667 4300 :
2693 4245 2830 4301 Nam
2849 4252 2894 4305 si
2913 4269 3003 4306 nos
3025 4254 3159 4322 ipsos
3175 4259 3594 4331 judicaverimus,
3617 4284 3717 4321 non
3735 4275 3813 4324 uti
3823 4304 3845 4314 -

2253 4351 2349 4402 que
2367 4336 2715 4404 judiraremur
2745 4341 2821 4409 (Ι.
2853 4340 2972 4394 Cor.
3008 4344 3093 4397 ll.
3126 4346 3235 4416 5|).
3273 4349 3344 4402 Ita
3381 4352 3424 4405 si
3457 4369 3551 4408 nos
3581 4356 3725 4424 ipsos
3750 4361 3845 4415 hic

2254 4427 2783 4486 condemnaverimus
2830 4444 3048 4504 propter
3082 4439 3386 4504 quotidiana
3437 4459 3684 4512 pet-cata,
3739 4452 3844 4505 itit-

2257 4518 2554 4573 minuemus
2580 4523 2917 4577 sevuitatem
2944 4525 3126 4592 judicii
3155 4531 3297 4597 quod
3337 4533 3445 4588 illic
3475 4535 3707 4594 futurum
3731 4554 3842 4599 est.

2255 4606 2405 4668 Quod
2439 4607 2480 4659 si
2521 4608 2690 4675 ignavi
2737 4610 3017 4680 fuerimus,
3068 4617 3165 4683 Qui
3199 4620 3528 4690 judiramur,
3571 4628 3775 4696 inquit,
3811 4652 3847 4686 a

2255 4694 2475 4749 Domino
2497 4700 2770 4754 erudimur.
2797 4702 2946 4758 Prius
2968 4707 3126 4774 igitur
3147 4714 3499 4782 nosmetipsos
3511 4720 3847 4777 condemne-

2255 4800 2374 4838 mus
2402 4803 2588 4856 magua
2629 4805 2749 4843 cum
2789 4792 3094 4851 sinceritate
3116 4838 3132 4864 ,
3165 4809 3218 4852 et
3246 4803 3391 4855 nullo
3419 4807 3622 4862 sciente
3659 4810 3710 4863 in
3742 4812 3843 4866 tri-

2256 4875 2435 4930 bunali
2481 4880 2824 4934 conscientia:
2867 4883 3146 4940 sedeamus
3188 4906 3202 4942 :
3243 4890 3427 4960 sicque
3469 4899 3847 4959 examinemus

2254 4978 2465 5022 nostras
2493 4971 2840 5038 cogitationes
2863 5015 2876 5037 ,
2923 4984 2977 5029 et
3019 4987 3218 5034 rectam
3246 4987 3564 5042 sententiam
3593 4991 3846 5058 profera-

2257 5073 2392 5120 mus,
2426 5068 2480 5113 ut
2520 5077 2670 5114 mens
2700 5063 3010 5121 imminente
3041 5067 3132 5123 illo
3169 5082 3375 5130 terrore
3406 5093 3658 5145 percussa
3684 5123 3700 5146 ,
3733 5100 3846 5140 non

2258 5158 2482 5214 patiatur
2510 5152 2737 5219 amplius
2775 5152 2983 5222 decipi,
3030 5159 3124 5213 sed
3165 5161 3419 5232 impetum
3469 5171 3732 5240 refrenet,
3778 5194 3847 5232 ac

2260 5240 2585 5306 prospiciens
2617 5243 2761 5295 illum
2792 5243 3088 5302 insomnem
3122 5254 3336 5309 oculum
3356 5297 3373 5323 ,
3405 5261 3697 5326 prtecludat
3727 5266 3847 5320 dia-

2259 5326 2380 5380 bolo
2399 5330 2711 5396 ingressum.
2730 5333 2951 5403 PrOpter
2965 5338 3225 5407 ignaviam
3240 5347 3380 5400 cuitu
3406 5348 3844 5426 ferimusomnia,

2262 5429 2316 5470 ut
2348 5419 2455 5486 ipsa
2486 5437 2662 5476 rerum
2689 5427 3018 5494 experientia
3053 5433 3266 5489 clamat.
3316 5437 3447 5493 Nam
3488 5449 3845 5513 quemadmo-

2260 5507 2384 5560 dum
2409 5511 2451 5561 si
2477 5512 2562 5565 vel
2590 5513 2858 5581 paululum
2888 5520 3106 5574 excitari
3122 5526 3466 5596 voluerimus,
3496 5545 3683 5590 omnes
3704 5536 3847 5597 illius

2260 5597 2478 5651 insidias
2508 5604 2656 5668 quasi
2695 5605 2962 5672 pulverem
2986 5614 3304 5679 repellamus
3333 5622 3449 5675 :sic
3471 5626 3685 5693 quando
3715 5643 3844 5699 sup-

2262 5689 2560 5759 plantamur
2584 5735 2597 5756 ,
2636 5709 2740 5748 non
2773 5709 2989 5767 prapter
3015 5703 3158 5759 illius
3192 5711 3524 5778 tyrannidem
3553 5717 3653 5772 hoc
3677 5724 3844 5776 susti-

2260 5799 2451 5839 nemus
2474 5823 2489 5850 ,
2538 5785 2629 5840 sed
2673 5799 2888 5855 propter
2911 5791 3182 5865 ignaviam
3210 5813 3464 5860 nostram.
3497 5809 3677 5882 Neque
3699 5829 3846 5869 cultu
