4086 6420
169 511 217 563 vi
242 523 339 562 sua
367 517 423 563 et
449 507 765 563 necessitate
797 519 893 559 nos
921 503 1087 559 vincit
1109 544 1125 567 ,
1153 502 1247 558 sed
1278 502 1599 570 deceptione
1626 500 1765 556 sola.

170 599 246 655 Ne
291 599 627 668 decipiantur
669 610 843 651 autem
878 596 935 651 in
967 596 1120 649 nobis
1136 604 1254 657 est,
1278 594 1321 647 si
1347 593 1622 661 paululum
1650 607 1772 647 esse

173 688 362 757 vigiles
391 689 756 752 voluerimus,
796 697 854 743 et
888 684 1290 752 nobismetipsis
1329 683 1720 735 attenderimus
1753 699 1767 735 :

174 799 279 837 non
303 782 447 852 quod
474 797 541 835 ex
570 781 720 835 nobis
748 781 876 834 solis
903 789 1047 835 tanta
1079 780 1149 834 sit
1192 787 1429 848 potestas
1448 818 1465 841 ,
1512 778 1607 832 scd
1650 776 1772 847 quia

172 885 297 927 tunc
327 887 624 942 supernum
653 873 903 926 auxilium
948 871 1103 926 inibis
1130 870 1371 941 affulget.
1418 868 1550 925 Nam
1583 869 1628 923 si
1654 884 1775 938 qua:

168 981 196 1017 a
225 964 384 1018 nobis
414 974 539 1016 suut
571 963 874 1027 fecerimus,
906 972 1199 1030 sequentur
1222 962 1385 1015 ctiam
1407 961 1628 1015 omnino
1655 974 1778 1028 qua!

175 1054 385 1106 luuiiini
416 1061 561 1106 sunt.
601 1052 793 1121 Vigiles
824 1051 983 1120 igitur
1010 1052 1200 1115 simus,
1233 1050 1480 1111 obsecro,
1512 1060 1573 1104 et
1594 1050 1775 1103 scien-

173 1159 254 1199 tes
282 1154 432 1198 artes
456 1144 695 1213 maligni,
728 1151 987 1214 perpetuo
1027 1156 1315 1194 caveamus
1340 1141 1497 1203 nobis
1522 1180 1535 1200 .
1566 1150 1621 1193 et
1647 1154 1775 1193 ore-

172 1250 293 1288 mus
319 1234 485 1287 Deum
515 1243 572 1286 nt
597 1249 692 1287 nos
722 1232 938 1299 adjuvet
963 1232 1029 1285 ad
1055 1231 1371 1285 certandum
1395 1240 1637 1284 nostrum
1654 1244 1777 1282 eum

170 1324 390 1377 diabolo
419 1334 712 1378 certamen.
760 1324 851 1376 Sic
875 1324 1022 1377 enim
1048 1332 1102 1376 et
1129 1336 1227 1376 nos
1254 1322 1434 1375 invicti
1462 1322 1689 1383 erimus,
1716 1327 1772 1373 et

172 1414 603 1469 machinationes
642 1414 786 1467 illius
823 1413 1141 1483 ell'ugiemus
1166 1455 1180 1476 .
1212 1422 1269 1467 et
1306 1411 1540 1465 divinam
1587 1424 1779 1464 conse-

170 1519 409 1571 quemur
428 1505 677 1573 gratiam,
718 1504 963 1573 bonaque
991 1512 1194 1557 :etcrua
1220 1502 1582 1571 adipiscamur
1614 1517 1627 1553 :
1657 1513 1779 1569 quas

172 1596 331 1649 nobis
372 1597 625 1650 mimibus
663 1594 1014 1665 contingant,
1048 1597 1217 1664 gratia
1239 1603 1293 1649 et
1322 1593 1654 1663 benignitate
1677 1590 1797 1647 Doce

169 1686 303 1739 mini
349 1687 520 1739 nostri
559 1685 684 1740 Iesu
713 1686 954 1749 Christi,
996 1699 1117 1739 cum
1160 1700 1269 1754 quo
1301 1684 1442 1738 f‘atri
1474 1693 1528 1737 et
1556 1680 1780 1750 Spiritui

168 1788 366 1829 saniem
392 1777 467 1829 sit
494 1778 659 1846 gloria
683 1818 697 1840 ,
725 1777 1005 1845 imperium
1033 1817 1047 1839 ,
1080 1786 1133 1829 et
1162 1776 1356 1836 honor.
1391 1790 1531 1829 nunc
1557 1783 1611 1830 ct
1635 1789 1779 1829 sem-

172 1885 296 1939 per,
323 1879 379 1924 et
407 1870 463 1924 in
486 1870 679 1924 sanula
710 1870 1055 1924 surculorum.
1084 1873 1275 1924 Amen.

748 2040 1026 2096 llOlllLlA
1069 2038 1207 2095 ιιι.

177 2166 280 2225 Hc
314 2182 491 2225 autem
530 2181 650 2226 sunt
689 2172 1035 2243 generationes
1071 2172 1235 2227 Iacob
1264 2188 1286 2229 :
1313 2172 1509 2243 Ioseph
1561 2181 1782 2242 septem-

242 2263 416 2315 decim
450 2280 702 2316 annorum
741 2274 848 2317 erat
889 2281 1098 2334 poscens
1121 2282 1235 2317 cum
1273 2267 1514 2337 fratribus
1558 2266 1669 2319 suis
1698 2280 1787 2335 pe-

243 2369 373 2405 cora
406 2353 562 2423 (Gen.
590 2354 679 2407 57.
708 2352 787 2423 2).

247 2484 299 2537 Ι.
350 2483 552 2538 Iterum
585 2500 682 2553 pro
722 2484 1108 2542 consuetudine
1150 2501 1267 2541 mea
1300 2485 1366 2541 ad
1404 2501 1644 2540 mensam
1688 2500 1787 2542 vos

175 2574 442 2630 inducere
489 2576 647 2642 volo,
687 2585 741 2631 et
778 2592 1109 2648 prosequens
1134 2593 1195 2633 ea
1221 2593 1341 2648 quae
1384 2578 1593 2649 pridem
1634 2577 1786 2632 vobis

172 2665 318 2720 dicta
341 2708 359 2733 ,
410 2682 477 2721 ex
512 2666 593 2721 his
626 2684 743 2737 qum
786 2685 927 2723 nunc
956 2670 1092 2724 lecta
1131 2681 1253 2723 sunt
1288 2669 1595 2723 convivium
1635 2668 1788 2724 vobis

177 2760 281 2813 hoc
309 2759 617 2829 proponere
647 2760 943 2830 spirituale.
974 2761 1260 2817 Sufficiunt
1290 2763 1433 2817 enim
1464 2778 1585 2831 qua:
1627 2761 1787 2817 hodie

178 2850 313 2903 lecta
338 2862 463 2904 sunt
485 2851 552 2905 ad
579 2851 877 2906 docendum
908 2869 1007 2907 nos
1031 2869 1220 2908 omnes
1244 2896 1258 2918 ,
1288 2866 1543 2922 quantum
1575 2855 1787 2907 invidie

175 2940 440 2993 damnum
455 2942 544 3004 sit,
563 2951 617 2994 et
636 2942 906 3011 quomodo
924 2942 1135 2997 invidia:
1154 2943 1415 3013 pernicies
1432 2946 1593 2997 etiam
1614 2958 1786 3013 usque

173 3030 241 3082 ad
271 3041 563 3097 cognatum
593 3047 781 3101 magna
820 3034 869 3085 vi
901 3047 961 3086 se
987 3033 1307 3087 extenderit.
1363 3032 1560 3087 Verum
1604 3044 1661 3086 ut
1706 3034 1786 3087 vi-

173 3119 373 3173 tientur
400 3136 465 3173 ex
492 3122 873 3190 consequentia
919 3138 1100 3176 sermo
1142 3123 1425 3193 progredi,
1460 3139 1641 3193 Opera:
1669 3141 1788 3193 pre-

176 3212 311 3262 tium
370 3212 529 3264 fuerit
578 3211 786 3265 iuitimn
830 3212 1072 3267 lectionis
1119 3224 1355 3283 tangere.
1402 3213 1439 3267 2
1491 3212 1588 3267 lla:
1620 3224 1791 3269 autem

174 3312 294 3353 sunt
319 3342 335 3366 ,
372 3302 575 3370 inquit,
616 3304 963 3372 generationes
997 3302 1178 3356 Iacob.
1236 3303 1369 3358 Vide
1413 3305 1787 3361 admirabilem

180 3390 323 3443 hunc
354 3391 670 3458 prophetam
698 3433 712 3457 ,
743 3394 1014 3461 quomodo
1042 3408 1163 3447 cum
1196 3395 1467 3469 promittat
1512 3397 1666 3449 nobis
1694 3414 1787 3466 εει

177 3483 483 3548 uealogiam
506 3481 671 3535 Jacob
691 3524 704 3545 ,
734 3484 910 3536 statim
941 3484 1006 3537 ad
1042 3483 1319 3538 historiam
1348 3488 1495 3554 pueri
1521 3499 1785 3553 recurrat,

176 3584 228 3626 ιιι
260 3586 549 3643 postquam
603 3574 867 3640 diviSset,
918 3575 1018 3630 lla:
1055 3587 1173 3631 sunt
1213 3582 1563 3647 generationes
1601 3578 1786 3646 Iacob,

174 3664 436 3719 derelicta
466 3665 747 3720 confestim
772 3668 1101 3734 narratione,
1132 3671 1345 3738 quinam
1380 3672 1585 3725 scilicet
1604 3687 1671 3725 ex
1695 3674 1788 3727 illo

177 3756 311 3820 nati,
348 3766 402 3809 ct
436 3757 630 3809 iterum
663 3759 751 3826 qui
787 3773 851 3812 ex
885 3757 1021 3814 natis
1046 3759 1115 3813 ab
1140 3775 1205 3813 eo
1225 3760 1387 3829 geniti
1418 3762 1783 3832 (sicutsnpra,

176 3863 298 3901 cuni
331 3848 402 3902 de
444 3849 585 3903 Esau
629 3866 808 3903 sermo
832 3860 1004 3918 esset,
1049 3850 1193 3921 fecit)
1217 3894 1232 3918 ,
1278 3852 1345 3906 ad
1375 3853 1573 3921 Joseph
1607 3854 1785 3909 statim

178 3935 539 4004 fi-stinaverit,
569 3939 989 4007 adolescentem,
1018 3942 1256 3995 omnium
1289 3941 1513 3996 fratrum
1545 3947 1655 4002 lnge
1686 3960 1785 4014 po.

176 4039 478 4093 stremum;
529 4044 651 4083 nant
691 4030 864 4084 dicit:
906 4030 1101 4101 Ioseph
1142 4032 1314 4086 decem
1352 4044 1417 4085 et
1443 4045 1635 4103 Septem
1678 4044 1788 4089 erat

175 4136 433 4172 annorum
480 4135 692 4187 pascens
734 4137 851 4173 cum
898 4123 1139 4191 fratribus
1181 4124 1287 4176 suis
1322 4140 1457 4177 oves.
1515 4124 1685 4191 Quam
1716 4125 1801 4180 ob

170 4225 401 4265 causam
429 4212 586 4267 nobis
609 4227 875 4267 annorum
904 4212 1147 4285 designat
1178 4217 1502 4269 utunernm?
1553 4215 1623 4271 Ut
1647 4217 1787 4271 scias

174 4300 603 4355 adolescentiam
626 4317 730 4355 non
754 4318 872 4357 esse
896 4305 1107 4358 virtutis
1137 4306 1580 4373 impedimentum
1610 4324 1622 4359 :
1650 4312 1701 4359 et
1731 4311 1787 4362 ut

178 4391 392 4459 plenius
427 4390 567 4445 scias
595 4392 951 4448 adolescentis
977 4411 1101 4464 erga
1143 4406 1347 4466 patrem
1398 4397 1783 4465 obedientiam,

174 4492 230 4536 et
259 4481 312 4535 iu
342 4481 538 4537 fratres
567 4484 995 4539 benevolentiam
1022 4528 1037 4552 ,
1084 4487 1297 4541 illorum
1324 4496 1501 4541 autem
1542 4489 1786 4544 inhuma-

174 4572 402 4625 nitatem
431 4590 445 4626 :
473 4583 527 4627 et
554 4575 824 4641 quomodo
851 4592 918 4630 ne
949 4576 997 4630 id
1030 4577 1247 4647 quidem
1275 4578 1530 4634 cohibere
1557 4596 1652 4633 eos
1683 4598 1783 4646 po-

174 4664 301 4727 tuit,
332 4663 477 4733 quod
509 4663 579 4717 ita
608 4666 660 4718 iu
685 4680 780 4719 eos
799 4666 1019 4721 allectus
1047 4678 1193 4723 esSet
1217 4687 1229 4732 ;
1264 4687 1360 4722 uec
1385 4672 1435 4723 iu
1466 4680 1572 4723 tam
1601 4680 1783 4725 tenera

174 4764 361 4817 :etate,
387 4771 508 4823 qua:
549 4755 781 4809 debebat
809 4772 905 4811 eos
929 4759 993 4811 ad
1026 4762 1554 4819 eouuuiserationem
1586 4779 1781 4831 provo-

174 4858 325 4909 care,
358 4842 658 4899 frateruum
678 4863 916 4901 amorem
939 4858 1221 4902 servarunt
1246 4868 1257 4903 :
1278 4851 1368 4904 sed
1400 4868 1521 4904 mox
1539 4854 1608 4908 ab
1632 4854 1781 4908 initio

175 4933 424 4987 videntes
446 4943 499 4988 et
528 4936 680 5004 pueri
706 4936 897 4991 bonam
926 4938 1178 5003 indolem,
1212 4950 1263 4992 et
1288 4942 1457 5008 patris
1483 4958 1605 5010 erga
1638 4944 1781 4996 illum

176 5026 631 5090 benevolentiam,
662 5030 714 5081 in
742 5028 990 5084 invidiam
1020 5042 1202 5085 contra
1235 5048 1355 5087 eum
1388 5036 1603 5088 excitati
1636 5048 1777 5089 sunt.

176 5115 485 5168 Detulerunt
515 5118 684 5183 enim,
731 5118 938 5188 inquit,
976 5120 1167 5189 Ioseph
1207 5123 1270 5176 de
1310 5126 1526 5193 pessimo
1566 5126 1783 5181 crimine

174 5208 318 5275 apud
348 5206 515 5262 Israel
536 5220 729 5279 patrem
751 5226 896 5263 suum
916 5210 1151 5283 (aM/ide
1166 5216 1383 5269 maliti-.1:
1401 5220 1777 5272 eminentiam:

178 5301 347 5366 patris
377 5303 656 5356 caritatem
688 5304 1001 5372 perturbare
1040 5308 1373 5361 attentabant
1400 5326 1413 5369 ;
1447 5320 1500 5363 ct
1522 5325 1640 5379 qme
1672 5326 1779 5364 non

178 5400 336 5445 erant
360 5390 568 5461 (iugum
588 5402 775 5445 contra
804 5392 1020 5448 fratrem
1056 5411 1070 5447 :
1104 5396 1156 5449 id
1185 5396 1359 5450 solum
1377 5398 1694 5465 efficientes,
1725 5410 1782 5454 ut

243 5524 425 5597 (utsic
446 5532 575 5577 LXX.
602 5535 650 5578 In
676 5530 881 5597 Hebrzeo
897 5538 949 5581 et
969 5531 1078 5581 aliis
1102 5534 1406 5597 versionibus
1425 5534 1607 5597 legitur
1627 5538 1781 5596 ipsum

178 5586 442 5658 -Ιυξςείιιιυιη
479 5602 733 5659 accusasse
758 5592 934 5659 fratres
969 5607 1086 5659 suos
1108 5594 1231 5656 apud
1272 5605 1458 5659 patrem
1477 5586 1540 5645 ile
1569 5586 1780 5659 pessimo

178 5650 384 5696 ta'itnine
410 5661 423 5697 :
450 5650 522 5715 sic
539 5654 723 5700 etiaun
740 5652 898 5714 ulgata
920 5669 930 5701 :
956 5662 1007 5703 et
1030 5654 1107 5704 hic
1127 5650 1202 5705 est
1221 5650 1367 5704 verus
1387 5657 1529 5715 huius
1553 5650 1641 5707 loci
1664 5674 1779 5708 seu~

181 5721 265 5813 ius
283 5709 554 5818 StiClltldttm
578 5709 857 5765 ltebraicim
882 5715 1040 5766 tidem.
1064 5718 1178 5767 Vide
1203 5719 1251 5767 in
1274 5709 1501 5782 ttexapl'is
1525 5723 1703 5772 nostris
1720 5722 1780 5771 ad

216 5784 306 5818 unc
347 5785 505 5818 ouum.

216 5784 306 5820 uno
329 5784 505 5820 locum.

1083 367 1149 424 IN
1188 367 1341 423 CAP.
1383 365 1571 422 XXX‘
1590 366 1655 423 ll.
1694 365 1944 422 GENES.
1980 366 2215 424 llONlL.
2263 367 2401 425 [Μ.

3385 370 3492 428 530

1886 482 2125 552 ipsonun
2168 482 2370 538 invidia
2413 484 2696 539 manifesta
2725 485 3058 542 redderetur.
3112 486 3177 541 Et
3213 496 3271 541 ιιι
3314 486 3494 541 discas

1884 589 1980 627 eos
2008 574 2137 629 nihil
2164 575 2307 628 aliud
2351 575 2713 640 lucrifeeisse.
2745 593 2910 647 quam
2937 578 3081 648 quod
3125 578 3273 646 prius
3317 582 3482 631 tateuv

1889 674 1997 719 tem
2030 681 2248 737 pravam
2298 677 2537 722 mentem
2584 668 2758 738 palam
2806 668 3063 733 fecerint,
3112 668 3237 723 vide
3286 677 3493 736 patrem

1884 760 2050 812 etiam
2077 769 2193 829 post
2217 773 2403 815 eorum
2422 762 2826 816 accusationem
2844 762 3013 831 magis
3036 760 3328 815 haerentem
3355 760 3488 826 tilio,

1883 857 1939 901 et
1960 848 2070 917 jam
2092 852 2347 919 prmferrc
2372 867 2492 905 cum
2510 852 2778 906 nomilms.
2796 852 2849 907 5.
2869 850 3032 906 Iacob
3054 863 3224 904 autem
3241 893 3257 914 ,
3278 851 3485 921 inquit,

1884 940 2065 994 dilexit
2094 939 2286 1009 Ioseph
2315 958 2471 1011 supra
2505 959 2677 997 omnes
2704 940 2841 1011 ﬁlio’s
2864 959 2985 996 suos
3005 984 3022 1008 ,
3065 944 3310 1006 quoniam
3349 941 3491 1010 ﬁlius

1885 1033 2153 1087 senectutis
2176 1048 2284 1086 erat
2316 1034 2381 1086 ci.
2416 1032 2558 1087 Fecit
2586 1044 2754 1087 autem
2781 1035 2826 1088 ei
2846 1036 3067 1087 tunicmn
3096 1035 3313 1089 varium.
3353 1034 3491 1101 Quid

1886 1131 1967 1174 cst
1993 1163 2005 1181 .
2052 1120 2242 1176 Dilerit
2275 1123 2467 1191 Ioseph
2507 1142 2660 1191 super
2698 1140 2869 1177 omnes
2908 1125 3041 1187 ﬁlios
3068 1142 3186 1177 suos
3207 1166 3220 1185 .
3254 1125 3495 1193 quoniam

1887 1211 2027 1281 ﬁlius
2064 1216 2334 1267 senectutis
2356 1225 2461 1268 erat
2487 1216 2577 1269 ei?
2636 1215 2769 1282 Quia
2812 1226 3133 1284 postremus,
3187 1227 3239 1269 et
3280 1216 3330 1269 iu
3381 1217 3495 1283 ipsa

1886 1314 2164 1359 senectute
2215 1317 2371 1358 natus
2418 1316 2498 1359 est
2537 1306 2585 1361 ei
2613 1348 2627 1372 ,
2682 1318 2900 1375 propter
2942 1308 3042 1361 hoc
3074 1309 3243 1378 magis
3283 1310 3494 1362 dilexit.

1888 1396 2021 1451 Nam
2054 1399 2220 1466 magis
2250 1398 2509 1452 amabiles
2545 1398 2797 1453 videntur
2837 1399 2971 1464 ﬁlii,
3020 1401 3110 1470 qui
3140 1402 3192 1453 in
3221 1411 3499 1457 senectute

1889 1486 2004 1557 ipsa
2028 1499 2373 1559 generantur.
2406 1490 2776 1560 majoremque
2812 1502 3021 1561 patrum
3063 1494 3496 1548 benevolentiam

1890 1590 2269 1650 assequuntur.
2327 1582 2430 1635 Sed
2460 1591 2517 1635 ut
2540 1583 2809 1648 sciamus,
2852 1599 2958 1636 non
2992 1585 3093 1637 hoc
3122 1583 3296 1638 solum
3330 1583 3496 1639 fuisse

1890 1676 2031 1744 quod
2065 1685 2270 1744 patrem
2303 1675 2374 1727 illi
2404 1676 2760 1742 conciliabat,
2813 1676 2883 1730 ita
2933 1686 2992 1731 ut
3032 1692 3157 1731 cum
3196 1678 3319 1731 aliis
3362 1694 3499 1747 pm:-

1895 1765 2094 1828 ferret,
2128 1766 2289 1819 docet
2320 1781 2417 1819 uos
2454 1768 2731 1836 Scriptura
2763 1768 2925 1821 etiam
2968 1778 3087 1837 post
3138 1769 3283 1822 illum
3330 1769 3499 1839 alium

1890 1873 2104 1927 quoque
2129 1868 2310 1910 natum
2334 1873 2454 1911 esse
2483 1856 2649 1910 filium
2677 1875 2690 1911 :
2720 1858 2838 1911 etsi
2866 1858 3162 1913 secundum
3197 1860 3497 1915 naturalem

1892 1962 2132 2001 amorem
2155 1947 2371 2000 dilectio
2402 1941 2591 2001 fuisset
2616 1988 2631 2011 ,
2661 1956 2965 2014 postremus
2995 1947 3182 2001 fuisset
3212 1949 3384 2018 magis
3410 1949 3499 2003 di-

1894 2037 2085 2103 lectus,
2132 2047 2316 2105 utpote
2362 2053 2489 2091 vere
2517 2042 2811 2093 senectutis
2854 2040 3026 2102 filius,
3067 2050 3118 2092 et
3149 2050 3276 2092 tunc
3317 2049 3499 2107 initus,

1891 2130 2106 2199 quando
2146 2132 2211 2184 ad
2257 2142 2585 2199 postremam
2628 2142 2962 2186 senectutem
3012 2134 3256 2201 pervenit
3301 2133 3502 2202 justus.

1892 2222 2029 2289 Quid
2059 2222 2218 2291 igitur
2237 2229 2319 2275 est
2343 2220 2676 2276 dicendum?
2720 2223 3020 2292 Snpernam
3052 2224 3339 2293 quamdam
3377 2240 3500 2294 gra—

1895 2315 2021 2370 tiam
2066 2315 2267 2379 fuisse,
2317 2329 2436 2385 qua:
2480 2313 2737 2384 juvenem
2781 2316 3069 2370 amabilem
3121 2316 3418 2381 reddebat,
3446 2326 3502 2371 et

1894 2403 2114 2474 propter
2156 2407 2349 2459 animie
2382 2405 2631 2459 virtutem
2680 2416 2736 2459 ut
2780 2406 2992 2461 cunctis
3038 2405 3382 2473 pra-ferretur
3425 2408 3502 2460 fa—

1893 2498 2113 2552 ciebat:
2146 2498 2285 2551 hanc
2330 2509 2512 2551 autem
2559 2498 2611 2552 in
2656 2498 2929 2567 Scriptura
2980 2500 3205 2568 prepoui
3254 2514 3501 2563 causam.

1894 2589 2036 2658 quod
2073 2589 2212 2644 filius
2241 2588 2530 2642 senectutis
2576 2587 2735 2642 fuerit
2757 2630 2772 2653 ,
2817 2600 2868 2643 et
2903 2589 3025 2643 ideo
3055 2592 3225 2660 magis
3262 2606 3384 2645 eum
3413 2591 3503 2645 di-

1896 2682 2107 2743 lexvrit.
2144 2690 2202 2735 ut
2231 2698 2336 2735 non
2365 2680 2649 2736 manifeste
2668 2693 2890 2751 augeret
2918 2682 3101 2736 odium
3131 2682 3357 2736 fratrum
3400 2681 3500 2753 (a).

1967 2774 2173 2846 Invidia
2198 2783 2445 2843 quantum
2480 2774 2695 2827 malum.
2738 2773 2866 2827 Cain
2891 2775 3085 2843 primus
3115 2789 3178 2827 ea:
3201 2773 3373 2827 invido
3404 2774 3501 2827 ho-

1894 2867 2100 2919 micida.
2143 2896 2213 2906 -—
2258 2866 2450 2920 Gravis
2476 2868 2620 2919 enim
2650 2866 2763 2921 ha‘e
2798 2869 2961 2921 animi
3007 2866 3272 2937 a-grittulo
3299 2876 3383 2920 est
3403 2908 3418 2932 ,
3448 2878 3501 2923 et

1894 2958 2109 3027 quamlo
2136 2958 2368 3010 animam
2408 2956 2665 3009 invaserit
2689 2995 2703 3015 .
2746 2972 2851 3009 non
2886 2958 3031 3025 prius
3058 2972 3176 3009 eam
3220 2958 3499 3026 relinquit,

1895 3049 2067 3101 donec
2099 3050 2149 3102 in
2178 3057 2477 3101 extremam
2521 3046 2906 3100 absurditatcm
2951 3062 3069 3100 eam
3114 3048 3417 3112 induxerit,
3446 3058 3500 3103 et

1897 3140 2100 3194 la-dens
2144 3140 2377 3191 animam
2419 3153 2582 3206 aqua
2616 3147 2738 3190 nata
2766 3148 2881 3199 est.
2926 3139 3149 3191 omnino
3192 3139 3351 3193 aliter
3371 3156 3500 3193 enin

1894 3232 1979 3285 eui
2011 3230 2209 3283 invidet
2240 3230 2420 3291 afficit,
2452 3244 2613 3299 quam
2642 3230 2755 3282 vult
2791 3249 2805 3283 :
2840 3245 3033 3300 nempe
3055 3231 3377 3298 clariorem,
3408 3250 3501 3284 no.

1897 3322 2161 3384 biliorem,
2194 3320 2537 3374 illustriorem
2562 3320 2708 3373 illum
2740 3319 2951 3383 reddit;
2994 3321 3141 3376 unde
3174 3322 3364 3376 iterinn
3395 3322 3496 3377 alia

1894 3413 2109 3483 gravior
2137 3411 2319 3465 invido
2352 3411 2504 3481 plaga
2546 3410 2803 3465 nascitur.
2852 3412 2948 3466 llic
2991 3412 3308 3467 consideres
3338 3414 3501 3483 igitur

1895 3504 2269 3557 admirandutn
2316 3504 2461 3556 illum
2501 3502 2757 3573 juvenem
2802 3518 2983 3558 rerum
3028 3520 3148 3575 qua:
3199 3506 3499 3575 agebantur

1896 3596 2137 3665 ignarum
2158 3635 2175 3659 ,
2206 3594 2590 3664 raprwsentari
2620 3608 2740 3648 cum
2767 3593 2870 3648 illis
2901 3604 2958 3648 ut
2982 3610 3107 3649 cum
3138 3596 3412 3661 fratribus,
3445 3607 3501 3653 et

1892 3690 2043 3757 quasi
2071 3687 2261 3741 eodem
2286 3696 2438 3741 utero
2469 3687 2627 3752 natis,
2651 3687 2831 3741 omnia
2855 3703 2977 3743 cum
3001 3687 3190 3744 fiducia
3215 3700 3272 3744 ct
3295 3692 3502 3761 simpli‘

1893 3781 2053 3834 citate
2101 3780 2445 3851 loquentem,
2480 3778 2600 3833 illos
2641 3790 2821 3833 autem
2871 3780 3086 3835 invidiae
3128 3783 3271 3837 malo
3308 3794 3500 3853 captos

1892 3874 2017 3929 odio
2060 3889 2182 3929 eum
2227 3882 2627 3943 persequentes.
2680 3874 2736 3927 4.
2786 3872 3024 3928 Videntes
3070 3874 3216 3929 enim
3244 3917 3257 3938 .
3303 3876 3497 3948 inquit,

1893 3964 2115 4033 fratres.
2159 3965 2295 4034 quod
2317 3975 2460 4033 pater
2502 3980 2608 4033 pra:
2647 3965 2881 4019 omnibus
2916 3965 3038 4033 ﬁliis
3080 3967 3323 4038 diligebat
3360 3985 3496 4033 sum,

1892 4058 2101 4111 oderant
2122 4073 2259 4121 eum,
2284 4065 2329 4109 et
2357 4072 2457 4108 non
2481 4064 2717 4124 poterant
2744 4056 2883 4125 loqui
2906 4057 2955 4109 ei
2969 4057 3245 4128 quidquam
3264 4060 3496 4130 paci/ire.

1897 4146 2029 4201 Vide
2056 4145 2326 4216 quomodo
2351 4145 2477 4198 odio
2518 4154 2916 4214 prosequuntur
2955 4160 3079 4200 cum
3117 4149 3206 4217 qtti
3253 4147 3305 4201 in
3346 4151 3498 4204 uzilo

1892 4237 2213 4292 offenderat.
2237 4235 2302 4290 Et
2323 4236 2479 4301 nihil,
2515 4236 2705 4305 inquit,
2745 4246 2977 4305 poterant
3005 4236 3143 4307 loqui
3176 4240 3223 4291 ei
3253 4241 3488 4309 paciﬁca.

1891 4332 2028 4399 Quid
2068 4339 2184 4396 est,
2234 4328 2386 4383 Nihil
2424 4338 2659 4399 poterant
2702 4328 2841 4398 loqui
2882 4330 2927 4382 ci
2961 4330 3220 4399 paci/ite?
3247 4329 3381 4397 Qttia
3412 4333 3493 4384 af-

1893 4424 2061 4479 fectus
2086 4423 2461 4479 dominabatur
2485 4423 2563 4476 eis
2593 4429 2647 4475 et
2684 4421 2925 4490 quotidie
2950 4422 3248 4491 augebatur
3286 4423 3491 4489 odium,

1890 4531 1987 4571 ceu
2018 4516 2157 4583 capti
2186 4512 2471 4585 tyrannide
2503 4512 2662 4579 hujus
2690 4513 2853 4578 mali,
2883 4513 2934 4567 in
2962 4512 3087 4567 dolo
3114 4514 3492 4582 loquebantur,

1891 4616 1945 4662 et
1972 4607 2101 4660 nihil
2128 4606 2176 4659 ei
2220 4604 2439 4673 pacilice
2484 4604 2625 4672 loqui
2662 4611 2929 4671 poterant.
2992 4603 3121 4658 Vide
3150 4613 3329 4659 autem
3354 4624 3494 4675 quo-

1891 4702 2052 4755 modo
2082 4714 2295 4752 causam
2330 4698 2438 4751 odii
2470 4697 2791 4766 significavit
2815 4739 2830 4761 ,
2877 4698 3018 4765 quod
3062 4715 3254 4769 nempe
3292 4696 3360 4757 ali
3408 4703 3493 4757 iu-

1890 4793 2028 4844 vidia
2057 4790 2334 4843 exordium
2385 4790 2648 4843 habuerit.
2710 4786 2778 4843 Ut
2816 4788 3048 4842 viderunt
3084 4792 3227 4843 etiim
3253 4834 3267 4857 ,
3300 4792 3491 4861 inquit,

1891 4886 2103 4953 {rati-rs,
2152 4881 2288 4951 quod
2327 4892 2470 4949 pater
2508 4897 2623 4933 eum
2654 4896 2763 4949 pra:
2786 4881 3017 4936 omnibus
3064 4878 3193 4951 ﬁliis
3220 4884 3325 4936 suis
3374 4885 3495 4939 dili-

1890 4985 2047 5043 geret.
2106 4976 2273 5027 Amor
2305 4973 2471 5041 patris
2519 4970 2772 5025 invidiam
2814 4956 2861 5027 ei
2900 4973 3142 5042 peperit,
3189 4973 3283 5028 sed
3326 4978 3495 5047 [muris

1953 5107 2024 5169 (a)
2060 5113 2241 5154 Sensus
2278 5104 2605 5170 _t;hrysostomi
2636 5111 2755 5170 _e_st,
2805 5104 3069 5170 Josephum
3114 5119 3143 5155 a
3185 5107 3365 5170 Jacobo
3414 5121 3496 5170 pa-

1862 5172 1869 5175 “
1889 5166 1969 5220 tre
1994 5166 2101 5229 plus
2123 5168 2317 5215 caeteris
2339 5166 2610 5229 adanmtum
2630 5166 2799 5229 fuisse,
2824 5168 2889 5215 ob
2926 5166 3190 5228 Supernam
3213 5166 3426 5229 gratiam
3444 5177 3498 5221 et

1888 5226 2061 5280 anima:
2086 5231 2316 5277 virtutem
2341 5241 2353 5276 :
2380 5229 2469 5276 sed
2496 5240 2560 5274 ne
2586 5226 2679 5276 hoc
2723 5228 2879 5335 ipsum
2917 5226 3149 5289 majorem
3175 5226 3373 5291 pareret
3398 5230 3496 5279 fra-

1889 5301 2017 5335 trum
2044 5291 2286 5335 invidiam.
2312 5287 2453 5335 aliam
2477 5290 2715 5335 adiectam
2756 5289 2894 5335 'uiss'e
2918 5291 3097 5335 amoris
3119 5304 3330 5335 mulsam.
3362 5292 3492 5335 nuud

1889 5301 2017 5341 trum
2044 5291 2286 5345 invidiam,
2312 5287 2453 5336 aliam
2477 5290 2715 5350 adiectam
2741 5287 2894 5337 fuisse
2918 5287 3097 5338 amoris
3119 5287 3330 5349 causam,
3362 5292 3492 5350 quod

1889 5352 2121 5401 videlicet
2141 5352 2188 5399 iu
2225 5358 2485 5413 senectute
2510 5363 2595 5397 sua
2618 5351 2877 5413 genuisset
2915 5364 3056 5406 eum;
3098 5354 3236 5413 quasi
3262 5351 3497 5404 videlicet

1888 5415 1993 5463 hzec
2014 5425 2157 5459 causa
2183 5412 2340 5459 minus
2383 5412 2442 5459 ad
2467 5409 2695 5459 ciendum
2744 5409 2948 5459 livorem
2996 5409 3168 5462 idonea
3218 5414 3493 5464 videretur.

1806 5493 1823 5500 η
1888 5477 1979 5523 sed
2005 5473 2322 5537 illudipsum,
2348 5473 2476 5533 quod
2501 5471 2549 5521 in
2574 5478 2813 5537 senectute
2836 5487 2924 5523 sua
2945 5473 3184 5537 genuisset
3216 5488 3367 5537 eum,
3398 5490 3493 5525 non

1888 5542 2025 5585 vacat
2048 5534 2330 5583 diltienltate
2356 5548 2367 5582 :
2396 5547 2504 5582 nam
2553 5536 2728 5583 eodem
2765 5534 3055 5599 ternum—aut
3091 5536 3277 5585 tantillo
3326 5536 3496 5599 claim

1888 5606 2112 5659 tcuqmre
2130 5599 2194 5661 at}
2214 5603 2321 5644 ortu
2349 5604 2705 5661 postremorum
2751 5598 2913 5645 Jacobi
2952 5597 3157 5661 liliorum
3181 5612 3303 5661 (pios
3326 5611 3388 5661 ex
3412 5597 3494 5648 tia

1889 5666 1942 5708 et
1966 5654 2027 5708 e'x
2053 5654 2225 5721 ancilla
2266 5654 2502 5718 suscepit,
2528 5666 2671 5707 natus
2713 5664 2789 5705 cst
2826 5666 2954 5721 .tosel
2975 5659 3005 5708 h
3027 5675 3041 5719 ;
3081 5662 3144 5709 ita
3169 5654 3221 5709 ui
3246 5673 3339 5707 non
3366 5660 3495 5709 hunc

1885 5718 2168 5783 specialiter
2194 5720 2241 5783 iu
2265 5728 2527 5783 senectute
2552 5733 2638 5783 sua
2675 5718 2954 5783 suscepisse
2989 5718 3225 5773 dicendus
3248 5721 3489 5773 videatur.

1895 5779 2069 5835 {crum
2086 5781 2193 5832 lucc
2217 5779 2411 5842 longius
2436 5790 2567 5831 esset
2586 5780 2806 5844 pluribus
2826 5779 3092 5836 excutere.
