4086 6422
617 520 1047 576 benevolentiam
1072 515 1361 573 virtns'tilii
1392 514 1493 569 sibi
1521 511 1843 568 conciliavit.
1867 509 2005 566 Cum
2038 510 2200 579 igitur

617 622 890 680 omitteret
910 611 1029 666 illos
1054 607 1246 663 imitari
1268 606 1506 669 fratrem,
1529 612 1584 660 et
1602 603 1842 659 aemulari
1862 617 2038 657 mores
2061 601 2201 670 ejus,

619 713 678 756 ιιι
703 702 781 757 sic
806 710 860 756 et
886 700 985 770 ipsi
1011 710 1216 769 patrem
1236 696 1337 752 sibi
1359 694 1729 754 conciliarent.
1760 708 1829 748 ne
1858 690 1963 747 hoc
1985 690 2203 762 quidem

620 791 724 846 illis
766 790 821 845 iu
864 798 1099 845 mentem
1134 787 1309 851 venit.
1353 785 1450 843 sed
1491 786 1761 841 communi
1804 784 1932 839 odio
1977 781 2143 837 tilium
2172 794 2204 835 a

626 890 776 951 patre
798 879 1053 935 dilectum
1076 877 1555 948 prosequebantur.
1588 875 1653 931 Et
1680 874 1757 930 illi
1784 874 2023 945 quidem,
2050 871 2203 943 quasi

627 970 809 1025 hstes
838 967 984 1037 facti,
1009 969 1153 1023 intus
1182 968 1437 1024 latentem
1462 965 1718 1020 malitiam
1748 964 2041 1034 parientes,
2072 959 2205 1015 nihil

628 1058 848 1130 paciﬁca
890 1058 981 1126 ei,
1025 1056 1123 1113 sed
1163 1072 1285 1112 cum
1315 1055 1443 1112 dole
1484 1053 1838 1124 loquebantur
1866 1069 1881 1107 :
1908 1052 1997 1107 ille
2024 1058 2207 1106 autem

628 1149 953 1226 admirabilis
974 1149 1267 1205 fraternam
1292 1144 1713 1203 benevolentiam
1729 1158 1851 1199 cum
1868 1143 1947 1198 eis
1965 1155 2207 1207 servans,

629 1240 869 1311 nihilque
914 1238 1192 1309 suspicans
1214 1277 1230 1303 ,
1269 1245 1328 1292 ut
1355 1235 1605 1291 fratribus
1633 1234 1771 1291 bene
1799 1232 2001 1298 ﬁdens,
2030 1231 2209 1287 omnia

626 1343 748 1399 qua
772 1329 825 1383 in
849 1338 1081 1385 sacrant
1108 1326 1354 1384 faciebat.

694 1415 753 1471 ι.
786 1415 880 1472 llic
903 1417 1133 1472 morbus
1185 1414 1256 1469 ab
1280 1413 1430 1470 initio
1454 1422 1510 1493 et
1528 1412 1658 1468 Cain
1684 1453 1701 1479 ,
1724 1422 1780 1468 ιιι
1806 1411 2025 1468 fratrem
2061 1411 2209 1467 occi-

630 1505 812 1572 deret.
842 1506 1087 1562 armavit.
1115 1505 1185 1561 Et
1226 1505 1367 1563 sicut
1405 1505 1491 1561 isti
1536 1513 1753 1574 propter
1792 1503 2212 1559 benevolentiam

632 1596 825 1666 patris.
855 1610 1013 1666 quam
1038 1609 1164 1665 erga
1191 1593 1359 1650 tilium
1402 1593 1740 1660 declarabat,
1764 1593 1889 1649 odio
1916 1593 2064 1649 illum
2092 1607 2216 1663 pro-

631 1685 1021 1756 sequebantur,
1047 1695 1105 1740 et
1131 1685 1437 1758 impugnare
1484 1683 1859 1748 moliebantur,
1887 1692 1945 1739 et
1976 1682 2215 1754 quotidie

632 1774 798 1844 ipsius
821 1774 1027 1831 ctedont
1048 1772 1413 1844 parturiebam
1439 1790 1456 1829 :
1479 1774 1670 1831 eodem
1690 1788 1822 1830 sane
1844 1774 2006 1829 modo
2024 1784 2080 1829 ct
2099 1774 2208 1838 ille.

632 1876 689 1920 ut
715 1865 846 1922 vidit
891 1865 1069 1922 fratris
1104 1864 1251 1921 dum
1302 1866 1413 1921 Deo
1453 1866 1621 1936 magis
1649 1874 1865 1936 accepta
1911 1864 2074 1921 fuisse
2097 1906 2112 1932 ,
2144 1865 2213 1921 ad

628 1971 753 2027 eum
777 1956 1127 2013 occidendum
1153 1967 1471 2026 provocatus
1503 1942 1587 2012 est
1609 1996 1625 2019 .
1652 1965 1707 2012 et
1726 1958 1896 2027 inquit
1914 1998 1928 2021 .
1962 1954 2216 2029 Egredio-

634 2062 752 2100 ntur
777 2046 1081 2115 inrumpunt
1116 2045 1269 2116 (Gen.
1298 2046 1352 2102 4.
1384 2046 1463 2117 8).
1500 2045 1661 2103 Vides
1699 2045 1842 2102 hunc
1888 2047 2048 2102 etiam
2087 2047 2219 2103 nihil

633 2135 1000 2204 suspicatum,
1046 2136 1335 2191 conlidisse
1372 2136 1519 2191 fratri
1539 2176 1556 2202 ,
1589 2144 1645 2192 et
1678 2137 1877 2193 exiisse
1916 2152 1982 2193 ac
2024 2146 2220 2209 praeter

630 2224 797 2281 animi
824 2227 1146 2281 sententiam
1194 2226 1247 2281 in
1300 2225 1559 2282 nefariam
1612 2227 1755 2281 illam
1794 2226 2037 2283 dextram
2083 2228 2217 2284 inci-

634 2313 817 2370 disse?
861 2314 951 2373 Sic
991 2331 1120 2373 sane
1160 2327 1214 2373 et
1253 2317 1584 2375 admirabilis
1607 2317 1804 2389 .loscpli
1832 2318 2078 2376 nesciens
2100 2333 2218 2375 ma—

639 2404 744 2460 lum
777 2405 998 2463 fratrum
1020 2425 1240 2464 auat-tun
1265 2424 1584 2465 consensum
1611 2450 1628 2476 ,
1658 2419 1926 2480 tamquam
1956 2424 2079 2465 eam
2104 2407 2218 2465 fra-

638 2495 808 2551 tribus
827 2512 955 2553 cum
982 2497 1063 2553 eis
1087 2498 1419 2569 loquebatur.
1442 2508 1497 2554 et
1525 2499 1786 2554 insomnia
1826 2499 1938 2569 ipsa
1973 2513 2094 2570 qua:
2115 2498 2219 2554 sibi

564 2607 577 2617 -
636 2584 779 2639 licus
823 2586 1153 2643 revelaverat
1174 2628 1191 2653 ,
1218 2586 1591 2659 praisignaado
1628 2588 1851 2659 gloriant
1886 2588 1986 2643 sibi
2012 2588 2218 2644 obven-

638 2683 810 2733 turam
832 2687 888 2731 et
908 2675 1133 2734 fratrum
1158 2679 1566 2747 subiectionem.
1596 2680 1649 2734 in
1686 2679 1917 2735 medium
1949 2694 2218 2751 propone-

641 2765 750 2821 bat.
777 2767 833 2823 8.
854 2763 981 2823 Cum
1005 2768 1148 2823 enim
1166 2769 1482 2832 somniasset.
1503 2770 1772 2832 aumatium.
1801 2770 1987 2841 inquit,
2014 2788 2211 2825 annim-

639 2854 779 2911 tiuait
801 2856 1042 2927 fratribus
1063 2859 1189 2925 suis,
1208 2857 1266 2913 8.
1284 2858 1483 2913 etdixit
1501 2859 1574 2913 eis
1604 2873 1625 2913 :
1648 2858 1831 2913 Audite
1854 2860 2104 2914 ιοιιιιιὸκιιι
2124 2860 2220 2915 hoc

637 2942 821 2999 uti'uut.
844 2946 897 2999 7.
920 2944 1170 3002 Putabant
1184 2962 1276 3004 nos
1296 2949 1587 3020 manipulos
1609 2950 1771 3020 ligare
1796 2949 1847 3003 in
1882 2951 2047 3005 ntrtlt'o
2072 2966 2215 3022 agro,

605 3081 609 3089 .
637 3035 913 3090 etsurredt
936 3036 1227 3107 manipulus
1249 3054 1420 3105 meus,
1446 3049 1494 3093 rt
1512 3049 1707 3094 erectus
1731 3050 1804 3095 est
1832 3055 1853 3098 :
1877 3040 2219 3097 circumstan-

638 3135 712 3179 tes
730 3136 898 3180 autent
914 3127 1161 3198 manipuli
1180 3128 1327 3184 vestri
1340 3130 1677 3184 adornamut
1698 3131 2013 3202 manipulum
2033 3148 2220 3190 utrum.

643 3212 677 3270 8
750 3214 999 3271 Dixerunt
1025 3228 1193 3272 autent
1233 3218 1279 3272 ei
1303 3220 1487 3290 fratres
1514 3235 1535 3274 :
1566 3218 1707 3274 Nunt
1732 3236 1949 3291 regnans
1985 3222 2221 3291 regnabis

641 3319 792 3374 super
817 3321 930 3372 nos,
959 3317 1049 3363 aut
1072 3308 1337 3365 dominatu
1363 3309 1700 3365 dontinaberis
1744 3313 1903 3365 nostri
1922 3313 1949 3367 2
1973 3311 2038 3366 Et
2060 3329 2224 3384 appo—

638 3405 844 3453 sumtat
886 3398 1054 3452 adhuc
1091 3415 1207 3454 eum
1245 3400 1366 3455 odio
1417 3402 1675 3471 prosequi.
1696 3413 1903 3473 propter
1937 3403 2135 3458 somnia
2171 3413 2221 3459 et

646 3490 795 3545 verba
825 3505 938 3545 sua.
966 3489 1250 3562 Propterea
1279 3491 1429 3563 prius
1449 3509 1663 3565 quoque
1688 3495 1869 3550 docuit
1891 3494 2010 3550 illos
2033 3495 2220 3551 odium

634 3593 764 3651 erga
788 3593 910 3636 eum
949 3591 1103 3638 auten
1128 3582 1435 3640 exhibuisse
1453 3626 1470 3650 ,
1499 3591 1557 3639 ut
1592 3599 1663 3641 ne
1691 3593 1936 3654 maternus
1963 3601 2058 3641 eos
2096 3585 2222 3641 binc

636 3671 929 3740 stupuisse
966 3671 1075 3727 odii
1123 3672 1205 3728 sui
1252 3682 1438 3729 contra
1464 3690 1586 3730 cum
1632 3675 1932 3730 exordium.
1960 3675 2219 3746 Apposita-

636 3770 755 3815 runt
782 3761 928 3819 enim
962 3764 1131 3819 adhuc
1160 3780 1279 3820 ctua
1317 3765 1436 3820 odio
1457 3766 1707 3838 prosequi
1735 3781 1756 3821 :
1776 3766 1881 3823 hoc
1905 3778 1988 3823 est
2005 3809 2023 3836 ,
2052 3769 2220 3824 multo

576 3910 579 3917 λ
638 3850 807 3921 magis
832 3854 1102 3923 augebant
1136 3854 1317 3913 odium
1347 3864 1403 3911 et
1426 3856 1730 3912 inimicitias
1748 3870 1936 3914 contra
1980 3876 2121 3915 eum.
2154 3863 2221 3919 lit

638 3940 759 3998 vide
810 3941 998 4020 miratu
1026 3944 1237 4001 illorum
1281 3946 1615 4003 caritatem?
1638 3947 1738 4019 ipsi
1775 3950 1921 4005 enim
1950 3952 2215 4006 somnitnn

635 4041 928 4101 exponunt.
954 4033 1069 4093 Non
1087 4036 1230 4092 enim
1251 4045 1338 4092 eat
1362 4035 1671 4107 dicendum,
1701 4053 1798 4099 eos
1824 4050 2040 4111 propter
2065 4039 2221 4110 igno-

640 4136 677 4172 r.
891 4138 1077 4181 eorum
1102 4165 1119 4190 ,
1144 4141 1265 4194 quae
1296 4124 1468 4182 futura
1492 4138 1646 4201 erant
1663 4169 1680 4195 ,
1703 4128 1954 4184 invidiam
1988 4130 2219 4200 gessisse

638 4218 825 4265 contra
865 4227 1013 4278 eum;
1038 4213 1133 4269 sed
1178 4223 1239 4271 ut
1294 4216 1466 4274 fama
1507 4233 1571 4273 es
1617 4219 1839 4275 somniis
1875 4218 2213 4286 didicerunt.

637 4306 849 4353 auctum
896 4310 978 4356 est
1024 4302 1205 4359 odium
1234 4319 1439 4363 eorum.
1481 4308 1527 4362 υ
1566 4307 1831 4379 ingentem
1882 4310 2211 4368 amentiam!

634 4389 925 4460 Oportebat
966 4393 1067 4448 ltoc
1101 4396 1335 4453 scientes
1364 4398 1620 4467 majorem
1655 4414 1778 4470 erga
1804 4400 1954 4457 illum
1983 4402 2216 4460 benevo-

637 4482 853 4539 lentiam
876 4484 1149 4542 declarare
1167 4527 1182 4551 .
1211 4502 1243 4545 e
1269 4489 1449 4545 medio
1475 4491 1660 4547 tollere
1681 4492 1789 4548 odii
1812 4507 2027 4549 causam
2052 4505 2214 4567 atque

635 4572 869 4643 clfugare
897 4576 1199 4634 invidentia:
1222 4578 1468 4637 affectum
1495 4599 1511 4638 :
1537 4582 1868 4640 obtenebrati
1912 4595 2093 4649 metite
2110 4626 2128 4653 ,
2156 4597 2213 4642 et

637 4678 742 4716 non
788 4663 1030 4742 videntes
1072 4681 1132 4724 se
1184 4681 1369 4727 contra
1408 4673 1726 4743 semetipsos
1764 4674 1945 4729 omnia
1999 4675 2210 4745 facere,

636 4755 801 4808 multo
827 4756 1029 4825 majore
1067 4758 1191 4815 odio
1219 4761 1272 4816 in
1297 4776 1418 4817 eum
1459 4771 1793 4824 exarserunt.
1814 4766 1990 4831 Quare
2008 4808 2023 4831 ,
2048 4780 2084 4821 ο
2108 4766 2210 4820 mi-

634 4845 739 4900 seri
779 4853 831 4900 ct
872 4846 1165 4905 calamitosi
1191 4891 1208 4917 ,
1240 4858 1438 4906 tantam
1464 4853 1774 4909 declnrnstis
1793 4854 2042 4910 invidiam
2063 4898 2079 4921 ,
2104 4872 2209 4912 non

632 4937 925 5005 cogitantes
944 4949 999 4993 et
1025 4940 1316 4996 fraternum
1348 4943 1611 4999 vinculum
1633 4987 1650 5011 ,
1679 4955 1736 5001 et
1756 4948 2086 5004 somniorum
2118 4965 2205 5006 re-

636 5030 949 5083 vetationctn
988 5030 1322 5086 manifestam
1357 5032 1450 5087 Dei
1477 5049 1601 5103 erga
1632 5036 1779 5091 illum
1804 5036 2080 5093 declarare
2112 5040 2196 5094 be-

632 5118 1016 5173 nevolentiam?
1039 5120 1211 5177 Nolite
1234 5123 1375 5176 enim
1402 5125 1711 5181 existimare
1734 5142 1855 5197 qua:
1881 5143 1912 5183 a
1942 5128 2052 5185 Deo
2074 5147 2210 5201 pran-

630 5209 833 5278 signata
864 5220 1004 5275 sunt,
1041 5228 1197 5282 posse
1220 5214 1478 5269 subverti.
1508 5216 1637 5271 Nam
1664 5220 1802 5274 sicut
1824 5224 2090 5278 somnium
2118 5225 2204 5279 di-

628 5296 921 5364 indicastis.
952 5301 1021 5354 ita
1044 5303 1144 5356 erit
1172 5320 1275 5357 non
1302 5314 1425 5375 post
1444 5309 1665 5362 multum
1695 5314 1967 5381 temporis,
1996 5315 2203 5372 etiamsi

631 5392 907 5443 innumera
959 5392 1262 5462 excogitare
1299 5396 1595 5451 volueritis.
1628 5397 1811 5456 Soich
1835 5403 1977 5458 enim
2017 5416 2072 5459 et
2113 5422 2203 5460 sa-

630 5477 780 5545 piens
804 5493 923 5532 cum
953 5484 1021 5535 sit
1046 5484 1282 5539 omnium
1330 5486 1580 5541 Dominus
1602 5529 1617 5553 ,
1650 5498 1709 5542 ut
1740 5503 1851 5545 sua:
1871 5491 2079 5549 virtutis
2112 5495 2203 5550 de-

629 5568 795 5622 claret
841 5574 1173 5638 potentiam.
1210 5588 1353 5645 saepe
1398 5578 1561 5631 multa
1626 5580 1885 5648 permittit
1933 5582 2199 5654 interponi

628 5661 1004 5728 itnpcdimcnla
1029 5706 1044 5728 ,
1062 5675 1130 5718 .nt
1154 5665 1221 5721 iis
1249 5681 1367 5737 que
1401 5669 1499 5723 sibi
1526 5670 1726 5738 pridem
1754 5673 1863 5728 visa
1895 5686 2195 5742 erantper-

629 5751 813 5819 fectis,
845 5769 1102 5813 summam
1131 5758 1341 5816 virtutis
1386 5774 1496 5819 sua:
1547 5762 1781 5822 declaret
1827 5771 2191 5826 eminentiam.

1290 400 1351 457 S.
1388 400 1664 458 JOASNIS
1689 368 2523 455 CllRYSOSTOilI'AIlCﬂlEP.
2562 386 3101 450 CONSTANTINOP.

2313 506 2509 563 Verum
2540 507 2610 560 ita
2636 520 2696 560 se
2722 502 2881 559 liabet
2899 500 3095 557 invidia
3121 541 3139 570 ,
3172 498 3303 560 nihil
3331 510 3518 553 eorum
3540 493 3780 566 cogitare
3809 509 3907 565 pn-

2311 610 2437 669 test,
2467 600 2562 657 sed
2589 600 2830 664 omnino,
2858 607 2916 652 ut
2936 597 3009 651 ita
3036 594 3235 659 dicant,
3264 592 3353 647 ubi
3384 588 3597 646 invidus
3622 596 3815 659 captus
3838 586 3909 641 ab

2313 695 2418 749 lioe
2457 692 2647 755 morbo
2675 690 2865 754 fuerit.
2893 697 3080 743 contra
3123 700 3277 742 suam
3322 683 3488 754 ipsius
3527 680 3757 736 salutem
3785 678 3913 733 facit

2311 786 2513 840 nuntia.
2542 785 2605 839 Et
2628 783 2702 838 illi
2730 781 2945 853 quidem
2976 778 3284 835 narmtione
3312 772 3710 830 somniiodium
3740 785 3905 825 ause-

2314 886 2485 938 rnnt;
2547 872 2877 929 admirabilis
2921 880 3110 925 autem
3144 866 3343 938 Joscpb
3392 865 3482 920 ubi
3524 875 3581 920 et
3632 860 3778 918 aliud
3824 876 3917 915 so-

2311 966 2518 1021 mnium
2546 964 2697 1025 vidit.
2722 978 2834 1019 non
2865 961 2993 1033 ipsis
3021 959 3218 1024 solum,
3251 957 3346 1014 sed
3374 965 3430 1011 et
3454 954 3594 1026 patri
3620 960 3825 1008 narrat.
3854 953 3914 1007 9.

2315 1057 2480 1125 Quasi
2505 1057 2585 1110 sol
2609 1065 2656 1111 et
2683 1054 2808 1110 luna
2847 1063 2894 1107 et
2930 1037 3348 1107 nndecint'stellte
3367 1046 3649 1101 odorabunt
3688 1060 3789 1098 nte.
3819 1042 3911 1098 10.

2318 1149 2385 1205 Et
2429 1148 2705 1217 increpavit
2745 1161 2860 1201 eum
2909 1152 3053 1215 pater
3078 1158 3232 1204 suns.
3264 1149 3312 1195 et
3341 1140 3470 1193 dixit
3514 1138 3561 1193 ei
3590 1152 3610 1191 :
3641 1133 3795 1203 Quod
3841 1142 3920 1188 est

2314 1238 2567 1294 somnium
2593 1238 2707 1300 hoc,
2732 1234 2868 1307 quod
2890 1233 3157 1289 somniasti
3174 1231 3201 1287 .’
3235 1229 3286 1286 N
3290 1227 3500 1297 nmquid
3531 1238 3707 1284 euntes
3727 1225 3925 1280 ibiutus

2317 1348 2409 1405 ego
2430 1340 2478 1386 et
2526 1339 2687 1384 mater
2710 1338 2799 1383 tua
2816 1369 2831 1390 .
2859 1337 2905 1383 et
2931 1330 3115 1398 fratres
3156 1324 3228 1379 tui
3248 1365 3264 1389 ,
3298 1333 3352 1377 ut
3378 1322 3647 1376 adoremus
3671 1327 3721 1373 te
3759 1332 3926 1387 super

2317 1424 2540 1481 terram!
2567 1424 2656 1479 ll.
2688 1420 2947 1477 .Emalati
2970 1429 3139 1474 autem
3160 1426 3276 1474 sunt
3304 1432 3415 1471 eum
3432 1411 3628 1483 fratres
3640 1412 3739 1477 sui.
3771 1417 3927 1481 pater

2317 1531 2433 1570 noro
2466 1513 2743 1570 absumsit
2768 1511 2993 1566 verbm.
3015 1508 3205 1565 Sciens
3234 1516 3386 1579 pater
3425 1503 3568 1575 quod
3600 1503 3795 1558 fratres
3834 1499 3927 1556 in-

2321 1608 2569 1663 viderent
2607 1605 2657 1660 ei
2677 1645 2694 1671 ,
2722 1612 2947 1675 propter
2976 1602 3081 1655 boe
3125 1596 3413 1670 increpavit
3437 1610 3661 1667 puerum
3682 1632 3701 1659 ,
3729 1604 3786 1648 et
3816 1607 3924 1647 ex-

2320 1700 2495 1772 posuit
2522 1698 2685 1755 etiam
2711 1697 2826 1767 ipse
2853 1694 3153 1757 somnium,
3180 1706 3246 1748 ac
3272 1690 3586 1758 conjectans
3616 1702 3646 1741 a
3684 1685 3798 1741 Deo
3827 1698 3924 1739 re-

2316 1790 2642 1847 ret-itionem
2691 1788 2740 1842 ei
2783 1786 3015 1851 factam,
3060 1779 3385 1838 observabat
3424 1777 3668 1833 verbum.
3715 1773 3925 1830 Verum

2322 1898 2428 1939 non
2457 1882 2528 1937 ita
2557 1878 2821 1936 faciebant
2840 1877 3050 1932 fratres.
3078 1872 3187 1930 Sed
3207 1871 3364 1944 quid?
3388 1869 3586 1926 lterum
3608 1866 3779 1923 multo
3806 1878 3928 1920 ma-

2321 1976 2403 2046 gis
2424 1972 2837 2029 aemulabantur.
2863 1968 2972 2031 Cur
2998 1967 3172 2023 insani
3214 1961 3431 2020 fuistis?
3457 1976 3554 2016 cur
3580 1957 3926 2030 stupidorum

2321 2080 2484 2137 opera
2529 2062 2768 2119 fecistis?
2790 2060 2907 2117 Non
2936 2058 3241 2131 cogitastis,
3270 2053 3565 2111 secundum
3590 2049 3926 2107 insomnium

2319 2172 2429 2213 non
2454 2163 2694 2218 temere,
2726 2164 2903 2222 neque
2921 2147 3142 2205 fortuito
3171 2146 3370 2202 factum
3396 2158 3519 2201 esse
3546 2157 3562 2198 :
3590 2139 3686 2197 sed
3714 2149 3775 2196 ut
3793 2154 3927 2195 cum

2320 2244 2616 2307 didiceritis
2642 2243 2863 2299 omnino
2912 2238 3089 2295 futura
3134 2251 3262 2294 esse
3302 2250 3427 2306 qua:
3465 2230 3721 2304 pradieta
3751 2239 3880 2286 sunt
3902 2268 3924 2292 .

2320 2336 2547 2395 cessetis
2576 2332 2823 2389 meditari
2865 2328 3216 2385 fratricidium
3236 2362 3254 2393 ,
3283 2334 3467 2395 utpote
3495 2337 3609 2380 rem
3635 2321 3931 2378 molien'cs

2323 2424 2755 2501 impossibileml
2781 2423 2947 2496 Igitur
2972 2419 3257 2493 oportebat
3284 2414 3501 2489 quidem
3528 2428 3648 2480 vos,
3676 2426 3800 2468 cum
3821 2426 3928 2467 co-

2318 2520 2583 2595 gitaretls,
2610 2505 2665 2576 et
2692 2520 2745 2574 in
2778 2527 3012 2573 mentem
3033 2512 3349 2583 acciperetis
3364 2508 3652 2566 fraternam
3683 2512 3930 2561 vestram

2320 2611 2757 2684 coniunctionem
2783 2651 2800 2677 ,
2844 2608 3077 2664 futuram
3123 2603 3301 2660 fiatris
3346 2601 3573 2673 gloriam
3607 2613 3705 2668 pro
3742 2604 3929 2652 vestra

2323 2705 2541 2763 ducere.
2571 2701 2836 2772 Quoniam
2880 2711 3064 2754 au'em
3091 2696 3159 2751 ad
3206 2696 3308 2750 hoc
3350 2707 3459 2748 non
3502 2687 3879 2769 rcspiciebatis
3908 2726 3926 2751 .

2322 2780 2659 2865 consequens
2706 2789 2805 2845 fuit
2827 2787 2954 2843 illud
2983 2786 3241 2858 cogitare,
3270 2798 3365 2839 vos
3400 2788 3726 2837 noncoutra
3751 2791 3883 2834 eum
3908 2817 3928 2844 ,

2323 2883 2418 2941 sed
2437 2891 2623 2940 contra
2645 2880 2885 2937 omnium
2916 2879 3228 2942 Dominum,
3260 2874 3350 2946 qui
3378 2872 3482 2929 hoc
3510 2872 3561 2929 ei
3582 2871 3693 2943 iam
3716 2869 3932 2926 revelaa

2322 2978 2438 3041 vit,
2485 2972 2686 3029 bellum
2716 2985 2924 3043 gerere.
2965 2966 3163 3023 Verum
3212 2966 3285 3021 illi
3325 2963 3541 3037 quidem
3565 3004 3583 3031 ,
3609 2960 3749 3016 sicut
3777 2957 3928 3027 dixi,

2324 3080 2501 3136 neque
2526 3072 2731 3119 natura:
2757 3059 3028 3116 vinculum
3061 3056 3299 3121 reveriti,
3334 3069 3509 3126 neque
3545 3052 3599 3108 in
3625 3058 3808 3107 tuente
3826 3065 3929 3104 ca-

2327 3146 2535 3228 pientes
2560 3160 2761 3226 quanta
2790 3152 2882 3208 ille
2904 3165 3137 3222 superna
3181 3145 3556 3206 benevolentia
3595 3143 3927 3206 nnmiretur.

2326 3248 2507 3303 odium
2529 3244 2769 3318 quotidie
2795 3250 3062 3299 anserum
3086 3260 3101 3297 :
3124 3249 3179 3297 et
3197 3240 3406 3296 occulte
3430 3238 3569 3292 intra
3597 3233 3931 3304 semctipsos

2326 3354 2513 3409 rogum
2556 3335 2952 3401 accenderunt,
2995 3347 3170 3405 neque
3220 3344 3403 3403 patre,
3437 3342 3614 3399 neque
3653 3325 3768 3382 tilio
3814 3324 3930 3380 tale

2323 3428 2595 3500 quidpiam
2635 3425 3064 3497 suspicantibus,
3096 3438 3270 3494 neque
3311 3416 3675 3493 cogitantibus
3725 3431 3825 3473 eos
3867 3417 3927 3471 in

2326 3530 2528 3576 tantam
2558 3519 2818 3576 insaniam
2846 3532 2968 3573 esse
2995 3523 3392 3587 properaturos.
3430 3510 3553 3567 Ideo
3575 3508 3663 3565 ubi
3690 3506 3928 3579 [n-ofecti

2325 3618 2453 3668 sunt
2479 3611 2676 3668 fratres
2696 3609 2762 3664 ad
2787 3622 2980 3681 greges
3005 3624 3019 3661 :
3044 3606 3131 3663 l3.
3160 3603 3327 3681 Dixit,
3342 3592 3551 3674 inquit,
3575 3609 3719 3672 pater
3737 3599 3809 3653 ad
3826 3597 3933 3652 Jo-

2323 3704 2449 3771 seplt
2475 3717 2495 3758 :
2522 3700 2711 3757 Nonne
2737 3700 2920 3770 fratres
2943 3700 3017 3754 tui
3045 3707 3260 3769 poscunt
3282 3712 3396 3752 ores
3412 3697 3466 3749 in
3483 3694 3746 3766 Sgchent!
3771 3690 3930 3757 Vetti.

2325 3796 2519 3848 mittant
2544 3803 2593 3848 te
2616 3792 2687 3846 ad
2711 3808 2818 3846 eos.
2844 3788 3084 3862 Dixitque
3106 3789 3153 3845 ei
3178 3804 3198 3844 :
3227 3787 3356 3844 Ecce
3374 3804 3491 3859 ego.
3525 3783 3718 3841 Vidisti
3749 3787 3931 3855 patris

2321 3901 2448 3957 erga
2497 3884 2638 3940 filius
2662 3885 2680 3917 ¹
2711 3881 3100 3940 dilectionem?
3150 3879 3327 3935 vidisti
3373 3878 3467 3933 lilii
3514 3875 3930 3932 obedientiam?

2326 3975 2467 4031 Dixit
2489 3984 2670 4030 autem
2693 3975 2742 4029 ei
2777 3990 2793 4028 :
2823 3973 2904 4028 l4.
2941 3971 3115 4036 Vade,
3143 3978 3191 4025 et
3215 3970 3361 4037 side,
3392 3985 3515 4023 mnu
3534 3967 3648 4023 sani
3670 3966 3773 4022 sint
3802 3970 3928 4039 [ra-

2321 4078 2422 4122 tres
2447 4067 2541 4131 tui,
2561 4076 2609 4120 et
2637 4081 2775 4131 oves,
2792 4074 2837 4119 et
2852 4064 3101 4119 annuntio
3125 4062 3272 4118 milii.

2393 4160 2447 4213 5.
2475 4157 2673 4229 Ioseph
2693 4159 2862 4230 ﬁgura
2880 4155 3086 4211 Christi.
3113 4185 3186 4197 -—
3211 4154 3337 4211 liae
3361 4162 3539 4210 autem
3565 4152 3746 4209 omnia
3772 4150 3923 4209 facit

2319 4259 2448 4306 sunt
2470 4288 2488 4312 .
2515 4256 2574 4303 ut
2595 4256 2651 4303 et
2674 4246 2890 4318 Josepbi
2930 4261 3054 4318 erga
3096 4244 3292 4302 fratres
3329 4250 3720 4300 monstraretur
3745 4243 3925 4299 bene-

2320 4338 2575 4403 volentia,
2596 4347 2650 4393 et
2668 4336 2880 4391 illorum
2901 4333 3242 4406 sanguinaria
3259 4350 3410 4391 tuens
3430 4332 3584 4391 fieret
3606 4332 3922 4390 manifosta.

2322 4432 2540 4488 Factum
2567 4438 2652 4487 est
2675 4440 2854 4501 autem
2877 4428 3006 4485 etin
3036 4429 3257 4500 figuram
3286 4425 3761 4492 futurorum,.tttiu
3794 4440 3923 4481 unt-

2320 4522 2415 4579 bra
2437 4523 2607 4577 multo
2633 4530 2790 4577 antea
2810 4519 3052 4576 veritatis
3082 4533 3170 4575 res
3198 4517 3650 4574 describerentur.
3676 4514 3750 4571 Et
3772 4516 3922 4572 sicut

2317 4615 2604 4694 Josepitad
2636 4614 2827 4671 fratres
2854 4614 2985 4670 abiit
3011 4612 3239 4669 invisum
3268 4626 3385 4680 eos,
3413 4621 3469 4667 et
3496 4612 3569 4667 illi
3595 4625 3774 4682 neque
3801 4612 3919 4668 fra-

2318 4706 2643 4766 ternitatem.
2670 4720 2845 4777 neque
2868 4704 3127 4760 adventus
3147 4719 3364 4759 causam
3396 4701 3642 4767 reveriti,
3676 4704 3917 4771 primum

2316 4794 2532 4867 quidem
2558 4794 2625 4851 de
2661 4793 2955 4850 occidendo
2976 4794 3068 4848 illo
3086 4792 3454 4849 deliberabant
3476 4834 3494 4859 ,
3516 4802 3697 4863 postea
3726 4802 3917 4846 autem

2314 4891 2671 4948 vendiderunt
2717 4888 2960 4944 barbaris
2991 4904 3005 4941 :
3039 4890 3111 4944 ita
3151 4898 3205 4943 et
3235 4886 3495 4942 Dominus
3540 4894 3724 4940 noster
3753 4898 3913 4940 suam

2314 4996 2540 5038 servans
2578 4979 3026 5045 misericordiam,
3068 4978 3284 5034 advenit
3327 4977 3571 5033 invisens
3612 4976 3912 5031 humanum

2313 5088 2501 5145 genus,
2525 5083 2579 5129 et
2595 5081 2841 5143 suscepta
2858 5082 3054 5127 nostra:
3083 5070 3269 5126 forma:
3294 5085 3475 5134 mrne,
3509 5069 3757 5138 dignatus
3788 5068 3911 5123 ﬁeri

2317 5167 2484 5220 frater
2507 5174 2710 5227 noster.
2738 5164 2815 5217 sic
2854 5163 3093 5218 advenit.
3145 5161 3212 5216 Et
3234 5161 3431 5215 clamat
3455 5160 3649 5215 Paulus
3675 5159 3863 5213 dicens
3888 5176 3908 5214 :

2316 5257 2437 5312 Non
2480 5257 2614 5311 enim
2642 5256 2849 5327 angelos
2874 5250 3168 5323 assumpsit,
3185 5254 3274 5308 sed
3300 5270 3467 5308 semen
3487 5253 3706 5308 At:er
3730 5268 3748 5305 :
3769 5252 3909 5306 unde

2312 5348 2483 5403 debuit
2510 5365 2603 5418 per
2638 5348 2805 5402 omnia
2844 5345 3091 5418 fratribus
3135 5346 3315 5399 similis
3346 5345 3459 5414 ﬁeri
3500 5342 3682 5412 (Hebr.
3720 5341 3777 5397 2.
3812 5344 3906 5399 i6.

2315 5441 2425 5510 l7).
2457 5438 2562 5495 Sed
2591 5439 2781 5509 ingrati
2818 5436 2991 5493 iudici
3023 5437 3321 5491 animarum
3361 5449 3755 5505 corporumque
3785 5434 3906 5488 Ilo-

2311 5531 2487 5585 dicum
2517 5530 2792 5603 innumera
2843 5528 3098 5583 miracula
3141 5525 3380 5598 quotidie
3425 5532 3723 5595 patrantem
3754 5532 3906 5579 occl-

2308 5622 2438 5678 derc
2462 5621 2635 5677 conati
2664 5629 2824 5689 sunt,
2855 5629 2911 5676 et
2948 5634 3114 5691 opere
3140 5617 3546 5689 compleverunt
3591 5616 3774 5671 animo
3798 5630 3902 5670 suo

2373 5783 2390 5814 ¹
2424 5779 2560 5833 Savil.
2587 5788 2640 5835 ct
2657 5780 2850 5847 quidam
2871 5784 2998 5841 llas,
3020 5790 3141 5845 ergo
3156 5775 3340 5843 ﬁlium;
3369 5778 3531 5829 minus
3552 5788 3707 5830 τωω.
