4086 6422
207 381 315 439 529

202 496 484 551 decretam
532 496 774 560 aedem;
805 510 868 552 ac
891 498 1280 556 cruciﬁxerunt
1313 515 1438 555 eum
1482 501 1574 573 qui
1602 511 1824 571 propter

209 599 455 644 nostram
503 591 733 646 salutem
779 594 920 647 servi
965 592 1190 649 formam
1238 597 1518 667 suscipere
1573 595 1822 668 dignatus

199 691 306 735 est.
348 681 416 737 Et
457 683 542 739 isti
573 683 789 754 quidem
832 685 1231 756 apprehensum
1257 729 1272 752 ,
1303 697 1360 743 et
1382 689 1530 743 cmci
1559 688 1813 744 traditum

201 772 670 827 occiderunt:illi
718 781 904 830 autem
964 778 1350 834 consultabant
1408 778 1664 850 quidem,
1723 781 1818 836 sed

203 876 368 930 opere
389 863 532 934 quod
557 864 912 922 consulebant
941 883 1048 922 non
1097 869 1478 939 impleverunt.
1520 870 1820 940 Oportebat

203 962 391 1008 autem
446 953 675 1024 ﬁguram
734 956 914 1012 minus
971 957 1215 1026 habere.
1270 977 1430 1031 quam
1489 963 1819 1018 veritatem:

197 1045 326 1112 quia
369 1045 568 1115 alioqui
611 1063 716 1101 non
766 1047 951 1103 fuisset
1005 1049 1172 1120 figura
1203 1064 1391 1107 eorum
1433 1068 1558 1122 qua:
1591 1053 1817 1122 msthac

199 1133 378 1185 futura
409 1146 588 1189 erant.
625 1136 911 1206 Propterea
953 1139 1061 1193 illic
1090 1139 1308 1210 quidem
1347 1142 1500 1211 quasi
1526 1143 1578 1196 in
1629 1143 1816 1198 umbra

199 1225 525 1295 prasignata
569 1239 712 1282 sunt.
779 1227 850 1283 Et
914 1231 1285 1287 animadverte
1326 1249 1443 1288 rem
1493 1233 1814 1289 mirabilem.

197 1313 320 1370 Non
363 1317 709 1385 occiderunt,
755 1319 849 1375 sed
893 1321 1288 1389 vendiderunt,
1335 1333 1391 1378 et
1425 1334 1631 1379 vestem
1679 1325 1818 1380 lardi

195 1411 467 1480 sanguine
498 1412 843 1482 inquinantes
869 1415 1132 1471 dederunt
1157 1415 1294 1486 patri
1321 1458 1336 1482 ,
1367 1417 1698 1486 persuadere
1725 1433 1821 1471 vo-

195 1501 376 1558 lentes
412 1505 652 1562 occisum
681 1505 846 1562 fuisse
874 1510 1041 1563 tilium
1084 1523 1265 1564 suum.
1293 1508 1460 1565 Vides
1487 1511 1666 1565 omnia
1699 1510 1818 1565 haec

193 1591 338 1649 facta
363 1611 508 1663 esse,
537 1607 595 1652 ut
621 1599 774 1668 quasi
802 1599 854 1653 in
884 1600 1072 1654 umbra
1099 1601 1276 1670 imago
1303 1601 1394 1656 illa
1421 1614 1601 1656 rerum
1631 1603 1804 1669 fieret,

192 1693 258 1739 et
280 1688 482 1743 veritas
509 1689 904 1746 custodiretur?
933 1690 1043 1747 Sed
1069 1692 1136 1746 ad
1166 1693 1362 1748 seriem
1397 1694 1664 1749 sermonis
1688 1695 1812 1749 rcil-

190 1793 406 1834 t-amus.
439 1779 505 1835 Et
542 1783 680 1836 misit
721 1801 839 1838 eum
863 1826 877 1848 ,
907 1786 1115 1856 inquit,
1148 1797 1310 1856 pater,
1343 1797 1390 1840 et
1431 1789 1564 1841 venit
1611 1789 1666 1842 in
1706 1789 1813 1858 Sy-

189 1873 364 1928 τήθη..
381 1928 383 1930 ,
403 1877 489 1929 lli.
523 1871 594 1929 Et
620 1877 815 1930 invenit
842 1894 957 1932 eum
980 1878 1135 1932 homo
1169 1889 1420 1934 errantem
1449 1881 1501 1934 in
1527 1897 1672 1952 agro.
1703 1882 1812 1936 Ro-

189 1965 330 2032 gavit
359 1975 530 2020 autem
561 1983 676 2020 eum
702 1969 853 2022 homo
879 1969 1053 2024 dicens
1083 1986 1102 2024 :
1134 1970 1273 2037 Quid
1300 1973 1488 2042 quieris
1519 1973 1546 2026 .’
1595 1974 1682 2028 16.
1715 1972 1818 2028 Ille

189 2065 365 2110 autem
390 2056 524 2111 dixit
550 2074 570 2112 :
598 2057 810 2115 Fratres
837 2076 972 2115 meos
993 2078 1187 2128 quem.
1236 2064 1498 2118 Annuntia
1539 2065 1700 2130 mihi,
1730 2066 1817 2120 ubi

190 2156 415 2212 pascant
458 2163 595 2202 om.
632 2148 925 2206 Considera
951 2152 1228 2222 quomodo
1268 2154 1354 2210 hic
1400 2172 1595 2227 magno
1637 2157 1815 2213 studio

186 2236 261 2291 de
317 2237 577 2295 fratribus
626 2243 741 2298 suis
771 2243 1027 2314 inquirit,
1058 2254 1113 2300 et
1139 2247 1353 2303 curiose
1401 2250 1726 2318 perlustrat,
1759 2261 1815 2307 et

187 2329 375 2382 omnia
407 2329 537 2385 facit
573 2321 635 2386 ut
677 2348 773 2388 eos
799 2335 984 2390 videre
1011 2337 1198 2405 possit.
1234 2339 1322 2392 17.
1365 2339 1510 2394 Dixit
1536 2352 1705 2395 autent
1729 2345 1809 2410 ei,

189 2419 388 2491 inquit,
413 2423 568 2476 hoino
599 2441 618 2478 :
641 2426 826 2480 Audivi
850 2443 936 2482 eos
966 2429 1208 2496 dicentes,
1241 2430 1432 2484 Eamus
1459 2433 1510 2486 in
1548 2433 1809 2491 Dat/inim.

190 2507 260 2562 Et
288 2511 379 2564 irit
409 2511 634 2582 Joseplt,
663 2527 713 2567 et
734 2516 920 2570 invenit
947 2534 1054 2572 eos.
1089 2519 1178 2575 18.
1199 2519 1356 2574 Prius
1386 2534 1554 2577 autem
1581 2526 1815 2580 viderunt

186 2616 307 2656 eum
331 2620 364 2656 a
392 2605 545 2676 longe
572 2617 840 2674 antequam
869 2613 1306 2683 appropinquaret
1325 2615 1394 2668 ad
1421 2633 1493 2679 se,
1525 2626 1573 2670 et
1596 2619 1816 2690 maligne

187 2694 518 2762 cogitabant,
549 2706 603 2749 ut
631 2698 911 2754 occiderent
952 2718 1086 2755 eum.
1115 2703 1408 2759 Considera
1441 2705 1562 2770 hic,
1595 2724 1810 2777 quarso,

191 2784 289 2839 Dei
322 2788 609 2855 providam
637 2791 956 2860 sapientiam
977 2834 993 2859 ,
1026 2795 1298 2862 quomodo
1328 2796 1405 2851 illi
1429 2798 1646 2867 quidem
1679 2816 1814 2856 con-

184 2878 343 2932 citati
369 2888 527 2933 erant
557 2879 611 2935 in
632 2882 834 2937 e'cdcin
859 2884 977 2950 ejus
1006 2899 1019 2936 :
1049 2885 1166 2954 ipse
1191 2897 1370 2942 autem
1403 2891 1582 2943 omnia
1612 2890 1813 2947 faciens

185 2978 247 3022 et
277 2978 651 3025 transmutans
681 2974 940 3041 permittit
967 2974 1184 3030 interim
1209 2978 1390 3032 omnia
1422 2979 1810 3048 impedimenta

187 3060 382 3130 objici.
419 3072 477 3116 ut
497 3051 698 3119 athleta
727 3080 826 3120 suo
851 3066 1083 3120 clariore
1110 3065 1282 3132 facto,
1304 3080 1634 3137 postremum
1662 3088 1813 3128 som-

188 3154 412 3208 niorum
435 3154 668 3210 adducat
696 3167 970 3212 eventum.
1012 3155 1167 3213 Prius
1197 3170 1366 3214 autem
1393 3162 1625 3216 viderunt
1656 3182 1769 3219 eum
1793 3206 1808 3230 ,

189 3244 392 3311 ﬁniuit,
425 3255 472 3298 et
497 3248 717 3316 maligne
741 3250 1033 3318 cogitabant
1058 3260 1114 3303 ut
1134 3253 1421 3308 occiderent
1446 3271 1581 3310 erant.
1607 3257 1692 3311 l9.
1719 3259 1784 3312 Di
1794 3288 1813 3302 ο

186 3336 338 3390 cebat
358 3347 531 3391 autem
562 3342 908 3411 unusquisque
947 3345 1017 3396 ad
1041 3348 1254 3416 fratrem
1283 3363 1433 3400 suum
1461 3364 1482 3402 ε
1507 3347 1642 3405 Ecce
1669 3369 1807 3406 som-

188 3427 367 3482 m'ator
417 3429 510 3482 ille
556 3432 688 3484 venit
718 3445 738 3486 :
764 3433 854 3486 20.
886 3449 1021 3487 nunc
1066 3436 1224 3506 igitur
1271 3439 1471 3502 venite,
1517 3443 1810 3498 occidamus

187 3537 329 3585 cum,
362 3533 410 3576 et
438 3525 770 3594 proﬁciamus
797 3543 912 3580 eum
951 3529 1007 3582 in
1033 3529 1202 3582 lacum
1234 3547 1389 3584 unum
1421 3549 1485 3586 ea:
1514 3534 1593 3587 liis
1614 3576 1628 3598 ,
1657 3546 1704 3588 et
1729 3537 1811 3589 di-

187 3629 369 3668 cemus
391 3655 408 3678 ,
461 3615 514 3667 Μ
522 3615 607 3669 ala
650 3616 807 3671 bestia
837 3619 1093 3673 devoravit
1140 3637 1256 3674 eum
1275 3663 1290 3688 ,
1313 3632 1360 3674 et
1383 3622 1662 3678 videbimus
1686 3627 1810 3695 quid

187 3715 348 3758 erunt
373 3708 574 3761 somnia
602 3709 738 3776 ejus.

270 3797 402 3864 ρυω
425 3811 544 3853 sunt
578 3819 610 3853 a
639 3802 744 3855 Deo
775 3804 1023 3872 praedicta
1053 3818 1300 3875 nequeunt
1331 3807 1588 3876 impediri.
1617 3840 1687 3849 —
1712 3810 1806 3865 Vi-

184 3887 318 3942 disti
345 3930 360 3954 ,
394 3905 491 3944 eos
516 3893 850 3947 somniorum
881 3904 1133 3950 eventum
1161 3908 1537 3966 exspectantes
1559 3900 1808 3957 occidere

187 3995 317 4034 eum
349 3994 578 4036 conatos
605 3985 751 4039 esse?
781 3986 885 4040 Sed
913 3997 968 4040 ut
993 3988 1236 4053 discant,
1271 4006 1378 4042 non
1406 4005 1528 4046 esse
1555 3993 1808 4060 possibile

185 4089 254 4129 ea
289 4091 414 4146 quae
442 4091 474 4130 a
527 4077 636 4131 Deo
666 4089 792 4132 sunt
835 4082 1087 4149 prmdicta
1114 4122 1129 4144 ,
1159 4097 1266 4136 non
1311 4098 1477 4151 opere
1505 4085 1762 4153 compleri
1789 4128 1804 4150 ,

185 4168 505 4221 consultant
528 4177 583 4222 et
611 4179 899 4236 attentam,
933 4181 988 4226 et
1017 4186 1170 4226 suam
1193 4174 1472 4228 declarant
1501 4177 1758 4230 malitiam
1788 4196 1800 4230 ε

185 4271 244 4312 at
266 4261 486 4329 sapiens
508 4271 562 4314 et
589 4276 749 4330 sagax
781 4261 922 4318 Deus
948 4263 1291 4320 insidiatores
1312 4267 1619 4339 ministrare
1641 4271 1804 4323 etiam

189 4353 389 4408 invitos
415 4355 564 4422 cogit
591 4353 975 4422 dispensationi
1009 4355 1332 4411 futurorum.
1366 4359 1632 4424 Quoniam
1660 4362 1804 4415 enim

186 4446 640 4514 conspiraverant
671 4452 720 4499 in
771 4457 998 4502 mortem
1035 4449 1186 4518 ejus,
1215 4459 1270 4504 et
1299 4451 1350 4503 in
1383 4452 1664 4519 proposito
1688 4452 1799 4521 jam

187 4538 507 4591 occiderant
539 4555 552 4590 :
581 4537 672 4591 21.
732 4537 802 4592 Ut
849 4539 1045 4592 audivit
1068 4581 1082 4605 ,
1133 4540 1307 4609 inquit
1329 4583 1342 4603 ,
1378 4542 1591 4606 Ruben,
1620 4543 1805 4613 eripuit

187 4646 302 4684 eum
327 4647 395 4684 ea:
419 4629 656 4683 inanibus
684 4647 878 4695 eorum,
905 4645 952 4687 et
980 4635 1110 4688 dixit
1141 4634 1266 4688 :22.
1300 4633 1426 4689 Non
1453 4639 1834 4706 percutiamus'

185 4739 302 4777 eum
330 4725 386 4777 in
412 4724 644 4777 animum
670 4740 689 4778 ε
716 4741 817 4779 non
840 4724 1088 4792 eﬂ'undite
1113 4727 1438 4797 sanguinem;
1459 4727 1666 4797 abjicite
1689 4747 1802 4785 eum

183 4817 238 4870 in
262 4817 437 4870 lacum
463 4817 614 4872 illum
653 4818 704 4870 in
732 4820 1006 4873 solitudine
1027 4860 1043 4885 ,
1078 4835 1285 4873 manum
1321 4834 1493 4877 autem
1523 4839 1628 4876 non
1673 4825 1800 4895 inji-

182 4908 284 4961 cite
333 4907 389 4960 in
430 4923 547 4961 eum
572 4919 669 4962 :ut
712 4926 826 4964 eum
873 4911 1086 4980 eriperet
1127 4928 1190 4966 ea:
1234 4913 1468 4968 manibus
1506 4931 1683 4969 eorum
1707 4958 1722 4981 ,
1754 4927 1803 4968 et

182 5001 421 5055 redderet
458 5018 575 5055 eum
604 5003 740 5073 patri
767 5020 882 5058 suo.
915 5003 1052 5059 Vide
1077 5016 1132 5060 et
1171 5007 1331 5060 istum
1355 5049 1368 5072 ,
1393 5009 1665 5077 quomodo
1693 5025 1800 5064 non

184 5093 348 5146 audet
379 5092 667 5149 manifeste
710 5095 921 5164 eripere
950 5096 1168 5150 fratrem
1192 5140 1205 5163 ,
1239 5099 1334 5153 sed
1361 5099 1472 5168 jam
1517 5100 1798 5156 occidendi

182 5195 441 5240 conatum
471 5195 528 5241 et
550 5187 806 5256 impetum
833 5186 1110 5243 refrenare
1134 5193 1341 5256 volens,
1371 5191 1500 5246 dicit
1529 5210 1541 5245 :
1577 5191 1698 5247 Non
1725 5199 1799 5263 ef-

181 5276 385 5344 fundite
413 5283 746 5348 sanguinem,
778 5279 867 5332 sed
911 5280 1112 5350 abjicite
1137 5298 1250 5336 eum
1278 5283 1331 5335 in
1367 5284 1553 5337 lacum.
1593 5285 1799 5342 Docere

182 5371 330 5426 enim
364 5384 464 5426 nos
492 5371 682 5428 volens
707 5372 883 5426 divina
930 5374 1205 5442 Scriptura
1233 5390 1454 5444 scOpum
1483 5386 1538 5431 et
1562 5390 1798 5433 mentem

185 5464 399 5530 Ruben,
426 5464 556 5519 dicit
577 5505 590 5517 .
615 5463 741 5519 [hoc
769 5476 948 5520 autem
975 5466 1219 5531 faciebat,
1257 5466 1323 5520 Ut
1352 5469 1564 5537 eriperet
1592 5486 1725 5531 eum,
1750 5483 1799 5525 et

179 5557 415 5611 redderet
433 5561 568 5626 patri
593 5573 706 5611 suo.
734 5556 802 5611 Et
826 5574 948 5612 cum
977 5559 1050 5612 illi
1081 5562 1197 5614 haec
1223 5563 1628 5627 consultarent,
1665 5579 1797 5616 non-

182 5650 309 5703 dum
354 5647 557 5718 losepti
611 5651 944 5716 advenerat,
989 5652 1082 5707 sed
1137 5664 1418 5722 postquam
1466 5655 1795 5724 colloquium

183 5743 286 5797 hoc
311 5743 686 5807 absolverunt,
721 5742 813 5798 25.
857 5742 1044 5810 Venit,
1069 5745 1257 5814 inquit,
1288 5744 1485 5815 Ioseph
1509 5744 1579 5800 ad
1610 5747 1795 5814 fratres

181 5851 319 5889 suos.
343 5833 480 5890 Cum
513 5836 674 5907 igitur
699 5839 1027 5906 oportuisset
1053 5837 1174 5893 illus
1201 5853 1488 5895 occurrere
1519 5838 1703 5908 fratri,
1735 5850 1792 5896 et

1237 385 1300 440 lN
1338 385 1474 442 CAP
1541 386 1806 445 XXXVII.
1847 391 2096 450 GENES.
2143 395 2370 452 IIOMIL.
2417 399 2552 456 LXI.

3438 420 3547 483 5M

1933 508 2228 577 amplexari
2252 553 2266 572 ,
2291 519 2344 566 et
2387 517 2660 582 quomodo
2683 534 2743 574 se
2771 533 2921 591 pater
2961 524 3203 596 haberet,
3229 533 3500 602 inquirere
3525 581 3544 605 ,

1935 595 2009 694 illi
2035 614 2164 653 vero
2198 601 2348 670 quasi
2377 606 2502 661 ferae
2542 606 2789 676 qumdam
2811 655 2827 680 ,
2857 615 2948 670 ubi
2992 632 3189 687 agnum
3218 595 3545 694 conspicatai

1932 686 2129 744 fuerint
2153 732 2166 753 ,
2195 694 2438 750 assiliunt
2468 740 2482 759 ,
2511 709 2566 753 et
2607 699 2875 758 Exueruut
2900 749 2913 770 ,
2948 686 3149 780 inquit,
3175 686 3374 782 losepli
3410 733 3545 776 mete

1927 781 2092 842 uaria,
2123 781 2214 836 24.
2243 795 2287 836 et
2314 799 2575 858 acceptum
2602 808 2717 846 eum
2743 798 3067 867 profecerunt
3084 803 3136 857 in
3160 803 3349 862 Imm.
3373 807 3545 868 Lacus

1929 883 2098 927 autem
2126 888 2234 931 erat
2263 894 2469 945 vacuus,
2503 901 2688 954 aquam
2712 892 3049 949 nona/labens.
3073 895 3540 963 Quemadmodum

1927 969 2276 1026 consuluerat
2303 973 2494 1030 Ruben
2522 1018 2534 1037 .
2571 979 2642 1032 ita
2683 977 2947 1042 fecerunt.
2977 986 3043 1042 Et
3066 988 3262 1059 injecto
3287 992 3400 1057 illo,
3437 994 3540 1050 Se-

1928 1057 2112 1114 derunt
2141 1062 2211 1115 ad
2237 1066 2603 1122 comedendum
2637 1089 2840 1141 panem.
2873 1076 2919 1131 0
2958 1057 3369 1138 crudelitatem!
3394 1101 3428 1138 o
3456 1087 3544 1140 in-

1930 1148 2471 1213 lmmanitateml'llle
2491 1160 2710 1229 quidem
2738 1173 2941 1220 tantum
2976 1169 3184 1224 itineris
3209 1173 3539 1240 confecerat.

1925 1250 1979 1294 et
2010 1250 2158 1296 tanto
2183 1245 2361 1301 studio
2389 1248 2457 1304 de
2481 1251 2560 1305 eis
2583 1251 2915 1322 inquisierat,
2942 1269 2998 1312 ut
3021 1260 3228 1316 videret
3257 1275 3312 1318 et
3337 1281 3542 1321 annun-

1927 1333 2084 1388 tiaret
2133 1339 2269 1406 patri
2319 1343 2592 1409 quomodo
2632 1361 2693 1400 se
2730 1347 2994 1404 haberent
3029 1366 3117 1407 res
3164 1353 3377 1410 illorum
3411 1375 3425 1410 :
3454 1357 3536 1414 illi

1925 1440 2056 1479 vero
2076 1429 2226 1498 quasi
2262 1429 2471 1487 barbari
2494 1445 2546 1489 et
2577 1435 2854 1494 inhumani
2879 1483 2893 1503 ,
2925 1444 3049 1509 quia
3080 1447 3433 1502 consuluerat
3453 1451 3536 1506 eis

1926 1516 2116 1574 Ruben
2142 1536 2212 1575 ne
2237 1521 2576 1581 effunderent
2601 1532 2918 1600 sanguinem
2978 1534 3122 1592 fame
3161 1539 3410 1596 occidene
3436 1556 3536 1594 vo-

1925 1610 2129 1666 lebant.
2159 1612 2264 1669 Sed
2297 1616 2562 1687 benignus
2611 1622 2752 1677 Deus
2797 1626 2974 1680 Statim
3024 1646 3146 1683 eum
3181 1632 3424 1688 liberavit
3462 1638 3532 1688 ab

1926 1701 2131 1756 insania
2187 1705 2429 1761 fratrum.
2471 1709 2562 1766 25.
2595 1710 2722 1767 Cum
2750 1717 2893 1770 enim
2933 1722 3276 1776 consedissent
3297 1725 3369 1778 ad
3395 1743 3540 1780 con:-

1925 1794 2175 1850 edendum
2206 1815 2407 1866 panem.
2434 1803 2664 1858 uiderunt
2689 1804 2983 1865 Ismaelitas
3011 1813 3225 1868 uiatores
3248 1817 3520 1878 venientes.

1923 1897 1969 1940 et
1997 1885 2285 1960 JEgyptum
2314 1909 2488 1948 versus
2533 1908 2726 1952 euntes.
2766 1900 2857 1957 26.
2893 1902 2960 1957 Et
2991 1905 3122 1960 dixit
3151 1905 3321 1962 ludas
3345 1925 3368 1964 4:
3397 1910 3536 1976 Quid

1923 1985 2127 2048 prodest
2157 1985 2201 2037 si
2225 1986 2562 2042 occiderimus
2591 1993 2801 2060 fratrem
2832 2006 3096 2063 nostrum,
3124 2011 3172 2054 et
3199 2005 3532 2058 occultaveri-

1920 2089 2034 2127 usus
2059 2077 2355 2145 sanguinem
2384 2081 2539 2150 ejus?
2559 2081 2648 2136 27.
2671 2081 2868 2154 Venite,
2897 2090 3172 2147 vendamus
3200 2111 3313 2147 eum
3341 2095 3534 2150 Ismar-

1921 2164 2024 2220 litis
2052 2168 2162 2222 istis
2186 2185 2205 2222 :
2228 2187 2412 2227 manus
2438 2184 2607 2230 autem
2654 2190 2842 2234 nostra:
2901 2199 3004 2237 non
3049 2185 3151 2240 sint
3190 2204 3346 2256 super
3381 2205 3497 2244 eunt
3519 2231 3532 2252 ,

1920 2258 2038 2324 quia
2061 2262 2222 2329 frater
2248 2273 2418 2317 noster
2443 2275 2489 2318 et
2517 2283 2639 2322 caro
2667 2279 2842 2324 nostra
2871 2283 2967 2327 est.

1989 2348 2048 2402 4.
2089 2348 2223 2404 Vide
2254 2355 2525 2420 quomodo
2570 2367 2625 2412 et
2674 2361 2824 2430 prius
2874 2363 3064 2419 Ruben
3119 2367 3330 2424 minore
3374 2371 3520 2425 malo

1921 2441 2095 2508 majus
2143 2443 2438 2511 prohibuit,
2472 2457 2527 2502 et
2566 2465 2709 2510 nunc
2735 2469 2949 2523 quoque
2987 2456 3156 2513 ludas
3199 2463 3432 2516 consulit
3473 2473 3536 2518 ut

1919 2533 2180 2588 vendatur
2206 2534 2370 2592 frater
2392 2580 2406 2603 ,
2439 2555 2546 2610 quo
2573 2556 2698 2596 eum
2727 2545 2796 2597 ab
2828 2546 3045 2604 interitu
3089 2550 3302 2621 eripere
3344 2562 3532 2622 queat.

1921 2616 2033 2671 lloc
2055 2628 2236 2674 autem
2266 2627 2435 2676 totum
2461 2625 2531 2678 ita
2563 2638 2771 2695 gestum
2802 2640 2884 2684 est
2908 2671 2921 2693 ,
2947 2643 3005 2685 ut
3033 2616 3194 2689 etiam
3225 2616 3406 2690 invitis
3429 2637 3535 2692 illis

1917 2724 2038 2778 quae
2063 2726 2093 2764 a
2124 2711 2234 2767 Deo
2265 2715 2517 2783 praedicta
2540 2717 2749 2774 fuerant
2767 2723 3068 2790 evenirent,
3095 2736 3150 2781 et
3170 2727 3534 2797 dispensatio-

1919 2800 1971 2853 ni
2003 2800 2200 2857 divinae
2220 2805 2502 2862 servirent.
2541 2808 2606 2861 Et
2634 2812 2862 2880 probato,
2896 2813 3087 2884 inquit,
3116 2818 3330 2872 consilio
3346 2818 3528 2885 Judw,

1915 2891 2006 2945 28.
2030 2894 2311 2949 eduxerunt
2356 2914 2471 2950 eum
2499 2899 2561 2954 de
2586 2902 2802 2955 cisterna
2825 2946 2840 2970 ,
2873 2914 2920 2956 et
2949 2907 3282 2961 vendiderunt
3325 2907 3528 2965 Ismuc.

1919 2981 2022 3036 litis
2071 2987 2253 3056 viginti
2304 2989 2494 3042 aureis.
2551 2990 2597 3044 Ο
2640 2994 2872 3061 iniquam
2925 2999 3381 3065 permutationem
3428 3001 3441 3054 !
3499 3017 3534 3051 o

1917 3073 2236 3130 damnosum
2288 3077 2599 3134 lucrumlo
2647 3082 3058 3151 injustissimam
3115 3087 3527 3143 venditionem!

1920 3163 2055 3218 Eum
2087 3166 2176 3234 qui
2205 3166 2358 3221 vobis
2400 3170 2663 3239 sanguine
2696 3173 3172 3242 conjunctissimus
3199 3187 3336 3240 erat,
3368 3193 3528 3249 quem

1918 3267 2070 3325 pater
2100 3262 2332 3314 maxime
2357 3261 2590 3326 amabat,
2615 3264 2703 3332 qui
2734 3264 2800 3317 ad
2833 3265 3112 3320 visendum
3142 3281 3239 3323 vos
3270 3281 3493 3324 venerat
3515 3313 3528 3331 ,

1916 3349 2004 3418 qui
2035 3366 2324 3418 numquam
2353 3367 2450 3407 vos
2477 3353 2562 3408 vel
2589 3355 2639 3407 in
2673 3371 2859 3424 parvo,
2880 3358 2960 3412 vel
2991 3358 3047 3412 in
3071 3376 3264 3432 magno
3289 3361 3530 3418 offende-

1917 3450 2019 3506 rat,
2049 3441 2285 3497 vendere
2306 3443 2553 3510 audetis;
2584 3456 2638 3499 ct
2669 3446 2902 3502 vendere
2933 3449 3239 3505 hominibus
3258 3452 3525 3518 barbaris,

1917 3545 1968 3585 et
2000 3534 2051 3586 in
2079 3531 2371 3605 Egyptum
2399 3534 2889 3594 descendentibus?
2924 3539 3056 3607 Quae
3094 3551 3240 3596 tanta
3281 3543 3532 3598 insania?

1917 3639 2036 3693 quae
2065 3624 2306 3678 invidia?
2336 3626 2454 3695 quis
2504 3627 2682 3683 livor?
2708 3628 2840 3683 Nam
2884 3631 2932 3685 si
2981 3631 3087 3687 hoc
3115 3643 3261 3688 metu
3288 3635 3532 3690 somnio-

1917 3730 2034 3768 rmn
2066 3713 2243 3769 facitis
2266 3757 2282 3782 ,
2310 3727 2364 3770 ut
2394 3719 2636 3785 persuasi
2680 3721 2795 3775 haec
2821 3723 3043 3777 omnino
3071 3732 3333 3779 eventura
3357 3741 3479 3781 esse
3510 3744 3523 3781 :

1915 3822 2085 3876 quare
2130 3807 2481 3876 impossibilia
2518 3813 2819 3877 attentatis,
2854 3822 2908 3868 et
2936 3811 3092 3867 factis
3123 3816 3316 3869 vestris
3338 3827 3526 3870 contra

1920 3899 2083 3952 Deum
2117 3899 2314 3953 bellum
2343 3902 2638 3968 assumitis,
2666 3904 2754 3972 qui
2780 3903 2894 3959 htec
2911 3905 2960 3959 ei
2986 3905 3305 3974 pricdixerat
3325 3909 3350 3961 ?
3374 3910 3527 3976 Quod

1913 3993 1959 4043 si
1996 3992 2146 4045 nihili
2172 3991 2346 4046 facitis
2366 3995 2597 4060 somnia,
2638 3995 2732 4050 sed
2763 3998 3083 4052 existimatis
3105 4014 3228 4053 esse
3249 4001 3521 4065 delirium,

1916 4098 2088 4152 quare
2140 4083 2254 4139 haec
2307 4085 2464 4155 agitis
2514 4102 2634 4155 qua:
2683 4099 2995 4158 perpetuam
3052 4090 3205 4146 vobis
3259 4093 3525 4147 maculam

1916 4177 2150 4238 inurant,
2181 4185 2234 4229 et
2257 4176 2458 4230 luctum
2482 4178 2875 4234 indesinentem
2911 4181 3048 4250 patri
3070 4190 3250 4236 vestro
3262 4182 3491 4240 afferant
3507 4187 3529 4239 ?

1915 4265 2023 4320 Sed
2054 4281 2086 4319 ο
2110 4269 2487 4336 gravissimum
2516 4270 2790 4336 morbum,
2839 4271 2947 4325 imo
2977 4284 3212 4327 mentem
3239 4277 3528 4344 sanguina-

1915 4358 2050 4413 riam
2076 4359 2090 4412 !
2118 4359 2250 4413 Cum
2278 4359 2422 4414 enim
2462 4362 2583 4431 quis
2613 4360 2876 4416 nefarium
2925 4379 3062 4432 opus
3112 4366 3444 4435 aggreditur,
3471 4379 3529 4423 et

1913 4450 2157 4503 obruitur
2182 4465 2211 4503 a
2233 4451 2647 4521 cositationibus
2676 4454 2924 4507 absurdis
2947 4496 2962 4520 ,
2997 4455 3042 4508 is
3071 4469 3245 4526 neque
3277 4461 3532 4528 proponit

1913 4550 2039 4596 ante
2081 4542 2269 4596 oculos
2313 4544 2528 4598 oculum
2571 4545 2722 4599 illum
2760 4547 2851 4616 qui
2892 4561 2998 4601 non
3047 4549 3313 4618 quiescit:
3351 4567 3529 4622 neque

1914 4644 2192 4688 reveretur
2245 4643 2491 4690 naturam
2535 4637 2754 4705 ipsam,
2813 4654 2987 4708 neque
3035 4641 3263 4695 attendit
3323 4645 3526 4714 aliquid

1911 4729 2054 4798 quod
2080 4728 2148 4782 ad
2170 4731 2695 4784 commiserationem
2725 4745 2784 4786 se
2803 4733 2971 4801 possit
2994 4733 3283 4799 inducere;
3311 4735 3362 4789 id
3380 4739 3524 4806 quod

1912 4830 1965 4874 et
1993 4821 2098 4875 illis
2125 4821 2324 4876 evenit.
2355 4821 2472 4876 Non
2506 4824 2650 4877 enim
2679 4825 2985 4893 cogitabant
3012 4825 3148 4895 quod
3177 4823 3340 4881 frater
3355 4841 3521 4894 esset,

1911 4927 2086 4981 neque
2134 4911 2278 4981 quod
2327 4913 2666 4975 adolescens,
2721 4931 2894 4985 neque
2933 4916 3076 4986 quod
3123 4927 3229 4970 tam
3277 4920 3526 4977 amabilis

1913 5006 2069 5074 patri,
2098 5020 2274 5076 neque
2299 5007 2443 5076 quod
2473 5023 2764 5078 numquam
2798 5009 2850 5062 in
2894 5020 3038 5064 terra
3068 5011 3240 5065 aliena
3273 5013 3524 5077 vixisset,

1910 5109 1961 5151 et
1982 5096 2122 5167 apud
2155 5107 2409 5152 externos
2436 5115 2728 5169 numquam
2753 5111 2876 5154 ante
2899 5113 3273 5170 conversatus,
3300 5121 3441 5159 nunc
3470 5108 3523 5158 in

1913 5204 2050 5246 terra
2086 5203 2193 5246 tam
2239 5203 2448 5247 semota
2489 5193 2628 5246 inter
2674 5195 2930 5248 barbaros
2964 5195 3302 5251 habitaturus
3328 5210 3473 5253 esset
3507 5217 3520 5252 ε

1908 5285 2003 5339 sed
2034 5286 2180 5339 onmi
2209 5286 2430 5339 honesta
2463 5287 2789 5354 cogitatione
2815 5287 3020 5355 objecta
3053 5305 3215 5342 unum
3239 5289 3527 5346 dumtaxat

1908 5377 2190 5443 curabant,
2219 5377 2492 5447 quomodo
2522 5379 2775 5433 invidiam
2807 5395 2982 5445 suam,
3014 5392 3070 5435 ut
3100 5382 3378 5450 putabant,
3398 5398 3520 5448 ope-

1910 5488 1966 5526 re
1991 5472 2294 5542 explerent.
2346 5472 2412 5527 Et
2436 5473 2509 5527 illi
2537 5473 2752 5542 quidem
2790 5484 2970 5529 mente
3000 5475 3288 5530 fratricida:
3318 5484 3473 5532 erant
3501 5492 3519 5531 :

1906 5568 1992 5636 qui
2024 5575 2202 5621 autem
2236 5565 2304 5619 ab
2332 5565 2411 5620 eis
2439 5581 2628 5636 passus
2647 5577 2750 5629 est,
2782 5569 2961 5621 omnia
3005 5568 3212 5627 fortiter
3234 5569 3371 5624 tulit.

1980 5657 2168 5712 Manus
2197 5655 2406 5712 Domini
2433 5656 2651 5712 custodit
2675 5658 2891 5728 Ioseph.
2914 5689 2986 5701 ——
3006 5661 3354 5717 Custodiebat
3371 5663 3517 5718 enim

1907 5766 2031 5803 eum
2065 5764 2255 5804 manus
2300 5764 2558 5819 superna,
2593 5759 2648 5805 et
2699 5752 2876 5805 omnia
2924 5751 3163 5807 difficilia
3193 5751 3424 5807 faciebat
3468 5757 3519 5808 ei

1910 5843 2082 5898 facilia
2114 5851 2168 5898 et
2197 5842 2354 5897 levia.
2395 5840 2623 5910 Quando
2668 5843 2812 5898 enim
2857 5857 3090 5913 superna
3147 5845 3519 5903 benevolentia
