4086 6436
612 417 708 473 Et”)!

615 531 858 593 fruimur,
885 524 1044 579 etiam
1093 521 1230 577 inter
1257 522 1461 577 medios
1505 521 1780 576 barbaros.
1811 527 1865 573 et
1915 517 1967 571 in
2013 515 2182 570 aliena

611 622 830 690 reginae
849 614 1041 687 melius
1057 622 1110 669 et
1126 613 1460 670 commodius
1481 611 1680 668 versari
1706 621 2004 678 possumus,
2023 620 2181 675 quam

613 711 647 764 ii
673 710 761 781 qui
786 708 926 765 domi
955 707 1210 772 habitant,
1239 714 1294 762 et
1316 705 1507 776 quibus
1530 718 1736 758 summa
1765 715 1888 756 cura
1918 700 2186 754 ministra-

617 810 702 854 tttr
735 817 747 854 :
778 799 915 855 sicut
934 799 1034 854 etsi
1065 798 1116 853 itt
1139 797 1297 852 domo
1327 810 1623 857 versemur.
1642 791 1960 849 ctomnibus
1988 787 2209 844 deliciis-

606 891 716 946 'frui
744 891 1042 954 videamur,
1083 887 1321 944 destituti
1347 896 1525 941 autem
1546 885 1714 939 simus
1741 896 1972 951 superno
2003 883 2191 948 prasi-

611 981 723 1053 ilio,
753 977 1003 1035 omnibus
1031 991 1215 1032 sumus
1244 977 1566 1031 miseriores.
1622 972 1863 1042 Magnum
1921 970 2064 1024 enim
2112 978 2196 1022 est

615 1069 825 1123 virtutis
852 1067 1034 1132 robur,
1061 1073 1121 1122 et
1163 1066 1380 1119 malitia:
1408 1063 1690 1118 infirmitas
1717 1078 1730 1114 :
1759 1069 1813 1116 et
1843 1060 1943 1114 hoc
1965 1059 2196 1112 maxime

611 1157 843 1213 ostendit
868 1155 1020 1211 nobis
1048 1155 1292 1216 historia,
1323 1168 1481 1222 quam
1525 1152 1576 1206 in
1622 1151 1866 1204 manibus
1913 1148 2193 1202 habemus.

615 1250 707 1303 Dic
736 1249 878 1304 enim
909 1261 1044 1317 quos
1070 1247 1293 1302 miseros
1314 1256 1370 1301 et
1399 1244 1692 1298 innumeris
1735 1242 1982 1313 lacrymis
2010 1240 2198 1308 dignos

611 1353 733 1394 esse
753 1347 924 1408 putas,
955 1329 1144 1392 illosne
1163 1337 1253 1406 qui
1278 1345 1424 1390 tanta
1444 1334 1582 1390 mala
1608 1333 1862 1392 fecerunt,
1888 1347 1957 1385 an
1979 1329 2196 1384 fratrem

613 1432 702 1500 qui
746 1431 798 1484 in
849 1437 1172 1500 potestatem
1205 1427 1546 1481 barbarorum
1590 1421 2197 1479 veneratHlanifestum

617 1522 757 1590 quod
806 1521 947 1575 illos.
1001 1519 1181 1589 Cogita
1238 1517 1400 1580 enim,
1427 1515 1671 1580 obsecro,
1703 1515 1788 1567 hic
1832 1511 2197 1567 admirabilem

617 1615 785 1672 illum.
814 1612 902 1680 qui
934 1617 1076 1665 tanta
1104 1608 1466 1663 ministrorum
1498 1620 1623 1660 cura
1649 1606 1922 1666 educatus,
1952 1613 2006 1658 et
2032 1604 2086 1656 in
2119 1602 2198 1656 ul-

621 1707 702 1760 nis
749 1704 980 1774 paternis
1025 1713 1238 1770 semper
1285 1699 1492 1752 habitus
1534 1697 1651 1762 fuit,
1679 1695 1947 1765 quomodo
1975 1703 2197 1764 repente

618 1804 830 1849 coactus
858 1802 939 1847 est
969 1790 1106 1846 ferre
1133 1803 1348 1860 gravem
1393 1787 1702 1842 servitutem
1729 1785 1868 1854 apud
1909 1785 2052 1839 viros
2080 1784 2202 1839 bar-

623 1887 796 1946 baros,
831 1898 935 1939 non
960 1883 1208 1938 meliores
1231 1880 1362 1951 ipsis
1387 1879 1588 1935 bestiis.
1617 1878 1720 1934 Sed
1748 1878 1984 1933 omnium
2015 1877 2199 1932 Domi-

625 1992 725 2030 nus
767 1985 920 2043 erat,
948 1976 1034 2042 qui
1065 1984 1119 2029 et
1142 1973 1262 2030 illos
1293 1973 1554 2027 humanos
1599 1970 1876 2037 reddebat,
1910 1977 1965 2025 et
2013 1969 2101 2023 isti
2150 1969 2203 2022 in

623 2070 869 2129 omnibus
913 2069 1219 2138 patientiam
1279 2066 1516 2121 indebat.
1569 2057 1642 2119 Et
1681 2079 1800 2118 cum
1842 2061 2206 2119 vendidissent

626 2159 863 2220 fratrem,
896 2158 1045 2228 quasi
1077 2155 1424 2224 perfecissent
1471 2155 1799 2226 propositum
1849 2167 2001 2207 suum
2033 2150 2203 2206 affecti

623 2250 787 2309 fuere,
822 2249 912 2302 illo
953 2246 1130 2302 ablato
1161 2245 1409 2300 videlicet
1438 2261 1468 2299 e
1494 2243 1691 2308 medio,
1740 2244 1827 2298 cui
1877 2241 2202 2296 invidebant.

626 2341 717 2396 29.
744 2340 990 2395 Reversus
1015 2348 1086 2392 est
1108 2348 1295 2400 autem,
1323 2337 1517 2405 inquit,
1552 2334 1725 2388 [iuben
1755 2334 1822 2386 ad
1840 2336 2130 2395 cisternam,
2162 2341 2209 2384 et

629 2448 729 2487 non
757 2433 875 2486 vidit
903 2431 1132 2502 Joseph;
1163 2439 1208 2484 et
1233 2431 1445 2498 disrupit
1468 2428 1754 2481 vestimenta
1774 2442 1888 2493 sua,
1917 2425 2006 2482 50.
2024 2435 2068 2479 et
2089 2425 2208 2478 red-

637 2522 696 2582 iit
722 2524 790 2577 ad
812 2532 992 2590 fratres
1017 2538 1169 2576 suos.
1208 2528 1256 2570 et
1296 2518 1424 2572 dixit
1448 2532 1466 2569 :
1499 2517 1632 2570 Puer
1670 2533 1770 2571 non
1806 2525 1911 2582 est,
1955 2532 2048 2587 ego
2094 2529 2211 2570 vero

637 2629 738 2684 quo
753 2612 836 2666 ibo
851 2612 991 2665 ultra
1007 2603 1309 2671 ?Quoniam
1328 2600 1469 2657 enim
1481 2618 1645 2675 supra
1658 2603 1840 2661 docuit
1879 2603 2054 2660 divina
2071 2604 2215 2660 serit.

638 2711 810 2770 ptnra,
839 2716 960 2756 eum
986 2708 1263 2770 propterea
1299 2699 1629 2756 consuluisse
1675 2716 1795 2756 eum
1841 2702 1891 2753 in
1924 2706 2210 2762 cisternam

634 2793 1042 2861 conjiciendum,
1073 2801 1128 2846 ut
1147 2808 1211 2847 ex
1234 2793 1585 2862 sanguinariis
1614 2793 1856 2846 manibus
1883 2791 2028 2845 illutn
2046 2794 2211 2861 eripe-

637 2891 723 2938 ret
746 2891 800 2937 et
830 2883 1076 2937 redderet
1105 2883 1236 2952 patri
1271 2900 1283 2933 :
1311 2898 1452 2938 nunc
1474 2924 1487 2947 ,
1519 2883 1719 2953 inquit,
1745 2881 1833 2936 ubi
1863 2881 1995 2936 vidit
2017 2896 2076 2936 se
2104 2882 2212 2936 voti

639 2982 938 3044 compotem
965 2989 1069 3029 non
1089 2973 1466 3039 'esse,discidit
1487 2967 1800 3029 vestimenta
1823 2988 1941 3038 sua,
1964 2980 2021 3028 et
2041 2971 2210 3028 dixit:

637 3065 777 3120 Puer
801 3083 899 3119 non
923 3075 1014 3128 est,
1044 3081 1134 3136 ego
1161 3075 1328 3118 autem
1353 3081 1451 3132 quo
1480 3065 1663 3119 vadunt
1687 3065 1713 3118 ?
1737 3065 1957 3130 Qualem
1999 3062 2220 3118 habebi-

638 3171 755 3211 mus
796 3155 1186 3220 defensionem,
1212 3165 1266 3210 ct
1306 3157 1535 3210 maxime
1570 3170 1669 3225 ego
1695 3155 1783 3221 qui
1814 3154 1966 3209 vobis
1985 3165 2220 3224 praeesse

645 3246 1108 3301 videor?Putabat
1135 3247 1276 3301 enim
1306 3262 1426 3301 cum
1452 3246 1684 3300 occisum
1713 3245 1894 3300 fuisse.
1955 3245 2024 3300 At
2069 3255 2216 3315 post-

642 3353 800 3409 quam
848 3339 1046 3392 factum
1073 3348 1154 3392 est
1180 3338 1318 3407 quod
1343 3339 1670 3407 quarebant,
1701 3344 1755 3391 et
1783 3341 1833 3392 in
1863 3337 2090 3393 alienam
2114 3346 2222 3392 ter.

643 3444 756 3483 ram
787 3428 1048 3483 miserunt
1084 3443 1205 3482 eum
1243 3442 1398 3496 quem
1437 3427 1561 3483 odio
1591 3427 1877 3492 habebant,
1908 3440 2067 3500 atque
2088 3428 2223 3482 invi-

639 3519 780 3574 diam
813 3533 964 3573 suam
988 3518 1166 3588 aliquo
1212 3519 1372 3574 modo
1423 3519 1727 3588 mitigarnnt
1753 3534 1772 3572 :
1800 3529 1981 3588 postea
2029 3534 2219 3590 magna

642 3611 899 3666 Industria
923 3610 1222 3679 cogitarunt
1275 3618 1336 3664 ut
1376 3609 1687 3665 deluderent
1727 3619 1960 3681 patrem,
1985 3627 2052 3666 ne
2084 3611 2218 3666 mala

643 3717 737 3757 sua
764 3701 1086 3771 conspiratio
1122 3699 1198 3755 illi
1253 3703 1527 3756 manifesta
1575 3701 1748 3756 fieret.
1801 3703 1889 3758 31.
1943 3701 2010 3756 Et
2053 3704 2223 3756 occiso

648 3791 794 3846 hcdo
814 3807 1087 3862 caprarum
1108 3831 1127 3858 ,
1153 3791 1534 3861 inquinaverunt
1564 3803 1745 3847 vestem
1772 3795 2037 3864 sanguine,
2067 3793 2155 3849 52.
2180 3805 2222 3846 et

644 3887 915 3939 attulerunt
935 3894 1116 3939 vestem
1147 3886 1279 3954 patri
1303 3901 1397 3938 suo
1415 3923 1433 3950 ,
1460 3895 1507 3938 et
1533 3886 1770 3938 dixerunt
1785 3901 1809 3939 -:
1827 3885 2082 3955 Cognosce
2104 3903 2223 3939 nunt

647 3976 796 4029 vestis
820 3975 916 4043 ﬁlii
936 3976 1008 4028 tui
1027 3975 1110 4039 sit,
1142 3990 1310 4027 necne.
1341 3973 1476 4040 Quid
1503 3974 1749 4044 decipitis
1766 3976 2120 4044 vosmetipsos
2144 4016 2158 4041 ,
2191 3991 2224 4029 ο

650 4064 938 4118 insensati?
991 4065 1122 4118 Nam
1175 4064 1299 4119 licet
1338 4073 1547 4134 patrem
1578 4063 1830 4134 decipere
1850 4066 2084 4134 possitis,
2116 4081 2221 4122 non

651 4164 826 4208 tamen
849 4154 1076 4208 latebitis
1103 4157 1312 4208 oculum
1340 4155 1486 4208 illum
1513 4155 1602 4224 qui
1630 4155 1794 4224 sopiri
1826 4157 2044 4224 nequit,
2067 4171 2222 4226 quem

656 4245 886 4300 maxime
910 4245 1143 4299 omnium
1165 4243 1452 4300 formidare
1478 4247 1777 4315 oportebat.
1827 4244 1931 4300 Sed
1954 4246 2022 4299 ita
2051 4261 2110 4300 se
2132 4244 2224 4300 ha-

653 4337 740 4390 bet
771 4335 1000 4390 humana
1031 4345 1246 4402 natura,
1277 4336 1384 4390 imo
1426 4336 1498 4390 ita
1529 4351 1589 4391 se
1619 4336 1780 4392 habet
1818 4335 2103 4391 muitorum
2133 4353 2225 4392 ne-

649 4425 810 4494 quitia
835 4467 849 4484 ,
879 4434 936 4478 ut
963 4424 1247 4498 humanum
1275 4426 1520 4480 timorem
1543 4434 1598 4481 et
1632 4431 1908 4495 praesentis
1940 4427 2060 4481 vitze
2094 4427 2225 4480 infa-

653 4519 811 4569 miam
844 4524 1045 4569 tantum
1077 4516 1311 4569 maxime
1330 4523 1584 4580 caveant,
1613 4517 1664 4570 in
1694 4524 1872 4572 mente
1915 4525 2091 4572 autem
2121 4531 2225 4570 non

653 4614 869 4659 versent
891 4603 1125 4658 terribile
1154 4603 1281 4658 illud
1311 4604 1542 4659 tribunal
1568 4647 1584 4672 ,
1611 4613 1664 4660 et
1693 4607 2078 4662 intolerabilem
2111 4621 2227 4676 pte-

658 4707 801 4757 nam,
833 4692 924 4746 sed
956 4692 1056 4746 hoc
1087 4706 1247 4745 unum
1267 4702 1476 4760 curent,
1500 4693 1762 4762 quomodo
1779 4695 2012 4764 effugere
2029 4695 2231 4764 possint

658 4783 941 4837 humanam
970 4782 1442 4852 reprehensionem
1475 4802 1489 4838 :
1518 4783 1568 4838 id
1594 4784 1734 4853 quod
1776 4792 1833 4839 et
1874 4786 1947 4839 illi
1987 4795 2227 4856 egentnt,

655 4874 780 4927 dum
812 4883 1014 4941 patrem
1058 4887 1212 4926 suum
1252 4873 1499 4942 decipere
1533 4873 1863 4929 molirentur.
1889 4871 1977 4930 35.
2020 4877 2231 4946 Agnovit

654 4967 804 5029 enim,
835 4965 1024 5034 inquit,
1052 4975 1232 5019 vestem
1259 4976 1417 5035 pater,
1440 4976 1485 5019 et
1505 4966 1633 5020 dixit
1663 4981 1681 5020 :
1720 4966 1878 5022 Vestis
1891 4966 1985 5033 ﬁlii
2006 4969 2103 5021 mei
2121 4979 2193 5023 est
2212 4985 2231 5020 :

656 5057 764 5124 fera
779 5055 911 5108 mala
940 5055 1189 5108 devoravit
1211 5072 1339 5119 eum,
1370 5055 1475 5124 fera
1497 5057 1667 5125 rapuit
1690 5057 1899 5128 Ioseph.
1917 5059 2124 5114 Etenim
2143 5076 2230 5113 ve—

657 5159 715 5198 re
740 5145 888 5214 quasi
916 5145 965 5197 in
1007 5146 1172 5199 malas
1198 5144 1394 5200 bestias
1416 5147 1706 5213 incidisset,
1737 5149 1912 5203 omnia
1943 5150 2232 5205 crudeliter

660 5249 848 5302 passus
874 5244 976 5290 est.
1005 5235 1093 5289 34.
1121 5235 1338 5289 Discidit
1361 5247 1525 5290 autem
1554 5241 1840 5293 vestimenta
1861 5257 1973 5307 sua,
1991 5252 2038 5296 et
2065 5243 2231 5310 posuit

658 5341 855 5378 saccum
885 5340 1034 5392 super
1062 5324 1256 5378 luntbos
1285 5342 1403 5380 suos
1427 5367 1442 5391 ,
1472 5336 1516 5380 et
1538 5328 1664 5382 luxit
1690 5330 1850 5396 ﬁlium
1893 5347 2040 5384 suum
2059 5331 2231 5385 diebus

660 5415 849 5466 multis.
879 5413 1099 5480 Quantis
1125 5413 1407 5469 fuerintilli
1438 5417 1579 5485 digni
1601 5417 1867 5489 lacrymis,
1891 5422 1979 5491 qui
2007 5436 2111 5475 non
2141 5437 2229 5476 so.

660 5504 768 5556 lum
811 5501 1027 5556 fratrem
1069 5503 1308 5560 barbaris
1335 5507 1715 5572 vendiderunt,
1745 5509 1837 5564 scd
1864 5519 1917 5565 et
1945 5521 2147 5582 patrem
2175 5512 2228 5567 in

661 5601 901 5645 extrema
946 5601 1216 5648 senectute
1243 5595 1294 5649 in
1322 5603 1524 5651 tantum
1560 5599 1756 5653 luctum
1775 5599 2112 5669 injecerunt?
2138 5604 2226 5659 35.

662 5683 961 5755 Congregati
979 5697 1144 5741 autem
1173 5697 1287 5741 sunt
1315 5689 1410 5757 filii
1433 5689 1541 5760 ejus
1571 5700 1617 5746 et
1636 5692 1758 5760 ﬁlia
1788 5694 2232 5750 utconsolarentnr

1341 409 1398 466 S.
1429 406 1703 488 JQANNIS
1742 397 2210 461 CIIRYSUSTOBH
2250 395 2564 458 ARCHIEP.
2604 392 3132 458 (IONSTANTINOP.
3775 392 3880 449 538

2291 527 2425 576 eum,
2445 524 2489 568 et
2521 515 2703 579 noluit,
2737 514 2905 567 dicens
2932 527 2950 567 :
2983 510 3299 565 Descendunt
3321 510 3388 562 ad
3409 509 3570 574 filiam
3599 523 3768 560 meum
3801 508 3878 558 ho-

2296 622 2417 674 gens
2439 605 2492 658 in
2515 605 2788 675 infernum.

2369 695 2424 750 5.
2463 693 2661 763 Opinor
2693 702 2748 748 et
2794 692 2894 746 hoc
2928 690 3031 746 illis
3069 690 3228 744 aliam
3270 689 3431 744 fuisse
3458 687 3687 758 plagam.
3722 685 3883 740 Vide-

2299 787 2426 842 bant
2451 787 2594 842 enim
2621 797 2824 854 patrem
2854 793 3054 838 tantum
3080 794 3293 852 tamque
3316 782 3609 836 ferventem
3635 793 3881 834 amorem

2300 875 2553 932 exhibere
2581 890 2705 945 erga
2724 890 2845 930 eum
2877 874 2965 944 qui
2995 888 3096 926 non
3135 873 3317 927 aderat
3343 914 3358 935 ,
3382 873 3488 926 imo
3513 879 3569 925 et
3597 871 3888 940 putabatur

2299 981 2329 1020 a
2356 967 2536 1022 bestiis
2583 965 2915 1035 discerptus,
2949 975 3000 1019 ct
3038 963 3224 1032 majori
3273 962 3614 1017 tabescebant
3662 960 3886 1015 invidia.

2301 1056 2408 1112 Sed
2434 1057 2506 1111 illi
2537 1057 2749 1127 quidem
2771 1071 2895 1126 erga
2924 1054 3139 1109 fratrea:
3162 1063 3216 1108 et
3234 1070 3356 1122 erga
3387 1062 3590 1123 patrem
3613 1051 3888 1114 crudeles,

2303 1147 2440 1201 nufla
2466 1146 2658 1200 fuerint
2684 1148 2832 1201 venia
2867 1147 3053 1215 digiti:
3085 1145 3384 1200 Madianita:
3439 1153 3616 1199 autem
3674 1153 3730 1197 et
3785 1142 3889 1209 ipsi

2302 1237 2496 1291 divina:
2548 1237 2789 1292 serviunt
2820 1236 3222 1305 dispensationi,
3272 1245 3327 1290 et
3373 1234 3549 1290 denuo
3590 1232 3890 1298 Josephmn

2307 1330 2539 1385 vendunt
2561 1330 2823 1399 Petcphre
2850 1328 3204 1398 archimagiro
3227 1326 3304 1398 (a)
3333 1326 3646 1381 Pharaonis.
3695 1324 3891 1378 Vidisti

2303 1421 2571 1491 quomodo
2595 1423 2847 1492 paulatim
2876 1421 3151 1491 procedit,
3183 1429 3237 1475 et
3262 1435 3355 1490 per
3383 1421 3562 1474 omnia
3591 1433 3742 1472 suam
3775 1417 3890 1470 vir-

2307 1522 2472 1568 tutem
2499 1522 2550 1568 et
2575 1515 2881 1583 patientiam
2911 1513 3169 1577 declarat,
3201 1522 3256 1567 ut
3290 1513 3367 1567 sic
3387 1512 3534 1582 quasi
3557 1511 3754 1565 athleta
3782 1509 3893 1563 for-

2307 1604 2428 1658 titcr
2456 1613 2699 1669 certans,
2728 1603 3066 1657 redimiretur
3110 1617 3308 1657 corona
3351 1603 3520 1671 regni,
3567 1611 3622 1656 et.
3663 1611 3898 1654 eventus

2308 1695 2638 1749 somniorum
2693 1693 3040 1762 implerentur
3072 1709 3084 1744 :
3117 1708 3221 1762 quo
3252 1693 3572 1747 docerentur
3592 1693 3625 1746 ii
3652 1691 3740 1760 qui
3763 1705 3893 1745 eum

2308 1785 2673 1850 vendiderant,
2702 1797 2760 1838 se
2791 1783 2919 1836 nihil
2944 1782 3210 1838 commodi
3254 1797 3316 1836 ex
3346 1796 3438 1836 sua
3468 1781 3662 1834 malitia
3701 1794 3896 1846 repor-

2311 1875 2494 1931 tasse?
2540 1875 2765 1930 Tantum
2806 1875 2946 1930 enim
2979 1876 3140 1929 robur
3176 1873 3337 1929 habet
3364 1873 3556 1938 virtus,
3584 1882 3641 1927 ut
3693 1873 3899 1927 clarior

2312 1965 2428 2019 fieri
2455 1965 2624 2020 soleat
2650 1980 2770 2019 cum
2799 1965 3099 2020 infestatur.
3128 1964 3268 2018 Nihil
3299 1964 3439 2017 enim
3485 1978 3546 2018 ea
3574 1962 3852 2018 robustius
3875 2000 3896 2026 ,

2312 2057 2443 2111 nihil
2470 2055 2694 2110 validius
2728 2074 2741 2108 :
2767 2071 2873 2111 non
2896 2054 3038 2124 quod
3068 2056 3178 2123 ipsa
3209 2055 3325 2107 sola
3355 2063 3560 2108 tantum
3586 2053 3781 2108 habeat
3813 2069 3899 2107 rn-

2314 2147 2431 2213 bur,
2455 2145 2548 2200 sed
2575 2145 2698 2214 quia
2731 2145 2776 2198 is
2799 2145 2888 2214 qui
2917 2158 3032 2199 eam
3064 2141 3330 2213 possidet,
3357 2153 3411 2198 et
3436 2157 3722 2212 supernum
3741 2142 3900 2196 auxi-

2315 2237 2439 2290 liutn
2469 2236 2629 2292 habet
2661 2253 2673 2289 :
2701 2250 2808 2306 quo
2837 2235 3085 2305 praesidio
3115 2244 3170 2290 et
3197 2249 3300 2305 ope
3321 2250 3441 2290 cum
3470 2234 3694 2300 fruatur,
3718 2235 3900 2288 omni-

2267 2319 2272 2324 ’
2314 2331 2412 2386 bus
2441 2339 2524 2386 est
2551 2330 2815 2398 potentior
2843 2337 2897 2383 et
2923 2327 3172 2391 invictus,
3205 2342 3268 2382 ac
3297 2328 3414 2396 capi
3441 2327 3642 2396 nequit,
3666 2342 3771 2380 non
3803 2344 3900 2385 εο.

2316 2423 2421 2476 lum
2436 2421 2706 2475 hominum
2730 2419 2952 2481 insidiis,
2978 2418 3071 2472 sed
3093 2426 3148 2472 et
3166 2417 3466 2472 daemonum
3487 2417 3901 2475 machinationi-

2319 2515 2433 2566 bus.
2495 2513 2550 2566 ld
2605 2511 2834 2565 scientes
2854 2551 2868 2576 ,
2899 2523 2966 2564 ne
2992 2509 3253 2578 fugiamus
3284 2508 3423 2562 male
3450 2507 3612 2562 affici.
3637 2510 3731 2568 sed
3757 2513 3904 2567 nmle

2317 2617 2475 2671 agere
2505 2623 2516 2657 :
2551 2602 2651 2655 hoc
2678 2601 2820 2655 enim
2866 2608 2949 2654 est
2979 2615 3104 2654 vere
3134 2599 3273 2653 male
3301 2597 3463 2652 affici.
3492 2597 3624 2652 Nam
3655 2604 3744 2675 qui
3771 2619 3903 2673 ρι-ο-

2319 2695 2519 2747 ximtnn
2547 2691 2784 2768 afﬂigere
2812 2701 2998 2763 ωηιξη,
3033 2692 3107 2752 illi
3126 2690 3341 2767 quidem
3366 2698 3586 2752 omnino
3630 2695 3760 2751 nihil
3799 2711 3903 2749 no-

2318 2801 2403 2845 cet
2435 2803 2450 2845 :
2480 2791 2605 2846 licet
2648 2791 2790 2846 enim
2848 2792 2915 2847 ad
2967 2807 3184 2861 parvum
3238 2801 3448 2861 tempus
3486 2801 3693 2854 noceat,
3718 2791 3770 2844 in
3801 2789 3906 2844 hoc

2320 2891 2524 2937 tantum
2565 2883 2765 2938 saeculo
2792 2882 2844 2939 id
2874 2883 3034 2948 facit;
3078 2883 3178 2938 sibi
3204 2891 3381 2937 autem
3429 2880 3746 2936 immortalia
3793 2889 3907 2934 tor-

2321 2983 2498 3030 menta
2551 2975 2832 3041 recondit,
2863 2983 2918 3028 et
2949 2989 3132 3045 poenas
3159 2973 3563 3029 intolerabiles:
3607 2985 3739 3041 quas
3797 2987 3908 3024 non

2321 3068 2477 3123 aliter
2520 3066 2754 3137 effugere
2803 3081 3106 3137 possumus,
3134 3066 3235 3121 nisi
3279 3064 3644 3136 paraverimus
3691 3079 3792 3118 nos
3839 3063 3908 3117 ad

2324 3157 2570 3214 ferendas
2589 3157 2903 3213 afﬂictiones
2923 3198 2938 3221 ,
2961 3166 3014 3212 et
3033 3155 3326 3211 secundum
3344 3154 3640 3211 doctrinam
3673 3155 3909 3219 Domini,

2324 3266 2608 3321 precemur
2638 3266 2734 3321 pro
2774 3251 2839 3305 iis
2877 3250 2965 3320 qui
3005 3250 3160 3304 nobis
3207 3248 3428 3317 injurias
3478 3247 3736 3302 inferunt.
3795 3246 3913 3301 lluc

2323 3342 2464 3396 enim
2493 3341 2645 3396 nobis
2683 3355 2926 3411 magnam
2958 3340 3163 3409 parabit
3205 3340 3532 3406 mercedem,
3555 3349 3610 3394 et
3647 3339 3914 3393 concedet

2325 3433 2512 3503 dignos
2563 3431 2701 3488 efﬁci
2751 3447 2918 3502 regno
2972 3431 3226 3486 caelorum
3257 3448 3271 3484 :
3299 3431 3440 3501 quod
3495 3431 3649 3486 nobis
3705 3431 3914 3485 utinam

2325 3523 2664 3589 concedatur,
2696 3523 2865 3594 gratia
2897 3531 2952 3579 et
2981 3523 3308 3593 benignitate
3333 3523 3542 3578 Domini
3569 3525 3736 3578 nostri
3780 3522 3915 3578 Jesn

2324 3613 2543 3680 Christi,
2574 3615 2657 3670 cui
2703 3630 2824 3669 cum
2878 3615 3033 3670 Patre
3059 3627 3112 3670 et
3139 3625 3328 3671 sancto
3374 3614 3578 3686 Spiritu
3620 3617 3690 3678 sit
3713 3616 3915 3686 gloria,

2328 3705 2627 3774 imperium,
2663 3706 2850 3770 honor,
2884 3722 3024 3761 nunc
3049 3716 3102 3761 et
3128 3722 3342 3779 semper
3363 3748 3378 3774 ,
3410 3717 3464 3762 ct
3503 3708 3554 3762 itt
3581 3713 3778 3763 saecula
3810 3721 3918 3762 sa:-

2327 3798 2588 3852 culorum.
2619 3801 2809 3852 Amen.

2874 3911 3151 3968 HOMILIA
3192 3913 3353 3969 LXII.

2329 4019 2396 4075 Et
2427 4023 2549 4076 vidit
2575 4023 2608 4075 J
2616 4023 2742 4076 udas
2767 4024 2983 4077 hominis
3009 4022 3286 4078 Chananmi
3326 4025 3517 4092 ﬁliam,
3548 4040 3661 4096 qua:
3702 4028 3921 4082 vocaba-

2398 4122 2479 4165 tur
2509 4113 2662 4177 Sava,
2698 4124 2742 4166 et
2772 4113 2914 4167 duxit
2951 4131 3062 4167 eant
3085 4157 3101 4180 ,
3125 4124 3170 4168 et
3195 4117 3449 4185 ingressus
3485 4127 3558 4172 est
3585 4118 3653 4170 ad
3677 4135 3791 4172 eant
3818 4135 3837 4173 :
3863 4131 3914 4174 et

2399 4204 2685 4273 concipiens
2734 4207 2924 4277 peperit
2957 4206 3141 4274 ﬁliam,
3170 4216 3218 4259 et
3251 4209 3442 4262 vocavit
3483 4225 3664 4262 nomen
3691 4211 3804 4280 ejus
3841 4210 3921 4265 I'Ir

2402 4296 2554 4364 (Gen.
2588 4295 2677 4351 58.
2703 4297 2759 4350 ε.
2785 4296 2861 4366 3).

2404 4431 2456 4484 l.
2496 4429 2636 4484 Satis
2659 4444 2828 4499 nuper
2851 4445 2918 4485 ex
2948 4429 3172 4484 historia
3192 4429 3392 4501 Ioseph
3414 4429 3717 4497 didicimus,
3742 4451 3923 4504 quan-

2336 4532 2447 4575 tum
2469 4520 2647 4575 damni
2674 4531 2923 4580 nascatur
2942 4536 3005 4576 ex
3033 4521 3249 4586 invidia,
3279 4531 3333 4577 et
3359 4524 3627 4593 quomodo
3648 4527 3925 4594 pernicio-

2333 4626 2426 4666 sus
2455 4611 2546 4666 ille
2589 4612 2806 4667 morbus
2851 4611 3082 4666 animam
3112 4613 3340 4682 primum
3375 4622 3702 4684 corrumpat,
3727 4630 3760 4670 a
3811 4633 3920 4687 qua

2334 4703 2586 4757 nascitur.
2635 4701 2854 4758 Vidistis
2902 4703 3172 4771 quomodo
3219 4719 3314 4772 per
3360 4703 3498 4759 hanc
3539 4706 3921 4774 aegritudinem

2336 4792 2524 4848 fratres
2565 4792 2766 4863 Ioseph
2809 4802 2864 4848 et
2906 4794 3239 4863 cognationis
3262 4795 3411 4848 obliti
3435 4803 3592 4860 sunt,
3625 4806 3681 4851 et
3709 4797 3920 4854 bestia-

2335 4899 2452 4939 rum
2472 4883 2841 4939 crndelitatem
2876 4898 3000 4954 erga
3041 4898 3162 4938 eum
3189 4884 3280 4953 qui
3307 4884 3357 4938 in
3386 4885 3531 4940 nullo
3558 4886 3703 4955 ipsos
3744 4889 3924 4944 oﬂ'eno

2334 4975 2527 5042 derat,
2556 4984 2934 5039 exercuerunt,
2967 4973 3222 5028 malitiam
3267 4975 3486 5044 quidem
3537 4991 3686 5031 suam
3735 4981 3922 5047 potius

2335 5067 2670 5124 manifestam
2712 5066 3015 5130 reddentes,
3069 5082 3229 5137 quam
3277 5067 3425 5122 fratri
3475 5079 3750 5124 nocentes.
3809 5071 3919 5127 Ila-

2336 5160 2442 5214 litia
2487 5160 2629 5214 enim
2685 5172 2782 5212 sua
2832 5157 2987 5212 fratri
3041 5172 3140 5213 suo
3191 5172 3298 5213 non
3347 5167 3552 5213 tantum
3592 5173 3918 5226 nocuerunt,

2335 5260 2591 5318 quantum
2662 5249 2868 5317 seipsos
2935 5247 3223 5318 ignominia
3293 5247 3607 5304 affecerunt.
3659 5249 3793 5305 Nam
3847 5251 3918 5307 li-

2336 5351 2420 5395 cet
2491 5341 2730 5396 barbaris
2801 5355 2920 5394 eum
3000 5340 3383 5407 vendiderint,
3457 5350 3513 5397 et
3567 5341 3644 5397 illi
3718 5342 3918 5400 iterum

2337 5430 2670 5486 vendiderint
2744 5430 3099 5502 archimagiro
3150 5430 3486 5500 Pharaonis,
3566 5433 3918 5490 nihilominus

2335 5522 2456 5591 quia
2523 5521 2703 5576 habuit
2765 5535 3051 5589 supernum
3123 5523 3378 5577 auxilium
3416 5563 3430 5587 ,
3486 5538 3516 5578 a
3575 5540 3678 5594 quo
3750 5525 3917 5593 jura-

2337 5615 2496 5670 batur
2526 5655 2541 5680 ,
2598 5613 2774 5668 omnia
2840 5613 2942 5682 ipsi
2988 5613 3124 5669 levia
3168 5621 3227 5668 et
3276 5613 3448 5669 facilia
3491 5615 3600 5673 visa
3647 5627 3788 5671 sunt.
3850 5619 3916 5674 Et

2399 5751 2471 5811 (a)
2506 5749 2842 5819 Archimagiro,
2864 5749 2908 5798 id
2935 5758 3036 5810 est,
3061 5748 3271 5814 principi
3303 5762 3556 5812 cognorunt
3576 5764 3592 5810 ;
3615 5752 3813 5815 Vulgata
3841 5764 3928 5803 vo-

2339 5809 2417 5871 ro,’
2438 5809 2663 5874 r'nagistra
2685 5809 2905 5860 militum.
