4086 6450
258 525 511 580 volebam
557 521 718 576 etiam
766 519 925 576 hodie
974 517 1224 574 eamdem
1279 513 1557 569 historiam
1614 515 1866 570 tractare,

259 611 495 682 tantaque
569 610 722 666 vobis
784 618 1073 664 contexere
1151 605 1411 660 doctrina:
1481 611 1789 655 sermonem
1849 612 1862 648 :

257 708 452 751 suum
500 696 553 748 in
607 693 785 749 medio
833 693 936 746 alia
979 690 1229 761 quaedam
1285 687 1518 741 narratio
1553 682 1854 752 interjacet,

253 802 426 857 quam
478 801 587 841 non
629 800 840 854 aequum
867 792 952 840 est
990 797 1092 837 nos
1123 781 1436 852 preterire;
1474 776 1570 832 sed
1609 789 1743 844 opus
1775 779 1862 827 est

255 888 320 932 ut
361 888 617 948 quantum
662 875 917 946 possibile
953 884 1036 930 est
1075 880 1495 943 perscrutemur,
1541 876 1596 924 et
1633 867 1712 922 sic
1755 866 1860 919 ite-

255 983 384 1023 rum
429 968 499 1022 ad
551 974 928 1038 argumentum
973 963 1195 1034 losephi
1246 961 1552 1017 redeamus.
1602 958 1861 1025 Quaenam

255 1061 425 1129 igitur
447 1060 536 1114 illa
560 1073 680 1129 qua
701 1056 1040 1114 interseritur
1065 1053 1343 1112 narratio?
1368 1053 1459 1108 llla
1487 1051 1556 1106 de
1581 1050 1738 1106 luda.
1760 1047 1861 1103 Hic

250 1151 408 1206 enim
425 1159 644 1220 accepta
662 1149 716 1204 in
738 1163 963 1204 uxorem
987 1146 1095 1202 ﬁlia
1117 1144 1429 1209 Chananaai,
1455 1141 1591 1198 Sava
1619 1137 1857 1199 nomine,

252 1243 633 1313 suseeptisque
668 1258 742 1298 ex
787 1241 877 1297 illa
920 1241 1092 1295 tribus
1123 1238 1270 1302 filiis,
1301 1236 1475 1305 duxit,
1523 1233 1717 1304 inquit,
1749 1229 1861 1302 pri-

251 1333 536 1402 mogenita
573 1348 674 1387 suo
702 1333 776 1387 Er
819 1346 1045 1386 uxorem
1084 1330 1336 1385 Thamar.
1367 1327 1502 1397 Quia
1549 1334 1728 1380 autem
1768 1322 1860 1377 ille

249 1424 434 1477 malus
458 1431 574 1478 erat
596 1403 782 1480 coram
804 1422 1053 1488 Domino,
1074 1418 1272 1474 occidit
1296 1432 1424 1473 eum
1441 1415 1603 1470 Deus.
1630 1413 1697 1468 Et
1717 1426 1858 1480 pra:-

247 1515 401 1583 ccpit
455 1515 669 1578 Aunan,
713 1522 774 1568 ut
811 1514 970 1568 ducta
1016 1526 1184 1566 uxore
1229 1508 1411 1562 fratris
1452 1505 1560 1572 sui,
1600 1502 1856 1558 excitaret

247 1617 444 1659 semen
473 1603 623 1658 fratri
650 1619 769 1659 suo.
812 1602 868 1659 ld
894 1603 1040 1658 enim
1070 1602 1153 1656 lex
1179 1599 1360 1669 jussit,
1384 1612 1505 1668 qua:
1529 1595 1682 1661 dicit,
1710 1592 1853 1648 Mor-

247 1701 350 1746 tuo
378 1693 543 1748 fratre
571 1694 687 1749 sine
712 1693 916 1760 liberis,
957 1693 1122 1747 frater
1143 1691 1303 1745 ducta
1331 1703 1498 1744 uxore
1525 1686 1726 1742 excitet
1764 1699 1856 1739 se—

243 1798 379 1838 men
419 1782 569 1839 fratri
620 1782 812 1858 (Deut.
860 1783 953 1840 25.
998 1783 1100 1854 5).
1149 1782 1348 1838 Verum
1396 1788 1452 1834 et
1500 1779 1674 1842 hunc,
1729 1776 1854 1845 quia

243 1875 430 1931 malus
449 1883 588 1941 erat,
616 1876 814 1930 occidit
839 1875 1116 1930 Dominus.
1139 1872 1254 1928 Hoc
1278 1871 1471 1926 Judam
1500 1878 1704 1924 terrore
1732 1881 1856 1935 per-

241 1964 404 2031 culit,
440 1965 711 2020 videntem
737 1965 873 2020 duos
899 1966 1039 2019 filios
1067 1973 1175 2018 tam
1202 1965 1310 2017 cito
1333 1961 1642 2016 interiisse:
1671 1967 1727 2014 et
1761 1975 1856 2010 vo-

243 2057 368 2113 lons
399 2057 635 2113 Thamar
671 2059 959 2126 consolari,
992 2044 1235 2128 promisit
1287 2071 1347 2110 se
1388 2053 1555 2108 alium
1590 2050 1759 2110 filium
1804 2049 1854 2105 ei

241 2148 508 2206 daturum
541 2169 556 2206 :
587 2151 682 2207 sed
723 2167 830 2207 non
863 2150 1122 2222 implebat
1153 2149 1435 2216 promissa,
1467 2147 1674 2201 veritus
1702 2159 1770 2198 ne
1798 2152 1855 2197 et

242 2240 370 2304 ipse
403 2241 652 2297 eamdem
697 2257 911 2312 poenam
955 2241 1139 2307 ferret,
1168 2255 1329 2310 quam
1374 2238 1590 2294 fratres.
1631 2235 1854 2292 Talibus

240 2331 696 2398 promissionibus
720 2333 1040 2402 pascebatur
1062 2331 1315 2391 Thamar.
1359 2330 1520 2399 inque
1559 2329 1720 2383 domo
1758 2342 1852 2396 pa-

238 2422 346 2474 tris
372 2422 456 2476 sui
490 2423 734 2489 sedebat,
767 2433 1085 2494 exspectans
1113 2421 1330 2493 quando
1355 2421 1528 2476 soceri
1566 2419 1850 2489 promissio

241 2512 566 2581 impleretur
592 2530 606 2566 :
635 2521 692 2569 et
716 2513 904 2569 videns
934 2513 1126 2570 ludam
1157 2529 1263 2568 non
1294 2513 1435 2567 velle
1472 2511 1698 2581 implere
1728 2523 1851 2578 pro-

239 2607 436 2671 missa,
465 2607 678 2663 interim
710 2619 988 2664 mansuete
1018 2609 1156 2675 tulit,
1189 2623 1294 2662 non
1321 2606 1593 2663 sustinens
1618 2604 1847 2659 aliorum

235 2697 519 2770 coniugia,
565 2699 663 2755 sed
705 2700 949 2769 amplexa
991 2700 1328 2765 viduitatem,
1369 2708 1426 2753 et
1469 2707 1681 2766 tempus
1719 2709 1851 2749 con-

234 2804 439 2859 gruum
460 2799 781 2861 exspectans
802 2809 815 2846 :
833 2791 1122 2846 festinabat
1136 2792 1280 2846 enim
1301 2801 1352 2845 ut
1374 2789 1512 2844 ﬁlios
1539 2794 1850 2858 procrearet

232 2898 307 2938 ex
337 2897 554 2938 socero.
587 2883 654 2938 Et
681 2885 803 2954 quia
834 2885 968 2940 vidit
1007 2899 1222 2940 socrum
1259 2894 1544 2946 mortuam,
1573 2890 1629 2937 et
1654 2880 1846 2936 ludam

236 2974 433 3029 venire
477 2974 531 3028 in
576 2974 817 3029 Thamna
853 2976 917 3030 ad
947 2975 1246 3031 tondendas
1282 2988 1431 3035 oves.
1476 2972 1641 3027 furari
1683 2970 1848 3026 voluit

236 3065 423 3120 soceri
445 3065 811 3131 concubitum,
839 3073 896 3120 et
918 3081 981 3120 ex
1011 3066 1104 3119 illo
1131 3065 1268 3119 filios
1297 3078 1602 3134 procreare,
1639 3077 1746 3117 non
1775 3062 1843 3116 li-

239 3153 484 3210 bidinem
516 3155 733 3225 explere
761 3158 1166 3226 concupiscens,
1198 3155 1338 3212 absit
1369 3155 1492 3219 hoc,
1541 3153 1636 3209 sed
1664 3167 1735 3208 ne
1764 3153 1846 3205 vi-

235 3242 468 3299 deretur
519 3260 642 3300 esse
691 3246 808 3302 sine
845 3247 1063 3302 nomine
1091 3266 1105 3304 :
1132 3245 1369 3318 alioquin
1419 3257 1475 3303 et
1515 3245 1848 3316 dispensatio

235 3345 360 3389 erat
397 3335 450 3390 id
479 3337 622 3407 quod
652 3337 828 3402 (iebat,
863 3338 1003 3394 unde
1029 3349 1084 3394 et
1122 3353 1286 3408 opere
1322 3339 1590 3408 completa
1630 3347 1756 3392 sunt
1780 3351 1843 3392 ea

235 3442 366 3494 «tum
397 3427 485 3480 illa
514 3428 847 3484 deliberavit.
880 3431 965 3484 14.
999 3429 1254 3501 Depositis
1283 3431 1438 3495 enim,
1471 3429 1665 3497 inquit,
1695 3428 1848 3483 vesti-

234 3519 337 3572 bus
359 3519 622 3573 uiduitatis
665 3538 790 3587 sure,
829 3531 878 3575 et
912 3522 1094 3576 induta
1132 3522 1385 3588 tberistro,
1417 3531 1466 3574 et
1504 3531 1687 3574 ornata
1715 3521 1845 3575 sedit

233 3610 385 3678 apud
423 3621 598 3680 portas
629 3610 780 3684 (Cap.
813 3613 927 3684 38).
971 3613 1172 3671 Deinde
1209 3615 1360 3685 quasi
1409 3627 1675 3668 excusans
1722 3629 1842 3668 eam

236 3701 543 3770 Scriptum,
565 3702 699 3757 dixit
725 3721 740 3755 :
774 3703 911 3758 Vidit
926 3705 1058 3760 enim
1081 3705 1217 3775 quod
1245 3715 1468 3760 creuerat
1498 3705 1710 3770 Selom;
1736 3705 1845 3775 ipse

232 3801 410 3846 autem
456 3811 558 3848 non
601 3794 746 3850 daret
786 3796 953 3866 ipsam
1001 3798 1050 3850 ei
1095 3813 1325 3863 uxorem,
1367 3807 1423 3852 et
1455 3805 1734 3866 propterea
1773 3795 1842 3851 ad

233 3882 621 3952 deceptionetn
649 3885 794 3939 illam
819 3887 1142 3956 properavit.
1171 3886 1336 3941 Judas
1364 3888 1508 3942 enim
1536 3902 1660 3942 cum
1685 3895 1841 3956 puta-

235 3983 322 4029 ret
341 3991 462 4029 eam
488 3989 612 4031 esse
634 3985 870 4032 scortum
905 3979 1199 4051 (velaverat
1225 3978 1368 4032 enim
1398 3978 1483 4032 illa
1514 3976 1729 4041 faciem,
1774 3992 1843 4032 ne

231 4066 670 4136 agnosceretur),
696 4068 784 4122 16.
829 4067 1043 4122 Divertit
1071 4071 1140 4122 ad
1166 4085 1297 4122 eam.
1328 4067 1436 4122 Illa
1473 4079 1643 4122 autem
1670 4069 1842 4122 dixit:

234 4151 378 4218 Quid
417 4154 545 4206 nti/ti
575 4154 762 4210 dabis?
788 4154 813 4209 Ι
823 4155 890 4211 lle
930 4167 1098 4210 autem
1139 4159 1392 4221 pollicitus
1435 4167 1508 4211 est
1533 4158 1740 4212 ha'dum
1779 4173 1843 4216 ex

234 4243 478 4314 gregibus
519 4261 575 4298 se
614 4247 903 4301 missurum.
953 4249 1040 4302 17.
1087 4249 1150 4300 At
1191 4248 1298 4302 Itth
1325 4249 1454 4302 dixit
1485 4263 1505 4302 :
1537 4248 1599 4303 Si
1642 4248 1844 4302 dederis

233 4334 601 4402 arrhabonem,
655 4337 813 4390 donec
857 4341 1049 4393 mittas.
1097 4340 1183 4394 i8.
1219 4338 1288 4392 Et
1330 4339 1467 4392 dedit
1508 4340 1758 4393 annulum
1794 4351 1840 4392 et

235 4426 520 4491 multum,
552 4438 600 4480 et
645 4427 902 4494 baculum,
946 4441 994 4483 et
1023 4433 1228 4484 intrauit
1268 4431 1337 4483 ad
1380 4447 1512 4497 eam,
1555 4443 1600 4486 et
1629 4433 1842 4500 gravida

236 4517 375 4587 facta
404 4528 480 4572 est
509 4535 576 4573 ea:
600 4536 680 4575 eo.

309 4608 544 4663 Christus
597 4627 662 4664 ex
714 4613 905 4665 semine
940 4611 1102 4666 Iuda.
1126 4643 1197 4653 ——
1223 4613 1410 4668 Nullus
1451 4614 1567 4670 itch
1612 4615 1840 4671 audiens

234 4697 564 4754 condemnet
593 4699 829 4755 Thamar
854 4720 866 4755 :
898 4718 1042 4768 nam,
1072 4711 1132 4756 ut
1159 4703 1292 4769 dixi,
1325 4705 1707 4774 dispensationi
1739 4709 1839 4760 mi-

238 4788 488 4843 nistravit
517 4806 529 4842 :
557 4801 838 4860 propterea
881 4807 1056 4862 neque
1097 4793 1256 4846 ullam
1296 4795 1420 4848 inde
1456 4797 1837 4864 reprehensio-

238 4896 361 4935 nem
390 4886 650 4946 mer'etur,
683 4898 853 4952 neque
879 4883 1041 4939 Judas
1071 4887 1387 4941 criminibus
1429 4888 1521 4941 fuit
1551 4889 1836 4944 obnoxius.

241 4971 452 5026 Etenim
492 4972 596 5028 hac
627 4975 708 5028 via
739 4976 1054 5042 procedens,
1105 4977 1342 5031 invenies
1389 4994 1456 5032 ex
1498 4981 1677 5048 pueris
1713 4979 1838 5036 inde

237 5064 376 5118 natis
394 5063 669 5118 Christum
690 5068 980 5121 secundmn
1011 5084 1224 5122 carnem
1252 5069 1447 5124 ducere
1476 5087 1663 5140 genus.
1690 5073 1840 5126 Pr.»-

239 5165 385 5210 terea
413 5155 524 5210 duo
569 5157 654 5210 isti
685 5158 776 5210 filii
811 5174 906 5228 per
941 5176 1061 5213 cum
1099 5164 1230 5226 nati,
1263 5164 1488 5216 duorum
1520 5165 1837 5232 populorum

240 5249 405 5316 figura
437 5245 669 5309 fuerunt,
706 5257 758 5300 et
781 5249 1054 5313 praedictio
1095 5253 1336 5318 qumdmn
1368 5255 1488 5307 vita:
1518 5264 1626 5309 tum
1656 5254 1838 5308 .ludai-

240 5350 338 5399 eae,
369 5345 482 5392 tum
525 5338 838 5407 spiritest.
885 5340 989 5394 Sed
1033 5358 1172 5395 nunc
1202 5345 1477 5398 videamus
1512 5356 1632 5414 post
1658 5362 1837 5401 reces-

238 5441 354 5479 sum
377 5426 550 5493 Ιιιίιω,
582 5429 853 5497 quomodo
890 5445 1052 5498 parvo
1081 5445 1268 5486 exacto
1296 5444 1553 5502 tempore,
1589 5446 1642 5488 et
1674 5451 1836 5504 opere

240 5517 292 5570 in
324 5529 567 5586 apertum
594 5521 872 5588 producto,
905 5523 1068 5579 Judas
1098 5529 1443 5595 semetipsum
1486 5531 1832 5595 condemnat,

243 5607 387 5662 illam
426 5624 454 5662 a
478 5612 796 5666 criminibus
827 5614 1077 5670 liberans.
1122 5616 1252 5670 Nam
1288 5629 1565 5687 postquam
1595 5621 1839 5689 implevit

241 5697 474 5753 Thamar
498 5702 639 5769 quod
673 5705 858 5766 voluit,
895 5707 1085 5760 iterum
1112 5721 1315 5763 mutato
1353 5709 1533 5762 habitu
1564 5711 1686 5765 inde
1714 5714 1834 5781 qui-

240 5791 359 5848 dem
393 5794 630 5860 receSsit,
661 5808 714 5849 ct
743 5799 884 5852 venit
926 5801 976 5853 in
1013 5801 1228 5857 domum
1261 5818 1431 5857 suum.
1463 5801 1626 5858 ludas
1655 5815 1832 5860 autem

1238 401 1304 459 IN
1341 399 1498 457 CAP.
1539 392 1830 453 XXXVIII.
1871 385 2115 446 GENES.
2157 385 2387 443 ιωηιι..
2430 383 2592 442 LXII.

3478 385 3579 441 53!

1978 498 2108 554 nihil
2137 514 2325 557 eorum
2349 499 2547 563 sciens,
2577 496 2988 568 promissionem
3011 495 3256 568 implevit
3281 505 3339 552 et
3365 497 3581 557 hmdum

1980 591 2146 652 misit,
2179 599 2238 644 ut
2261 588 2622 643 arrhabonem
2651 603 2809 643 suum
2841 587 2916 644 illi
2944 586 3420 658 datumJecipcret
3449 590 3583 642 :sed

1977 695 2240 753 nusquam
2297 680 2513 735 inventa
2557 679 2802 748 muliere,
2855 679 3015 736 rediit
3061 694 3218 751 puer,
3263 679 3578 751 significans

1973 771 2127 827 indas
2164 785 2224 826 se
2251 785 2519 842 nusquam
2550 770 2794 825 invenire
2835 771 3116 826 mulierem
3157 769 3418 841 potuisse.
3445 770 3583 840 Qui-

1974 863 2074 918 hns
2111 861 2428 932 compertis,
2456 860 2625 916 ludas
2650 861 2807 929 dixit,
2847 862 3040 933 inquit,
3081 860 3161 917 Ne
3188 861 3329 918 forte
3365 863 3584 918 damne-

1975 969 2120 1019 mur,
2161 962 2218 1008 ut
2251 951 2417 1008 habiti
2462 953 2678 1023 ingrati.
2710 953 2897 1022 Neque
2942 953 3086 1008 enim
3113 953 3324 1010 sciebat
3350 951 3577 1008 factum.

1971 1045 2171 1101 Verum
2198 1045 2488 1116 prmteritis
2517 1045 2793 1100 mensibus
2823 1045 3016 1110 tribus,
3046 1053 3104 1101 et
3127 1045 3338 1100 sarcina
3371 1045 3579 1100 ventris

1973 1145 2183 1206 partum
2227 1137 2574 1207 prtedicente,
2621 1146 2678 1192 et
2726 1136 2879 1192 nullo
2920 1136 3031 1192 alio
3072 1135 3328 1192 furtivum
3371 1138 3580 1193 sciente

1968 1229 2313 1285 concubitum
2338 1246 2356 1286 :
2379 1229 2471 1284 24.
2501 1228 2895 1293 Annuntiatum,
2927 1230 3119 1300 inquit,
3140 1237 3216 1283 est
3238 1226 3414 1295 ludo,
3443 1229 3581 1297 quod

1967 1330 2168 1374 uterum
2203 1331 2394 1392 gereret
2437 1337 2504 1376 es
2553 1320 2829 1376 adulterio.
2890 1319 2959 1375 Et
3005 1331 3061 1374 ut
3103 1320 3304 1388 didicit,
3361 1319 3577 1374 Educite

1966 1429 2099 1476 eam,
2131 1413 2316 1482 inquit,
2344 1422 2393 1466 et
2421 1417 2766 1466 comburatttr.
2812 1411 2998 1482 Magna
3033 1409 3350 1482 indignatio,
3390 1410 3574 1480 gravis

1968 1517 2148 1573 paena,
2170 1504 2293 1574 quia
2319 1515 2376 1560 et
2402 1513 2682 1574 peccatum
2708 1503 2911 1573 grande
2949 1517 3072 1558 esse
3096 1501 3399 1558 videbatur.
3432 1500 3572 1570 Quid

1965 1595 2126 1665 igitur
2173 1595 2456 1651 Thamar?
2507 1595 2786 1650 Productis
2833 1595 2900 1650 iis
2947 1609 3069 1663 quae
3110 1595 3163 1648 in
3212 1591 3573 1649 arrhabonont

1963 1685 2131 1741 ludas
2177 1686 2490 1756 reliquerat,
2540 1685 2866 1756 inquitz25.
2909 1683 2973 1740 Si
3013 1685 3127 1755 quis
3165 1693 3240 1739 est
3278 1686 3430 1756 cujus
3463 1683 3574 1740 lict:

1963 1789 2106 1846 sunt,
2129 1780 2195 1852 ab
2220 1780 2311 1834 illo
2340 1779 2526 1835 castris
2552 1781 2810 1833 sarcinam
2838 1777 3033 1848 accepi.

2032 1871 2088 1926 2.
2131 1872 2364 1928 Attende
2383 1871 2656 1942 quomodo
2688 1871 2854 1927 silens
2875 1870 2981 1926 fide
3010 1870 3204 1940 dignos
3227 1877 3392 1925 testes
3411 1867 3572 1926 affert

1960 1964 2052 2035 qui
2074 1964 2378 2035 loquantur,
2403 1963 2607 2020 etsatis
2625 1978 2746 2019 eam
2768 1964 3013 2017 criminis
3034 1962 3308 2016 innoxiam
3337 1960 3569 2018 demou-

1959 2065 2152 2113 strent.
2184 2053 2320 2122 Quia
2354 2055 2499 2110 enim
2525 2055 2696 2110 tribus
2726 2054 2955 2109 testibus
2979 2054 3193 2125 egebat,
3235 2068 3357 2121 qum
3393 2051 3447 2106 in
3477 2052 3566 2108 tali

1957 2162 2121 2204 causa
2160 2149 2492 2219 arguebatur
2521 2165 2534 2202 :
2569 2147 2770 2203 idcirco
2797 2156 2855 2203 et
2893 2146 3012 2202 hinc
3049 2146 3201 2217 quasi
3233 2146 3382 2201 claro
3411 2145 3567 2202 testi-

1957 2241 2142 2296 monio
2158 2240 2310 2308 dato,
2334 2251 2444 2298 tres
2465 2240 2828 2297 arrhabonum
2851 2244 3061 2311 species
3081 2239 3264 2306 mittit,
3284 2238 3567 2306 annulum,

1955 2331 2242 2400 armillam.
2270 2339 2326 2387 et
2355 2331 2602 2388 baculum
2638 2349 2652 2386 :
2679 2341 2736 2386 et
2763 2331 2911 2386 domi
2938 2329 3138 2388 sedens
3178 2339 3473 2401 taceasque
3513 2329 3566 2384 in

1955 2440 2115 2480 causa
2155 2426 2302 2480 vicit.
2347 2426 2438 2481 26.
2477 2425 2648 2480 ludas
2693 2425 2840 2480 enim
2887 2440 3006 2478 cum
3051 2426 3355 2495 agnovisset,
3389 2423 3519 2478 diuit
3547 2438 3567 2476 :

1953 2515 2250 2586 Iusti/iectu
2273 2528 2348 2573 est
2373 2519 2537 2589 magis
2559 2533 2713 2586 quam
2734 2532 2847 2587 ego,
2874 2524 3143 2585 propterea
3164 2515 3302 2584 quod
3325 2530 3424 2568 non
3445 2513 3565 2568 dedi

1954 2625 2068 2661 eam
2095 2609 2205 2675 ﬁlio
2236 2624 2347 2662 meo
2373 2607 2572 2663 Selont.
2597 2605 2736 2674 Quid
2766 2615 2869 2672 est,
2898 2604 3194 2675 Iusti/Scala
3220 2615 3293 2660 est
3319 2606 3433 2675 ipsa
3457 2620 3569 2659 uta-

1952 2697 2052 2769 gis,
2083 2714 2238 2768 quam
2265 2698 2398 2769 ego?
2437 2696 2530 2753 Illa
2556 2696 2796 2768 quidem,
2830 2697 3024 2768 inquit,
3075 2698 3291 2752 innoxia
3331 2706 3434 2762 est,
3462 2711 3566 2768 ego

1953 2798 2135 2843 autem
2178 2789 2447 2858 meipsum
2495 2789 2838 2855 condemno,
2885 2797 2942 2844 et
2975 2788 3122 2842 nullo
3149 2799 3408 2858 urguente
3450 2803 3567 2843 me-

1952 2878 2132 2949 ipsum
2165 2879 2371 2950 prodo;
2405 2879 2513 2934 imo
2548 2879 2762 2935 abunde
2789 2895 2876 2936 me
2911 2879 3263 2950 redarguunt,
3292 2893 3412 2949 qua:
3438 2877 3563 2934 data

1950 2979 2076 3024 sunt
2104 2968 2180 3024 illi
2211 2969 2264 3024 in
2292 2970 2674 3025 arrhabonem.
2701 2970 2770 3025 Et
2791 2970 2985 3024 deinde
3012 2972 3208 3024 iterum
3239 2969 3563 3025 Thamarem

1950 3075 2236 3127 excusans,
2268 3060 2436 3116 dicit:
2470 3061 2606 3128 Quia
2633 3077 2739 3116 non
2781 3060 2900 3116 dedi
2925 3077 3037 3115 eant
3068 3060 3245 3117 Selom
3270 3060 3381 3130 ﬁlio
3426 3076 3558 3115 mea.

1952 3149 2114 3207 Forte
2146 3158 2329 3207 autem
2353 3149 2458 3206 hoc
2487 3148 2689 3206 factum
2733 3157 2818 3206 est
2843 3151 2915 3205 ob
2941 3149 3079 3205 hanc
3112 3165 3275 3221 quam
3317 3149 3564 3206 dicturus

1950 3256 2071 3296 sum
2109 3256 2351 3297 causam.
2397 3242 2533 3297 Nam
2577 3242 2703 3310 quia
2732 3241 2901 3298 ludas
2949 3241 3172 3312 putabat
3211 3241 3354 3296 illius
3399 3255 3563 3298 causa

1953 3343 2195 3389 mortuos
2223 3331 2299 3388 Er
2327 3343 2384 3389 et
2413 3335 2625 3398 Auuan,
2657 3333 2820 3404 idque
2851 3341 3100 3389 metuens
3128 3347 3249 3388 eam
3279 3347 3386 3388 non
3412 3331 3565 3389 dedit

1949 3425 2152 3491 Selom,
2185 3426 2432 3494 quamvis
2474 3426 2524 3479 ei
2551 3425 2910 3496 promisisset,
2939 3433 2999 3478 ut
3030 3422 3319 3480 manifeste
3353 3439 3419 3479 ac
3445 3425 3562 3480 evi-

1948 3516 2140 3592 denter
2174 3518 2340 3572 sciret
2378 3518 2549 3587 ipsam
2595 3533 2702 3573 non
2736 3518 2853 3573 istis
2880 3532 3097 3572 causam
3140 3517 3306 3573 fuisse
3345 3517 3556 3584 mortis,

1948 3609 2044 3663 sed
2075 3623 2169 3664 eos
2196 3618 2418 3680 propter
2455 3624 2606 3664 suam
2635 3609 2892 3664 malitiam
2923 3625 3112 3680 pmuas
3138 3609 3356 3666 dedisse
3382 3611 3560 3682 (Occi-

1947 3702 2023 3755 dit
2066 3718 2204 3768 eum,
2245 3703 2436 3772 inquit,
2465 3701 2604 3757 Deus
2635 3718 2655 3756 :
2681 3713 2738 3759 et
2762 3704 2955 3759 iterum
2977 3745 2994 3771 ,
3027 3704 3225 3758 Occidit
3257 3721 3373 3761 eum
3403 3703 3556 3776 (Gen.

1947 3792 2037 3848 58.
2082 3793 2136 3847 7.
2173 3793 2324 3864 f0),
2379 3794 2551 3864 inquit
2583 3794 2746 3850 etiam
2796 3795 2867 3851 de
2919 3797 3229 3867 secundo),
3273 3804 3558 3866 propterea

1949 3885 2166 3955 ignarus
2192 3885 2308 3955 ipse
2336 3901 2459 3942 cum
2486 3902 2623 3941 nuru
2644 3901 2739 3940 sua
2762 3903 2876 3942 rem
2900 3887 3084 3954 habet,
3111 3897 3162 3943 et
3193 3888 3339 3943 clare
3369 3886 3558 3943 didicit

1954 3977 2123 4044 ipsam
2155 3992 2263 4031 non
2293 3977 2347 4032 in
2376 3993 2540 4033 causa
2567 3978 2756 4046 fuisse,
2786 3978 2882 4034 sed
2913 3979 3126 4034 illorum
3172 3978 3431 4034 malitiam
3458 3993 3555 4036 cos

1946 4083 2069 4123 reos
2105 4083 2282 4140 paena:
2328 4069 2521 4124 fecisse
2561 4086 2574 4123 :
2607 4078 2663 4126 et
2696 4069 2980 4126 confessus
3024 4081 3306 4141 peccatum
3357 4085 3553 4137 suum,

1945 4160 2105 4213 etiam
2134 4160 2276 4214 illam
2303 4175 2333 4215 a
2359 4161 2626 4230 supplicio
2665 4161 2932 4216 liberavit.
2967 4159 3088 4215 Non
3111 4160 3324 4231 adjecit,
3359 4161 3553 4232 inquit,

1944 4259 1999 4302 ut
2019 4258 2339 4320 cognosceret
2367 4266 2498 4314 eam,
2521 4250 2668 4320 quod
2690 4251 2948 4316 declarat,
2973 4265 3148 4321 neque
3172 4250 3404 4322 primum
3429 4265 3553 4307 cum

1944 4356 2008 4396 ea
2047 4357 2163 4398 rem
2196 4343 2503 4397 habiturum
2534 4343 2721 4409 fuisse,
2765 4344 2810 4397 si
2837 4344 3148 4414 agnovisset
3174 4358 3318 4400 eam.
3349 4343 3554 4400 Deinde

1947 4441 2229 4504 postquam
2259 4434 2546 4504 diligenter
2576 4435 2816 4489 narravit
2859 4435 3016 4490 nobis
3053 4435 3235 4491 divina
3277 4434 3553 4505 Scriptura

1943 4523 2318 4592 deceptionem
2367 4541 2528 4594 quam
2575 4525 2776 4580 fecerat
2826 4525 3100 4591 Thamar,
3157 4535 3554 4595 consequenter

1943 4613 2102 4668 docet
2131 4631 2230 4669 nos
2259 4617 2350 4685 qui
2379 4615 2470 4670 lilii
2499 4617 2549 4670 ei
2585 4617 2695 4670 sint
2731 4618 2861 4670 nati.
2887 4616 2977 4670 9.7.
3008 4615 3230 4670 Factum
3255 4626 3329 4671 est
3357 4626 3550 4679 autem,

1944 4701 2135 4772 inquit,
2163 4719 2280 4756 cum
2307 4715 2523 4774 pareret,
2544 4714 2686 4758 erant
2704 4706 2907 4776 gemelli
2932 4709 2985 4758 in
3007 4715 3178 4760 uentre
3200 4707 3312 4776 ejus
3331 4720 3350 4759 :
3365 4704 3457 4762 28.
3485 4704 3552 4762 Et

1942 4811 2056 4848 cum
2083 4807 2300 4865 pareret,
2323 4812 2458 4849 unus
2485 4797 2738 4865 protendit
2770 4813 2976 4850 manum
3003 4812 3024 4850 :
3053 4797 3426 4868 apprehensum
3453 4813 3553 4850 uu-

1944 4895 2042 4940 tem
2092 4887 2336 4940 obstetrix
2377 4890 2582 4941 coccino
2627 4887 2824 4958 ligauit,
2880 4888 3052 4941 dicens
3075 4903 3094 4941 :
3126 4886 3227 4941 Hic
3269 4890 3553 4959 egredietur

1944 4978 2159 5047 primus.
2205 4978 2339 5032 Vide
2379 4979 2487 5044 hic,
2535 4980 2780 5043 obsecro,
2820 4990 3217 5034 sacramentum
3266 4990 3321 5035 ct
3351 4981 3550 5050 pmdi-

1943 5071 2176 5125 ctionem
2217 5072 2539 5125 futurorum.
2571 5071 2703 5125 Nam
2748 5081 3029 5142 postquam
3073 5073 3257 5142 ligavit
3285 5072 3547 5129 obstetrix

1944 5178 2158 5216 tnanum
2215 5164 2457 5228 cot'cino,
2511 5163 2584 5217 ita
2635 5173 2692 5216 ut
2745 5165 2998 5233 cognosci
3046 5177 3225 5233 posset
3280 5166 3542 5229 exiturus,

1945 5267 2070 5310 tunc
2095 5257 2182 5310 29.
2229 5257 2460 5310 Retrawit
2495 5273 2722 5320 manum,
2755 5269 2803 5311 et
2848 5259 2968 5311 exiit
2998 5262 3159 5329 frater
3188 5261 3318 5328 ejus.
3346 5259 3545 5326 Cessit,

1943 5349 2131 5418 inquit,
2164 5349 2332 5413 fratri,
2378 5357 2436 5402 ut
2481 5349 2626 5416 prior
2651 5350 3022 5420 egrederetur,
3053 5361 3109 5405 et
3147 5351 3237 5420 qui
3280 5352 3544 5420 posterior

1943 5439 2243 5506 putabatur,
2293 5439 2438 5507 prior
2483 5438 2632 5505 exiit,
2681 5449 2736 5493 et
2783 5440 2869 5509 qui
2925 5442 3070 5509 prior
3116 5441 3545 5506 existimabatur,

1942 5530 2206 5596 posterior
2232 5543 2479 5598 egressus
2522 5541 2623 5585 est.
2661 5530 2724 5584 Et
2754 5532 2884 5585 dixit
2924 5532 3211 5610 obstetrix;
3246 5534 3418 5599 Quare
3461 5534 3546 5585 di-

1941 5622 2046 5673 uisa
2067 5633 2138 5673 est
2163 5630 2367 5690 prOpter
2395 5631 2441 5674 te
2465 5639 2605 5692 sepes
2628 5622 2652 5675 ἱ)
2679 5622 2745 5675 Et
2773 5625 2961 5676 vocavit
2986 5639 3166 5678 nomen
3188 5626 3297 5696 ejus
3321 5623 3517 5677 Phares

1944 5712 2326 5766 Dissectionem
2357 5713 2501 5768 enim
2541 5723 2595 5768 et
2626 5716 2777 5785 quasi
2819 5716 3158 5784 partitionem
3202 5718 3306 5771 hoc
3340 5731 3538 5770 nomen

1941 5804 2226 5874 significat.
2275 5804 2363 5859 50.
2417 5803 2484 5858 Et
2515 5815 2626 5876 post
2675 5806 2806 5860 hunc
2850 5823 3077 5877 egressus
3108 5818 3180 5863 est
3209 5808 3372 5879 frater
3397 5808 3531 5876 ejus,
