4086 6436
536 349 641 412 855

535 467 624 535 qui
649 468 846 536 signum
890 469 945 520 in
977 481 1131 519 manu
1163 465 1366 520 dextera
1399 472 1682 536 carperet,
1725 474 1772 518 et
1800 466 1994 521 vocavit
2026 479 2122 516 no-

543 573 656 615 men
683 559 794 628 ejus
820 556 978 620 lora.
1009 556 1150 626 quod
1178 557 1558 626 interpretatur
1576 557 1766 612 Oriens
1787 553 1886 629 (a).

609 647 745 704 lare
769 649 938 720 ﬁgura
959 647 1223 704 Ecclesia.
1253 649 1360 704 Lex
1388 658 1589 721 peccata
1619 648 1945 703 demonstrat.
1968 676 2040 687 —
2059 646 2129 701 Et

537 739 678 808 quod
704 754 810 793 non
839 748 1039 794 temere
1071 749 1127 794 et
1152 740 1354 809 absque
1379 756 1536 795 causa
1568 740 1683 794 haec
1709 738 1841 793 facta
1873 739 2000 803 sint,
2032 737 2128 792 sed

538 835 705 900 ligura
744 831 1040 885 futurorum
1087 829 1308 897 fuerint,
1351 833 1494 902 resi,
1517 845 1590 885 sa:
1619 830 1912 886 declarant.
1944 827 2129 899 Neque

537 923 682 976 eitim
728 922 1022 977 secundum
1067 932 1272 977 natasse
1327 921 1569 977 ordinem
1622 922 1726 976 hoc
1770 918 1969 976 factum
2021 927 2126 976 est.

537 1017 820 1082 Quomodo
840 1016 980 1070 enim
1011 1023 1128 1069 erat
1156 1013 1427 1084 possibile,
1459 1022 1516 1068 ut
1536 1022 1820 1082 postquam
1847 1027 2039 1067 manus
2064 1012 2132 1067 li-

541 1120 661 1176 gata
687 1103 784 1160 fuit
809 1107 1052 1171 coccino,
1081 1106 1194 1173 ipsa
1223 1107 1414 1159 iterum
1439 1103 1872 1171 contraheretur,
1899 1114 1953 1158 et
1977 1104 2132 1160 daret

539 1197 820 1265 posteriori
861 1197 1167 1261 transitum,
1196 1196 1298 1250 nisi
1332 1195 1511 1250 divina
1541 1195 1787 1266 quaedam
1820 1199 1986 1250 virtus
2015 1195 2131 1250 btec

541 1287 687 1355 prius
713 1288 1098 1357 dispensasset,
1129 1298 1185 1341 et
1222 1287 1360 1340 sicut
1389 1287 1442 1341 in
1473 1286 1658 1341 umbra
1686 1287 1914 1356 quadam
1945 1286 2129 1354 praeli-

537 1387 801 1446 gurasset,
832 1378 973 1446 quod
1000 1379 1178 1432 statim
1207 1378 1273 1430 ab
1304 1378 1452 1430 initio
1476 1377 1629 1444 Zara,
1661 1377 1801 1446 quod
1829 1386 1912 1430 est
1939 1375 2132 1430 Oriens

541 1471 652 1542 (hic
678 1471 820 1525 enitn
854 1470 1018 1540 figura
1063 1479 1180 1523 erat
1222 1469 1522 1534 Ecclesize),
1551 1477 1895 1538 prospectare
1924 1469 2086 1536 coepit
2115 1485 2128 1521 :

541 1577 648 1630 quo
673 1561 941 1631 paulisper
978 1560 1324 1630 procedente,
1355 1575 1417 1612 ac
1447 1573 1570 1613 mox
1621 1558 2019 1624 retrocedente,
2053 1559 2130 1612 le-

541 1654 677 1722 galis
711 1653 1013 1707 observatio
1067 1667 1165 1723 per
1200 1652 1401 1707 Phares
1439 1652 1733 1722 signiﬁcata
1779 1651 2124 1717 subintravit,

541 1761 661 1814 quas
708 1755 988 1814 postquam
1032 1744 1124 1797 diu
1172 1759 1393 1812 regnum
1437 1743 1715 1808 tenuisset,
1764 1757 1830 1796 eo
1870 1742 1959 1812 qui
1987 1742 2133 1812 prius

538 1843 800 1901 cesserat,
852 1833 1301 1901 Zara‘videlicet,
1349 1848 1536 1888 rursus
1580 1832 1925 1903 procedente,
1973 1833 2137 1888 cessit

545 1925 799 1980 Ecclesia:
828 1926 1001 1979 omnis
1027 1924 1245 1979 Iudaica
1276 1925 1648 1980 consuetudo?
1677 1924 1784 1980 Sed
1829 1925 1967 1979 forte
1993 1938 2137 1978 nunc

544 2016 702 2068 fuerit
733 2016 1093 2070 necessarium
1148 2015 1286 2069 idem
1332 2017 1547 2070 brevius
1586 2025 1641 2070 et
1689 2015 1886 2070 clarius
1931 2015 2133 2070 dicere.

547 2106 802 2172 Fuerunt,
857 2107 996 2161 sicut
1046 2105 1180 2163 Zara
1229 2108 1316 2177 qui
1370 2123 1583 2160 manum
1633 2107 1871 2176 protulit,
1923 2105 2038 2162 Noe
2084 2114 2140 2162 et

543 2197 836 2260 Abraham,
872 2197 979 2256 imo
1016 2209 1141 2251 ante
1170 2195 1283 2252 Noe
1311 2199 1442 2252 Abel
1485 2206 1541 2251 et
1567 2197 1774 2262 Enoch,
1803 2198 1998 2267 quibus
2023 2212 2141 2252 ma-

544 2305 709 2357 gnum
749 2287 983 2343 studium
1017 2287 1115 2344 fuit
1166 2299 1223 2344 ut
1263 2291 1536 2358 placerent
1575 2289 1710 2344 Deo.
1743 2289 1943 2344 Deinde
1984 2299 2137 2360 post-

543 2396 706 2449 quam
736 2381 788 2434 in
819 2381 1017 2436 multos
1061 2382 1355 2452 propagati,
1397 2383 1559 2437 multa
1600 2392 1938 2453 peccatorum
1970 2399 2133 2438 onera

542 2472 897 2542 collegerunt.
929 2488 1063 2542 opus
1097 2483 1275 2527 autem
1301 2484 1416 2528 erat
1448 2485 1504 2527 ut
1530 2474 1614 2528 vel
1651 2488 1867 2542 parvam
1906 2474 2136 2545 aliquam

543 2563 962 2619 consolationem
1006 2564 1268 2620 haberent
1295 2582 1309 2618 :
1337 2565 1458 2619 data
1500 2576 1584 2619 est
1626 2568 1708 2620 lex
1737 2575 1794 2618 ut
1821 2565 2007 2618 umbra
2042 2565 2141 2619 ali-

543 2672 669 2725 qua,
723 2672 829 2710 non
875 2666 1094 2726 peccata
1141 2657 1352 2722 tollens,
1395 2655 1488 2709 sed
1532 2671 1596 2710 ea
1644 2656 2038 2721 demonstrans,
2085 2664 2140 2711 et

545 2749 824 2804 manifesta
851 2750 930 2803 eis
955 2747 1175 2814 faciens,
1209 2758 1266 2802 ut
1305 2756 1575 2816 tamquam
1605 2746 1901 2816 imperfecti
1931 2745 2024 2800 filii
2049 2747 2139 2816 qui

546 2839 684 2894 lacte
714 2850 1022 2908 pascuntur,
1053 2839 1361 2893 adolescere
1395 2847 1632 2908 possent.
1664 2837 1863 2893 Verum
1895 2837 2017 2906 quia
2045 2852 2140 2892 ne-

545 2944 648 3002 que
674 2929 777 2988 hoc
804 2929 888 2986 his
920 2930 1134 3003 profuit,
1163 2930 1278 3000 sed,
1311 2930 1392 2988 vel
1423 2930 1538 3005 lege
1560 2939 1898 2995 peccaton
1930 2929 2140 2999 magni-

547 3025 782 3082 tudinem
836 3035 1187 3090 monstrante,
1239 3025 1336 3094 ipsi
1394 3028 1588 3080 iterum
1638 3024 1826 3080 iisdem
1881 3019 2140 3095 inquinati

543 3127 691 3182 sunt,
726 3115 1018 3172 adveniens
1049 3118 1348 3170 communis
1377 3117 1631 3170 Dominus
1655 3125 1859 3183 noster,
1887 3116 2142 3184 spiritua-

551 3212 658 3262 lcm
696 3209 835 3264 hanc
874 3217 929 3264 et
957 3209 1239 3263 virtutibus
1267 3209 1468 3262 claram
1509 3209 1668 3262 vitam
1702 3207 1938 3261 humano
1957 3205 2140 3277 generi

547 3301 769 3372 largitus
796 3310 898 3366 est,
930 3302 1084 3368 cujus
1114 3302 1334 3369 liguram
1371 3299 1505 3353 Zara
1537 3300 1810 3369 implebat.
1844 3299 1912 3353 Et
1940 3299 2143 3353 idcirco

547 3394 867 3462 evangelista
894 3392 1054 3445 etiam
1096 3391 1340 3445 meminit
1363 3388 1617 3456 Thamar,
1646 3398 1703 3443 et
1731 3404 1916 3442 eorum
1947 3388 2038 3458 qui
2075 3403 2140 3441 ex

547 3486 635 3539 illa
664 3485 772 3538 nati
815 3493 959 3547 sunt,
991 3492 1047 3538 et
1070 3482 1200 3537 dicit
1224 3499 1238 3535 :
1266 3481 1432 3535 Iudas
1470 3491 1636 3535 autent
1660 3480 1833 3551 genuit
1866 3477 2065 3532 Phares
2092 3489 2139 3532 et

546 3574 736 3632 Iuram
762 3575 824 3628 de
851 3573 1078 3630 Thamar
1096 3573 1309 3644 (Matth.
1345 3575 1395 3627 l.
1424 3573 1501 3643 5).
1781 3562 1787 3568 ’

621 3667 674 3721 ὅ.
713 3665 792 3721 Ne
818 3666 975 3736 igitur
1001 3677 1200 3720 temere
1225 3674 1607 3736 pnetereamus
1638 3677 1700 3718 ea
1724 3677 1841 3733 quae
1863 3662 1917 3716 in
1937 3661 2142 3716 divinis

546 3758 838 3825 Scripturis
861 3768 984 3811 sunt
1015 3758 1243 3827 prodita,
1275 3771 1448 3826 neque
1473 3771 1537 3810 ea
1563 3771 1684 3826 qua:
1711 3754 1962 3808 dicuntur
1985 3766 2014 3804 a
2051 3767 2144 3806 su-

549 3850 768 3919 perlicie
788 3849 1078 3906 salutemus
1102 3865 1117 3915 ;
1146 3849 1239 3904 sed
1266 3850 1490 3918 ingressi
1512 3849 1576 3901 ad
1602 3849 1772 3916 ipsum
1797 3844 2140 3916 profundum,

547 3956 670 3997 cum
700 3940 913 3995 divitias
943 3957 1063 4010 qua:
1092 3941 1161 3994 ibi
1194 3942 1360 3994 latent
1384 3939 1753 4002 didicerimus,
1782 3938 2144 4009 gloriﬁcemus

549 4031 833 4085 Dominum
864 4042 1126 4095 nostrum,
1154 4032 1242 4102 qui
1269 4047 1390 4086 cum
1420 4040 1563 4085 tanta
1591 4031 1849 4101 sapientia
1871 4029 2146 4098 dispensat.

548 4123 746 4176 omnia.
765 4121 899 4177 Nam
922 4123 966 4176 si
999 4123 1324 4177 uoluerimus
1346 4133 1579 4178 mentem
1594 4133 1648 4177 et
1669 4137 1886 4178 causam
1901 4125 2142 4178 omnium

549 4230 670 4282 qua:
701 4214 834 4268 facta
879 4224 1005 4267 sunt
1050 4214 1352 4282 exquirere,
1403 4229 1508 4268 non
1547 4215 1720 4269 solum
1762 4213 1900 4269 hanc
1940 4216 2143 4270 conde-

550 4306 873 4372 innabimus,
894 4306 1034 4375 quod
1065 4322 1185 4360 cum
1213 4321 1404 4361 socero
1431 4322 1529 4362 suo
1563 4308 1929 4365 concubuerit.
1962 4309 2056 4364 sed
2087 4317 2143 4362 et

548 4399 821 4454 Abt-altam
871 4399 1348 4467 reprehendemus,
1386 4409 1444 4454 ut
1473 4401 1799 4471 puericidam
1843 4402 2024 4455 animo
2066 4399 2145 4454 fa-

550 4503 716 4558 ctum,
749 4503 804 4547 et
845 4492 1101 4547 l’hinecm
1130 4503 1186 4546 ut
1217 4493 1415 4562 gemini
1461 4493 1620 4548 simul
1662 4493 1933 4548 homicidii
1967 4509 2140 4548 reum.

552 4586 645 4639 Sin
676 4596 852 4641 autem
885 4587 1301 4655 uniuSanusque
1326 4601 1544 4640 causam
1573 4586 1857 4655 diligenter
1885 4586 2140 4640 didiceri-

551 4691 693 4740 mus,
737 4686 792 4730 et
821 4677 941 4730 illos
966 4692 997 4732 a
1027 4680 1250 4731 crimine
1287 4677 1654 4740 liberabimus,
1680 4689 1734 4732 ct
1775 4693 1873 4733 nos
1920 4679 2142 4732 multam

551 4771 675 4823 inde
714 4769 994 4826 utilitatem
1044 4771 1418 4840 percipiemus.
1459 4771 1721 4825 Cancrum
1772 4787 1872 4826 nos
1907 4788 2026 4840 qua:
2077 4772 2143 4825 ad

551 4861 828 4915 historiam
855 4863 990 4914 hanc
1015 4861 1263 4927 attinent,
1295 4877 1392 4931 pro
1420 4862 1554 4918 virili
1586 4872 1765 4918 nostra
1797 4864 2146 4933 pertractavi-

551 4969 668 5005 tnus
694 4953 900 5007 estt'itati
934 4963 1141 5007 vestrae.

625 5040 903 5095 Historiam
926 5043 1139 5113 Iosephi
1171 5062 1380 5101 narrare
1413 5047 1607 5118 pergit;
1634 5047 1798 5119 ipsum
1823 5050 1992 5119 gratia
2016 5065 2137 5103 con-

551 5135 693 5188 tinuo
718 5134 954 5204 adjutum
985 5139 1218 5192 ostendit.
1244 5168 1314 5178 —
1340 5139 1490 5205 Quod
1518 5142 1562 5193 si
1605 5156 1708 5195 non
1744 5142 2059 5211 fatigamini,
2088 5154 2143 5199 et

553 5229 850 5293 \olneritis,
883 5231 1042 5284 etiam
1070 5232 1348 5301 sequentia
1393 5237 1735 5301 attingemus,
1766 5244 1820 5289 et
1847 5235 2040 5290 iterum
2074 5235 2138 5289 ad

553 5320 912 5374 nartationem
941 5322 1269 5375 admirabilis
1291 5321 1509 5390 Iosephi
1551 5315 1842 5389 veniemus,
1879 5337 1933 5380 ut
1977 5325 2145 5380 discao

552 5423 620 5466 tts
648 5428 710 5466 ex
747 5418 810 5466 its
837 5429 954 5482 qua:
985 5414 1142 5468 hodie
1180 5416 1319 5471 dicta
1365 5428 1509 5480 sunt,
1556 5433 1673 5487 quze
1711 5434 2006 5487 generosus
2053 5420 2141 5474 ille

551 5503 768 5565 athleta,
804 5516 924 5573 post
964 5507 1168 5561 somnia
1202 5509 1288 5563 illa
1324 5524 1544 5580 regnum
1577 5523 1628 5564 et
1663 5514 2014 5583 principatum
2038 5514 2141 5568 fra-

555 5606 692 5651 trum
720 5599 820 5653 sibi
855 5603 1239 5668 promittentia,
1274 5603 1606 5671 sustinuerit,
1639 5618 1691 5660 et
1717 5609 1986 5676 quomodo
2014 5625 2134 5664 ccr-

616 5772 690 5843 (a)
721 5776 819 5824 Vm
848 5778 1078 5829 tlebraica
1105 5789 1178 5830 cst
1201 5787 1315 5849 m't,
1339 5784 1426 5833 sed
1453 5784 1733 5842 fcquentins
1772 5795 1930 5844 3117:.

1279 351 1332 406 S.
1373 348 1650 406 JOANNIS
1683 346 2159 405 CHRYSOSTOMI
2208 347 2522 404 ARClllEi’.
2547 346 3082 406 CONSTANTINOP.

3720 345 3826 402 536

2238 462 2526 518 tantinibus
2551 462 2884 522 certamina.
2925 462 3311 518 tentationibus
3350 463 3672 516 tentationes
3715 474 3838 514 sue-

2235 553 2524 618 cesserint;
2554 555 2622 608 ita
2651 563 2707 607 ut
2737 553 3199 609 increbrescercnt
3225 549 3497 621 naufragia
3518 592 3535 619 ,
3567 567 3669 606 nec
3704 551 3840 606 sub-

2238 656 2572 715 mergeretur
2611 645 2939 716 gubernator
2964 663 2978 699 :
3003 655 3057 699 et
3101 659 3224 698 cum
3271 640 3498 698 validior
3539 641 3845 713 insurgeret

2239 744 2548 804 tempestas,
2567 737 2720 805 quasi
2745 736 2810 790 ad
2840 735 3198 807 gubernacula
3226 735 3442 803 sedens,
3471 736 3650 790 navim
3685 749 3843 803 rege-

2236 835 2337 881 ret.
2367 825 2407 880 E
2437 841 2495 881 re
2518 837 2694 881 autem
2727 827 3058 882 fueritverba
3081 829 3192 897 ipsa
3219 827 3436 893 audire,
3467 836 3523 881 ut
3547 825 3846 896 diligenter

2237 917 2415 970 omnia
2445 915 2653 972 discere
2680 919 2965 987 possimus.
3000 918 3052 973 l.
3075 916 3272 989 Ioseph
3296 927 3465 972 autem
3490 917 3744 970 deductus
3770 924 3846 968 est

2237 1008 2290 1061 in
2316 1005 2626 1080 Egyptian,
2668 1019 2715 1064 et
2752 1012 2870 1064 emit
2911 1027 3026 1064 eum
3053 1012 3422 1084 archimagirus
3457 1010 3752 1065 Pharaonis
3781 1009 3850 1060 de

2238 1115 2393 1151 manu
2426 1097 2804 1153 Ismaelitarum
2836 1099 3022 1171 (Caput
3050 1101 3167 1170 59).
3214 1101 3418 1156 Deinde
3454 1111 3736 1171 postquam
3767 1097 3844 1154 illi

2237 1191 2477 1246 moribus
2513 1191 2745 1256 barbari,
2773 1192 2864 1262 qui
2892 1208 2920 1246 a
2945 1192 3200 1248 fratribus
3221 1207 3342 1248 eum
3379 1199 3640 1256 emerant,
3673 1189 3848 1261 Egy-

2243 1285 2352 1353 ptio
2378 1283 2738 1354 archimagiro
2783 1285 3098 1351 Pharaonis,
3130 1286 3501 1351 vendiderunt,
3529 1287 3708 1341 varios
3736 1284 3846 1338 do-

2241 1373 2415 1428 minos
2443 1376 2664 1429 sortitus
2684 1384 2767 1430 est
2797 1375 2910 1442 ille,
2941 1377 3030 1447 qui
3062 1377 3202 1432 inter
3223 1377 3376 1432 ulnas
3396 1378 3559 1447 patris
3583 1375 3849 1430 educatus

2242 1465 2415 1520 fuerat
2437 1483 2450 1520 :
2476 1477 2530 1522 ut
2557 1482 2625 1522 ne
2642 1466 2968 1523 admiremur
2983 1468 3251 1539 quomodo
3268 1469 3446 1524 tulerit
3461 1483 3676 1538 gravem
3696 1467 3848 1521 illam

2239 1560 2548 1616 servitutem
2566 1559 2878 1615 adolescens
2894 1603 2909 1627 ,
2926 1570 2980 1616 et
2994 1561 3212 1616 omnino
3232 1561 3379 1615 dura:
3397 1559 3697 1631 hujusmodi
3718 1558 3850 1611 vita:

2240 1651 2568 1722 inexpertus,
2601 1650 2855 1722 domique
2873 1666 3060 1722 magna
3079 1652 3244 1722 patris
3261 1651 3628 1706 benevolentia
3645 1651 3854 1705 enutrio

2243 1749 2328 1796 tus
2348 1757 2361 1796 :
2383 1740 2618 1796 subdidit
2634 1742 2908 1812 Scriptura
2927 1743 3110 1797 dicens
3127 1761 3140 1798 :
3156 1743 3212 1797 2.
3239 1742 3302 1796 Et
3327 1753 3435 1797 erat
3455 1742 3707 1797 Dominus
3723 1759 3848 1795 eum

2239 1832 2456 1904 Ioseph,
2469 1844 2515 1888 et
2526 1843 2633 1889 erat
2653 1835 2727 1888 vir
2745 1851 3012 1903 assequeris
3043 1832 3140 1907 (α).
3163 1835 3298 1903 Quid
3317 1843 3422 1900 est,
3445 1833 3571 1888 Erat
3594 1833 3852 1888 Dominus

2244 1942 2358 1979 cum
2372 1925 2565 1995 Ioseph
2583 1925 2985 1980 .’Comitabatur
3002 1941 3147 1991 eum,
3167 1926 3357 1996 inquit,
3381 1925 3557 1980 divina
3575 1925 3768 1994 gratia,
3795 1932 3854 1979 e‘.

2244 2017 2497 2073 reddebat
2514 2019 2561 2071 ei
2583 2016 2752 2072 facilia
2773 2018 2947 2072 omnia
2967 2033 3086 2086 qua:
3098 2020 3276 2088 gravia
3297 2029 3464 2073 erant.
3489 2017 3612 2071 llzec
3629 2017 3853 2085 dispen-

2242 2111 2394 2166 sabat
2434 2125 2620 2165 omnes
2638 2110 2754 2179 ejus
2772 2124 2878 2175 res,
2900 2108 3014 2164 haec
3027 2111 3417 2165 mansuetiores
3435 2111 3484 2165 ei
3499 2109 3733 2164 reddidit
3748 2125 3854 2164 ne-

2244 2203 2554 2271 gotiatores,
2579 2213 2633 2257 et
2656 2201 2890 2257 vendere
2906 2201 3265 2272 archimagiro
3283 2203 3477 2272 coegit,
3509 2211 3567 2257 ut
3590 2201 3852 2272 paulatim

2244 2292 2344 2348 hac
2371 2294 2454 2346 via
2485 2293 2804 2364 procedens,
2828 2304 2882 2348 et
2907 2309 3004 2364 per
3034 2295 3356 2348 tentationes
3377 2294 3494 2348 illas
3513 2294 3737 2359 vadens,
3771 2294 3843 2348 ad

2243 2386 2448 2457 regium
2481 2387 2672 2441 solium
2713 2387 3004 2443 ascendere
3036 2387 3254 2442 valeret.
3288 2385 3485 2441 Verum
3517 2397 3594 2452 tu,
3623 2386 3849 2449 dilecte,

2243 2477 2468 2531 audiens
2497 2493 2620 2532 eum
2662 2478 2982 2533 sustinuisse
3023 2477 3333 2532 servitutem
3379 2475 3518 2546 apud
3548 2477 3855 2547 negotiato-

2251 2583 2357 2634 res,
2407 2567 2602 2623 deinde
2655 2570 2944 2625 scrvivisse
2988 2569 3129 2639 apud
3182 2568 3617 2638 archimagirum,
3670 2568 3856 2638 cogita

2244 2660 2514 2729 quomodo
2542 2676 2650 2716 non
2681 2661 2924 2716 turbatus
2961 2663 3052 2728 sit,
3100 2673 3271 2731 neque
3308 2660 3640 2731 cogitaverit,
3673 2676 3857 2731 neque

2244 2749 2569 2807 hmsitaverit
2611 2767 2796 2807 secum
2835 2751 3059 2807 dicens:
3089 2751 3219 2820 Quae
3257 2752 3588 2806 somniorum
3631 2751 3854 2807 illorum

2243 2842 2510 2915 deceptio,
2567 2859 2686 2914 quae
2736 2852 2936 2898 tantam
2979 2843 3202 2914 gloriam
3256 2843 3651 2915 pollicebatur?
3709 2845 3858 2907 Ecce

2244 2933 2388 2989 enim
2419 2945 2540 3005 post
2568 2935 2775 2990 somnia
2813 2935 2898 2994 illa
2924 2936 3177 3007 servitus,
3209 2950 3264 2997 et
3288 2943 3520 2998 servitus
3541 2944 3746 3014 gravis.
3783 2958 3854 2998 ac

2243 3025 2448 3086 domini
2502 3030 2632 3088 vatii
2659 3050 2672 3086 :
2702 3033 2771 3087 ab
2816 3032 2917 3087 hoc
2958 3042 3172 3088 transeo
3217 3031 3284 3086 ad
3322 3032 3503 3099 illum;
3548 3034 3616 3089 ab
3661 3034 3755 3089 illo
3784 3034 3858 3090 ad

2247 3122 2412 3177 alium
2455 3132 2559 3178 :et
2599 3137 2765 3194 cogor
2816 3122 3168 3178 barbarorum
3222 3138 3538 3179 assuescere
3587 3125 3857 3179 moribus.

2247 3215 2515 3287 Numquid
2544 3215 2786 3272 derelicti
2817 3215 3041 3269 sumus?
3064 3212 3322 3284 numquid
3343 3216 3634 3286 contempti
3663 3230 3862 3272 sumus

2248 3323 2277 3361 a
2309 3322 2544 3378 superno
2567 3307 2864 3377 praesidio?
2890 3306 3031 3362 Nihil
3058 3307 3167 3362 tale
3195 3308 3276 3361 vel
3304 3307 3438 3361 dixit
3467 3307 3551 3362 vel
3578 3308 3857 3377 cegitavit,

2247 3399 2342 3454 sed
2365 3399 2482 3452 tulit
2509 3399 2687 3452 omnia
2711 3408 2988 3452 mansuete
3009 3407 3066 3453 et
3091 3396 3322 3453 fortiter.
3352 3395 3481 3450 Erat
3506 3400 3649 3452 enim
3673 3395 3864 3452 Domi-

2247 3505 2343 3542 nus
2371 3504 2485 3541 cum
2506 3486 2721 3560 Ioseph,
2753 3500 2800 3542 et
2826 3499 2932 3542 erat
2960 3489 3037 3542 vir
3062 3504 3351 3557 assequens.
3385 3488 3524 3556 Quid
3549 3497 3653 3554 est,
3699 3491 3860 3543 Asse-

2247 3583 2446 3650 quens?
2471 3581 2660 3637 Omnia
2687 3584 2735 3636 ei
2767 3596 3023 3651 prospere
3060 3581 3445 3645 succedebant,
3487 3581 3682 3651 ubique
3709 3597 3858 3650 pra:-

2248 3674 2474 3729 cedebat
2512 3689 2634 3728 eum
2677 3688 2909 3743 superna
2957 3671 3310 3742 providentia,
3355 3679 3411 3726 et
3455 3671 3526 3725 ita
3566 3670 3854 3726 manifesta

2249 3776 2366 3821 erat
2391 3767 2584 3836 gratia,
2617 3780 2736 3836 qua:
2759 3765 2983 3820 ﬂorebat
3003 3779 3167 3835 super
3191 3780 3338 3831 eum,
3363 3773 3421 3818 ttt
3444 3765 3604 3819 etiam
3627 3763 3860 3819 domino

2250 3859 2366 3927 ejus
2412 3858 2769 3928 archimagiro
2799 3856 3142 3913 manifestum
3189 3857 3295 3912 hoc
3336 3857 3508 3912 ﬂeret.
3557 3857 3611 3912 ὅ.
3643 3855 3861 3912 Sciet“

2250 3951 2402 4014 enim,
2429 3950 2616 4018 inquit,
2639 3949 2873 4002 dominus
2895 3951 3024 4017 ejus,
3047 3949 3184 4018 quod
3213 3948 3463 4002 Dominus
3481 3959 3608 4002 esset
3631 3964 3747 4002 cum
3765 3964 3856 4016 eo,

2249 4053 2295 4096 et
2324 4043 2494 4096 omnia
2522 4057 2850 4112 quaecumque
2883 4041 3118 4112 faciebat,
3162 4039 3416 4095 Dominus
3443 4057 3687 4112 prospera
3728 4042 3858 4096 red-

2248 4135 2396 4189 debat
2441 4137 2494 4190 in
2527 4136 2759 4190 manibus
2801 4137 2935 4205 ejus.
2979 4137 3033 4189 4.
3075 4133 3277 4188 Invenit
3305 4144 3475 4188 autem
3500 4132 3697 4203 Ioseph
3726 4151 3858 4204 gra-

2247 4227 2369 4279 tiam
2397 4239 2570 4281 rorant
2599 4225 2804 4280 domino
2819 4243 2932 4291 suo,
2963 4236 3009 4279 et
3035 4226 3294 4280 constituit
3323 4241 3438 4279 eum
3463 4241 3614 4295 super
3641 4225 3861 4279 domum

2245 4332 2414 4382 suam,
2458 4325 2505 4370 et
2551 4318 2724 4370 omnia
2763 4332 3092 4386 quacumque
3134 4317 3370 4382 habebat,
3411 4316 3548 4370 dedit
3576 4315 3629 4369 in
3670 4332 3861 4370 manus

2245 4407 2462 4476 Ioseph.
2497 4407 2688 4462 Vidisti
2723 4419 2980 4478 quantum
3011 4408 3080 4462 sit
3115 4423 3347 4478 superna
3375 4422 3533 4465 manu
3564 4406 3860 4476 adjuvari?

2249 4497 2388 4553 Ecce
2414 4498 2558 4554 enim
2591 4508 2645 4552 et
2664 4499 2844 4566 juveni
2871 4509 2926 4553 et
2952 4499 3233 4568 peregrino
3258 4507 3311 4552 et
3339 4498 3551 4566 captivo
3585 4511 3860 4565 servoque

2247 4605 2276 4644 a
2305 4591 2521 4644 domino
2543 4600 2650 4646 tota
2673 4590 2863 4645 domus
2885 4591 3122 4644 creditur
3151 4608 3163 4642 :
3197 4588 3263 4642 Et
3291 4589 3587 4660 omniaquae
3610 4588 3854 4654 habebat,

2249 4684 2384 4737 dedit
2411 4685 2463 4736 in
2491 4700 2669 4736 manus
2700 4685 2829 4752 ejus.
2857 4682 3072 4748 Quare?
3097 4681 3230 4750 Quia
3272 4695 3396 4735 cum
3426 4695 3664 4750 superno
3694 4681 3855 4734 auxi-

2251 4775 2321 4827 lio
2340 4784 2389 4827 et
2422 4789 2547 4828 suos
2573 4774 2751 4828 attulit
2777 4787 2977 4827 mores.
3002 4771 3190 4826 Gratus
3211 4773 3358 4826 enim
3377 4772 3423 4824 ei
3446 4779 3592 4835 erat;
3620 4769 3723 4824 hoc
3744 4781 3856 4836 est,

2249 4879 2370 4917 cum
2402 4879 2590 4934 magna
2611 4865 2779 4933 gratia
2809 4862 3036 4916 faciebat
3055 4863 3255 4916 omnia.
3287 4861 3488 4916 Deinde
3509 4861 3698 4915 volens
3726 4876 3857 4918 eum

2252 4955 2510 5024 benignus
2555 4955 2694 5008 Deus
2725 4953 2776 5007 in
2808 4954 2998 5023 majori
3038 4955 3323 5009 securitate
3359 4953 3710 5016 constituere,
3741 4968 3858 5009 non

2251 5044 2492 5099 liberavit
2531 5062 2559 5097 a
2611 5047 2890 5110 servitute,
2926 5060 3100 5116 neque
3129 5044 3430 5100 libertatem
3467 5044 3517 5099 ei
3547 5043 3716 5098 dedit.
3754 5044 3858 5099 Hic

2249 5139 2390 5192 enim
2437 5152 2552 5190 mos
2599 5148 2680 5191 est
2710 5138 2840 5199 Deo,
2869 5148 2924 5191 ιιι
2967 5153 3073 5191 non
3123 5137 3316 5192 liberet
3353 5151 3382 5188 a
3423 5136 3672 5205 periculis
3705 5135 3858 5191 viros

2250 5230 2441 5282 virtute
2471 5228 2676 5291 claros,
2709 5244 2884 5297 neque
2922 5243 2954 5282 e
2983 5227 3368 5282 tentationibus
3397 5227 3596 5280 eximat
3624 5243 3638 5282 :
3671 5225 3766 5280 sed
3801 5228 3855 5283 itt

2250 5320 2376 5389 ipsis
2405 5321 2788 5374 tentationibus
2832 5330 3034 5374 tantum
3078 5335 3232 5374 suum
3275 5318 3523 5375 ostendat
3563 5319 3852 5386 auxilium,

2250 5420 2308 5465 ut
2335 5413 2650 5466 tentationes
2682 5412 2810 5480 ipsa:
2850 5413 2928 5465 eis
2961 5414 3088 5464 liant
3117 5411 3331 5465 occasio
3363 5410 3683 5464 festivitatis.
3715 5409 3854 5463 Pro—

2252 5513 2367 5571 pter
2396 5502 2500 5556 hoc
2529 5513 2582 5556 et
2617 5502 2802 5555 beatus
2837 5502 2998 5556 David
3030 5502 3245 5556 dicebat
3274 5520 3287 5555 :
3319 5501 3387 5554 In
3413 5501 3742 5554 tribulatione
3773 5502 3854 5552 di-

2251 5595 2423 5651 lutasti
2465 5611 2542 5649 me
2583 5593 2750 5664 (Psal.
2783 5595 2837 5648 4.
2881 5592 2959 5662 2).
3012 5592 3128 5647 Non
3179 5592 3600 5658 tribulationem,
3655 5593 3848 5661 inquit,

2315 5729 2388 5790 (α)
2417 5729 2650 5778 Itebraiec
2667 5706 2841 5781 rubr:
2901 5733 3031 5785 ως,
3060 5726 3131 5776 vir
3155 5739 3383 5788 prospere
3405 5739 3567 5789 agrns,
3585 5739 3680 5789 quo
3700 5727 3845 5775 etiam

2255 5814 2402 5848 sensu
2427 5799 2583 5848 locum
2611 5800 2818 5861 explicat
2837 5798 3200 5860 thij'sostmnus
3225 5799 3361 5846 infra.
