4086 6420
209 483 476 553 ἐξῆλθεν
503 480 540 535 δ
571 474 836 547 ἁδελφός
862 472 1051 530 αὐτοῦ
1083 474 1117 528 ό
1148 470 1217 525 τὸ
1254 465 1654 553 σημεῖον-ἐπι
1694 460 1803 553 τῆς

211 546 411 635 χένρὸς
462 562 578 628 τῆς
630 546 832 625 δεξιᾶς
879 554 1237 625 δεξάμενος,
1284 552 1383 607 και
1430 549 1690 635 ἐκάλεσε
1738 546 1806 599 τὸ

210 634 407 717 ὄνομα
432 643 621 701 αὐτοῦ
660 639 840 711 Ζαρᾶ,
865 641 894 695 δ
918 638 1284 713 ἑρμηνεύεται
1311 634 1567 705 ἀνατολή.

274 806 388 861 Καὶ
419 805 503 860 δτι
539 804 637 875 ούχ
665 802 856 868 ἀτελῶς
891 802 1067 858 ταῦτα
1103 800 1422 872 γεγένηται,
1465 796 1605 852 ἀλλά
1633 793 1801 857 τύπος

197 883 271 961 ἦν
296 889 407 943 τῶν
436 888 744 959 μελλόντων
766 886 1007 948 ἔσεσθαι.
1038 885 1179 941 αύτά
1201 884 1353 957 δηλοῖ
1379 882 1447 937 τά
1476 882 1799 952 πράγματα.

202 971 341 1027 ούδέ
379 971 493 1041 γάρ
523 969 665 1024 κατά
698 969 914 1039 φύσεως
960 968 1286 1023 ἀκολουθίαν
1331 963 1400 1039 ἧν
1446 964 1507 1020 16
1558 963 1800 1033 γεγονός.

202 1052 331 1117 Πῶς
359 1051 473 1123 γάρ
506 1047 578 1123 ἦν
609 1052 855 1112 δυνατὸν.
893 1052 1034 1121 μετά
1059 1051 1121 1105 16
1148 1050 1368 1121 δεθῆναι
1401 1049 1503 1119 τὴν
1532 1049 1693 1117 χεῖρα
1721 1044 1803 1114 τῷ

199 1134 464 1205 κοκκίνῳ,
502 1133 666 1188 πάλιν
698 1133 1052 1204 συσταλῆναι,
1094 1134 1188 1187 καὶ
1220 1132 1407 1187 δοῦναι
1445 1128 1679 1201 πάροδον
1722 1124 1802 1197 τῷ

200 1216 344 1287 μετά
393 1215 603 1280 ταῦτα,
647 1218 698 1270 εί
735 1216 810 1287 μὴ
860 1216 983 1270 θεία
1031 1232 1116 1279 τις
1161 1211 1231 1288 ἦν
1282 1214 1511 1283 δύναμις
1558 1214 1592 1283 ἡ
1629 1210 1803 1264 ταῦτα

197 1299 694 1370 προοικονομοῦσα,
728 1299 823 1353 καὶ
850 1297 1103 1370 καθάπερ
1131 1299 1191 1351 ἐν
1222 1299 1353 1369 σκιᾷ
1376 1314 1482 1351 τινι
1516 1292 1801 1366 προδιετυ-

196 1382 389 1445 πούτο,
418 1383 504 1436 ὅτι
534 1382 597 1446 ἐξ
626 1382 804 1454 ἀρχῆς
836 1382 931 1436 καὶ
960 1382 1027 1435 ἐκ
1066 1379 1372 1453 προοιμίων
1407 1381 1437 1432 6
1463 1379 1637 1448 Ζαρά,
1666 1377 1802 1446 ὅπερ

195 1464 347 1518 ἐστὶν
374 1465 615 1536 ἀνατολὴ
639 1478 663 1505 ι
696 1456 875 1533 (οὗτος
905 1463 1017 1534 γὰρ
1043 1466 1073 1516 6
1097 1463 1268 1528 τύπος
1296 1463 1396 1533 τῆς
1426 1460 1798 1530 Ἔκκλησίας),

194 1546 404 1617 ἤρξατο
451 1546 813 1619 προκύπτειν,
847 1548 943 1601 καὶ
984 1547 1181 1620 μικρὸν
1231 1544 1591 1617 προελθόντος
1634 1538 1801 1596 αὑτοῦ

194 1633 291 1684 καὶ
346 1631 833 1702 ὑποχωρήσαντος,
877 1632 911 1702 ή
958 1630 1160 1701 νομικὴ
1197 1629 1582 1699 παρατήρησις
1626 1629 1659 1697 ἡ
1714 1623 1803 1678 διὰ

191 1712 288 1766 τοῦ
320 1714 500 1781 ὴρές
549 1713 863 1784 μηνυομένη
904 1712 1217 1783 ἐπεισῆλθε.
1253 1712 1349 1765 καὶ
1394 1710 1574 1782 χρόνῳ
1624 1705 1803 1778 πολλῷ

192 1796 498 1865 κρατοῦσα,
523 1794 688 1850 πάλιν
711 1795 804 1849 τοῦ
841 1795 1109 1867 πρότερον
1139 1794 1290 1867 [594]
1317 1794 1800 1865 ὑποχωρήσαντος,

190 1877 288 1931 τοῦ
327 1880 484 1948 Ζαρά
526 1877 693 1946 λέγω,
724 1878 1105 1948 προελθόντος.
1132 1875 1499 1947 παρεχώρησε
1543 1872 1705 1927 πάλιν
1733 1872 1801 1942 τῇ

190 1959 499 2031 Ἐκκλησία
519 1960 671 2016 πᾶσα
691 1961 724 2030 ή
756 1959 1025 2030 Ἰουδαῖκή
1046 1958 1293 2012 πολιτεία
1313 1976 1327 2025 ;
1360 1957 1521 2011 Ἀλλά
1541 1956 1683 2025 τάχα
1704 1954 1804 2009 νῦν
1834 2006 1845 2013 .

188 2044 497 2109 ἀναγκαῖον
529 2042 942 2114 συντομώτερον
972 2042 1137 2096 πάλιν
1174 2041 1309 2096 αὐτὸ
1344 2042 1438 2095 καὶ
1464 2040 1804 2109 σαφέστερον

187 2126 390 2179 εἰπεῖν.
417 2121 717 2196 Ἤρξαντο,
769 2125 1031 2195 καθάπερ
1072 2127 1100 2178 6
1140 2126 1294 2196 Ζαρᾶ
1328 2124 1429 2193 τὴν
1462 2125 1621 2194 χεῖρα
1662 2137 1803 2193 προ-

187 2207 514 2279 εξήνεγκεν,
537 2212 566 2262 ό
590 2208 713 2261 Νῶε
750 2209 844 2261 καὶ
871 2210 900 2261 6
933 2208 1206 2279 Ἀϐραάμ,
1252 2207 1455 2277 μᾶλλον
1481 2206 1538 2277 δὲ
1571 2205 1679 2277 πρὸ
1704 2204 1802 2258 τοῦ

186 2290 316 2345 Νῶε
344 2292 376 2346 6
405 2291 574 2346 ’Δϐελ
605 2293 702 2347 καὶ
728 2291 759 2344 ὁ
799 2290 970 2361 Ἑνὼχ
1014 2292 1114 2360 τῆς
1152 2290 1290 2362 πρὸς
1325 2290 1420 2344 16v
1452 2288 1586 2343 Θεὸν
1617 2289 1806 2361 εύαρε-

188 2374 440 2445 στήσεως
513 2374 684 2429 πολὺν
737 2373 1012 2428 ποιεῖσθαι
1066 2372 1247 2442 λόγον.
1302 2368 1438 2425 Εἶτα
1486 2371 1675 2441 ἐπειδὴ
1722 2372 1803 2434 εἰς

186 2457 403 2527 πλῆθος
444 2458 771 2522 ἐκταθέντες
799 2456 973 2510 πολλά
1004 2457 1201 2529 φορτία
1229 2455 1648 2526 ἁμαρτημάτων
1682 2470 1805 2506 συν-

183 2540 467 2606 ελέξαντο.
516 2541 623 2595 ἔδει
653 2541 710 2595 δέ
760 2542 967 2612 μικρᾶς
1015 2557 1163 2605 τινος
1204 2540 1403 2603 αὐτοὺς
1451 2535 1804 2608 παραμυθίας

183 2624 511 2690 ἀπολαύειν,
537 2625 613 2688 ὡς
638 2625 767 2679 σκιά
792 2641 878 2687 τις
912 2626 941 2677 6
965 2624 1128 2694 νόμος
1168 2622 1347 2693 ἐδόθη,
1375 2622 1475 2692 ούχ
1500 2622 1584 2674 ὅτι
1625 2621 1805 2693 ἀμαρ-

182 2707 408 2776 τήματα
439 2707 705 2778 ἀναιρῶν,
733 2706 871 2761 ἀλλά
904 2706 1078 2759 ταῦτα
1103 2706 1431 2769 ἀποδεικνὺς
1462 2706 1556 2758 καὶ
1591 2703 1804 2778 φανερά

183 2790 376 2854 αὐτοῖς
431 2776 822 2860 ἐργαζόμενος,
853 2790 940 2842 ῖνα
996 2787 1249 2860 καθάπερ
1280 2789 1351 2842 τά
1398 2787 1563 2858 ἀτελῆ
1616 2776 1803 2840 παιδία

180 2874 427 2943 γάλακτι
459 2874 772 2944 τρεφόμενα
810 2874 892 2936 εις
935 2874 1123 2944 ἀκμὴν
1170 2873 1390 2945 ήλικίας
1424 2871 1600 2925 ἐλθεῖν
1637 2871 1802 2940 δυνη-

183 2956 562 3011 θῶσιν.”Δλλ’
592 2955 784 3027 ἐπειδὴ
815 2955 938 3009 ούδέ
985 2954 1159 3019 οὕτως
1197 2954 1485 3009 ἀπώναντό
1512 2970 1600 3019 τι,
1642 2953 1801 3019 ἀλλά,

182 3041 369 3097 καίτοι
408 3040 856 3103 ὑποδεικνύοντος
888 3038 986 3093 τοῦ
1031 3039 1198 3109 νόμου
1238 3038 1348 3091 τῶν
1380 3037 1801 3109 ἁμαρτημάτων

182 3127 250 3180 τὸ
294 3122 555 3195 μέγεθος,
584 3117 731 3177 οὗτοι
781 3122 947 3175 πάλιν
988 3121 1200 3184 τούτοις
1232 3120 1587 3192 ἀνεφύροντο,
1625 3136 1801 3188 παρα-

183 3207 487 3277 γενόμενος
520 3208 549 3259 6
582 3204 759 3269 κοινὸς
798 3205 1079 3275 Δεσπότης
1109 3203 1209 3275 τὴν
1245 3201 1624 3273 πνευματικὴν
1664 3201 1799 3255 ταύ-

179 3305 284 3362 την
320 3290 417 3343 καὶ
466 3290 725 3360 ἐνάρετον
759 3288 1036 3341 πολιτείαν
1067 3286 1149 3356 τῷ
1190 3286 1299 3339 τῶν
1331 3285 1639 3356 ἀνθρώπων
1669 3287 1797 3355 ἐχα-

185 3371 385 3441 ρίσατο
424 3370 594 3438 γένει,
621 3366 692 3443 ἧς
722 3370 895 3423 τύπον
937 3370 966 3421 6
997 3370 1152 3439 Ζαρᾶ
1200 3367 1463 3439 ἐπλήρου.
1493 3368 1592 3421 Διά
1640 3367 1799 3421 τοῦτο

183 3455 283 3509 καὶ
322 3456 353 3507 6
400 3452 797 3525 εύαγγελιστὴς
834 3453 1110 3525 μέμνηται
1157 3453 1251 3505 καὶ
1298 3454 1399 3521 τῆς
1450 3450 1653 3521 Θάμαρ
1704 3454 1799 3505 καί

184 3536 297 3590 τῶν
348 3538 406 3604 ἐξ
457 3538 628 3607 αὐτῆς
682 3535 1009 3607 τεχθέντων,
1065 3535 1161 3588 καί
1214 3550 1414 3605 φησιν’
1461 3534 1685 3599 Ἰούδας
1730 3533 1800 3585 δὲ

183 3620 487 3692 ἐτόννησε
515 3622 624 3675 τὸν
651 3618 845 3689 Φαρὲς
871 3620 971 3673 καὶ
1001 3618 1113 3673 τὸν
1140 3616 1302 3687 Ζαρᾶ
1331 3618 1400 3673 ἐκ
1432 3615 1543 3686 τῆς
1574 3616 1795 3687 Θάμαρ.

258 3782 331 3852 γ’.
349 3781 447 3853 Μὴ
462 3782 643 3838 τοίνυν
663 3782 853 3847 ἁπλῶς
873 3782 1312 3855 παρατρέχωμεν
1328 3783 1396 3841 τὰ
1411 3784 1469 3836 ἐν
1483 3785 1606 3846 ταῖς
1625 3783 1800 3849 θείαις

185 3865 437 3937 Γραφαῖς
484 3866 750 3937 κείμενα,
793 3865 931 3937 μηδὲ
974 3863 1305 3938 ἐξεπιπολῆς
1330 3868 1446 3928 τοῖς
1478 3865 1797 3936 λεγομένοις

187 3948 576 4021 προσέχωμεν,
602 3947 719 4003 ἀλλ’
744 3951 826 4013 είς
851 3948 913 4002 τὸ
943 3948 1106 4020 βάθος
1132 3948 1362 4011 ἑαυτοὺς
1389 3947 1673 4012 καθέντες,
1705 3950 1801 4003 καὶ

185 4033 280 4085 16v
310 4031 742 4102 ἐναποκείμενον
767 4031 1001 4085 πλοῦτον
1023 4030 1457 4104 καταμαθόντες,
1480 4030 1797 4101 δοξάζωμεν

184 4118 278 4171 τὸν
328 4116 602 4187 ἡμέτερον
630 4115 930 4188 Δεσπότην,
972 4114 1064 4169 16v
1104 4114 1243 4186 μετά
1290 4112 1559 4185 τοσαύτης
1606 4115 1798 4183 σοφίας

186 4202 409 4255 ἀπάντα
438 4198 851 4269 οἰκονομοῦντα.
881 4199 945 4252 El
976 4198 1086 4268 γάρ
1120 4197 1196 4269 μὴ
1223 4198 1313 4251 τὸν
1342 4197 1545 4251 σκοπὸν
1576 4198 1671 4251 καί
1698 4197 1800 4268 τὴν

187 4284 373 4338 αἰτίαν
424 4281 662 4336 ἐκάστου
711 4279 823 4334 τὼν
883 4281 1191 4351 γινομένων
1239 4280 1519 4348 ἐξετάζειν
1587 4280 1795 4351 βουλοί-

189 4364 355 4435 μεθα,
387 4365 452 4417 06
486 4364 650 4434 μόνον
687 4362 894 4435 ταύτης
923 4366 1402 4435 κατηγορήσομεν.
1433 4363 1511 4426 ὡς
1547 4362 1627 4433 τῷ
1664 4380 1795 4417 πεν-

187 4448 335 4522 θερῷ
385 4449 560 4520 αὐτῆς
595 4446 871 4518 μιγείσης,
900 4446 1035 4501 ἀλλά
1067 4447 1161 4499 καὶ
1200 4448 1292 4499 16v
1330 4445 1581 4519 Ἀϐραάμ
1621 4448 1799 4500 αἰτια-

188 4532 424 4603 σόμεθα,
453 4532 533 4596 ὡς
572 4530 922 4584 παιδοκτόνον
946 4534 1013 4601 τῇ
1046 4529 1239 4603 γνώμῃ
1266 4531 1656 4601 γεγενημένον,
1703 4533 1799 4584 καὶ

186 4615 283 4668 16v
307 4616 520 4678 Φινεὲς,
560 4615 637 4677 ὡς
679 4615 799 4668 κατ’
844 4614 1008 4667 αὐτὸν
1034 4614 1128 4666 δύο
1160 4616 1355 4681 φόνους
1392 4612 1792 4685 ἐργασάμενον.

200 4698 329 4753 Ἐἀν
356 4698 415 4752 δὲ
450 4698 686 4751 ἑκάστου
718 4699 820 4768 τὴν
854 4698 1035 4751 αἰτίαν
1071 4697 1315 4768 ἀκριϐῶς
1361 4698 1795 4767 καταμάθωμεν,

188 4784 484 4844 κάκείνους
518 4780 780 4852 μέμψεως
826 4780 1233 4851 ἀπαλλάξομεν,
1271 4780 1367 4834 καὶ
1397 4781 1552 4833 αὐτοὶ
1594 4780 1797 4850 πολλὴν

186 4866 403 4919 ἐκεῖθεν
445 4866 549 4937 τὴν
580 4864 850 4934 ὠφέλειαν
912 4861 1342 4935 καρπωσόμεθα.
1385 4862 1549 4915 Ἀλλά
1592 4864 1660 4915 τά
1698 4862 1798 4931 μὲν

189 4951 331 5001 κατά
359 4950 460 5018 τὴν
503 4949 743 5019 ἱστορίαν
775 4947 1001 5019 ταύτην,
1033 4948 1109 5011 ὡς
1140 4949 1271 5017 ἡμῖν
1316 4942 1427 5000 οἷόν
1459 4964 1520 4999 τε
1549 4940 1638 5017 ἦν,
1667 4946 1797 5013 διεξ-

190 5032 536 5101 εληλύθαμεν
561 5033 656 5084 ἐπὶ
690 5034 790 5103 τῆς
820 5031 1093 5104 ὑμετέρας
1118 5032 1364 5102 ἀγάπης.

261 5206 325 5259 Εἰ
356 5204 412 5257 δὲ
453 5203 529 5275 μή
567 5202 907 5271 ἀπεκάμετε,
942 5202 1036 5255 καὶ
1081 5198 1359 5269 βούλεσθε,
1403 5196 1498 5250 καὶ
1530 5194 1639 5247 τῶν
1670 5193 1796 5264 ἑξῆς

190 5286 545 5357 {quq/6930a,
574 5286 668 5338 καὶ
701 5286 861 5337 πάλιν
892 5284 985 5336 ἐπὶ
1016 5284 1116 5353 τὴν
1159 5280 1301 5335 κατά
1346 5280 1437 5332 16v
1481 5278 1797 5346 θαυμαστὸν

205 5371 405 5440 Ἰωσὴφ
454 5370 708 5439 διήγησιν
741 5367 965 5438 ἥξομεν,
1015 5366 1102 5418 ἵνα
1156 5364 1367 5436 μάθητε
1422 5363 1517 5416 καὶ
1571 5362 1634 5414 ἐκ
1688 5360 1797 5413 τῶν

194 5458 436 5526 σήμερον
486 5451 816 5520 λεγομένων,
864 5451 964 5503 ὅσα
1004 5451 1033 5503 6
1073 5450 1320 5517 γενναῖος
1353 5442 1506 5509 οὗτος
1560 5444 1798 5526 ἀθλητὴς

196 5538 333 5608 μετά
380 5536 453 5588 τά
500 5535 759 5606 ὀνείρατα
807 5535 1019 5598 ἐκεῖνα,
1073 5532 1141 5586 τὰ
1190 5532 1289 5602 τὴν
1327 5529 1605 5600 βασιλείαν
1650 5525 1799 5595 αὐτῷ

198 5620 479 5691 μηνύοντα
528 5619 625 5671 καὶ
679 5618 779 5687 τὴν
827 5618 971 5671 κατά
1019 5617 1127 5670 τῶν
1168 5613 1416 5681 ἀδελφῶν
1457 5612 1655 5682 ἀρχὴν,
1697 5609 1799 5661 61:-

195 5704 402 5773 ἐμεινε,
437 5701 533 5755 καὶ
568 5703 717 5764 ὅπως
766 5702 875 5754 ἀπὺ
901 5700 1130 5769 ἀγώνων
1175 5699 1382 5768 ἀγῶνες
1420 5696 1581 5749 αὑτὸν
1628 5693 1797 5747 διεδέ-

196 5805 379 5857 χοντο,
426 5787 524 5840 καὶ
570 5788 902 5855 πειρασμοῖς
946 5785 1250 5855 πειρασμοὶ
1297 5782 1652 5851 συνήπτοντο,
1704 5780 1799 5830 καὶ

198 5870 478 5940 ἐπάλληλα
520 5865 591 5939 ἦν
622 5868 692 5920 τὰ
715 5868 970 5935 ναυάγια.
1001 5869 1095 5921 καὶ
1122 5869 1150 5920 6
1191 5867 1531 5937 κυϐερνήτης
1568 5862 1630 5916 οὐ
1671 5879 1799 5915 κατ-

201 5952 535 6019 εποντίζετο,
585 5952 675 6005 καῖ
738 5952 1089 6029 σφοδροτέρου
1150 5952 1237 6004 τοῦ
1304 5950 1568 6018 χειμῷης
1630 5950 1793 6001 Lux;-

1166 358 1232 413 ΙΝ
1276 354 1432 410 CAP.
1473 347 1742 408 XXXV“!
1781 345 2033 405 GENES.
2070 343 2307 404 HOMIL.
2350 341 2512 403 LXII.

1917 460 2242 531 ισταμινου,
2296 457 2551 529 καθάπερ
2609 454 2704 508 ἐπὶ
2760 451 2871 509 τῶν
2914 451 3118 507 οῑάκων
3171 450 3516 524 καθήμενος,

1910 544 2055 598 οὕτω
2096 544 2199 614 τὴν
2251 541 2382 597 ναῦν
2428 541 2630 595 ίθυνεν.
2663 537 2849 603 Ἀξιον
2892 537 2951 592 δέ
2984 536 3220 591 ἀκοῦσαι
3269 538 3365 590 καὶ
3416 540 3518 592 a6-

1909 626 2018 680 τῶν
2065 626 2175 679 τῶν
2223 625 2511 696 ῥημάτων,
2550 623 2638 677 ῐνα
2676 622 2859 675 πάντα
2895 619 3036 692 μετά
3075 618 3367 690 ἀκριϐείας
3415 636 3519 689 μα-

1911 708 2025 762 θεῖν
2074 707 2417 780 δυνηθῶμεν.
2466 706 2685 775 Ἰωσὴφ
2736 704 2837 769 δὲ,
2887 703 3058 775 φησὶ,
3122 701 3395 771 κατήχθη
3432 704 3521 769 τις

1908 791 2248 859 Αἴγυπτον,
2290 789 2389 845 καὶ
2434 788 2738 856 ἐκτήσατο
2788 786 2977 841 αὐτὸν
3016 788 3050 841 ό
3096 782 3521 855 ἀρχιμάγειρον,-

1908 873 2121 941 Φαραὼ
2148 873 2219 927 ἐκ
2246 872 2447 942 χειρὸς
2490 868 2902 941 Ἰσμαηλιτῶν.
2937 864 3075 923 Εἶτα
3104 868 3295 937 ἐπειδὴ
3323 869 3418 922 καὶ
3464 868 3517 920 οί

1908 958 2059 1023 παρὰ
2085 955 2195 1007 τῶν
2224 955 2472 1024 ἀδελφῶν
2500 954 2663 1008 αὑτὸν
2692 952 3040 1023 ὠνησάμενοι
3074 950 3345 1022 βάρϐαροί
3371 965 3520 1013 τινες

1908 1053 2003 1092 και
2029 1038 2309 1092 ἀλλόκοτοι
2337 1034 2481 1109 ἦσαν
2504 1036 2567 1091 16
2584 1032 2738 1108 ήθος,
2768 1036 2865 1089 καὶ
2881 1034 3045 1088 πάλιν
3060 1034 3218 1088 αὐτοὶ
3241 1032 3321 1103 τῷ
3344 1033 3518 1100 Αιγυ-

1908 1123 2052 1192 πτίῳ
2083 1120 2163 1192 τῷ
2209 1121 2598 1193 ἀρχιμαγείρῳ
2640 1118 2735 1174 τοῦ
2769 1117 2972 1191 Φαραὼ
3012 1117 3180 1172 αὑτὸν
3227 1115 3516 1178 ἀπέδοντο,

1908 1204 2003 1256 καὶ
2028 1203 2321 1273 διαφόρους
2348 1203 2548 1275 ήμειϐε
2588 1201 2859 1265 δεσπότας
2899 1203 2929 1255 6
2974 1202 3036 1254 ἐν
3076 1202 3202 1263 ταῖς
3246 1198 3519 1268 ἀγκάλαις

1906 1286 2001 1339 τοῦ
2059 1285 2265 1358 πατρὸς
2311 1284 2683 1356 ἀνατραφείςο
2725 1285 2815 1338 ἵνα
2845 1284 2920 1354 μὴ
2971 1280 3315 1353 ξενιζὼμεθα
3358 1278 3516 1352 [695]

1908 1368 2025 1433 πῶς
2059 1369 2261 1439 ήνεγκε
2280 1369 2379 1439 τὴν
2402 1366 2687 1439 μοχθηράν
2718 1366 2938 1437 ἐκείνην
2968 1365 3219 1419 δουλείαν
3249 1363 3373 1427 νέος
3416 1361 3515 1427 ὢν,

1906 1451 2001 1503 καὶ
2049 1453 2235 1522 πάσης
2272 1451 2532 1521 τοιαύτης
2578 1449 3003 1520 σκληραγωγίας
3034 1449 3268 1519 ἄπειρος
3287 1487 3303 1513 ,
3330 1448 3426 1501 καὶ
3456 1448 3519 1501 ἐν

1904 1535 2054 1606 οίκίᾳ
2087 1535 2226 1606 μετά
2252 1534 2462 1605 πολλῆς
2494 1533 2597 1604 τῆς
2644 1533 2925 1604 πατρικῆς
2965 1531 3351 1604 φιλοστοργίας
3378 1533 3515 1584 ἀνα-

1902 1619 2158 1689 τραφεὶς,
2205 1618 2489 1687 ἐπήγαγεν
2531 1619 2565 1689 ή
2611 1616 2802 1687 Γραφὴ
2843 1616 3111 1685 λέγουσαο
3142 1616 3254 1670 Kal
3289 1612 3369 1685 ἦν
3395 1613 3518 1669 Κύ-

1897 1716 2033 1770 ριος
2059 1701 2213 1769 μετὰ
2264 1698 2515 1768 Ἰωσὴφ,
2570 1700 2669 1752 καὶ
2714 1693 2795 1768 ἦν
2865 1697 3026 1766 ἀνὴρ
3068 1695 3513 1768 ἐπιτυγχάνω.

1906 1782 1972 1835 Τί
2001 1785 2141 1849 ἐστι,
2187 1784 2298 1837 Kal
2324 1779 2407 1853 ἦν
2438 1784 2659 1851 Κύριος
2680 1781 2834 1852 μετὰ
2885 1782 3149 1852 Ἰωσήφς
3206 1780 3518 1851 Συμπαρῆν

1906 1866 2085 1937 αὐτῷ,
2112 1868 2301 1938 φησιν,
2333 1869 2367 1939 η
2402 1866 2612 1921 ἀνωθεν
2634 1868 2818 1941 χάρις,
2854 1867 2951 1921 καὶ
2976 1866 3121 1939 αὑτὴ
3142 1866 3295 1937 αὐτῷ
3334 1866 3516 1921 πάντα

1903 1952 1973 2005 τὰ
2001 1952 2243 2023 δυσχερῆ
2291 1948 2676 2024 ἐξευμάριζεν.
2712 1952 2867 2024 Αὕτη
2884 1953 3073 2007 ’πάντα
3096 1952 3166 2006 τά
3193 1952 3314 2006 κατ’
3349 1953 3518 2006 αὐτὸν

1902 2032 2173 2107 ᾠκονόμει
2193 2053 2204 2066 ·
2234 2036 2374 2107 αὕτη
2408 2037 2503 2089 καὶ
2531 2037 2660 2101 τοὺς
2691 2035 2968 2109 ἐμπόρους
2999 2036 3247 2099 ἐκείνους
3294 2037 3519 2107 ἡμερω-

1901 2121 2097 2190 τέρους
2142 2120 2293 2191 αὑτῷ
2330 2119 2635 2190 κατέστησε
2659 2162 2674 2186 ,
2709 2121 2805 2174 καὶ
2838 2120 3134 2175 ἀποδόσθαι
3164 2119 3243 2191 τῷ
3272 2122 3515 2193 ἀρχιμά-

1903 2202 2076 2273 γείρῳ
2109 2204 2552 2274 κατηνάγκασεν,
2592 2204 2681 2257 ἵνα
2709 2204 2818 2276 6δῷ
2850 2206 3165 2276 προϐαίνων
3193 2204 3338 2258 οὕτω
3372 2205 3516 2261 κατά

1905 2287 2101 2357 μικρὸν
2124 2326 2139 2351 ,
2170 2288 2267 2341 καὶ
2306 2287 2397 2341 διά
2433 2286 2544 2340 τῶν
2594 2288 2925 2359 πειρασμῶν
2954 2288 3161 2342 τούτων
3191 2287 3391 2343 ὁδεύων
3421 2290 3517 2342 ἐπὶ

1901 2370 1993 2421 τὸν
2020 2370 2118 2440 τῆς
2146 2369 2430 2441 βασιλείας
2462 2368 2651 2441 θρόνον
2684 2369 2933 2425 ἀνελθεῖν
2961 2371 3189 2443 δυνηθῇ.
3222 2371 3386 2426 Ἀλλά
3420 2373 3512 2434 σὺ.

1900 2453 2195 2522 ἀγαπητὴ
2260 2452 2479 2507 ἀκούων
2525 2454 2607 2507 ὃτι
2657 2454 2922 2525 ὑπέμεινε
2970 2454 3070 2527 τὴν
3115 2454 3369 2509 δουλείαν
3410 2455 3514 2526 τήν

1902 2534 2055 2607 παρὰ
2093 2537 2208 2598 τοῖς
2258 2536 2528 2607 ἐμπόροις
2550 2576 2566 2603 ,
2610 2532 2731 2590 εἶτα
2777 2536 3052 2604 διεδέξατο
3083 2539 3118 2609 ή
3157 2536 3373 2592 δουλεία
3415 2537 3515 2592 τοῦ

1903 2618 2347 2690 ἀρχιμαγείρου,
2382 2618 2608 2688 λογίζου
2629 2658 2647 2685 ,
2693 2619 2815 2685 πιῖις
2850 2620 2952 2674 οὐκ
2986 2621 3352 2693 ἐταράττετο,
3391 2620 3516 2675 οὐδὲ

1900 2700 2231 2771 διελογίζετο
2260 2703 2385 2757 καθ’
2418 2704 2611 2758 ἐαυτὸν
2648 2703 2745 2758 καὶ
2778 2704 2977 2777 ἠπόρει
3004 2705 3099 2758 καὶ
3131 2704 3321 2774 ἐλεγεο
3349 2705 3446 2769 Τίς
3476 2707 3513 2775 ή

1898 2785 2009 2838 τῶν
2042 2786 2343 2857 ὀνειράτων
2371 2787 2601 2843 ἐκείνων
2622 2788 2809 2859 ἀπάτη
2841 2790 2875 2859 ή
2902 2788 3178 2859 τοσαύτην
3210 2788 3311 2861 τήν
3350 2806 3513 2861 περι-

1900 2871 2133 2938 φάνειάν
2160 2888 2249 2941 μοι
2293 2871 2615 2941 μηνύουσας
2658 2871 2790 2926 Ἰδοὺ
2820 2872 2931 2943 γάρ
2964 2872 3105 2943 μετά
3152 2873 3225 2927 τά
3254 2871 3513 2941 ὀνείρατα

1901 2953 2087 3006 ἐκεῖνα
2129 2953 2379 3021 δουλεία,
2412 2954 2507 3007 καὶ
2548 2955 2767 3009 δουλεία
2804 2955 3055 3026 χαλεπὴ,
3098 2956 3197 3011 καὶ
3237 2956 3512 3020 δεσπότας

1899 3036 2118 3106 ἀμείϐω
2140 3078 2156 3103 ,
2186 3036 2298 3091 ἀπὸ
2333 3037 2529 3091 τούτου
2571 3038 2713 3108 πρὸς
2753 3039 2988 3101 ἐκεῖνον,
3024 3039 3122 3091 καὶ
3169 3038 3267 3093 ἀπ’
3300 3039 3513 3092 ἐκείνω

1900 3120 2041 3190 πρὸς
2085 3118 2313 3184 τοῦτον,
2357 3119 2455 3174 καὶ
2524 3118 2914 3189 ἀναγκάζομαι
2938 3118 3147 3181 ,ἔθεσιν
3192 3120 3513 3185 ἀλλοκότοις

1901 3201 2428 3272 συναναμίγνυσθαι.
2471 3196 2624 3273 ’Ἄρα
2673 3201 2750 3274 μὴ
2803 3200 3350 3275 ἐγκατελείφθημενς
3400 3200 3514 3276 ἆρα

1903 3286 1979 3355 μὴ
2024 3283 2407 3356 παρώφθημεν
2465 3285 2617 3356 παρά
2657 3285 2760 3353 τῆς
2811 3284 3022 3339 ἀνωθεν
3071 3285 3288 3357 ροπῆς;
3344 3288 3516 3344 Οὐδὲν

1896 3366 2141 3421 τοιοῦτον
2168 3369 2270 3421 οὐκ
2300 3363 2477 3434 εἶπεν,
2508 3369 2610 3421 ούκ
2636 3368 2945 3439 ἐνενόησεν,
2981 3367 3101 3422 ἀλλ’
3126 3371 3295 3441 ἐφερε
3325 3370 3512 3426 πάντα

1900 3451 2092 3523 πράως
2144 3451 2240 3505 καὶ
2286 3453 2572 3520 γενναίως.
2616 3446 2733 3506 Ἦν
2772 3452 2879 3522 γὰρ
2933 3454 3156 3521 Κύριος
3188 3454 3344 3522 μετὰ
3388 3456 3512 3511 Ἰω-

1898 3531 2033 3601 σὴερ
2058 3574 2073 3596 ,
2108 3533 2207 3587 καὶ
2236 3529 2317 3603 ἦν
2346 3533 2507 3603 ἀνὴρ
2546 3533 2969 3604 ἐπιτυγχάνων
3033 3535 3101 3587 Τί
3141 3537 3314 3601 ἐστιν,
3352 3538 3512 3591 Ἐπι-

1900 3617 2238 3685 τυγχάνων.
2284 3618 2474 3672 Πάντα
2511 3617 2663 3688 αύτῷ
2696 3617 3031 3684 κατευὼδου,
3069 3620 3351 3690 πανταχοῦ
3377 3637 3516 3690 προ-

1897 3699 2155 3754 ωδοποίει
2176 3700 2329 3772 αὐτῷ
2369 3703 2403 3771 ἡ
2434 3700 2647 3757 ἀνωθεν
2673 3703 2870 3773 χάρις,
2903 3702 3000 3756 καὶ
3033 3702 3179 3757 οὕτω
3203 3706 3417 3776 φανερά
3442 3701 3513 3777 ἦν

1897 3784 1931 3853 ή
1969 3782 2281 3837 ἐπανθοῦσα
2308 3784 2459 3855 αὐτῷ
2492 3785 2653 3856 χάρις
2672 3826 2687 3851 ,
2719 3784 2794 3848 ὡς
2836 3786 2934 3839 καὶ
2961 3784 3041 3856 τῷ
3068 3784 3311 3860 δεσπότῃ
3342 3788 3511 3843 αὐτοῦ

1897 3864 1979 3936 τῷ
2028 3866 2414 3940 ἀρχιμαγείρφ
2452 3866 2759 3939 κατάδηλον
2804 3866 2965 3921 τοῦτο
3018 3867 3301 3936 γενέσθαι.
3340 3870 3513 3942 ’ῌδει

1897 3948 2032 4017 γὰρ,
2087 3951 2273 4020 φησὶν,
2321 3954 2355 4005 d
2403 3953 2605 4019 κύριος
2634 3950 2845 4016 αὐτοῦ,
2884 3950 2975 4005 ὅτι
3006 3952 3231 4021 Κύριος
3272 3949 3355 4022 ἦν
3380 3955 3511 4023 μετ’

1898 4030 2109 4095 αὑτοῦ,
2140 4032 2241 4085 καὶ
2274 4032 2472 4087 πάντα
2506 4031 2625 4087 ὅσα
2652 4033 2731 4087 ἂν
2755 4032 2901 4102 ποιῇ
2921 4074 2937 4097 ,
2969 4034 3187 4102 Κύριος
3212 4036 3421 4090 εὐοδοῖ
3440 4038 3513 4090 ἐν

1899 4114 2031 4182 ταῖς
2062 4116 2278 4185 χερσίν
2309 4115 2521 4172 αὑτοῦ.
2558 4113 2718 4185 Εὗρε
2761 4118 2831 4170 δέ
2878 4117 3104 4187 Ἰωσὴφ
3128 4118 3312 4188 χάριν
3332 4121 3511 4174 ἐναν-

1898 4199 2031 4252 τιον
2062 4198 2170 4253 τοῦ
2217 4200 2431 4268 κυρίου
2477 4201 2703 4265 αὑτοῦ,
2753 4200 2853 4255 καὶ
2904 4200 3289 4269 κατέστησεν
3319 4206 3458 4259 αὐτί
3470 4222 3511 4259 ν

1896 4280 1998 4333 ἐπὶ
2028 4284 2139 4336 τοῦ
2177 4281 2352 4337 οἵκου
2398 4283 2589 4337 αὐτοῦ
2611 4322 2628 4347 ,
2668 4283 2769 4337 καὶ
2812 4282 3012 4338 πάντα
3048 4284 3170 4339 ὅσα
3214 4282 3295 4354 ἦν
3346 4286 3511 4352 αὐτῷ

1898 4363 2085 4418 ἔδωκε
2110 4364 2209 4419 διὰ
2236 4364 2437 4435 χειρὸς
2469 4365 2707 4435 Ἰωσήφ.
2740 4361 2896 4430 Εἶδες
2919 4367 3044 4421 ὅσον
3089 4368 3240 4423 ἐστὶν
3268 4369 3375 4421 61:6
3406 4368 3510 4439 τῆς

1899 4446 2110 4501 ἀνωθεν
2158 4446 2475 4518 βοηθεῖσθαι
2506 4446 2726 4514 δεξιᾶςς
2769 4447 2901 4501 Ἰδοὺ
2952 4449 3064 4520 γὰρ
3113 4450 3210 4503 καὶ
3250 4450 3370 4514 νέος
3409 4452 3509 4505 καὶ

1900 4530 2053 4597 ξένος
2102 4532 2198 4584 καὶ
2235 4532 2586 4602 αἰχμάλωτος
2615 4532 2715 4585 καὶ
2744 4530 2953 4595 δοῦλος,
2989 4535 3087 4586 καὶ
3116 4535 3301 4586 πᾶσαν
3326 4536 3509 4605 ἐγχει-

1901 4614 2113 4686 ρίζεται
2146 4614 2298 4684 παρά
2325 4613 2421 4668 τοῦ
2452 4616 2717 4668 δεσπότου
2764 4616 2867 4687 τὴν
2903 4616 3108 4670 οίκίαν.
3158 4616 3274 4671 Kal
3308 4617 3509 4674 πάντα

1899 4695 2000 4749 διὰ
2034 4696 2233 4765 χειρὸς
2276 4698 2469 4753 αὐτοῦ
2510 4697 2755 4761 δέδωκε,
2804 4698 2961 4769 φησί.
3009 4699 3110 4753 Διά
3152 4699 3240 4766 τί;
3286 4700 3508 4773 Ἐπειδὴ

1904 4778 2045 4848 μετά
2090 4780 2190 4849 τῆς
2235 4778 2444 4834 ἀνωθεν
2495 4780 2790 4853 συνεργίας
2819 4783 2917 4839 καὶ
2943 4782 3037 4836 16v
3068 4784 3271 4837 οἰκεῖον
3304 4784 3508 4854 τρόπον

1900 4864 2241 4934 εἰσήνεγκεν.
2276 4863 2609 4933 Εὺηρέστει
2641 4866 2751 4936 γάρ
2779 4864 2942 4930 αὐτῷ
2962 4905 2977 4927 ,
3008 4866 3199 4937 φησὶν,
3234 4868 3357 4920 ἀντὶ
3383 4864 3506 4934 τοῦ,

1902 4946 2057 5001 Μετά
2087 4947 2290 5018 πολλῆς
2316 4948 2532 5011 εὐνοίας
2558 4948 3181 5024 ἀπανταδιεπράττετο.
3220 4946 3354 5003 Εἶτα
3382 4949 3509 5021 βου-

1899 5030 2126 5101 λόμενος
2163 5032 2327 5084 αὐτὸν
2360 5033 2389 5085 6
2417 5032 2803 5102 φιλάνθρωπος
2828 5033 2964 5096 Θεὸς
2990 5035 3051 5086 ἐν
3081 5034 3291 5088 πλείονι
3327 5051 3506 5089 κατα-

1903 5116 2101 5187 στῆσαι
2131 5115 2319 5187 ἀδείᾳ,
2366 5116 2469 5169 οὐκ
2510 5115 2792 5187 ἀπήλλαξε
2824 5116 2923 5187 τῆς
2960 5117 3245 5184 δουλείας,
3290 5118 3415 5173 οὐδέ
3446 5121 3506 5173 ἐν
3592 5188 3595 5191 λ

1878 5197 2185 5270 ,ἐλευθερία
2215 5197 2638 5269 παρεσκεύασεν
2665 5194 2828 5252 εἶναι.
2867 5198 3041 5253 Τοῦτο
3072 5204 3182 5270 γάρ
3206 5199 3357 5271 αύτῷ
3382 5201 3507 5264 ἐθος

1899 5282 2009 5342 ἀεὶ,
2062 5283 2191 5345 τοὺς
2242 5282 2534 5354 ἐναρέτους
2585 5281 2790 5353 ἀνδρας
2832 5283 2935 5337 οὐκ
2979 5283 3350 5337 ἀπαλλάττειν
3395 5284 3505 5335 τῶν

1900 5364 2185 5427 κινδύνων,
2224 5365 2347 5419 οὐδὲ
2396 5365 2721 5437 ἐλευθεροῦν
2750 5366 2861 5419 τῶν
2894 5367 3241 5439 πειρασμῶν,
3289 5367 3407 5419 ἀλλ’
3446 5368 3506 5419 ἐν

1899 5450 2085 5511 αὐτοῖς
2129 5455 2242 5512 τοῖς
2273 5454 2606 5521 πειρασμοῖς
2637 5451 2911 5521 τοσαύτην
2956 5450 3368 5505 ἐπιδείκνυσθαι
3402 5451 3505 5521 τὴν

1897 5534 2106 5585 οἰκείαν
2139 5532 2343 5602 ῥοπὴν,
2372 5535 2449 5597 ὼς
2482 5535 2680 5598 αὐτοὺς
2708 5536 2838 5598 τοὺς
2869 5536 3216 5607 πειρασμοὺς
3242 5535 3503 5588 ὑπόθεσιν

1898 5617 2082 5679 αὐτοῖς
2116 5617 2312 5687 ἑορτῆς
2354 5617 2621 5685 γίνεσθαι.
2677 5620 2777 5671 Διά
2819 5618 2981 5671 τοῦτο
3017 5620 3113 5673 καὶ
3157 5623 3187 5673 6
3229 5619 3504 5691 μακάριος

1897 5698 2063 5754 Δαυτδ
2110 5700 2320 5768 ἔλεγεν·
2375 5701 2473 5754 Ἐν
2497 5703 2703 5770 θλίψει
2729 5702 3083 5769 ἐπλάτυνάς
3111 5720 3210 5772 με.
3240 5703 3376 5771 Οὐχὶ
3404 5702 3505 5773 τὴν

1901 5782 2083 5852 θλίψιν
2120 5784 2412 5854 ἀπήλασας
2433 5824 2450 5850 ,
2482 5786 2669 5855 φησὶν,
2700 5785 2822 5839 ούδέ
2850 5786 3058 5857 ταύτης
3100 5784 3419 5851 ἀπαλλάξας
3446 5787 3506 5839 ἐν

1900 5867 2083 5922 ἀνέσει
2116 5884 2185 5936 με
2211 5864 2352 5922 εῖναι
2374 5868 2705 5938 πεποίηκας,
2735 5870 2851 5923 ἀλλ’
2877 5870 3015 5941 ὅπερ
3042 5870 3161 5923 ἐστὶ
3185 5868 3506 5941 θαυμαστὸν

1901 5952 1995 6007 καὶ
2038 5950 2370 6022 παράδοξον,
2404 5956 2458 6005 ἐν
2498 5951 2646 6024 (μέσῳ
2676 5954 2782 6008 τῶν
2815 5953 3049 6025 θλξίζεων
3076 5956 3413 6027 τυγχάνοντα
3449 5951 3503 6008 ἐν
