4086 6424
222 382 326 439 537

221 495 512 555 abstulisti,
539 506 710 560 neque
727 489 793 544 ab
810 505 872 544 ea
905 487 1189 542 liberatum
1221 485 1272 538 in
1302 484 1690 552 tranquillitate
1715 495 1838 536 esse

227 585 438 641 voluisti
465 602 478 638 :
504 582 600 638 sed
631 582 683 636 id
715 579 855 651 quod
887 587 971 632 est
1007 577 1350 641 miraculum,
1381 583 1436 630 et
1463 588 1720 644 perquam
1748 587 1838 624 ra-

224 694 364 744 rum,
397 677 450 732 in
485 674 663 730 medio
703 671 1064 728 tribulationis
1104 669 1482 734 constitutum,
1513 668 1718 737 absque
1747 681 1841 735 pa-

221 784 350 825 vore
374 783 498 824 esse
528 782 614 821 me
646 764 816 818 fecisti
849 781 861 815 :
896 761 1024 816 illud
1054 776 1188 817 sane
1214 769 1270 816 et
1306 761 1392 814 hic
1415 759 1540 816 fecit
1573 759 1840 829 benignus

223 861 503 915 Dominus.
546 858 598 913 5.
638 854 906 909 Benedixit
947 838 1326 907 enim'domum
1352 850 1595 923 Egyptii
1634 860 1844 922 propter

217 949 440 1018 Jouph.
476 945 746 1002 Etdidieit
768 954 952 1015 postea
987 943 1269 1010 barbarus,
1303 959 1426 998 eum
1454 943 1542 1013 qui
1569 953 1626 996 ut
1651 956 1843 997 servus

219 1039 540 1100 habebatur,
579 1037 692 1091 Deo
713 1037 1057 1107 peculiariter
1095 1045 1306 1106 gratum
1337 1047 1478 1101 esse,
1513 1031 1582 1087 Et
1608 1033 1840 1104 permisit

223 1130 401 1184 omnia
424 1144 539 1198 qna.-
564 1126 780 1182 habebat
809 1146 862 1180 in
892 1128 1126 1179 manibus
1151 1126 1383 1196 Ioseph;
1411 1124 1465 1180 6.
1497 1133 1545 1178 et
1578 1141 1680 1178 non
1709 1125 1840 1178 scie-

221 1225 307 1277 bat
344 1220 645 1291 quidquam,
695 1229 883 1291 printer
913 1234 1098 1290 partem
1139 1234 1290 1289 quem
1331 1216 1645 1272 comedebat.
1677 1215 1842 1282 Quasi

222 1314 504 1368 dominum
548 1313 714 1368 totius
743 1311 940 1366 domus
984 1309 1284 1366 constituit.
1321 1308 1404 1364 En
1441 1322 1632 1364 servus
1667 1315 1724 1362 et
1754 1322 1846 1360 ca-

223 1409 400 1476 ptivus
425 1406 527 1460 sub
553 1421 715 1460 manu
743 1419 838 1459 sua
866 1402 1033 1458 habet
1058 1402 1238 1456 omnia
1265 1417 1386 1472 quae
1426 1410 1581 1457 erant
1612 1398 1843 1454 domini.

220 1499 395 1554 Tanta
424 1513 513 1553 res
538 1507 622 1553 est
650 1497 823 1552 virtus
851 1515 864 1548 :
890 1511 1014 1550 nam
1045 1495 1373 1564 ubicumque
1402 1493 1492 1548 illa
1513 1494 1844 1563 apparuerit,

220 1591 483 1648 omnibus
504 1591 812 1644 dominatur
832 1599 888 1644 et
913 1588 1192 1660 prtcvalet.
1224 1587 1438 1657 Etenim
1467 1585 1608 1641 sicut
1638 1586 1848 1639 oriente

219 1687 339 1742 sole
368 1685 610 1740 tenebrrc
634 1683 1018 1748 discutiuntur,
1053 1682 1125 1736 ita
1165 1688 1222 1736 et
1252 1695 1395 1735 nunc
1420 1689 1716 1751 apparente
1742 1679 1848 1732 vir-

221 1788 340 1833 tute
368 1793 401 1833 e
428 1775 609 1832 medio
641 1775 845 1830 tollitur
868 1773 1048 1829 omnis
1079 1773 1304 1826 malitia.

292 1870 350 1924 4.
388 1867 538 1923 Victa
564 1885 596 1920 a
619 1865 850 1937 Iosepho
887 1883 1021 1920 uxor
1049 1865 1398 1935 I’utipharis;
1441 1863 1579 1918 Dem
1619 1865 1759 1916 solus
1782 1863 1850 1914 ti—

219 1963 444 2016 mendus
470 1958 758 2015 ach—Sed
791 1959 928 2013 mala
948 1958 1118 2013 bestia
1141 1957 1408 2021 diabolus,
1439 1967 1495 2011 ut
1515 1957 1750 2028 primum
1777 1959 1854 2008 vi-

217 2052 300 2106 dit
326 2052 538 2121 justum
571 2059 782 2120 gratum
817 2063 957 2113 esse,
992 2058 1048 2102 et
1093 2062 1189 2118 per
1216 2062 1278 2103 ea
1309 2062 1430 2117 quae
1461 2057 1855 2117 putanturesse

217 2143 453 2198 adversa
487 2143 771 2197 clariorem
814 2141 954 2207 lieri,
999 2138 1180 2195 fremit
1207 2139 1462 2194 dentibus
1505 2148 1560 2194 et
1605 2138 1851 2194 insanit:

221 2252 405 2308 neque
433 2235 621 2290 videre
665 2243 839 2304 potest
860 2233 1062 2302 justum
1086 2232 1326 2303 quotidie
1363 2233 1532 2302 magis
1577 2245 1641 2287 ac
1683 2231 1854 2302 magis

220 2330 553 2390 clarescere,
583 2325 678 2382 sed
709 2325 1033 2396 profundum
1059 2325 1370 2379 barathrum
1395 2323 1598 2388 effodit,
1631 2333 1684 2378 et
1708 2340 1853 2394 prsc-

221 2420 470 2489 ripitium
520 2427 703 2486 parat,
757 2433 864 2487 quo
915 2418 1062 2472 illum
1115 2417 1372 2481 maximo,
1427 2424 1485 2470 ut
1535 2415 1852 2480 arbitratur,

219 2509 427 2563 damno
452 2507 684 2572 alliciat;
716 2517 770 2562 ct
810 2516 1188 2578 tempestatem
1242 2508 1478 2570 excitat,
1523 2521 1642 2577 qua:
1687 2505 1857 2576 possit

222 2600 526 2656 violentum
571 2599 673 2670 ipsi
717 2599 1054 2670 naufragium
1088 2615 1280 2670 parere
1321 2618 1334 2654 :
1376 2600 1473 2656 sed
1515 2599 1702 2654 didicit
1746 2615 1854 2654 non

221 2704 349 2763 post
381 2693 606 2764 longum
639 2703 869 2763 tempus,
901 2708 963 2748 se
991 2704 1178 2748 contra
1219 2693 1497 2749 stimulum
1547 2693 1852 2762 calcitraro,

221 2795 276 2840 ct
303 2793 498 2840 contra
538 2799 696 2838 suum
723 2793 884 2852 caput
913 2785 1126 2854 operari
1158 2785 1360 2839 omnia.
1405 2783 1472 2838 Et
1497 2796 1608 2840 erat
1635 2785 1853 2853 Ioseph,

216 2877 421 2946 inquit,
455 2875 666 2946 pulcher
694 2876 879 2946 specie,
907 2885 954 2930 et
986 2878 1243 2947 formosus
1268 2887 1496 2945 aspectu.
1531 2876 1710 2945 Quare
1753 2892 1857 2932 no-

224 2970 310 3023 bis
339 2970 588 3038 corporis
620 2969 1075 3037 pulchritudinem
1101 2971 1321 3022 narrat?
1342 2967 1412 3024 Ut
1433 2969 1707 3023 discamus
1732 2984 1856 3022 eum

224 3078 338 3117 non
369 3061 547 3118 solum
571 3063 747 3116 anima
782 3061 1063 3131 pulchrum
1089 3061 1276 3127 fuisse,
1307 3062 1400 3116 sed
1440 3071 1493 3117 et
1513 3077 1762 3131 corpore.
1802 3061 1858 3116 In

223 3154 350 3221 ipso
379 3151 527 3207 enim
556 3152 691 3206 llore
719 3152 897 3207 aetatis
919 3163 1036 3207 erat
1060 3171 1073 3204 :
1097 3153 1316 3222 juvenis
1357 3164 1495 3220 erat,
1529 3163 1584 3209 et
1631 3153 1860 3208 Pulcher

222 3244 419 3308 specie,
453 3253 500 3295 et
522 3242 776 3310 formosus
800 3244 955 3314 facie.
981 3243 1106 3298 Haec
1136 3254 1316 3299 autem
1348 3246 1496 3314 prius
1525 3248 1765 3302 narravit
1789 3246 1860 3302 de

224 3351 294 3387 eo
321 3333 627 3402 Scriptura.
678 3343 736 3388 ut
781 3335 974 3389 doceat
1006 3351 1103 3389 nos
1139 3335 1450 3407 Egyptian]
1496 3339 1861 3395 adolescentis

227 3424 634 3494 pulchritudine
658 3437 870 3494 captam
896 3425 962 3480 ad
994 3427 1235 3482 illicitum
1255 3443 1378 3482 eum
1407 3430 1752 3484 concubitum
1779 3432 1856 3484 in-

223 3519 453 3572 citasse.
485 3517 537 3572 7.
568 3515 634 3570 Et
655 3518 848 3586 factum
875 3528 950 3571 est
973 3529 1085 3589 post
1115 3519 1242 3573 haec.
1267 3521 1404 3586 Quid
1432 3530 1535 3584 est,
1560 3521 1686 3576 Post
1712 3524 1820 3577 hazc
1837 3524 1862 3576 ?

229 3608 531 3677 Postquam
562 3608 614 3661 ei
643 3608 954 3665 concredita
987 3620 1228 3680 potestas
1267 3612 1431 3667 totius
1460 3612 1675 3676 domus,
1710 3625 1860 3682 post-

229 3716 399 3766 quam
434 3709 642 3753 tantum
670 3701 932 3754 honorem
954 3715 984 3754 a
1007 3701 1228 3756 domino
1248 3717 1347 3756 suo
1367 3714 1732 3774 consequutus
1755 3717 1858 3774 est,

229 3790 423 3862 Infecit
471 3806 603 3844 uxor
641 3791 836 3844 domini
877 3793 958 3845 sui
1005 3794 1177 3847 oculos
1222 3811 1341 3848 suos
1379 3795 1432 3849 in
1474 3795 1692 3867 Joseph.
1727 3797 1861 3852 Vide

231 3885 706 3951 intemperantiam
755 3885 968 3940 lascivae
1026 3887 1290 3942 mulieris.
1323 3887 1440 3942 Non
1477 3889 1643 3944 subiit
1683 3890 1757 3944 illi
1808 3892 1862 3946 in

232 3984 475 4032 mentem
505 3991 566 4031 se
597 3975 780 4032 haberi
812 3977 1107 4045 dominam,
1140 3996 1246 4035 non
1275 3982 1526 4052 cogitavit
1566 3981 1717 4037 illum
1740 3998 1864 4039 esse

234 4083 480 4132 servum,
510 4067 607 4124 sed
633 4084 662 4122 a
696 4069 1028 4126 formositate
1053 4081 1229 4141 capta,
1250 4082 1306 4128 et
1324 4073 1590 4129 diabolico
1613 4075 1864 4129 incendio

233 4169 519 4229 suscepto,
549 4161 602 4214 iu
641 4161 890 4230 juvenem
922 4175 1108 4234 p03tea
1147 4165 1356 4220 insilire
1397 4177 1564 4221 tentat
1592 4185 1606 4222 :
1638 4168 1867 4223 malam-

234 4268 342 4321 que
365 4253 516 4306 illam
543 4255 923 4323 cogitationem
951 4257 1006 4311 in
1038 4267 1219 4314 mente
1245 4274 1491 4328 servans,
1526 4269 1739 4332 tempus
1776 4264 1864 4316 in-

235 4345 494 4414 quirebat
521 4353 578 4400 et
605 4346 974 4415 solitudinem,
997 4365 1118 4420 quae
1161 4362 1380 4420 possent
1407 4354 1454 4408 ei
1484 4357 1765 4424 cooperari
1799 4357 1865 4412 ad

239 4436 485 4492 illicitum
529 4451 686 4491 suum
735 4451 1008 4495 conatum.
1071 4441 1256 4498 Verum
1302 4445 1393 4498 ille
1435 4447 1599 4501 noluit
1629 4463 1648 4501 :
1690 4465 1867 4519 neque

243 4533 440 4598 paruit,
472 4547 651 4601 neque
675 4535 836 4588 verba
865 4536 1006 4591 illius
1036 4539 1297 4609 suscepit.
1327 4538 1544 4596 Sciebat
1569 4542 1712 4596 enim
1743 4544 1867 4599 hinc

241 4625 340 4679 sibi
365 4640 620 4696 magnam
653 4628 944 4695 perniciem
972 4633 1152 4686 enasci
1181 4651 1195 4686 :
1222 4641 1277 4688 et
1305 4649 1408 4688 non
1432 4637 1605 4690 solum
1629 4651 1715 4690 res
1740 4652 1868 4691 suas

240 4718 546 4784 spectabat,
595 4717 690 4773 sed
740 4734 958 4788 operam
987 4721 1150 4777 dabat
1202 4733 1261 4777 ut
1307 4734 1360 4778 et
1403 4725 1573 4792 illam,
1604 4737 1866 4796 quantum

245 4810 504 4876 possibile
535 4820 675 4875 erat,
707 4811 777 4865 ab
808 4813 1011 4868 insama
1039 4813 1141 4868 hac
1172 4814 1446 4882 liberaret,
1479 4825 1535 4872 et
1576 4819 1646 4872 ab
1679 4819 1867 4874 illicita

245 4906 345 4957 ista
376 4908 817 4974 concupiscentia
851 4926 864 4958 .
895 4917 1058 4978 atque
1099 4910 1385 4964 consilium
1415 4912 1463 4964 ei
1508 4912 1685 4978 affert,
1723 4914 1867 4982 quod

243 5012 284 5047 s.
311 4994 551 5050 l’ticiebat
581 4996 713 5049 eiut
740 4998 1057 5065 pudelieret,
1083 5009 1138 5055 et
1166 5001 1290 5070 quid
1321 5002 1419 5056 sibi
1451 5014 1595 5057 esset
1628 5004 1871 5072 profutu-

245 5101 365 5140 rum
401 5098 780 5154 cognosceret.
810 5090 861 5144 8.
902 5089 1047 5142 Dixit
1087 5093 1244 5158 enim,
1283 5093 1474 5163 inquit,
1507 5097 1657 5149 uxori
1677 5098 1869 5151 domini

245 5182 322 5231 sui
358 5181 598 5246 (domina
643 5196 672 5234 a
719 5196 876 5235 servo
915 5183 1200 5237 consilium
1227 5185 1455 5254 accepit)
1483 5203 1496 5239 :
1528 5186 1589 5240 Si
1631 5189 1869 5243 dominus

250 5285 392 5320 utens
415 5281 622 5339 propter
649 5289 728 5323 me
751 5274 879 5326 nihil
905 5275 996 5328 scit
1022 5274 1076 5327 in
1103 5275 1254 5328 domo
1275 5293 1390 5336 sua,
1424 5277 1513 5330 sed
1536 5281 1706 5332 omnia
1732 5297 1872 5351 φαε-

248 5377 464 5425 cumque
489 5362 659 5427 habet,
689 5363 825 5416 dedit
852 5366 903 5418 in
929 5383 1110 5420 manus
1139 5384 1295 5422 meas.
1320 5367 1364 5422 Ο
1391 5379 1601 5438 gratum
1631 5372 1727 5425 viri
1756 5374 1874 5424 ani-

250 5453 436 5505 mum!
471 5453 601 5510 Vide
641 5458 914 5525 quomodo
953 5473 1233 5516 enumerat
1264 5463 1524 5517 beneficia
1554 5465 1780 5527 domini,
1813 5476 1872 5521 ut

249 5541 445 5597 doceat
471 5555 730 5613 quantum
764 5548 849 5601 illa
875 5563 932 5604 se
955 5551 1216 5621 ingratam
1240 5570 1364 5623 erga
1389 5557 1669 5626 conjugcm
1689 5569 1870 5613 osten-

253 5637 362 5687 dat.
392 5634 449 5689 Si
478 5640 622 5690 enim
650 5653 773 5708 ego.
809 5640 975 5710 inquit
1000 5684 1012 5705 ,
1037 5647 1125 5712 qui
1165 5645 1392 5700 famulus
1421 5662 1539 5701 sum
1564 5691 1579 5716 ,
1612 5651 1700 5718 qui
1746 5666 1869 5720 prr-

253 5742 494 5790 cgrmus.
526 5729 616 5797 qui
643 5731 908 5798 captivus,
936 5744 1080 5787 tanta
1110 5736 1255 5789 fruor
1277 5739 1414 5804 apud
1444 5755 1566 5794 cum
1600 5742 1866 5808 libertate,

255 5829 308 5869 ut
337 5817 518 5874 omnia
558 5833 657 5876 sua
696 5819 800 5875 sub
839 5841 1000 5881 manu
1033 5843 1147 5883 mea
1185 5831 1462 5886 tradiderit
1496 5849 1507 5859 ·
1543 5843 1596 5888 et
1623 5835 1753 5889 nihil
1785 5846 1866 5891 cst

1216 370 1280 424 IN
1321 369 1479 424 CAP.
1524 365 1774 425 XXXIX.
1818 363 2070 422 GENES.
2115 365 2348 422 ιιοιιιιη
2394 364 2554 421 LXII.

3467 353 3570 412 558

1948 479 2092 549 quod
2125 480 2338 551 excepit
2365 479 2434 534 de
2463 493 2624 533 manu
2663 491 2807 541 mea,
2850 481 3050 546 praeter
3090 481 3143 527 te
3184 489 3198 526 :
3228 477 3285 527 et
3322 471 3575 525 omnibus

1949 571 2069 626 aliis
2095 587 2198 642 ego
2225 586 2479 642 praesum,
2513 569 2614 624 soli
2646 576 2826 623 autem
2865 565 2956 619 tibi
2984 564 3262 632 subjicior,
3287 576 3456 632 esque
3481 576 3576 616 ex-

1951 670 2032 722 tra
2063 678 2238 718 meam
2271 670 2616 733 potestatem.
2672 656 2879 714 Deinde
2911 664 2971 711 ut
3008 654 3226 711 letalem
3265 653 3318 708 ei
3362 652 3575 721 plagam

1949 756 2126 822 daret,
2173 765 2229 810 et
2280 757 2331 810 in
2381 763 2618 809 mentem
2661 761 2945 807 revocaret
2973 747 3068 803 viri
3117 743 3574 804 becholentiam,

1954 847 2414 918 pcrsuaderetque
2439 846 2487 900 ei
2522 861 2590 900 ne
2621 854 2727 899 tam
2752 843 2956 912 ingrata
2975 847 3121 894 esset
3136 852 3261 906 erga
3288 835 3576 904 eunjugem

1951 955 2131 1004 suum,
2161 939 2369 1008 inquit:
2397 939 2462 991 Et
2493 946 2546 990 tu
2570 945 2856 1005 propterea
2877 944 3027 988 extra
3054 937 3376 1000 potestatem
3399 940 3578 982 tineam

1951 1048 2010 1085 cs
2037 1070 2055 1096 ,
2086 1045 2153 1085 eo
2178 1030 2232 1084 9.
2263 1028 2415 1095 Quod
2439 1037 2494 1080 tu
2521 1042 2655 1080 uxor
2683 1027 2794 1096 ejus
2824 1024 2911 1078 sis.
2947 1021 3081 1076 Cum
3114 1021 3275 1090 igitur
3300 1031 3435 1072 uxor
3460 1017 3582 1084 ejus

1952 1123 2048 1184 sis,
2082 1120 2352 1185 Quomodo
2393 1119 2583 1189 faciam
2631 1118 2727 1170 hoc
2775 1114 2966 1169 malmn
3012 1111 3240 1178 verbum,
3272 1121 3320 1163 et
3362 1107 3581 1180 peccabo

1953 1230 2124 1268 coram
2163 1211 2274 1266 Deo
2294 1212 2322 1265 ἵ
2345 1210 2611 1277 Quoniam
2634 1207 2777 1262 enim
2811 1206 2901 1260 illa
2929 1203 3276 1259 solitudinem
3308 1200 3578 1255 observa-

1955 1308 2066 1370 bat,
2099 1313 2155 1360 et
2182 1315 2395 1374 tempus
2425 1301 2775 1371 exspectabat
2809 1311 2918 1369 quo
2955 1297 3122 1350 latere
3169 1301 3352 1363 posset
3377 1292 3578 1356 virum,

1954 1408 2008 1453 et
2038 1411 2228 1453 omnes
2257 1396 2347 1466 qui
2393 1397 2446 1450 in
2492 1395 2657 1448 domo
2695 1400 2872 1459 erant,
2903 1388 3037 1446 dicit
3065 1405 3078 1442 :
3107 1384 3376 1453 Quomodo
3403 1399 3588 1455 potero

1956 1496 2126 1563 facere
2155 1490 2349 1543 malum
2393 1489 2511 1554 hoc,
2541 1496 2589 1540 et
2621 1485 2838 1554 peccabo
2862 1498 3036 1536 coram
3068 1479 3177 1534 Deo
3195 1478 3223 1531 1'
3250 1475 3390 1545 Quid
3433 1473 3582 1549 enim

1958 1586 2154 1657 putas?
2186 1583 2408 1638 Etiamsi
2463 1580 2753 1636 fecerimus
2805 1586 2865 1632 ut
2917 1590 3004 1630 res
3041 1573 3178 1628 clam
3211 1572 3282 1626 sit
3307 1568 3583 1630 omnibus,

1953 1679 2175 1735 oculum
2201 1687 2382 1732 tamen
2406 1675 2580 1740 illum,
2610 1674 2700 1744 qni
2720 1669 3015 1727 dormitare
3041 1667 3246 1737 nequit,
3275 1663 3445 1746 latere
3475 1676 3584 1714 non
3681 1745 3688 1750 l

1959 1772 2258 1843 poterimus
2290 1787 2304 1822 :
2338 1767 2488 1822 illum
2521 1765 2699 1820 solum
2743 1763 2935 1817 timere
2976 1766 3212 1831 Oportet,
3263 1737 3319 1811 et
3351 1763 3587 1809 tremere

1957 1880 2021 1920 ac
2049 1878 2265 1934 parere,
2299 1869 2451 1914 utne
2480 1859 2532 1912 in
2559 1865 2857 1925 conspectu
2900 1852 3017 1921 ejus
3049 1849 3172 1903 mali
3199 1844 3474 1918 quidpiam
3505 1843 3584 1895 fa-

1959 1959 2190 2013 ciamus.
2222 1955 2284 2009 Et
2312 1962 2372 2008 ut
2391 1953 2663 2006 discamus
2683 1949 2814 2018 justi
2836 1944 3194 2001 excellentem
3216 1940 3498 2002 virtutem,
3530 1944 3587 1990 et

1960 2067 2085 2108 eum
2115 2065 2222 2103 non
2258 2047 2430 2103 semel
2473 2060 2648 2115 neque
2693 2044 2797 2107 bis,
2843 2039 2940 2094 sed
2980 2047 3037 2093 et
3079 2035 3278 2106 smpius
3307 2041 3586 2087 certamen

1961 2144 2064 2199 hoc
2084 2142 2427 2203 sustinuisse,
2458 2149 2513 2193 et
2536 2136 2867 2204 colloquium
2899 2131 3002 2186 hoc
3033 2129 3244 2190 tulisse,
3273 2123 3590 2181 consulet-c-

1961 2251 2068 2306 que
2097 2251 2202 2289 non
2225 2233 2552 2291 cessavisse.
2583 2227 2762 2284 subdit
2791 2225 3068 2294 Scriptura
3096 2240 3110 2278 :
3140 2221 3228 2276 l0.
3261 2217 3389 2273 Cum
3420 2223 3590 2268 autent

1962 2326 2248 2397 loqueretur
2272 2326 2336 2378 de
2353 2325 2436 2377 die
2455 2325 2508 2376 in
2531 2322 2684 2386 diem,
2714 2330 2759 2372 et
2786 2335 2888 2372 non
2912 2315 3138 2370 obedire:
3165 2311 3210 2366 ei
3239 2328 3256 2365 :
3279 2309 3368 2364 ubi
3399 2306 3590 2361 obser-

1962 2420 2108 2474 vavit
2131 2420 2183 2473 in
2216 2417 2380 2472 domo
2413 2414 2700 2468 facientem
2727 2407 2953 2479 aliquid,
2982 2405 3179 2461 assiliit
3225 2403 3279 2456 in
3306 2405 3588 2468 juvenem,

1962 2512 2104 2566 sicut
2158 2508 2270 2564 fera
2314 2508 2567 2562 dentibus
2613 2502 2890 2564 frendens,
2932 2507 2990 2554 et
3029 2491 3386 2568 apprehensis
3421 2488 3588 2544 vesti-

1964 2605 2161 2660 mentis
2211 2602 2386 2657 tenuit
2413 2617 2559 2654 cum.
2593 2597 2710 2653 Non
2765 2593 3087 2664 simpliciter
3140 2589 3245 2643 hoc
3293 2592 3590 2657 praeterea-

1965 2712 2107 2763 mus,
2158 2694 2255 2751 sed
2298 2693 2600 2764 cogitemus
2645 2697 2904 2761 quantum
2948 2695 3226 2740 certamen
3275 2674 3594 2733 sustinuerit

1959 2795 2140 2863 justus
2172 2791 2281 2846 ille.
2329 2788 2446 2842 Non
2489 2786 2633 2840 enim
2660 2791 2778 2839 erat
2818 2791 2928 2835 tam
2976 2773 3321 2838 admirabile,
3365 2777 3422 2823 ut
3459 2765 3591 2822 mihi

1964 2886 2200 2952 videtur,
2231 2884 2283 2938 in
2317 2883 2533 2936 fornace
2584 2873 2874 2948 Babylonis
2921 2869 3125 2926 versari
3172 2878 3283 2922 tres
3312 2877 3508 2934 pueros
3537 2869 3594 2914 et

1966 2980 2162 3033 illaesos
2195 2988 2533 3045 permanere,
2580 2969 2824 3038 nihilque
2851 2965 2919 3019 ab
2945 2964 3067 3034 igne
3090 2959 3198 3030 pati
3228 2958 3393 3030 (Dun.
3416 2953 3498 3026 ὃ),
3533 2961 3594 3005 ιιι

1965 3069 2283 3126 admirabile
2314 3066 2416 3120 hoc
2444 3073 2499 3119 et
2543 3077 2751 3126 rarum,
2791 3071 2988 3125 nempe
3025 3049 3404 3108 admirandum
3441 3046 3591 3098 illmn

1961 3162 2215 3231 juvenem
2245 3155 2469 3213 retineri
2496 3148 2834 3206 vestimentis
2860 3162 2888 3200 a
2914 3144 3146 3200 scelesta
3176 3141 3265 3196 illa
3288 3149 3343 3192 ct
3369 3135 3592 3200 lasciva,

1969 3229 2069 3310 nec
2097 3263 2276 3307 tamen
2307 3250 2383 3304 illi
2416 3247 2632 3307 cedere,
2675 3241 2773 3298 sed
2801 3249 2857 3295 et
2883 3237 3129 3293 vesdbus
3155 3232 3360 3289 relictis
3390 3229 3443 3284 in
3475 3242 3593 3282 ma-

1970 3345 2128 3401 nibus
2157 3345 2302 3397 illius
2334 3341 2563 3396 resilire.
2595 3336 2746 3392 Sicut
2765 3333 2910 3389 enim
2940 3342 3050 3386 tres
3080 3328 3233 3400 pueri
3270 3326 3341 3381 illi
3374 3333 3592 3395 propter

1968 3452 2122 3492 suam
2153 3435 2406 3487 virtutem
2435 3443 2670 3499 superno
2697 3425 2819 3481 freti
2845 3422 3066 3487 auxilio,
3097 3423 3220 3491 igne
3256 3414 3590 3490 praestantio-

1968 3543 2059 3584 res
2091 3527 2192 3582 visi
2221 3534 2348 3581 sunt
2379 3543 2392 3578 :
2426 3525 2496 3578 ita
2525 3531 2583 3578 et
2612 3520 2723 3586 ille,
2745 3519 2872 3590 quia
2901 3516 3045 3587 quod
3086 3515 3140 3568 in
3177 3527 3239 3568 se
3258 3519 3376 3567 erat
3404 3506 3597 3563 affere-

1969 3621 2082 3684 bat,
2113 3629 2170 3674 et
2198 3615 2549 3673 continentiae
2585 3611 2884 3668 certamina
2913 3623 3036 3663 cum
3073 3619 3267 3675 magna
3304 3599 3598 3657 exhibebat

1969 3711 2297 3777 constantia,
2345 3721 2542 3778 magno
2571 3715 2916 3775 supernoque
2946 3697 3199 3770 prasidio
3230 3692 3595 3749 muniebatur.

1969 3804 2156 3875 Neque
2182 3803 2328 3858 enim
2379 3798 2665 3870 potuisset,
2713 3794 2937 3850 dextera
2987 3789 3082 3846 Dei
3129 3804 3237 3843 non
3268 3790 3599 3854 coeperante

1969 3896 2042 3959 ei,
2071 3874 2279 3950 tantum
2302 3903 2578 3948 certamen
2601 3897 2835 3953 certare,
2871 3893 2928 3940 et
2957 3899 2988 3938 a
3012 3881 3217 3938 retibus
3246 3878 3388 3934 illius
3420 3874 3600 3931 libidi-

1972 4002 2119 4042 nosa:
2148 3985 2393 4041 mulieris
2431 3981 2709 4052 aufugere.
2743 3979 2811 4034 Et
2845 3976 3042 4032 licebat
3071 3982 3259 4044 postea
3288 3970 3473 4025 videre
3496 3967 3598 4022 ad-

1973 4081 2278 4136 mirabilem
2303 4079 2475 4141 illum,
2505 4076 2710 4133 nudum
2729 4073 2948 4145 quidem
2971 4070 3208 4128 veStibus
3237 4070 3406 4130 exire,
3439 4064 3599 4119 indu-

1974 4182 2086 4228 tum
2116 4182 2295 4228 autem
2341 4169 2692 4227 continentia:
2723 4165 3080 4229 vestimentis,
3126 4172 3181 4219 et
3220 4161 3375 4232 quasi
3413 4158 3484 4214 ab
3513 4159 3598 4212 in-

1971 4264 2167 4320 cendio
2209 4273 2264 4318 et
2311 4263 2530 4317 fornace
2560 4261 2788 4316 illaesum
2828 4258 3109 4328 effugere:
3159 4270 3222 4309 ac
3270 4268 3378 4306 non
3423 4251 3600 4305 solmn

1973 4375 2082 4413 non
2119 4357 2392 4424 adustum,
2421 4356 2516 4412 sed
2548 4365 2604 4410 et
2632 4354 2804 4409 multo
2829 4350 3170 4423 fulgidiorem
3215 4357 3272 4403 et
3310 4345 3602 4401 clariorem

1974 4452 2194 4506 factum.

2047 4546 2100 4598 5.
2131 4544 2237 4599 Sed
2271 4543 2391 4598 vide
2419 4549 2542 4613 post
2571 4549 2772 4595 tantam
2798 4539 3103 4598 victoriam,
3140 4543 3365 4604 postque
3393 4539 3599 4585 tantam

1974 4636 2366 4699 fortitudinem,
2414 4634 2570 4705 cujus
2613 4647 2776 4688 causa
2819 4631 2969 4684 illum
3008 4627 3292 4698 oportebat
3326 4624 3601 4688 coronari,

1974 4739 2030 4785 et
2075 4730 2234 4799 cujus
2281 4743 2442 4783 causa
2500 4724 2788 4797 oportebat
2843 4723 2996 4778 illum
3048 4719 3353 4791 praedicari,
3403 4717 3603 4772 iterum

1975 4825 2129 4894 quasi
2153 4839 2308 4880 reum
2331 4833 2383 4877 et
2409 4823 2702 4876 obnoxium
2733 4820 3018 4873 innumera
3048 4815 3404 4870 sustinentem
3435 4812 3601 4867 mala.

1976 4916 2109 4970 Nam
2137 4914 2386 4986 Egyptia
2411 4915 2501 4968 illa
2533 4929 2641 4967 non
2670 4911 2849 4967 ferens
2873 4910 3134 4980 pudorem
3155 4920 3207 4964 et
3224 4905 3601 4976 opprobrium,

1978 5011 2030 5063 in
2063 5025 2183 5079 qua:
2220 5009 2455 5077 seipsam
2495 5006 2758 5075 injecerat
2790 5002 3143 5073 impossibilia
3171 5008 3465 5064 attentans,
3494 4998 3608 5066 pri-

1977 5118 2126 5156 mum
2155 5100 2371 5171 quidem
2399 5099 2718 5153 convocavit
2743 5111 2836 5153 eos
2861 5096 2948 5166 qui
2979 5095 3032 5149 in
3063 5095 3228 5149 domo
3250 5100 3425 5159 erant,
3451 5106 3604 5146 accu-

1977 5206 2106 5246 sans
2144 5191 2545 5246 adolescentem
2591 5209 2602 5242 :
2652 5189 3076 5256 testilicaturque
3107 5185 3255 5240 illum
3287 5183 3489 5238 dixisse
3539 5198 3604 5236 ea

1976 5300 2096 5355 qua:
2127 5285 2194 5338 ab
2221 5285 2332 5353 ipsa
2355 5298 2552 5353 magno
2581 5285 2761 5337 furore
2791 5282 3062 5350 proposita
3092 5281 3322 5345 fuerant,
3349 5289 3509 5348 atque
3531 5278 3606 5332 ita

1978 5391 2169 5430 omnes
2211 5375 2464 5445 decipere
2504 5383 2692 5429 tentat.
2743 5374 2840 5430 Hic
2865 5374 3012 5429 enim
3058 5389 3178 5428 mos
3224 5382 3310 5428 est
3359 5371 3600 5433 malitiae,

1979 5461 2194 5537 semper
2237 5477 2424 5522 contra
2473 5470 2732 5523 virtutem
2783 5477 3003 5538 pugnat,
3048 5480 3104 5522 et
3148 5469 3196 5522 ei
3242 5483 3336 5521 sua
3385 5475 3604 5536 peccata

1978 5560 2288 5614 adscribere
2320 5563 2554 5631 satagit;
2591 5560 2642 5615 id
2669 5562 2812 5631 quod
2855 5572 2904 5616 et
2950 5561 3065 5614 hmc
3104 5559 3354 5621 faciebat,
3415 5557 3604 5611 adole-

1982 5664 2227 5708 scentem
2253 5655 2403 5722 quasi
2433 5655 2882 5722 intemperantem
2913 5654 3206 5708 criminans
3239 5662 3293 5706 et
3341 5665 3399 5704 se
3426 5648 3604 5705 conti-

1983 5754 2178 5800 nentia:
2210 5747 2355 5799 larva
2401 5756 2605 5817 tegens,
2641 5747 2936 5815 dicensqnc
2968 5754 3189 5815 propter
3223 5744 3324 5797 hoc
3353 5751 3406 5795 et
3453 5740 3603 5795 illum

1985 5847 2160 5894 vestes
2188 5838 2492 5910 reliquisse,
2523 5850 2576 5896 et
2604 5857 2661 5897 se
2687 5839 2975 5897 retinuisse
3002 5837 3143 5894 illas.
3181 5836 3448 5907 Bcnignus
3469 5843 3600 5886 vero
