4086 6432
569 466 710 522 Deus
741 467 853 521 hac
881 466 993 521 fieri
1024 465 1295 535 permittit,
1322 474 1376 517 ut
1409 479 1502 532 per
1522 464 1696 517 omnia
1724 460 1976 516 famulum
1992 474 2146 515 suum

567 559 847 612 clariorem
883 555 1099 623 efficiat.
1127 554 1258 609 Nam
1291 554 1404 608 haec
1427 554 1603 608 omnia
1635 553 1862 608 venienti
1885 554 2001 606 viro
2026 565 2147 605 cum

569 663 758 716 magna
788 645 984 700 malitia
1011 644 1178 709 dixit,
1229 655 1283 699 et
1307 644 1700 699 adolescentem
1728 644 1995 696 accusavit
2021 680 2035 704 ,
2062 639 2147 694 di-

567 749 696 788 cens
729 753 743 789 :
777 734 860 789 I7.
895 733 1110 788 Intrauit
1133 735 1200 787 ad
1227 751 1305 789 me
1334 751 1458 803 puer
1484 733 1749 797 Hebrceus,
1779 749 1926 802 quem
1959 729 2149 785 duxisti

567 824 635 876 ad
656 840 764 889 nos,
797 833 851 876 ut
879 825 1111 878 illuderet
1137 826 1277 877 mihi.
1302 824 1346 878 0
1372 826 1562 880 misera
1594 833 1647 878 et
1667 822 2002 876 calamitosa!
2029 820 2146 874 Non

569 916 682 983 ipse
711 916 1020 981 introduxit,
1054 927 1112 971 ut
1152 916 1397 970 iIluderet
1423 915 1515 969 tibi
1550 933 1564 967 :
1595 914 1690 968 sed
1715 914 1954 968 diabolus
1985 921 2036 966 te
2065 911 2150 964 in-

565 1004 737 1069 duxit,
767 1015 950 1061 utnon
975 1007 1148 1062 solum
1186 1007 1424 1060 adultera
1468 1006 1642 1069 fieres,
1673 1003 1767 1057 sed
1793 1013 1847 1058 et
1876 1012 1951 1066 ut,
1984 1016 2152 1070 quan-

571 1106 682 1150 tum
714 1098 764 1151 in
794 1106 845 1152 te
884 1098 998 1162 fuit,
1034 1098 1376 1153 homicidium
1405 1106 1658 1165 patrares.
1695 1095 1760 1149 Et
1785 1094 2017 1148 ostendit
2056 1106 2152 1160 po-

568 1196 683 1243 stea
709 1188 774 1242 ad
797 1188 1284 1258 eomprobationem
1311 1203 1494 1243 eorum
1525 1203 1645 1257 qua:
1668 1185 1810 1241 dicta
1841 1192 1995 1239 erant
2018 1182 2144 1237 ado-

572 1276 820 1330 lescentis
841 1286 1036 1332 vestes.

643 1364 739 1420 Dei
765 1367 1076 1436 providentia
1094 1383 1213 1438 erga
1240 1366 1540 1436 Joseplnnn.
1563 1397 1632 1406 —
1652 1363 1964 1428 Considera,
1990 1361 2146 1415 obse-

569 1471 682 1521 cro,
740 1457 824 1511 hic
869 1459 1166 1512 communis
1211 1462 1448 1512 omnium
1504 1455 1709 1509 Domini
1760 1453 2146 1507 clementiam:

571 1548 710 1600 sicut
738 1547 878 1601 enim
913 1562 941 1600 a
968 1549 1217 1602 fratribus
1260 1548 1404 1602 illum
1448 1548 1662 1616 eripuit,
1703 1545 2000 1599 volentibus
2027 1559 2148 1597 eum

573 1637 870 1693 interficere
907 1655 920 1691 :
970 1647 1024 1692 et
1063 1638 1240 1693 effecit
1274 1639 1500 1707 primum
1529 1638 1743 1707 quidem
1775 1646 1830 1692 ut
1856 1635 2150 1690 secundum

571 1729 848 1783 consilium
873 1729 1053 1784 Ruben
1083 1731 1132 1782 in
1155 1730 1437 1784 cisternam
1464 1731 1855 1794 immitteretur,
1888 1737 1941 1784 et
1966 1736 2150 1798 postea

573 1820 761 1873 iterum
791 1819 1079 1874 secundum
1103 1820 1380 1874 consilium
1409 1818 1558 1874 Judae
1581 1819 1993 1888 negotiatoribus
2021 1833 2152 1870 vcn-

572 1910 805 1975 deretur,
839 1917 895 1964 ut
919 1911 1249 1965 somniorum
1273 1925 1492 1966 eventus
1517 1910 1926 1978 complerentur,
1961 1907 2148 1963 fidem-

573 2016 676 2070 que
725 2001 958 2057 facerent
989 2003 1154 2072 justo,
1203 2018 1306 2058 non
1354 2004 1544 2058 frustra
1593 2017 1764 2072 neque
1803 2011 2001 2056 temere
2039 2001 2153 2054 luce

575 2095 885 2162 przesignata
919 2093 1080 2149 fuisse
1117 2113 1130 2149 :
1162 2095 1230 2150 ita
1256 2105 1310 2151 et
1349 2112 1490 2151 nunc
1526 2110 1754 2166 superna
1803 2108 1995 2149 manus
2034 2101 2153 2148 erat

572 2199 688 2252 qum,
721 2185 1000 2240 barbarum
1033 2187 1279 2256 detinuit,
1309 2198 1364 2243 et
1389 2204 1494 2244 non
1531 2189 1767 2258 permisit
1801 2197 1857 2241 ut
1884 2187 2062 2243 statim
2085 2187 2151 2242 ad

572 2275 771 2330 caedem
797 2277 922 2346 justi
952 2278 1243 2334 festinaret.
1280 2279 1415 2346 Quid
1461 2281 1601 2335 enim
1649 2279 2005 2349 prohibuisset
2028 2294 2151 2333 eum

573 2369 674 2424 huc
704 2369 894 2434 facere,
940 2388 1061 2426 cum
1111 2373 1425 2441 intelligeret
1468 2373 1614 2427 illum
1647 2373 1841 2427 violare
1886 2388 2038 2426 suum
2069 2372 2150 2425 le-

571 2471 715 2513 ctum
745 2461 1072 2516 tentavisse?
1117 2462 1312 2517 Verum
1357 2463 1606 2532 providus
1640 2464 1778 2518 Deus
1805 2463 1925 2518 ideo
1953 2472 2148 2517 tantam

571 2551 773 2604 curavit
815 2551 882 2605 ab
937 2552 1027 2606 illo
1065 2551 1302 2607 exhiberi
1345 2552 1703 2614 clementiam.
1750 2563 1807 2606 ut
1845 2553 2067 2621 injectus
2098 2552 2150 2605 in

571 2648 858 2700 carcerem,
889 2637 1048 2690 etiam
1080 2637 1190 2690 illic
1216 2652 1366 2690 suam
1393 2636 1684 2691 declararet
1707 2637 1974 2702 virtutem,
2001 2648 2054 2693 et
2076 2637 2155 2690 sic

573 2723 638 2775 ad
667 2724 1014 2793 principatum
1041 2727 1186 2797 regni
1219 2728 1535 2796 perveniret.
1564 2727 1650 2782 I9.
1677 2729 1974 2784 Snccensuit
1994 2731 2148 2797 enim,

575 2813 760 2881 inquit,
793 2815 1025 2869 dominus
1050 2819 1178 2886 ejus,
1219 2817 1306 2872 20.
1353 2826 1401 2872 et
1437 2818 1570 2871 misit
1598 2834 1710 2871 eum
1757 2820 1808 2871 in
1847 2820 2150 2887 custodiam,

575 2902 658 2956 ubi
681 2905 830 2956 vincti
857 2906 987 2976 regis
1031 2906 1400 2962 detinebantur.
1443 2906 1548 2962 Sed
1594 2907 1640 2962 si
1667 2908 1881 2978 quidem
1910 2924 2014 2964 non
2034 2925 2152 2965 cre-

571 2993 749 3060 debat,
778 3010 880 3048 non
908 2996 1182 3064 oportebat
1212 3012 1332 3052 eum
1365 2997 1414 3051 in
1437 3013 1706 3053 carcerem
1736 2999 2038 3068 conjicere:
2067 3001 2150 3054 sin

570 3085 820 3140 credebat
840 3101 1023 3141 verum
1042 3102 1160 3142 esse
1189 3088 1327 3157 quod
1349 3088 1596 3159 Egyptia
1628 3088 1872 3155 ﬁnxerat,
1901 3099 2027 3144 tunc
2053 3107 2150 3145 ue-

572 3191 676 3244 qne
709 3190 922 3230 carcere
961 3176 1151 3246 dignus
1179 3187 1313 3242 erat,
1357 3180 1449 3233 sed
1491 3178 1646 3247 plecti
1669 3180 1840 3248 capite
1877 3186 1932 3233 et
1969 3188 2152 3235 extre—

574 3281 714 3320 mam
763 3281 970 3336 pinnam
1021 3267 1126 3336 pati
1179 3268 1422 3323 debebat.
1483 3269 1678 3324 Verum
1735 3270 1948 3338 quando
1995 3283 2153 3325 suum

571 3356 820 3409 auxilium
852 3357 1036 3411 dextra
1068 3372 1296 3427 superna
1325 3358 1577 3422 ostendit,
1606 3360 1783 3414 omnia
1821 3360 1960 3414 levia
1991 3369 2045 3415 et
2068 3361 2146 3415 fa-

570 3447 689 3500 cilia
721 3446 881 3511 fiunt;
913 3457 967 3502 et
989 3448 1192 3502 feroces
1219 3450 1604 3505 mansuetiores
1625 3464 1681 3504 se
1703 3459 1972 3520 praestant.
2000 3450 2150 3506 Tunc

572 3547 748 3592 autem
793 3554 1078 3608 supernum
1126 3540 1424 3608 pra'sidium
1465 3542 1689 3596 ubertim
1730 3543 1881 3597 nobis
1928 3546 2146 3607 assistit,

570 3629 783 3693 quando
825 3629 1041 3682 multam
1072 3639 1126 3685 et
1153 3646 1250 3684 nos
1289 3632 1681 3688 ostenderimus
1706 3635 1973 3690 virtutem.
2017 3636 2149 3690 Nam

570 3717 656 3771 hic
683 3719 930 3786 quoniam
975 3721 1195 3774 multum
1224 3723 1467 3788 certavit,
1509 3733 1785 3793 propterea
1828 3727 1990 3779 etiam
2035 3741 2150 3779 ma-

569 3823 698 3875 gnas
728 3810 1098 3864 retributiones
1125 3815 1486 3882 consequitur.
1519 3814 1584 3867 Et
1615 3824 1732 3883 post
1761 3822 1960 3868 Lanunn
1994 3816 2148 3870 forti-

572 3898 802 3952 tudinem
831 3899 1107 3953 abducitur
1149 3901 1202 3954 in
1231 3912 1615 3966 carcerem,.et
1648 3904 1868 3959 silenter
1903 3905 2005 3960 fert
2031 3921 2149 3959 om—

571 3988 676 4040 nia.
709 3987 867 4042 Scitis
888 3989 1028 4043 euim
1056 4001 1251 4059 quanta
1296 3993 1330 4046 ii
1365 3993 1465 4061 qui.
1497 4009 1601 4047 non
1644 4004 1767 4047 sunt
1812 3995 1912 4049 sibi
1950 3997 2150 4050 conscii

572 4077 824 4141 malitiae,
876 4080 1088 4148 quando
1137 4081 1271 4135 sicut
1318 4083 1393 4136 rei
1445 4082 1883 4149 condemnantnr,
1937 4093 2153 4139 utantur

572 4183 714 4237 saape
763 4170 975 4236 fiducia,
1023 4171 1338 4239 dicendique
1381 4174 1622 4230 libertate
1672 4176 1909 4230 instructi
1951 4179 2147 4246 ingenti

571 4257 750 4311 animo
792 4257 1065 4329 insurgant
1108 4271 1291 4316 contra
1336 4279 1427 4318 eos
1476 4265 1565 4333 qui
1612 4266 1908 4321 insontibus
1944 4272 2148 4323 crimen

572 4347 849 4402 intentant.
894 4348 1092 4404 Verum
1139 4351 1227 4406 ille
1279 4367 1383 4407 non
1421 4355 1543 4408 sic:
1585 4356 1676 4408 sed
1719 4357 1859 4421 silet,
1889 4366 1943 4411 et
1969 4359 2145 4412 omnia

571 4449 842 4492 mansuete
885 4438 1006 4506 fert,
1039 4451 1091 4495 et
1121 4457 1305 4511 magna
1333 4457 1453 4496 cum
1484 4444 1733 4513 patientia
1767 4446 1855 4499 Dei
1876 4456 2149 4517 exspectat

569 4530 884 4584 subsidium.
913 4531 1041 4587 Vide
1070 4534 1208 4587 enim
1239 4535 1505 4604 quomodo
1535 4545 1590 4592 et
1632 4537 1682 4589 in
1710 4553 1923 4592 carcere
1954 4539 2148 4606 princi-

573 4630 750 4686 patum
780 4637 992 4675 onmem
1017 4625 1238 4692 accipiat
1261 4641 1289 4678 a
1316 4627 1534 4681 custode
1559 4630 1810 4693 carceris,
1842 4629 1999 4696 idque
2028 4647 2143 4684 me-

572 4710 675 4762 rito
707 4724 719 4760 :
746 4709 836 4762 2|.
879 4709 1007 4763 Erat
1031 4713 1171 4766 enim
1200 4711 1449 4768 Dominus
1474 4733 1588 4768 cum
1632 4715 1842 4784 Ioseph,
1882 4720 2067 4787 inquit,
2099 4729 2146 4773 et

570 4798 854 4864 e/Iundebat
881 4803 926 4856 ei
958 4817 1102 4855 suam
1124 4805 1537 4860 misericordiam.
1594 4806 1726 4873 Quid
1749 4817 1849 4868 est,
1892 4807 2145 4873 Effunde-

569 4892 652 4942 bat
676 4891 718 4943 ei
744 4907 888 4943 suam
916 4892 1352 4946 misericordiam?
1374 4894 1452 4947 Ad
1486 4895 1878 4950 miserationem
1911 4899 2145 4952 inflecte-

571 4981 656 5032 bat
688 4981 992 5050 prmfecmm
1029 4985 1280 5048 carceris,
1315 4995 1368 5039 et
1405 4987 1538 5041 mire
1578 5003 1701 5056 erga
1733 4989 1878 5043 illum
1912 4990 2145 5046 benevo-

571 5070 963 5142 lentiantsuam
994 5073 1246 5126 declarari
1279 5075 1494 5128 curabat
1537 5096 1549 5129 :
1595 5077 1745 5130 Dedit
1783 5081 1922 5132 enim
1956 5081 2000 5133 ei
2029 5097 2146 5150 gra-

567 5162 688 5212 tiam
709 5178 876 5213 coram
896 5163 1003 5215 illo.
1029 5161 1164 5218 Vere
1191 5163 1320 5216 nihil
1351 5166 1552 5219 beatius
1576 5182 1639 5219 eo
1659 5168 1746 5236 qui
1785 5168 1877 5221 Dei
1910 5169 2144 5225 benevo-

569 5251 726 5304 lentia
756 5252 960 5305 fruitur.
987 5252 1078 5309 22.
1115 5253 1260 5307 Dedit
1297 5256 1458 5319 enim,
1507 5256 1691 5324 inquit,
1740 5259 2003 5327 praefectus
2027 5277 2144 5313 car-

565 5346 692 5395 ceris
715 5359 959 5397 carcerem
981 5347 1031 5398 in
1056 5362 1259 5398 manum
1279 5346 1490 5415 Joseph.
1518 5347 1646 5402 Vide
1666 5351 1933 5418 quomodo
1962 5361 2143 5408 custos

568 5435 796 5488 carceris
837 5436 1031 5506 aliquid
1082 5438 1300 5511 honoris
1338 5440 1388 5492 ei
1431 5440 1621 5506 defert,
1670 5444 2140 5514 auctoritatemque

569 5526 616 5578 ci
642 5528 911 5594 permittit,
941 5539 1097 5598 atque
1135 5546 1320 5584 omnes
1351 5531 1439 5600 qui
1493 5533 1540 5585 in
1591 5548 1802 5588 carcere
1828 5545 1996 5601 erant,
2022 5551 2140 5590 esse

565 5617 714 5687 jubet
759 5620 857 5674 sub
907 5631 1161 5687 potestate
1199 5623 1330 5690 ejus.
1378 5623 1464 5678 23.
1515 5622 1581 5676 Et
1607 5626 1848 5678 nesciebat
1876 5630 2140 5694 pne/cetus

569 5713 779 5766 careeris
804 5714 996 5784 aliquid
1022 5731 1040 5768 :
1069 5717 1235 5768 omnia
1263 5716 1391 5769 enim
1415 5730 1555 5770 erant
1582 5734 1631 5770 tn
1661 5735 1810 5771 mrmu
1837 5716 2047 5788 Joscpli,
2079 5735 2136 5773 eo

1271 347 1324 405 S.
1364 346 1638 403 .IOANNIS
1674 341 2147 402 CIlRYSOSTOIII
2186 338 2502 397 ARCIIIEP.
2542 338 3077 396 CONSTANTINOP.

2256 457 2395 527 quod
2425 454 2671 511 Dominus
2700 465 2805 509 erat
2828 473 2940 508 cum
2963 472 3042 518 eo,
3073 465 3121 508 et
3149 455 3319 507 omnia
3343 469 3458 523 quae
3481 456 3589 523 ipse
3606 455 3848 523 faciebat,

2257 545 2506 600 Dominus
2530 561 2826 616 prosperare
2843 546 3058 615 faciebat
3080 544 3134 598 in
3159 545 3391 599 manibus
3409 545 3538 614 ejus.
3569 544 3852 615 Viduquo-

2256 636 2417 691 modo
2455 635 2809 690 comitabatur
2839 649 2962 690 eum
3001 646 3259 704 perpetuo
3301 649 3531 704 superna
3575 637 3770 706 gratia,
3797 645 3853 690 et

2255 727 2430 781 Omnia
2458 740 2577 794 qua:
2599 723 2842 790 faciebat,
2871 733 3024 780 erant
3051 724 3205 794 plena
3225 725 3414 793 gratia.

2329 816 2542 870 .lloralis
2569 816 2814 886 epilogus.
2835 814 2930 869 Dei
2951 816 3114 885 gratia
3138 816 3282 884 efﬁcit
3311 824 3368 868 ut
3391 816 3560 869 omnia
3580 815 3706 867 bene
3731 832 3852 866 suc-

2256 907 2534 960 cedmit.—-
2556 904 2668 959 Hoc
2699 905 2856 974 igitur
2879 913 2936 959 et
2962 921 3060 959 nos
3101 905 3431 971 studeamus,
3471 915 3526 958 ut
3567 905 3852 958 nobiscum

2255 1009 2467 1062 semper
2491 995 2778 1049 habeamus
2809 996 3109 1058 Dominum,
3137 1005 3192 1050 et
3221 1005 3278 1048 ut
3305 1012 3424 1064 qua:
3446 1011 3476 1050 a
3508 996 3662 1050 nobis
3691 996 3854 1058 fiunt,

2255 1084 2443 1139 abillo
2482 1096 2879 1154 prosperentt'r.
2922 1084 3055 1139 Nam
3081 1086 3172 1156 qui
3217 1085 3359 1141 illius
3397 1086 3652 1140 auxilium
3695 1099 3855 1140 asse-

2254 1175 2456 1244 quitur,
2504 1177 2664 1230 etiam
2714 1176 2766 1230 in
2810 1177 3000 1231 mediis
3045 1177 3197 1231 malis
3237 1178 3505 1232 essistens
3531 1178 3754 1243 ridebit,
3786 1191 3855 1234 ac

2256 1265 2406 1319 nihili
2435 1266 2640 1335 putabit
2663 1267 2863 1330 omnia,
2895 1266 3122 1322 Domino
3141 1267 3378 1322 omnium
3412 1267 3636 1323 faciente
3654 1278 3712 1324 et
3739 1268 3857 1324 dis-

2258 1364 2491 1424 ponente
2519 1365 2729 1417 cuncta,
2761 1365 2816 1409 ut
2847 1371 3100 1426 proripere
3139 1357 3429 1411 succedant
3449 1358 3644 1421 omnia,
3687 1368 3858 1427 atque

2255 1445 2420 1499 ardua
2467 1446 2637 1500 facilia
2683 1446 2960 1502 reddente.
3007 1449 3289 1514 Quomodo
3335 1459 3514 1503 autem
3553 1452 3856 1519 poterimus

2257 1538 2536 1592 nobiscum
2586 1538 2783 1594 habere
2834 1540 3148 1606 Dominum,
3197 1541 3264 1593 ita
3314 1549 3373 1594 ut
3424 1540 3540 1608 ipso
3584 1541 3857 1611 dirigente

2257 1640 2516 1696 prospere
2544 1643 2763 1696 agamus
2791 1629 2842 1681 in
2873 1631 3162 1683 omnibus?
3189 1629 3244 1685 Si
3272 1631 3434 1685 sobrii
3462 1632 3857 1700 vigilantesqne

2259 1715 2534 1783 fuerimus,
2565 1727 2620 1772 et
2649 1719 2838 1772 imitati
2870 1718 3127 1775 fuerimus
3158 1721 3371 1791 juvenis
3409 1722 3547 1776 illius
3575 1723 3860 1777 continen-

2258 1807 2382 1862 tiam
2414 1817 2468 1861 et
2494 1809 2626 1864 alias
2649 1811 2892 1875 virtutes,
2922 1813 3264 1882 animumque
3301 1828 3644 1887 generosum,
3669 1829 3734 1868 ae
3766 1815 3854 1868 vi-

2256 1901 2493 1956 derimus
2521 1903 2598 1957 sic
2627 1905 2801 1956 omnia
2853 1903 2964 1958 fieri
2994 1905 3275 1973 diligenter
3313 1915 3581 1976 oportere,
3610 1916 3666 1959 ut
3695 1921 3854 1960 num-

2256 2008 2414 2060 quam
2442 2010 2470 2045 a
2503 1993 2723 2046 Domino
2742 1995 3196 2061 condemnemur;
3223 1995 3317 2050 sed
3344 1997 3573 2050 sciamus
3594 1997 3856 2067 possibile

2258 2097 2360 2136 non
2389 2097 2529 2148 esse,
2564 2093 2618 2136 ut
2646 2085 2936 2138 occultetur
2965 2085 3162 2153 aliquid
3201 2086 3268 2140 ab
3297 2087 3452 2140 oculo
3483 2087 3574 2141 illo
3600 2090 3689 2157 qui
3716 2088 3855 2144 dor-

2257 2173 2447 2226 mitare
2476 2172 2678 2241 nequit,
2707 2188 2890 2227 verum
2922 2188 3139 2230 necesse
3163 2176 3382 2229 omnino
3407 2190 3547 2241 esse,
3579 2185 3635 2229 ut
3679 2177 3723 2230 is
3758 2175 3860 2244 qui

2258 2270 2458 2329 peccat,
2496 2263 2767 2331 suppliciis
2801 2263 3064 2319 obnoxius
3090 2264 3200 2319 fiat.
3231 2265 3412 2336 Neque
3439 2266 3654 2336 majoris
3683 2267 3856 2323 facia-

2257 2368 2375 2406 mus
2415 2353 2659 2408 timorem
2716 2355 3009 2422 hominum,
3059 2373 3218 2427 quam
3268 2358 3681 2428 indignationem
3730 2360 3854 2422 Dei,

2256 2442 2349 2496 sed
2379 2458 2646 2497 memores
2673 2445 2842 2499 simus
2869 2461 3080 2514 semper
3101 2446 3387 2500 verborum
3426 2447 3623 2516 Ioseph
3658 2449 3856 2503 dicen-

2259 2535 2327 2588 tis
2356 2552 2369 2588 :
2403 2533 2666 2599 Quomodo
2707 2537 2892 2603 faciam
2920 2539 3120 2591 verbum
3165 2539 3260 2591 hoc
3296 2540 3508 2604 malum,
3541 2551 3588 2594 et
3631 2543 3857 2609 peccabo

2259 2644 2430 2681 coram
2462 2628 2568 2682 Deo
2587 2629 2613 2681 ?
2643 2627 2806 2698 Igitur
2835 2629 3047 2698 quando
3089 2645 3188 2685 nos
3230 2631 3405 2700 aliqua
3436 2632 3684 2701 cogitatio
3723 2647 3855 2702 per-

2261 2721 2457 2786 turbat,
2487 2721 2587 2775 hoc
2614 2721 2666 2774 in
2692 2729 2870 2776 mente
2909 2736 3180 2776 versemus
3205 2722 3448 2788 verbum,
3480 2731 3534 2778 et
3559 2723 3744 2778 statim
3770 2722 3859 2778 ef-

2259 2813 2420 2882 fugiet
2445 2814 2616 2866 omnis
2658 2813 2836 2868 illicita
2867 2814 3314 2884 concupiscentia.
3349 2813 3530 2884 Itaque
3575 2817 3687 2869 sive
3728 2817 3855 2884 quis

2256 2916 2538 2970 corporum
2580 2903 3006 2972 concupiscentia
3050 2905 3309 2974 capiatur,
3347 2906 3459 2960 sive
3503 2907 3855 2974 pecuniarum

2257 3006 2460 3059 amore,
2491 2991 2603 3048 sive
2646 2993 2749 3048 alia
2791 2993 3016 3063 quadam
3061 2994 3288 3049 absurda
3334 2996 3625 3065 voluptate.
3665 2997 3854 3052 statim

2259 3081 2361 3137 hoc
2385 3084 2602 3154 cogitet,
2635 3085 2782 3139 illum
2822 3101 3011 3156 nempe
3038 3101 3158 3141 esse
3185 3088 3274 3157 qui
3319 3103 3416 3142 nos
3445 3088 3786 3153 condemnet,
3820 3107 3854 3144 a

2258 3189 2361 3245 quo
2387 3188 2493 3229 non
2523 3182 2604 3228 est
2623 3175 2875 3243 possibile
2895 3178 3163 3232 occultare
3189 3178 3347 3231 etiam
3368 3192 3428 3231 ea
3453 3194 3571 3247 qua:
3589 3179 3639 3232 in
3667 3189 3858 3234 mento

2259 3275 2438 3319 nostra
2471 3275 2750 3320 versantur
2781 3286 2795 3321 :
2825 3277 2878 3321 et
2903 3269 3120 3321 omnino
3141 3267 3454 3338 effugiemus
3475 3269 3635 3323 etiam
3659 3268 3857 3324 diaboo

2259 3356 2384 3410 licas
2415 3357 2850 3421 machinationes,
2884 3375 3182 3429 magnoque
3208 3359 3473 3428 adjutorio
3496 3374 3735 3430 superno
3759 3363 3854 3430 ju-

2257 3448 2526 3514 vabimur;
2555 3465 2661 3517 quo
2683 3449 2833 3504 nubis
2857 3449 2957 3502 frui
2986 3451 3256 3518 contingat
3286 3451 3534 3504 omnibus
3563 3457 3729 3520 gratia
3791 3462 3854 3507 ct

2258 3541 2581 3610 benignitate
2606 3541 2813 3594 Domini
2841 3542 3005 3595 nostri
3032 3540 3386 3606 JesuChristi,
3417 3542 3501 3595 cui
3541 3557 3662 3596 cum
3688 3542 3855 3598 Patre

2255 3642 2309 3687 et
2337 3646 2520 3687 sancto
2541 3633 2735 3702 Spiritu
2764 3634 2831 3687 sit
2860 3633 3046 3703 gloria,
3080 3635 3382 3704 imperium,
3410 3635 3599 3701 honor,
3626 3649 3768 3689 nunc
3791 3644 3854 3690 ct

2257 3739 2489 3795 semper,
2517 3733 2570 3780 et
2590 3726 2642 3779 in
2669 3725 2861 3780 szccula
2888 3726 3222 3779 saeculorum.
3255 3727 3446 3781 Amen.

2809 3852 3083 3908 HOMILIA
3117 3853 3299 3909 LXIII.

2257 3964 2326 4018 Et
2355 3965 2599 4018 nesciebat
2637 3964 2833 4034 aliquid
2875 3969 3143 4036 praefectus
3167 3966 3382 4020 carceris
3409 3975 3611 4036 propter
3644 3969 3846 4040 Ioseph

2862 4056 3015 4128 (Gen.
3042 4057 3131 4113 59.
3159 4056 3273 4127 es).

2327 4169 2378 4223 Ι.
2413 4168 2685 4238 Reliquias
2719 4183 2908 4223 eorum
2935 4184 3055 4239 quae
3083 4183 3112 4222 a
3156 4168 3312 4223 nobis
3351 4169 3464 4223 heri
3506 4168 3645 4224 dicta
3670 4178 3796 4224 sunt
3824 4213 3844 4237 ,

2253 4260 2497 4313 volumus
2542 4257 2702 4314 hodie
2746 4259 2969 4314 reddere
3009 4260 3217 4314 caritati
3273 4269 3465 4315 vestrae
3493 4299 3508 4323 ,
3541 4269 3596 4315 et
3644 4260 3846 4316 iterum

2254 4351 2514 4419 attingere
2546 4350 2821 4405 historiam
2841 4351 3084 4421 Josephi.
3116 4352 3274 4406 Scitis
3293 4353 3435 4406 enim
3458 4353 3710 4408 hesterno
3727 4368 3844 4408 ser-

2256 4456 2413 4494 mone
2459 4441 2710 4509 prolixius
2752 4452 2975 4496 extenso
2999 4483 3014 4507 ,
3047 4456 3145 4496 nos
3189 4455 3295 4497 non
3343 4443 3579 4512 potuisse
3617 4443 3845 4499 ulterius

2255 4533 2520 4601 progredi,
2553 4531 2646 4586 sed
2671 4531 2905 4586 sermoni
2930 4531 3085 4586 finem
3106 4533 3451 4605 imposuisse,
3467 4533 3685 4605 quando
3714 4550 3839 4602 pro-

2253 4633 2370 4691 pter
2400 4622 2663 4693 Aigyptiie
2689 4624 3008 4678 calumniam
3034 4627 3102 4678 ab
3117 4625 3468 4694 archimagiro
3493 4625 3544 4677 in
3566 4639 3840 4681 carcerem

2253 4724 2333 4767 est
2355 4714 2646 4780 eonjectus.
2671 4713 2794 4768 Ideo
2816 4713 2972 4768 hodie
2999 4727 3190 4782 operai.
3207 4717 3431 4782 pretium
3463 4715 3617 4768 fuerit
3641 4715 3844 4772 docere

2253 4813 2480 4856 vestram
2508 4804 2804 4869 caritatem,
2831 4818 2951 4872 qua:
2979 4804 3030 4857 in
3061 4819 3276 4857 carcere
3295 4804 3343 4857 ei
3372 4804 3681 4858 acciderint.
3705 4804 3841 4860 Nam

2256 4901 2530 4960 postquam
2554 4893 2604 4945 in
2632 4907 2901 4946 carcerem
2927 4901 3012 4946 est
3035 4893 3328 4960 conjectus,
3357 4903 3411 4946 et
3441 4894 3666 4948 traditus
3697 4909 3840 4963 pra:-

2256 4985 2389 5036 fecto
2417 4983 2665 5049 carceris,
2690 4984 2846 5037 etiam
2876 4984 2983 5038 illic
3013 4994 3213 5037 tantutn
3241 4984 3332 5038 Dei
3363 4984 3656 5038 subsidium
3687 5001 3842 5041 asse-

2252 5084 2446 5142 quutus
2474 5084 2558 5127 est
2579 5115 2593 5135 ,
2629 5082 2684 5126 ut
2714 5074 2874 5127 totius
2901 5073 3128 5127 carceris
3168 5075 3493 5143 principatus
3527 5090 3555 5126 a
3586 5075 3842 5142 pra-tecto

2251 5172 2482 5221 carceris
2508 5168 2605 5237 ipsi
2632 5166 3030 5222 concederetur.
3065 5167 3130 5220 Et
3159 5167 3401 5220 nesciebat
3429 5169 3623 5235 aliquid
3654 5174 3842 5237 praefe-

2249 5267 2356 5310 ctus
2380 5258 2595 5311 carceris
2625 5267 2827 5325 prapter
2854 5257 3066 5326 Ioseph.
3096 5256 3287 5311 Vidisti
3325 5255 3592 5326 quomodo
3621 5258 3671 5308 in
3707 5257 3844 5326 ipsis

2251 5348 2503 5402 :erumnis
2528 5359 2747 5402 versans
2767 5389 2782 5413 ,
2813 5348 3187 5402 adversitatem
3216 5361 3282 5401 ne
3327 5347 3556 5401 senserit
3577 5345 3796 5414 quidem
3822 5388 3838 5414 ,

2249 5440 2340 5494 sed
2392 5440 2610 5507 provida
2651 5440 2908 5507 sapientia
2949 5439 3037 5492 Dei
3081 5437 3256 5491 omnia
3301 5451 3487 5505 aspera
3530 5436 3750 5490 verterit
3783 5439 3839 5490 in

2244 5530 2494 5600 jucunda.
2527 5531 2592 5583 Et
2633 5532 2767 5582 sicut
2809 5531 2929 5583 licet
2955 5529 3073 5597 quis
3115 5527 3452 5594 margaritam
3487 5526 3596 5579 luto
3621 5526 3831 5590 obruat,

2248 5623 2591 5676 nihilominus
2633 5624 2858 5674 nativam
2911 5623 3103 5676 retinet
3147 5617 3592 5689 pulchritudinem
3627 5660 3639 5671 .
3673 5620 3751 5672 sic
3782 5633 3834 5673 et

2250 5716 2435 5779 virtus,
2467 5729 2799 5787 quocumque
2824 5731 2937 5768 cam
2962 5713 3272 5783 prnjcccris,
3300 5724 3447 5766 suam
3479 5711 3583 5764 vim
3611 5711 3832 5774 exserit,
