4086 6420
204 371 306 430 διε

197 485 365 538 etiam
379 481 439 539 in
455 478 906 540 servitut'e.'etiatn
925 476 977 530 in
993 484 1229 538 carcere,
1247 474 1409 528 etiam
1422 474 1474 526 in
1492 470 1804 533 atllictionc,

199 581 366 627 etiam
397 576 452 627 in
487 573 858 642 prosperitate.
883 566 1149 636 Quoniam
1178 566 1338 636 igitur
1363 575 1418 620 et
1457 564 1510 618 in
1535 575 1807 618 carcerem

195 665 476 734 confectus
505 665 606 720 sibi
633 661 940 718 conciliavit
961 658 1272 730 prafectum
1298 656 1551 720 carceris,
1574 663 1629 710 et
1649 665 1812 721 super

199 771 394 810 omnes
417 756 507 826 qui
536 755 605 809 ibi
636 759 789 808 erant
815 760 1131 822 potestatem
1157 750 1226 803 ab
1249 763 1316 803 eo
1342 747 1552 816 accepit
1581 765 1595 798 :
1621 745 1808 799 videa-

200 861 325 901 mus
347 857 404 902 et
434 847 522 900 bic
546 844 815 914 quomodo
841 844 945 896 vim
975 842 1162 911 gratia:
1191 838 1292 894 sibi
1322 850 1594 892 concessae
1636 833 1809 888 mani-

201 934 431 991 festarit.
460 937 513 990 I.
545 934 760 988 Factum
805 943 878 988 est
923 934 1089 995 enim,
1118 931 1325 999 inquit,
1356 938 1469 999 post
1514 925 1662 980 verba
1703 924 1812 976 lucc

206 1024 361 1100 (Cap.
388 1028 504 1096 40).
529 1025 752 1092 Qualia?
784 1025 916 1093 Qua
943 1023 1186 1077 narravit
1210 1029 1330 1091 post
1368 1020 1564 1074 factam
1605 1015 1811 1070 calum-

202 1119 372 1182 niam,
391 1127 676 1187 postquam
691 1115 1080 1170 condemnatus
1099 1122 1184 1167 est
1210 1110 1276 1165 ad
1303 1123 1573 1164 carcerein
1600 1124 1613 1160 :
1633 1114 1687 1160 et
1703 1119 1809 1158 non

207 1211 309 1265 hoc
343 1211 519 1266 solum
544 1251 558 1272 ,
590 1207 683 1264 sed
714 1218 769 1263 et
799 1217 1076 1276 postquam
1119 1202 1474 1278 significatum
1525 1206 1608 1253 est
1655 1196 1810 1250 nobis

206 1303 494 1357 Dominum
525 1316 645 1354 cum
675 1301 766 1353 illo
793 1298 980 1363 fuisse,
1010 1306 1064 1352 et
1091 1295 1401 1367 prmfectum
1425 1290 1660 1347 carceris
1689 1303 1809 1344 om-

206 1394 294 1448 nia
324 1407 447 1462 qua:
476 1391 547 1444 ibi
574 1398 729 1444 erant
756 1390 854 1458 ipsi
882 1388 1238 1450 commisisse,
1263 1393 1322 1437 ut
1350 1398 1445 1452 per
1462 1381 1608 1435 illum
1634 1379 1809 1432 admi-

208 1484 585 1537 nistrarentur.
616 1480 829 1534 Factum
857 1489 950 1540 est,
982 1479 1175 1547 inquit,
1201 1486 1312 1545 post
1338 1475 1485 1528 verba
1515 1474 1643 1535 Itarc,
1668 1479 1810 1538 post-

204 1589 365 1643 quam
380 1573 612 1645 injectus
627 1583 708 1628 est
724 1573 777 1626 in
799 1585 1092 1632 carcerem,
1111 1585 1235 1623 cum
1247 1575 1530 1638 peccassent
1548 1564 1812 1634 praefectus

205 1668 568 1735 pineernarum
588 1674 636 1719 et
662 1666 933 1736 praefectus
959 1662 1226 1733 pistorum,
1258 1660 1313 1712 2.
1341 1668 1396 1713 et
1414 1658 1466 1713 5.
1493 1655 1813 1710 condemnati

204 1767 323 1811 sunt
348 1773 381 1809 a
419 1772 571 1827 rege,
609 1766 665 1808 ut
703 1757 756 1809 in
799 1769 1052 1808 carcerem
1079 1753 1416 1814 mitterentur,
1436 1749 1492 1803 4.
1520 1761 1646 1816 quos
1675 1760 1810 1812 pra-

206 1852 366 1917 fectus
408 1851 630 1900 carceris
663 1845 886 1915 loseplto
932 1843 1321 1898 commendavit.
1356 1839 1538 1908 Neque
1580 1837 1726 1892 enim
1755 1841 1815 1887 ut

212 1939 397 1993 vincto
428 1952 556 1992 usus
580 1947 662 1992 est
690 1937 799 1999 illo,
830 1935 924 1990 sed
957 1943 1015 1988 ut
1034 1948 1285 1988 curarum
1317 1931 1597 2000 participe,
1627 1929 1736 1982 imo
1756 1935 1816 1981 ut

205 2041 273 2082 eo
297 2028 390 2097 qui
421 2027 490 2081 ibi
515 2027 852 2082 detentorum
875 2026 1118 2080 miserias
1147 2022 1307 2078 solari
1332 2030 1533 2092 posset.
1562 2019 1631 2074 Et
1653 2019 1813 2072 adsti-

207 2120 267 2172 tit
293 2119 364 2172 eis
387 2159 404 2184 ,
434 2118 627 2188 inquit.
652 2116 790 2184 Quid
813 2127 898 2172 est
917 2158 932 2181 ,
964 2117 1167 2170 Adstitit
1197 2115 1268 2168 eis
1289 2115 1314 2168 Ρ
1337 2114 1450 2168 Hoc
1483 2122 1587 2177 est,
1614 2124 1812 2166 consa-

207 2209 348 2263 latus
366 2216 484 2274 est,
510 2208 785 2262 roboravit
804 2222 993 2262 eorum
1018 2215 1247 2270 mentes,
1280 2205 1453 2260 erexit
1479 2218 1665 2258 eorum
1693 2202 1812 2256 ani-

207 2313 327 2353 mos
349 2340 365 2363 ,
393 2308 450 2353 et
485 2315 592 2353 non
638 2300 878 2367 permisit
915 2297 1191 2353 absorberi
1236 2312 1348 2366 prae
1383 2298 1617 2350 tristitia.
1649 2293 1814 2348 Erant

204 2398 378 2444 autem
417 2390 596 2444 diebus
640 2389 812 2443 multis
838 2391 890 2442 in
918 2404 1119 2442 carcere
1139 2428 1156 2451 ,
1179 2388 1232 2443 5.
1261 2396 1308 2440 et
1335 2387 1569 2440 viderunt
1609 2394 1816 2454 uterque

205 2479 518 2534 insomnium
545 2480 598 2533 in
625 2491 768 2533 nocte
787 2496 910 2544 una,
935 2478 1205 2547 prcfectns
1231 2479 1586 2547 pincernarum
1614 2485 1662 2529 et
1681 2490 1814 2546 prte-

207 2575 368 2639 fectus
418 2572 686 2640 pistorum.
716 2571 822 2627 Sed
856 2571 1041 2624 beatus
1082 2569 1174 2624 ille
1195 2609 1212 2634 ,
1243 2568 1328 2624 cui
1359 2583 1503 2623 cura
1533 2576 1648 2622 erat
1676 2581 1808 2638 quc-

209 2662 370 2716 tnodo
399 2664 772 2718 consolaretur
797 2664 914 2717 illos
939 2704 955 2729 ,
987 2671 1046 2716 ut
1075 2662 1206 2716 vidit
1235 2676 1330 2716 eos
1350 2662 1422 2716 ob
1443 2661 1703 2716 visionem
1733 2660 1816 2712 in-

206 2757 543 2810 somniorum
576 2756 798 2819 turbari,
833 2764 887 2810 ct
914 2764 1094 2810 mente
1121 2753 1403 2820 confundi,
1431 2753 1560 2808 dicit
1588 2771 1602 2807 :
1631 2754 1683 2806 7.
1711 2751 1815 2806 Cur

207 2849 363 2914 facies
391 2857 572 2900 restria
597 2846 747 2900 hodie
784 2855 887 2899 tam
913 2846 1165 2900 obnubin
1206 2853 1252 2898 et
1292 2855 1482 2898 masne
1501 2850 1527 2901 ?
1547 2844 1812 2897 Ostende-

208 2941 334 2993 liant
348 2939 494 2993 enim
519 2938 680 2993 facies
697 2953 883 2993 eorum
903 2938 1045 2991 intus
1061 2939 1312 2992 latentem
1331 2937 1809 3006 perturbationem.

209 3029 504 3096 Propterea
543 3037 599 3083 et
639 3029 853 3097 sapiens
881 3028 1096 3098 quidam
1127 3027 1342 3081 dicebat
1370 3048 1384 3079 :
1417 3026 1584 3080 Corde
1614 3028 1815 3080 (celante

207 3121 356 3187 floret
383 3119 561 3187 facies,
592 3117 646 3171 in
675 3119 881 3172 tristitia
903 3128 1075 3172 autem
1104 3119 1402 3180 emittente,
1427 3129 1600 3169 maeret
1631 3117 1647 3185 (
1658 3115 1810 3169 Prov.

209 3210 297 3264 15.
335 3209 449 3280 I5).
480 3208 642 3277 Igitur
668 3211 788 3278 quia
816 3209 949 3262 vidit
988 3223 1082 3263 eos
1112 3208 1322 3261 tristitia
1353 3207 1572 3261 allectos
1602 3215 1768 3276 proptr
1789 3219 1819 3260 r

210 3299 601 3354 insomniorum
628 3299 888 3353 visionem
911 3341 923 3361 ,
953 3313 1170 3352 causam
1199 3299 1408 3351 discere
1437 3298 1625 3352 volens
1655 3312 1815 3366 roga-

211 3389 452 3446 vit.Vide
479 3390 750 3460 quomodo
772 3391 902 3446 etin
929 3406 1143 3446 carcere
1167 3392 1432 3446 exsistens
1457 3406 1606 3445 suam
1635 3400 1818 3445 osten-

210 3483 290 3537 dit
338 3483 587 3535 virtutem
614 3521 633 3549 ,
661 3491 717 3536 et
760 3482 986 3536 aliorum
1029 3497 1289 3538 maerores
1324 3482 1556 3536 allevare
1593 3482 1816 3536 studuit.

210 3574 348 3643 Quid
381 3574 544 3643 igitur
585 3574 699 3628 illi?
725 3574 779 3629 8.
816 3573 1085 3629 Somnium
1123 3575 1371 3640 vidimus,
1405 3584 1450 3628 et
1480 3591 1581 3628 non
1610 3582 1683 3629 est
1729 3575 1817 3644 qui

211 3668 458 3735 conjectet
497 3667 649 3720 illud.
685 3666 1008 3736 Ignorabant
1034 3668 1348 3738 sapientiam
1395 3668 1513 3737 ejus
1559 3683 1683 3722 cum
1711 3682 1818 3737 quo

214 3756 591 3827 loquebantur.
615 3756 706 3811 sed
729 3757 1002 3827 vulgarem
1024 3758 1257 3828 aliquem
1281 3773 1401 3813 esse
1417 3758 1817 3825 existimabant,

212 3858 267 3901 et
296 3857 580 3916 propterea
610 3848 878 3903 somnium
901 3849 950 3903 ei
976 3863 1082 3904 non
1116 3859 1368 3916 narrant,
1402 3851 1495 3904 sed
1526 3859 1728 3904 tantum
1760 3864 1820 3905 se

213 3938 416 3994 vidisse
458 3939 677 4004 dicunt,
706 3947 762 3994 et
802 3939 1045 3996 addunt:
1073 3941 1266 3996 Nullus
1308 3953 1390 3997 est
1418 3943 1510 4012 qui
1553 3943 1822 4012 conjectet

217 4027 372 4081 illud.
401 4025 605 4082 Verum
633 4029 964 4085 admirabilis
1006 4031 1096 4087 ille
1128 4033 1212 4086 vir
1250 4032 1380 4087 dicit
1422 4035 1501 4089 eis
1529 4053 1542 4088 :
1574 4033 1762 4088 Nonne
1789 4052 1822 4087 α

219 4116 330 4172 Deo
365 4119 712 4188 manifestatio
747 4123 858 4193 ejus
882 4121 994 4176 est.’
1018 4121 1248 4178 Narrate
1271 4126 1427 4196 igitur
1449 4127 1593 4179 mihi.
1624 4127 1762 4182 Num
1791 4143 1818 4181 a

217 4223 308 4262 me
349 4207 469 4277 ipso
512 4211 767 4278 promitto
805 4212 958 4266 vobis
998 4213 1198 4284 aliquid
1231 4231 1316 4270 me
1342 4215 1650 4272 dicturum?
1683 4219 1822 4273 Deus

215 4310 300 4355 est
319 4301 408 4370 qui
428 4300 651 4356 revelat.
677 4300 906 4358 Narrate
919 4304 1075 4375 igitur
1094 4307 1238 4360 mihi.
1264 4305 1396 4363 Vide
1419 4309 1821 4378 intelligentiam

217 4403 273 4446 et
301 4392 620 4447 humilitatis
640 4395 1034 4450 excellentiam.
1064 4396 1179 4452 Non
1208 4398 1383 4464 dixit,
1415 4400 1526 4469 Ego
1552 4399 1704 4454 vobis
1735 4401 1822 4453 di-

217 4484 420 4554 iudico,
448 4500 548 4555 ego
575 4486 728 4540 vobis
751 4487 871 4543 dico
891 4491 1221 4544 somniorum
1246 4500 1519 4558 eventum;
1544 4491 1640 4545 sed
1660 4491 1825 4562 quid?

227 4574 452 4630 Narrate
490 4577 647 4647 igitur
668 4579 811 4632 mihi.
847 4580 988 4636 Deus
1015 4582 1159 4636 enim
1185 4591 1267 4636 est
1297 4583 1444 4637 solus
1473 4583 1562 4652 qui
1592 4585 1714 4636 talia
1739 4597 1826 4638 re-

221 4666 385 4721 velat.
417 4666 472 4722 9.
502 4665 572 4720 Et
613 4670 835 4724 narth
881 4671 1147 4740 prcfectus
1190 4672 1569 4740 pincernarum.
1617 4673 1702 4727 12.
1756 4671 1826 4728 Ut

222 4766 394 4812 autem
421 4758 618 4812 audivit
633 4758 846 4830 Ioseph,
872 4763 1034 4831 inquit
1052 4778 1070 4817 :
1089 4761 1218 4817 Haec
1233 4773 1306 4818 est
1323 4765 1672 4832 interpretatio
1693 4766 1823 4834 ejus.

225 4850 315 4905 £3.
342 4848 467 4905 Tres
494 4853 821 4922 propagines,
855 4864 955 4908 tres
979 4863 1099 4908 sunt
1118 4857 1224 4908 dies
1247 4871 1268 4909 :
1287 4856 1456 4908 adhuc
1485 4865 1587 4910 tres
1611 4855 1718 4909 dies
1735 4898 1749 4917 ,
1779 4867 1828 4909 et

223 4939 574 4995 recordabitur
619 4939 825 4996 Pharao
853 4953 954 4998 tute
995 4945 1352 5015 pincernarunt
1393 4951 1712 5017 prefecturat
1738 4956 1753 5003 .'
1783 4956 1829 5000 et

227 5032 345 5085 hinc
368 5033 598 5086 restituet
625 5043 702 5098 te,
730 5044 777 5087 et
804 5037 948 5090 dabis
974 5038 1214 5107 poculum
1245 5036 1514 5092 Pharaoni
1541 5040 1594 5091 in
1620 5055 1828 5091 manum

227 5125 339 5192 ejus
373 5125 530 5194 juxta
559 5126 828 5194 pristinum
872 5127 1088 5198 oﬂcium
1116 5140 1257 5182 tuum
1275 5171 1290 5194 ,
1315 5139 1370 5182 ut
1394 5130 1591 5183 solebas
1610 5171 1624 5193 ,
1657 5131 1831 5203 sinum

224 5216 519 5286 infundens.
546 5215 747 5271 “Sed
763 5220 1032 5273 recordare
1054 5222 1154 5274 mei
1171 5238 1260 5290 per
1275 5221 1611 5291 temetipsum,
1627 5205 1835 5290 (piendo

225 5306 313 5358 tibi
341 5305 464 5361 bene
489 5308 603 5372 erit,
621 5317 666 5361 et
686 5309 842 5377 facies
868 5310 992 5365 mihi
1012 5312 1431 5377 misericordiam,
1455 5322 1501 5366 et
1520 5329 1713 5366 memor
1733 5314 1833 5365 eris

231 5397 329 5451 mei
355 5400 496 5467 apud
538 5399 864 5457 Pharaonem
887 5446 903 5469 ,
927 5413 977 5458 et
1017 5405 1200 5460 educes
1243 5421 1324 5459 me
1359 5421 1421 5460 ea:
1463 5421 1664 5460 carcere
1692 5406 1786 5459 hoc
1806 5423 1824 5457 :

231 5489 319 5544 15.
348 5491 470 5559 quin
497 5493 676 5562 furtim
716 5495 961 5549 abductus
989 5512 1100 5550 sunt
1129 5513 1192 5552 ea:
1230 5507 1363 5551 terra
1391 5496 1724 5552 Hebr-corum
1741 5540 1755 5562 ,
1788 5508 1835 5551 et

232 5581 314 5634 hic
352 5583 452 5651 feci
494 5584 664 5650 nihil,
695 5595 742 5638 et
772 5587 1086 5643 immiserunt
1111 5589 1194 5643 nte
1219 5589 1272 5643 in
1300 5589 1434 5643 hunc
1477 5590 1669 5644 lacum.
1700 5589 1835 5656 Quia

238 5671 557 5740 pra-dixerat
596 5675 648 5730 ei
679 5676 819 5732 bona
838 5687 1099 5734 eventura
1119 5722 1138 5748 ,
1166 5689 1220 5736 et
1268 5679 1722 5736 reconciliandum
1744 5694 1839 5738 re-

231 5783 387 5840 gem,
434 5772 605 5830 dicit:
637 5773 836 5832 Memor
878 5787 982 5834 esto
1033 5779 1134 5834 mei
1185 5796 1268 5849 per
1319 5779 1578 5847 teipstun.
1621 5779 1835 5848 quando

1247 358 1317 416 IN
1351 359 1507 417 CAP.
1550 358 1664 414 XL.
1705 352 1954 411 GENFS.
1997 349 2205 407 H011".
2269 349 2452 406 LXIII.

3411 351 3524 411 5-22

1919 465 2228 523 felicitatem
2268 474 2411 518 tuam
2436 462 2753 528 obtinneris,
2783 462 3110 519 mentionem
3135 461 3382 522 faciendo
3401 467 3528 539 eius

1915 557 2006 626 qui
2033 555 2150 610 haec
2173 554 2267 609 tibi
2296 553 2566 625 prrdisit,
2588 563 2644 609 et
2662 553 2828 609 facies
2853 553 2982 607 mihi
3004 555 3448 624 misericordiam.

1986 644 2042 700 2.
2066 644 2341 700 Fortitudo
2376 645 2539 698 atiinti
2564 643 2780 716 Iosephi
2804 656 3021 711 mnta;
3047 659 3241 714 quanta
3265 654 3377 718 ejus
3400 664 3524 722 ergo

1917 737 2210 806 proximum
2238 736 2446 791 caritas.
2471 765 2544 775 -
2570 735 2696 790 Ilmc
2725 736 2955 810 audiens
2977 777 2995 804 ,
3027 736 3223 792 dilecte
3245 776 3262 805 ,
3287 754 3358 794 ne
3391 755 3526 796 wn-

1915 828 2140 884 demues
2165 829 2658 898 pusillantmitatem
2680 830 2813 900 justi
2838 849 2853 885 :
2876 831 2972 886 sed
2998 831 3100 887 hac
3124 834 3332 888 ratione
3359 835 3525 904 potis-

1913 919 2108 973 simum
2130 919 2470 989 obstupesce,
2493 921 2635 992 quod
2666 937 2788 976 cum
2819 931 2927 976 tam
2959 924 3124 977 multa
3151 934 3334 979 essent
3354 925 3525 981 mole-

1915 1018 2020 1076 sta,
2053 1020 2157 1064 tam
2185 1008 2400 1065 fortiter
2428 1020 2484 1066 et
2523 1025 2678 1082 aequo
2704 1014 2888 1067 animo
2919 1014 3039 1068 tulit
3069 1014 3216 1068 illam
3248 1015 3522 1072 inhabita-

1919 1104 2144 1158 tionem.
2171 1103 2303 1158 Nam
2333 1104 2459 1160 licet
2485 1121 2735 1177 magnam
2762 1122 2792 1161 a
2822 1108 3048 1164 custode
3087 1110 3324 1164 carceris
3364 1120 3523 1180 pote-

1915 1205 2107 1250 statem
2129 1198 2447 1266 accepisset,
2470 1205 2705 1253 attamen
2724 1199 3112 1267 gravaboturin
3134 1208 3283 1255 tanto
3305 1201 3525 1270 paedore

1917 1300 2041 1339 cum
2069 1285 2301 1339 sordidis
2321 1295 2377 1341 et
2402 1287 2659 1356 squalidis
2685 1287 2913 1358 agendo.
2946 1288 3080 1343 Nam
3105 1288 3225 1345 vide
3253 1290 3371 1360 ejus
3399 1291 3520 1360 phi-

1920 1374 2250 1444 losophicam
2282 1387 2552 1444 mentem,
2579 1379 2853 1448 quomodo
2879 1379 3087 1434 fortiter
3116 1380 3297 1436 tulerit
3315 1383 3524 1450 omnia,

1920 1465 1972 1518 in
2000 1465 2248 1522 omnibus
2284 1483 2534 1538 magnam
2577 1470 2863 1528 declarans
2905 1475 3103 1530 animat
3141 1476 3521 1536 humilitatem.

1919 1555 1984 1609 Et
2007 1558 2165 1625 facies
2187 1598 2202 1622 ,
2232 1559 2427 1628 inquit,
2459 1561 2513 1615 in
2536 1579 2618 1616 me
2640 1567 3062 1635 misericordiam,
3095 1581 3144 1624 et
3176 1573 3527 1629 recordaberis

1919 1649 2015 1700 mei
2042 1648 2186 1717 apud
2228 1648 2555 1704 Pharaonem
2577 1693 2592 1718 ,
2623 1663 2674 1706 et
2716 1655 2899 1710 educes
2941 1675 3024 1712 nte
3066 1676 3131 1714 es
3167 1678 3370 1717 carcere
3402 1664 3520 1720 hoc.

1919 1933 2094 1988 neque
2123 1930 2304 1975 narret
2329 1919 2552 1977 fratrum
2579 1924 2631 1978 in
2662 1940 2722 1980 se
2753 1927 3219 1997 inhumanitatem.
3249 1935 3343 1991 sed
3369 1938 3526 1994 tectis

1918 2011 2203 2079 omnibus,
2233 2013 2360 2069 dicit
2392 2033 2406 2068 :
2439 2015 2743 2075 Recordare
2773 2022 2877 2076 mei
2913 2064 2928 2088 ,
2962 2032 3017 2078 et
3047 2023 3130 2080 fac
3156 2028 3313 2083 educi
3341 2045 3431 2085 me
3454 2046 3522 2088 es

1917 2120 2135 2161 carcere
2159 2107 2261 2163 hoc
2286 2127 2304 2163 :
2337 2109 2471 2175 Quia
2498 2113 2675 2180 furtim
2703 2115 2953 2170 abductus
2977 2135 3091 2172 sunt
3121 2123 3186 2174 de
3225 2131 3360 2176 terra
3409 2123 3521 2178 He-

1919 2198 2170 2254 brmm
2193 2242 2208 2267 ,
2238 2211 2286 2256 et
2311 2201 2393 2255 hic
2436 2204 2567 2257 nihil
2593 2207 2726 2276 feci,
2757 2217 2807 2261 et
2830 2209 3146 2265 immiserunt
3171 2229 3252 2268 me
3274 2215 3327 2268 in
3354 2215 3526 2272 lacum

1918 2291 2072 2344 hunc.
2101 2291 2180 2348 Ne
2210 2293 2572 2362 perfunctorie
2601 2298 2703 2352 hoc
2730 2310 3138 2368 praetereamus,
3161 2304 3259 2359 sed
3279 2306 3528 2363 conside-

1918 2395 2099 2437 remus
2137 2398 2298 2453 quam
2337 2386 2709 2457 philos0phica
2752 2400 2934 2446 mente
2961 2394 3218 2462 pra-ditus
3245 2395 3440 2464 fuerit,
3470 2408 3527 2456 et

1917 2476 2188 2546 quatnodo
2229 2478 2440 2533 inventa
2486 2483 2887 2550 Opportunitate
2934 2487 3225 2556 temporis,
3255 2499 3310 2544 et
3348 2491 3526 2546 sciens

1918 2566 2232 2636 praefectum
2263 2570 2639 2640 pincernarum
2672 2574 2723 2627 iu
2751 2573 2960 2630 felicem
2989 2587 3186 2631 statum
3219 2581 3528 2638 reatitutum

1922 2672 2080 2724 posse
2132 2675 2294 2714 omne
2349 2663 2616 2731 negotium
2666 2677 2825 2720 suum
2873 2667 2982 2737 regi
3040 2669 3384 2737 signiﬁcare,
3414 2686 3531 2728 non

1920 2747 2227 2820 Egyptiam
2257 2753 2608 2821 reprehendit
2633 2755 2856 2823 (iterum
2888 2757 3036 2812 enim
3065 2759 3257 2814 eadem
3300 2759 3526 2834 dicam),

1920 2855 2027 2894 non
2045 2842 2322 2898 dominum
2346 2843 2500 2898 aﬂ'crt
2525 2846 2578 2899 in
2604 2847 2862 2911 medium,
2887 2864 2996 2903 non
3023 2849 3236 2916 fratres;
3266 2867 3372 2906 non
3399 2851 3529 2908 dicit

1919 2947 2136 2987 causam
2179 2948 2396 3004 propter
2422 2953 2579 3007 quam
2611 2940 3001 2997 condemnatus
3029 2944 3100 2997 sit
3127 2945 3182 2998 in
3217 2960 3488 3000 carcerem
3508 2985 3525 3008 ,

1920 3036 2094 3093 neque
2136 3026 2314 3080 scelus
2355 3026 2405 3079 iu
2434 3043 2494 3082 se
2537 3031 2886 3085 commissum
2926 3048 3147 3088 narrare
3187 3035 3402 3091 studet:
3430 3036 3527 3091 sed

1925 3114 2026 3170 hoc
2052 3131 2216 3170 unum
2257 3127 2438 3183 curat,
2469 3135 2574 3173 non
2603 3128 2660 3176 ut
2683 3122 2806 3176 illos
2830 3123 3154 3180 condemnet
3175 3163 3193 3191 ,
3218 3125 3313 3180 sed
3343 3135 3402 3181 ut
3429 3141 3533 3198 pro

1921 3221 1981 3262 se
2010 3209 2128 3262 solo
2156 3210 2316 3266 dicat.
2351 3212 2415 3266 Et
2444 3212 2669 3268 fratrum
2695 3215 2913 3283 quidem
2940 3232 3156 3272 causam
3197 3220 3480 3275 occultavit
3505 3259 3528 3289 ,

1922 3301 2108 3358 dicens
2135 3321 2146 3358 :
2171 3302 2336 3358 Furta
2355 3306 2602 3360 abductus
2620 3324 2734 3361 sum
2759 3324 2824 3362 ea:
2847 3319 2983 3364 terra
3011 3308 3344 3366 Habrttorum
3369 3328 3388 3367 :
3410 3327 3526 3385 qua:

1921 3407 2101 3453 autem
2127 3398 2377 3469 Egyptia
2412 3401 2496 3454 illa
2530 3401 2728 3455 fecerat
2751 3443 2767 3466 ,
2795 3417 2899 3456 non
2939 3403 3142 3474 profert
3170 3405 3221 3458 in
3249 3406 3484 3460 medium
3510 3447 3528 3472 ,

1925 3507 2097 3560 neque
2141 3491 2391 3561 injustam
2437 3493 2642 3548 domini
2688 3494 2768 3550 sui
2822 3510 2945 3565 erga
2979 3509 3038 3550 se
3084 3495 3520 3566 indignationem.

1925 3583 2032 3639 Sed
2071 3585 2196 3654 quid
2238 3586 2400 3640 dicit?
2425 3584 2525 3640 Hic
2563 3587 2662 3657 feci
2703 3587 2865 3652 nihil,
2900 3597 2948 3640 et
2989 3588 3310 3642 immiserunt
3352 3605 3432 3644 nte
3475 3587 3536 3643 iit

1925 3692 2176 3731 carcerem
2226 3678 2378 3732 hunc.
2411 3678 2538 3733 Haec
2581 3677 2860 3733 audientes
2907 3677 3213 3743 discamus,
3240 3681 3287 3734 si
3325 3679 3376 3734 in
3406 3679 3540 3736 talia

1927 3768 2271 3824 inciderimus
2295 3812 2311 3835 ,
2343 3778 2402 3824 ut
2426 3784 2714 3826 caveamus
2753 3785 2822 3824 ne
2847 3770 3106 3826 conviciis
3136 3771 3255 3825 illos
3278 3813 3293 3835 ,
3317 3771 3408 3840 qui
3434 3785 3539 3824 nos

1928 3873 2184 3916 vexarunt
2207 3905 2222 3930 ,
2253 3864 2584 3919 incessamus
2608 3904 2622 3927 ,
2651 3871 2707 3918 et
2748 3862 2814 3917 ad
2844 3862 3243 3918 accusationem
3273 3863 3290 3895 ί
3315 3861 3535 3917 illorum

1929 3954 2164 4025 linguam
2188 3971 2442 4010 acuamus
2471 3973 2483 4008 :
2514 3955 2607 4010 sed
2633 3955 2807 4010 solum
2835 3955 3269 4009 demonstremus
3301 3956 3356 4008 in
3385 3969 3538 4008 mau-

1929 4047 2215 4102 suetudine
2256 4056 2311 4101 et
2337 4046 2558 4101 lenitate
2583 4060 2684 4100 nos
2710 4045 2958 4100 innoxios
2997 4059 3120 4100 esse
3143 4085 3158 4109 ,
3181 4053 3237 4100 et
3263 4045 3535 4099 imitemur

1932 4140 2080 4193 illum
2107 4137 2500 4203 admirabilem,
2532 4136 2623 4207 qui
2653 4151 2826 4206 neque
2855 4137 2910 4191 in
2934 4136 3242 4190 calamitate
3267 4136 3538 4191 essistens

1930 4231 2096 4286 voluit
2130 4230 2215 4285 vel
2264 4229 2441 4284 verbis
2483 4229 2831 4299 petulantiam
2861 4237 2916 4284 et
2944 4227 3224 4283 libidinem
3266 4226 3542 4300 Egyptite

1930 4325 2224 4396 divulgare.
2275 4323 2434 4379 Scitis
2472 4323 2618 4379 enim
2663 4323 2862 4378 multos
2891 4321 3208 4378 criminibus
3243 4323 3406 4378 etiam
3433 4321 3538 4378 ob-

1932 4421 2120 4474 noxios
2139 4460 2154 4484 ,
2179 4433 2368 4489 magna
2397 4417 2725 4488 impudentia
2763 4417 2815 4470 in
2842 4415 2979 4471 alios
3008 4430 3104 4470 sua
3133 4415 3326 4470 deﬁcta
3357 4425 3537 4471 trans-

1933 4515 2074 4568 ferre
2099 4513 2280 4566 comri
2314 4529 2327 4566 :
2356 4511 2440 4564 hic
2465 4517 2645 4563 autem
2674 4509 2789 4563 sole
2817 4507 3017 4562 clarior
3042 4508 3333 4572 exsistens,
3362 4516 3418 4564 et
3441 4509 3538 4578 qni

1933 4615 2137 4674 poterat
2172 4603 2354 4657 omnia
2378 4616 2500 4656 cum
2531 4601 2760 4655 veritate
2785 4599 2987 4664 dicere,
3019 4610 3071 4655 et
3099 4599 3243 4654 illius
3272 4600 3538 4655 insaniam

1933 4695 2271 4752 manifestam
2302 4693 2503 4760 facere,
2528 4705 2584 4748 et
2610 4693 2962 4761 semetipsum
2992 4691 3280 4748 clariorem
3307 4691 3540 4746 demono

1933 4799 2106 4846 strare
2130 4830 2144 4850 .
2175 4789 2304 4843 nihil
2347 4787 2558 4844 illorum
2610 4789 2662 4841 in
2699 4785 2938 4842 medium
2964 4784 3141 4840 aﬂ‘ert.
3169 4783 3356 4856 Neque
3393 4784 3544 4840 enim

1937 4883 2223 4938 humanam
2250 4879 2546 4934 venabatur
2570 4879 2815 4948 gloriam,
2845 4877 2940 4933 sed
2970 4876 3269 4931 suflicicbat
3293 4877 3341 4932 ei
3373 4876 3543 4932 bene-

1935 4976 2167 5031 volentia
2195 4989 2446 5044 superna,
2475 4980 2531 5027 et
2551 4972 2770 5027 oculum
2795 4971 2944 5025 illum
2973 4969 3151 5025 solum
3171 4969 3258 5039 qui
3283 4984 3390 5023 non
3415 4966 3547 5025 dor-

1937 5071 2034 5124 mit
2056 5067 2254 5122 habere
2278 5064 2492 5122 volebat
2513 5062 2851 5117 laudatorem
2868 5061 3132 5116 factorum
3153 5074 3392 5114 suorum.
3415 5057 3548 5115 Ideo

1937 5160 2128 5214 silente
2151 5172 2222 5213 eo
2242 5199 2257 5223 ,
2284 5167 2341 5211 et
2365 5155 2545 5210 omnia
2573 5154 2830 5224 obtegere
2857 5151 3133 5214 moliente,
3165 5151 3404 5206 clemens
3435 5149 3546 5205 Do-

1939 5255 2115 5310 minus
2146 5252 2198 5307 in
2227 5259 2427 5306 tantam
2465 5264 2589 5305 eum
2614 5248 2840 5319 gloriam
2871 5245 3137 5316 perduxit,
3171 5243 3387 5314 quando
3412 5241 3547 5299 vidit

1939 5346 2194 5402 athletam
2243 5357 2402 5399 suum
2439 5351 2586 5396 recte
2614 5351 2874 5396 certasse.
2902 5338 3019 5393 .Iam
3051 5345 3229 5393 autem
3271 5336 3547 5391 discamus

1939 5451 1993 5495 et
2034 5453 2097 5494 ex
2147 5438 2212 5492 iis
2256 5452 2374 5506 qua:
2422 5443 2605 5505 postea
2653 5441 2954 5504 sequuntur
2991 5430 3090 5486 viri
3123 5427 3549 5500 patientiam,ct

1940 5527 2211 5605 quomodo
2242 5545 2348 5585 non
2378 5529 2640 5599 gravatim
2674 5526 2776 5583 fert
2800 5525 3115 5582 dilationem
3138 5566 3154 5592 ,
3188 5537 3363 5594 neque
3390 5535 3421 5575 a
3449 5533 3548 5575 sua

1942 5625 2218 5680 alacritate
2261 5621 2461 5677 excidit
2487 5636 2502 5686 ;
2527 5620 2624 5676 sed
2674 5633 2834 5690 :cquo
2880 5617 3060 5673 animo
3097 5613 3278 5672 omnia
3323 5611 3464 5682 lcrt,
3495 5617 3550 5665 et

2013 5784 2031 5818 ⁸
2065 5781 2228 5841 ωω..
2254 5775 2623 5833 detractionem.
