4086 6430
598 375 707 433 543

599 499 843 564 ιιι-ιιιιιρω
875 487 1074 560 gratias
1101 484 1211 555 agit
1232 483 1455 539 Domino
1482 495 1584 536 suo
1606 520 1624 545 ,
1647 479 1737 550 qui
1764 477 1878 532 lucc
1906 476 2022 532 ﬁeri
2054 491 2177 546 per-

596 580 857 637 mittebat.
886 576 978 633 llis
1003 576 1216 644 auditis,
1233 575 1480 644 princeps
1504 571 1760 640 pistorum
1791 578 1936 622 ratus
1955 577 2010 622 et
2027 582 2180 621 suum

597 671 699 725 sibi
727 683 987 724 somnium
1027 642 1150 720 boni
1191 642 1388 734 aliquid
1431 661 1776 730 praesignarc,
1804 666 1984 713 narrat
2007 658 2056 711 ei
2095 671 2183 710 so-

598 757 732 814 mnii
761 756 1042 811 visionem.
1065 755 1217 822 Quod
1244 762 1300 808 nt
1323 753 1489 806 audiit
1513 749 1733 820 Ioseph,
1762 757 1978 818 accepta
2020 748 2180 801 etiam

595 866 662 906 ex
687 863 917 918 superna
944 847 1270 902 revelatione
1298 845 1414 915 ejus
1446 841 1904 912 interpretatione,
1939 838 2181 909 praedicit

596 943 670 997 illi
715 943 985 998 interitum
1029 941 1390 994 imminentem
1413 979 1428 1005 ,
1457 946 1513 992 et
1541 935 1670 991 dicit
1699 951 1713 988 :
1742 932 1827 987 l9.
1857 931 2037 984 Adhuc
2079 939 2179 983 tres

595 1032 703 1086 dies
725 1071 741 1096 ,
771 1041 819 1085 et
844 1034 1038 1102 auferet
1068 1028 1276 1082 Pharao
1316 1039 1466 1097 caput
1497 1037 1635 1078 luunt
1662 1039 1695 1076 a
1724 1033 1770 1077 te
1791 1063 1804 1089 ,
1835 1032 1882 1074 et
1909 1022 2178 1090 suspendet

595 1135 643 1177 te
679 1125 732 1176 in
761 1124 939 1194 ligno;
965 1131 1010 1176 et
1037 1121 1296 1174 comedent
1318 1121 1542 1173 volucres
1566 1118 1676 1173 ccli
1703 1133 1881 1170 carnes
1906 1125 2018 1169 tuas
2045 1131 2077 1167 a
2107 1124 2176 1169 te.

595 1213 818 1280 Propter
842 1213 943 1266 hoc
969 1212 1114 1280 prius
1131 1210 1394 1273 dicebam,
1419 1209 1609 1278 inquit,
1635 1221 1740 1260 non
1759 1220 1787 1259 a
1804 1205 2010 1274 meipso
2026 1203 2176 1257 vobis

592 1304 824 1372 putt-dico
844 1343 860 1370 ,
888 1303 980 1357 sed
1011 1316 1360 1372 qumcumque
1396 1301 1533 1355 Dens
1576 1297 1934 1354 revelaverit:
1964 1303 2019 1347 ut
2061 1294 2174 1348 sive

593 1397 791 1452 bonum
834 1395 1031 1465 aliquid
1060 1435 1075 1460 ,
1105 1394 1218 1448 sive
1263 1393 1461 1448 malum
1514 1390 1797 1461 praesignet
1846 1386 2173 1442 somniorum

596 1487 767 1553 visio,
797 1502 900 1540 non
928 1485 1058 1540 mihi
1088 1481 1566 1539 adscribatieron
1597 1479 1738 1535 enim
1776 1493 1805 1531 a
1843 1493 1930 1532 me
1957 1476 2072 1530 lucc
2099 1475 2175 1527 Io-

594 1592 748 1645 quor,
772 1577 866 1630 sed
893 1576 980 1630 illa
1009 1574 1158 1628 vobis
1180 1574 1413 1638 declaro,
1436 1584 1783 1642 quascumque
1801 1571 2028 1637 superna
2055 1581 2175 1634 gr..-

595 1672 665 1723 tia
703 1668 830 1722 mihi
858 1666 1229 1722 manifestarit.
1251 1664 1516 1719 Carternm
1555 1679 1677 1716 cum
1703 1661 1953 1714 adessent
1990 1658 2169 1712 statuti

591 1760 728 1824 dies,
756 1772 918 1826 opere
947 1757 1161 1826 impleta
1189 1764 1314 1808 sunt
1337 1769 1457 1824 quae
1475 1751 1672 1818 .loseph
1698 1749 1906 1802 dixerat
1931 1757 2018 1800 :et
2036 1748 2172 1800 sient

591 1850 705 1919 ipse
735 1850 1112 1918 interpretatus
1153 1855 1270 1901 erat
1295 1885 1310 1910 ,
1343 1845 1412 1898 ita
1451 1841 1671 1910 contigit
1720 1839 1932 1906 utrique
1954 1878 1969 1901 ,
1998 1846 2053 1890 et
2083 1837 2170 1889 ille

591 1940 806 2008 quidem
853 1938 918 1992 ad
965 1939 1242 2008 pristinam
1291 1935 1449 1990 rediit
1494 1933 1832 1994 felicitatem,
1865 1929 1951 1982 hic
1995 1935 2170 1982 autem

593 2037 803 2100 [mnam
843 2031 957 2085 luit.
1006 2029 1097 2084 23.
1143 2028 1310 2082 Porro
1353 2029 1619 2096 prtefectus
1667 2023 2053 2092 pincernarum,
2083 2019 2171 2088 qui

593 2131 792 2174 tantam
830 2118 1251 2173 consolationem
1295 2125 1604 2184 acceperat,
1635 2129 1733 2166 non
1773 2120 1844 2165 est
1881 2109 2174 2164 recordatus

591 2211 783 2278 Joseph
808 2248 824 2272 ,
845 2209 936 2262 sed
964 2209 1144 2261 oblitus
1164 2216 1234 2260 est
1264 2207 1394 2277 ejus.
1422 2205 1550 2258 Vide
1572 2205 1762 2256 iterum
1781 2202 1980 2270 justum
2004 2200 2056 2252 in
2083 2214 2174 2266 pa-

594 2302 768 2355 laestra
797 2301 970 2369 aliqua
997 2306 1289 2352 certantem
1317 2334 1331 2361 ,
1359 2303 1414 2349 et
1442 2309 1551 2348 sua:
1595 2293 1803 2346 virtutis
1831 2289 2172 2344 exhibentem

591 2391 904 2461 specimina,
935 2405 1040 2444 non
1072 2388 1388 2458 perturbari,
1421 2399 1592 2454 neque
1628 2381 1973 2444 commoveri,
2001 2393 2174 2448 neque

591 2497 730 2551 avgre
751 2480 909 2535 ferre.
937 2479 1069 2534 Nam
1094 2480 1138 2532 si
1164 2480 1282 2548 quis
1307 2493 1372 2531 ex
1404 2474 1711 2545 vulgaribus
1740 2472 1946 2535 fuisset,
1966 2474 2037 2524 ita
2066 2468 2172 2523 for-

595 2575 752 2628 tassis
775 2573 915 2627 intra
941 2588 1000 2626 se
1023 2571 1276 2626 dixisset:
1299 2568 1437 2635 Quid
1473 2569 1574 2622 hoc
1601 2568 1676 2620 rei
1698 2567 2029 2642 [praefectus
2054 2563 2171 2633 pin-

591 2679 875 2726 ccrnarum
896 2702 912 2730 ,
944 2678 1065 2717 mox
1099 2669 1159 2716 ut
1192 2661 1566 2729 interpretatus
1603 2671 1720 2711 sum
1759 2658 1809 2711 ei
1843 2655 2172 2711 somniorum

593 2755 851 2808 visionem
871 2793 886 2815 ,
917 2752 1196 2822 pristinam
1239 2750 1547 2804 felicitatem
1593 2747 1798 2816 accepit
1827 2764 1841 2800 :
1869 2754 1925 2800 et
1954 2761 2060 2800 non
2089 2755 2173 2800 est

593 2857 800 2897 memor
827 2843 942 2912 ejus
969 2841 1056 2910 qui
1083 2840 1183 2895 sibi
1215 2838 1475 2908 praedixit.
1506 2836 1599 2891 ille
1626 2836 1841 2906 quidem
1866 2836 2020 2889 solita
2055 2836 2173 2889 feli-

589 2940 751 2987 citate
794 2929 1023 2994 fruitur,
1063 2945 1162 3000 ego
1191 2940 1368 2984 autem
1392 2968 1411 2995 ,
1448 2927 1538 2998 qui
1582 2927 1710 2982 nihil
1754 2926 1878 2980 mali
1923 2932 2176 2995 operatus

591 3038 731 3084 sum,
763 3021 848 3080 hic
868 3022 1158 3077 concludar
1179 3035 1299 3076 cum
1324 3017 1625 3083 liomicidis,
1651 3032 1772 3071 eum
1797 3015 2018 3080 furibus,
2050 3032 2170 3070 cum

594 3113 908 3175 latronibus,
937 3126 1057 3166 cum
1087 3112 1151 3165 iis
1178 3109 1268 3179 qui
1296 3111 1569 3163 innumera
1606 3107 1743 3161 mala
1765 3107 2171 3160 commiserunt.

592 3201 730 3258 Nihil
756 3203 941 3257 horum
963 3202 1044 3257 vel
1069 3199 1223 3264 dixit,
1251 3199 1331 3253 vel
1358 3196 1644 3268 cogitavit:
1665 3193 1867 3250 sciebat
1889 3195 2032 3248 enim
2056 3209 2177 3248 am—

595 3294 760 3363 pliora
780 3292 882 3349 sibi
907 3293 1075 3346 stadia
1105 3289 1300 3359 parari,
1333 3298 1389 3343 ut
1417 3287 1651 3359 legitime
1671 3286 1928 3342 certando
1957 3286 2169 3341 clariori

593 3383 930 3439 redimiretur
957 3396 1172 3437 corona.

662 3475 715 3530 5.
756 3474 1045 3530 Considera
1072 3475 1213 3529 enim
1241 3469 1507 3543 quomodo
1535 3478 1658 3542 post
1691 3469 2078 3524 restitutionem
2110 3467 2172 3520 il-

591 3566 694 3620 lius
716 3565 822 3619 duo
846 3566 968 3618 anni
997 3564 1367 3634 pm-terierint.
1390 3561 1680 3632 Oportebat
1708 3560 1852 3614 enim
1873 3559 2170 3628 exspectari

594 3669 802 3724 tempus
825 3665 1200 3725 Opportunum,
1238 3665 1292 3708 ut
1323 3654 1509 3723 majori
1537 3668 1661 3708 cum
1689 3653 1858 3723 gloria
1887 3651 2008 3705 inde
2037 3651 2172 3705 edu-

589 3757 820 3802 ceretur.
847 3747 903 3802 Si
931 3747 1074 3800 enim
1104 3744 1393 3815 praafectus
1422 3745 1790 3814 pinccrnarum
1820 3751 1942 3796 ante
1967 3743 2171 3795 somnia

591 3841 881 3895 Pharaonis
907 3838 1215 3894 recordatus
1239 3879 1255 3903 ,
1286 3852 1409 3892 cum
1435 3837 1673 3891 subsidio
1711 3851 1808 3891 suo
1857 3836 2171 3897 liberasset,

590 3931 830 3984 fortassis
857 3944 965 3984 non
1005 3939 1113 3983 tam
1156 3930 1432 3998 perspicua
1474 3929 1661 3989 fuisset
1685 3927 1805 3981 aliis
1833 3926 1948 3996 ejus
1976 3926 2169 3979 virtus.

587 4019 741 4074 Nunc
767 4030 945 4075 autem
971 4019 1144 4074 solers
1167 4032 1221 4074 et
1241 4021 1453 4089 sapiens
1481 4019 1618 4072 Deus
1644 4018 1841 4084 sciens,
1873 4020 2010 4072 sicut
2037 4019 2175 4087 opti-

589 4127 708 4168 mus
730 4111 916 4166 artifex
942 4153 957 4175 ,
983 4122 1180 4181 quanto
1220 4121 1461 4179 tempore
1507 4112 1559 4164 in
1603 4111 1724 4180 igne
1764 4109 1955 4165 debeat
1979 4125 2168 4164 aurum

589 4204 757 4259 teneri
779 4244 794 4268 ,
825 4213 880 4258 et
906 4203 1098 4258 iterum
1141 4202 1260 4256 inde
1287 4203 1466 4258 reduci
1493 4241 1507 4267 ,
1542 4203 1799 4270 permittit
1844 4202 1910 4256 ad
1963 4213 2172 4272 tempus

587 4297 814 4352 duorum
838 4311 1097 4349 annorum
1125 4295 1432 4364 praefectum
1463 4295 1836 4363 pincernarum
1867 4295 2009 4349 illius
2036 4295 2173 4348 obli-

587 4387 716 4442 visci
742 4428 757 4450 ,
789 4397 844 4440 ut
869 4395 924 4439 et
946 4395 1152 4456 tempus
1179 4387 1510 4440 somniorum
1544 4385 1838 4440 Pharaonis
1863 4387 2041 4441 veniat
2068 4425 2082 4449 ,
2115 4395 2170 4440 et

585 4480 940 4549 compellente
967 4477 1279 4533 necessitate
1301 4479 1434 4546 ipsa,
1461 4477 1637 4548 justus
1666 4479 1751 4533 ille
1782 4480 1830 4532 in
1866 4487 1977 4532 toto
2007 4494 2172 4547 regno

587 4571 884 4626 Pharaonis
930 4581 1087 4623 notus
1117 4570 1225 4623 fiat.
1257 4573 1308 4624 1.
1341 4569 1479 4624 Nam
1511 4580 1620 4640 post
1657 4572 1783 4625 duos
1818 4587 1978 4625 annos
2007 4573 2128 4624 vidit
2151 4614 2167 4636 ,

590 4661 798 4729 inquit,
823 4660 1019 4714 somnia
1051 4657 1276 4713 Pharao.
1303 4659 1356 4713 8.
1393 4659 1455 4713 Et
1483 4664 1671 4730 factum
1698 4672 1768 4714 est
1792 4678 1958 4725 mane,
1981 4671 2026 4713 ct
2057 4671 2168 4714 tur-

587 4749 703 4803 bata
725 4760 797 4802 est
822 4750 990 4803 anima
1020 4751 1147 4821 ejus.
1183 4748 1248 4803 Et
1273 4750 1427 4814 misit,
1451 4760 1496 4802 et
1519 4752 1706 4804 vocavit
1727 4767 1899 4804 omnes
1921 4751 2174 4820 conjecto-

586 4857 668 4894 res
717 4839 934 4910 Egypti
958 4881 971 4902 ,
1001 4849 1046 4894 et
1083 4857 1254 4893 omnes
1290 4840 1538 4909 sapientes
1569 4857 1709 4908 suos,
1748 4851 1796 4894 et
1849 4842 2068 4894 narravit
2103 4843 2173 4895 eis

589 4928 798 4984 Pharao
817 4931 1087 4995 somnium,
1105 4940 1148 4983 et
1174 4947 1272 4984 non
1293 4940 1397 4984 erat
1417 4931 1725 4986 annuntians
1750 4932 1879 4984 illud
1913 4930 2172 4985 Pharaoni

589 5019 789 5091 (Caput
818 5019 944 5091 41).
981 5021 1108 5075 Vide
1155 5021 1497 5090 multiplicem
1551 5021 1645 5077 Dei
1697 5021 2168 5092 dispensationem.

590 5113 744 5169 Prius
789 5114 1044 5182 permittit
1085 5128 1271 5168 omnes
1301 5115 1389 5184 qui
1421 5113 1491 5168 ibi
1538 5113 1866 5168 habebantur
1904 5115 2170 5183 sapientes

589 5207 817 5269 tentari,
853 5214 911 5259 ut
948 5204 1308 5260 demonstrata
1357 5219 1542 5259 eorum
1592 5205 1885 5275 ignorantia
1911 5247 1924 5270 ,
1955 5206 2168 5261 tandem

591 5296 675 5350 hic
702 5297 942 5360 vinctuS,
969 5297 1244 5364 captivus,
1277 5311 1464 5351 servus
1487 5337 1503 5362 ,
1535 5295 1791 5350 Hebraeus
1833 5297 1885 5352 in
1933 5297 2167 5353 medium

590 5386 847 5439 adductus
868 5396 990 5440 uota
1014 5385 1212 5440 faceret
1235 5402 1297 5440 ea
1315 5401 1431 5455 qua:
1460 5387 1641 5441 multis
1666 5387 1839 5452 ignota
1865 5397 2035 5452 erant,
2062 5401 2169 5457 quo

589 5477 838 5530 omnibus
867 5475 1293 5530 manifestaretur
1319 5493 1547 5546 superna
1588 5487 1756 5547 gratia
1798 5479 1850 5532 in
1888 5478 1981 5535 illo
2009 5481 2171 5534 reful-

590 5580 739 5632 gens.
763 5564 894 5619 Cum
919 5566 1076 5636 igitur
1099 5581 1284 5622 omnes
1313 5569 1580 5637 sapientes
1609 5579 1900 5632 venissent,
1919 5579 1972 5624 et
1999 5584 2169 5640 neque

589 5658 768 5710 dicere
792 5657 985 5726 aliquid
1014 5699 1030 5723 ,
1065 5673 1236 5728 neque
1261 5673 1322 5713 os
1349 5660 1557 5729 aperire
1596 5670 1814 5729 possent
1838 5679 1850 5713 :
1876 5671 1999 5715 tunc
2028 5663 2170 5729 prin-

591 5761 720 5816 ceps
747 5749 1115 5818 pinccraarum
1145 5750 1453 5806 recordatus
1490 5755 1754 5808 recensuit
1787 5752 2048 5808 Pharaoni
2097 5767 2162 5809 ea

1347 368 1402 423 S.
1434 364 1710 421 JOANNIS
1749 361 2223 419 CHRYSOSTUMI
2265 362 2580 420 ARClllEP.
2623 360 3158 420 COASTANTINOP.

3757 359 3868 422 5N

2289 494 2408 548 qum
2439 479 2540 533 sibi
2576 479 2628 532 in
2654 493 2870 534 carcere
2893 481 3268 549 contigerant,
3301 485 3356 532 et
3381 477 3550 547 inquit
3574 497 3587 532 :
3611 477 3661 533 9.
3699 480 3887 535 Paea-

2291 579 2396 622 tum
2425 585 2588 623 meum
2615 571 2908 626 reminiscor
2936 573 3104 625 hodie.
3139 570 3207 626 Et
3233 580 3415 625 narrat
3439 570 3620 625 statim
3653 584 3886 640 quomo-

2286 658 2360 712 do
2387 659 2437 713 in
2465 674 2738 715 carcerem
2766 659 3040 730 conjectus
3066 662 3137 716 sit
3173 661 3287 731 ipse
3313 669 3368 716 et
3395 659 3683 730 pra-fectus
3710 661 3886 730 pisto-

2285 767 2422 815 rum,
2449 762 2503 808 et
2529 753 2758 808 viderint
2781 754 3010 819 somnia,
3037 761 3090 808 et
3118 752 3613 821 interpretationem
3638 766 3830 806 eorum
3857 766 3887 806 ιι

2283 841 2480 912 Joseph
2509 844 2844 913 acceperint,
2869 853 2924 899 et
2947 844 3216 914 quomodo
3242 842 3534 898 secundum
3564 841 3705 896 illius
3745 855 3886 912 pro»

2283 933 2571 988 dictionem
2602 933 2732 1001 ipsis
2757 933 3038 990 evenerint
3061 936 3262 988 omnia.
3289 934 3375 988 14.
3410 933 3533 986 Ιιωσ
3553 949 3670 986 cum
3696 931 3885 985 audis.

2282 1033 2352 1076 set
2380 1039 2470 1076 rex
2492 1063 2506 1086 ,
2531 1025 2666 1077 misit
2689 1024 2758 1078 ad
2785 1023 3002 1094 Ioseph,
3035 1033 3084 1078 et
3107 1024 3283 1078 eduxit
3322 1041 3434 1078 eum
3471 1039 3536 1077 ex
3563 1037 3771 1077 carcere
3792 1061 3814 1090 ,
3842 1029 3892 1077 et

2282 1113 2602 1167 totonderunt
2637 1130 2751 1168 enm
2771 1155 2787 1179 ,
2810 1123 2857 1168 et
2894 1123 3212 1168 mutaverunt
3262 1114 3608 1168 vestimentum
3654 1114 3768 1184 ejus
3796 1153 3812 1177 ,
3846 1123 3894 1164 et

2281 1203 2484 1257 intravit
2530 1204 2602 1256 ad
2633 1203 2977 1259 Pharaonem.
3001 1203 3136 1259 Vide
3173 1205 3352 1257 statim
3379 1203 3446 1256 ab
3472 1203 3625 1256 initio
3651 1212 3895 1270 quantus

2281 1309 2423 1349 nunc
2451 1295 2644 1349 honor.
2671 1296 2954 1366 Postquam
2979 1296 3121 1352 enim
3155 1303 3412 1364 purgatus
3445 1303 3531 1348 est
3557 1308 3654 1363 per
3674 1296 3893 1362 patien-

2279 1388 2429 1452 tiam,
2444 1388 2584 1442 sicut
2601 1402 2790 1442 aurum
2810 1388 3034 1442 rutilans
3047 1387 3177 1440 exiit
3195 1387 3260 1440 de
3280 1395 3573 1449 carcere,et
3592 1383 3790 1438 ductus
3804 1393 3896 1436 est

2283 1476 2351 1530 ad
2377 1477 2732 1532 Pharaonem.
2769 1476 2960 1532 Vidisti
2994 1484 3252 1546 quantum
3279 1475 3349 1529 sit
3375 1489 3406 1528 a
3434 1489 3668 1543 superna
3709 1473 3892 1544 gratia

2277 1568 2554 1636 adjuvari?
2575 1568 2706 1623 Vide
2724 1583 2862 1622 nunc
2878 1578 3075 1637 quanta
3088 1565 3390 1636 dispensata
3413 1566 3540 1631 sint,
3560 1575 3618 1618 ut
3636 1581 3724 1619 res
3737 1563 3894 1619 .lose-

2279 1658 2366 1725 phi
2385 1660 2798 1728 complerentur.
2819 1659 2950 1714 Nam
2971 1668 3246 1729 postquam
3269 1673 3535 1713 summum
3551 1657 3685 1712 illud
3708 1670 3895 1712 certa-

2279 1762 2401 1802 men
2419 1750 3010 1817 certasset,etscelesta:
3021 1747 3432 1818 illiusEgyptize
3446 1747 3663 1816 pedicas
3674 1745 3896 1816 effugis.

2277 1850 2380 1903 set,
2397 1848 2448 1893 et
2466 1841 2517 1892 in
2533 1854 2804 1895 carcerem
2815 1839 3092 1909 conjectus
3102 1840 3580 1907 esset,permisitnt
3593 1837 3894 1906 praefectus

2280 1928 2654 1996 pineernarum
2682 1938 2735 1984 ct
2755 1929 3036 1997 pnefectus
3053 1930 3311 1996 pistorum
3324 1928 3618 1981 Pharaonis
3641 1942 3738 1995 per
3754 1927 3891 1980 illud

2281 2026 2488 2086 tempus
2514 2018 2566 2071 in
2602 2033 2871 2072 carcerem
2909 2019 3056 2073 illum
3083 2018 3427 2087 injicerentur
3452 2058 3466 2081 ,
3495 2026 3548 2070 et
3580 2033 3676 2087 per
3717 2018 3893 2071 inter-

2279 2111 2631 2180 pretationem
2664 2111 2994 2164 somniorum
3023 2111 3293 2164 discerent
3323 2109 3419 2163 viri
3444 2109 3789 2178 sapientiam.
3825 2116 3891 2162 nt

2276 2215 2460 2254 eorum
2478 2202 2613 2256 alter
2636 2215 2776 2254 nunc
2802 2202 3117 2269 tempestive
3137 2200 3276 2255 illius
3300 2201 3624 2254 mentionem
3650 2200 3886 2260 iaciens.

2275 2306 2399 2345 eum
2436 2293 2485 2344 in
2528 2292 2761 2346 medium
2803 2290 3083 2360 proferret.
3121 2291 3204 2346 15.
3242 2290 3383 2344 Dixit
3422 2302 3630 2355 autent,
3663 2288 3842 2356 inquit
3867 2329 3886 2346 .

2278 2379 2487 2434 Pharao
2515 2382 2581 2433 ad
2603 2381 2799 2452 Joseph
2821 2400 2839 2436 :
2863 2381 3132 2437 Somnium
3153 2382 3274 2443 vidi,
3295 2391 3341 2434 et
3371 2397 3471 2435 non
3497 2390 3569 2434 est
3597 2381 3686 2450 qui
3719 2380 3897 2432 inter.

2279 2480 2501 2533 pretetur
2548 2471 2718 2524 illud:
2755 2489 2844 2542 ego
2881 2483 3047 2525 autent
3084 2472 3255 2525 audivi
3295 2472 3358 2524 de
3401 2481 3448 2525 te
3483 2473 3704 2523 dicentes
3738 2469 3886 2539 quod

2278 2577 2392 2616 cum
2418 2561 2640 2616 audieris
2667 2565 2882 2627 somnia,
2916 2563 3029 2631 ipsa
3054 2563 3414 2632 interpreteris.
3451 2561 3582 2616 Vide
3601 2560 3884 2631 quomodo

2279 2651 2532 2706 confusus
2564 2653 2771 2707 Pharao
2801 2667 2904 2706 non
2935 2654 3063 2708 dicit
3089 2654 3390 2716 manifeste,
3415 2653 3620 2707 nullum
3645 2666 3878 2706 suorum

2278 2745 2598 2813 sapientium
2642 2746 2880 2814 potuisse
2933 2745 3226 2815 dijudicare
3267 2747 3472 2798 somnia
3507 2761 3521 2798 :
3553 2744 3647 2799 sed
3694 2743 3827 2813 quid
3856 2743 3882 2796 ἲ

2279 2832 2545 2887 Somnium
2575 2835 2696 2899 vidi,
2717 2845 2763 2887 et
2789 2851 2889 2888 non
2916 2845 2988 2889 est
3023 2836 3109 2903 qui
3132 2836 3487 2905 interpretetur
3514 2835 3664 2890 illud.
3692 2835 3884 2889 Ακιιια

2278 2935 2444 2978 autem
2471 2925 2534 2978 de
2554 2937 2603 2979 te
2630 2928 2850 2980 dicentes
2873 2968 2888 2993 ,
2914 2928 3048 2996 quod
3073 2929 3115 2982 si
3141 2927 3364 2981 audieris
3384 2928 3580 2980 somnia
3603 2969 3620 2993 ,
3650 2928 3764 2997 ipsa
3791 2929 3845 2980 in
3862 2955 3880 2967 -

2280 3019 2584 3084 terpreteris.
2605 3017 2896 3073 Considera
2923 3059 2936 3081 ,
2969 3021 3218 3084 obsecro,
3249 3018 3338 3073 hic
3368 3033 3616 3088 magnam
3641 3017 3884 3089 prudens

2281 3105 2408 3163 tiam
2429 3118 2484 3162 et
2515 3109 2767 3179 pietatem
2795 3107 3015 3177 Joseph,
3042 3111 3311 3179 quomodo
3339 3109 3604 3164 Pharaoni
3645 3125 3881 3179 respon-

2278 3201 2421 3255 deat.
2450 3199 2530 3256 Ne
2571 3201 2893 3270 suspiceris,
2928 3199 3099 3270 inquit
3122 3241 3137 3266 ,
3167 3215 3253 3256 me
3279 3201 3478 3270 aliquid
3504 3216 3534 3255 a
3573 3216 3661 3256 me
3704 3199 3879 3255 dictu-

2279 3307 2398 3346 rum
2421 3332 2435 3356 ,
2463 3292 2546 3346 vel
2573 3290 2869 3345 secundum
2897 3291 3180 3344 humanam
3209 3293 3525 3360 sapientiam
3555 3289 3883 3360 dijudicatu-

2279 3400 2416 3438 rum.
2442 3386 2776 3457 Nequeenim
2788 3381 3043 3454 possibile
3055 3389 3139 3436 est
3151 3379 3514 3448 sinesuperna
3544 3385 3883 3439 revelatione

2279 3477 2460 3529 talium
2491 3475 2736 3528 notitiam
2778 3473 2994 3528 habere.
3039 3473 3189 3528 Scias
3228 3473 3387 3542 igitur
3417 3474 3570 3535 ,sine
3615 3473 3726 3528 Deo
3768 3489 3880 3528 non

2278 3579 2436 3634 posse
2457 3579 2543 3618 me
2569 3564 2896 3634 respondere
2926 3565 3042 3618 tibi.
3072 3564 3158 3618 16.
3190 3563 3316 3619 Sine
3342 3563 3449 3618 Deo
3474 3602 3488 3630 ,
3523 3565 3694 3635 inquit
3719 3608 3735 3629 ,
3771 3583 3882 3621 nou

2277 3656 2658 3725 respondebitur
2698 3654 2920 3708 salutare
2951 3654 3236 3708 Pharaoni.
3265 3655 3545 3725 Cognosce
3589 3656 3885 3712 universo-

2279 3761 2396 3800 rum
2432 3746 2715 3799 Dominum
2741 3760 2859 3798 csse
2893 3747 2980 3814 qui
3013 3745 3214 3799 revelat
3243 3789 3255 3806 ,
3287 3753 3342 3798 et
3371 3760 3437 3798 ne
3465 3746 3533 3800 ab
3563 3746 3884 3800 hominibns

2278 3853 2477 3906 qu:erc,
2505 3852 2623 3906 qua:
2647 3839 2811 3891 solius
2844 3837 2936 3890 Dei
2965 3847 3047 3890 est
3070 3837 3436 3890 manifestare.

2350 3929 2532 3983 Divina
2560 3930 2784 3999 potentia
2823 3945 2910 3996 per
2945 3927 3230 3998 Josephunt
3271 3931 3703 3996 manifestata.—-
3736 3930 3879 3984 Vide

2277 4020 2548 4090 quomodo
2583 4035 2841 4090 responso
2867 4035 2965 4074 suo
2988 4022 3145 4077 docet
3174 4021 3528 4095 Pharaonem,
3576 4037 3740 4091 quam
3768 4024 3884 4087 sint

2278 4112 2474 4167 intirmi
2504 4124 2558 4167 et
2601 4113 2814 4168 inutiles
2845 4114 3112 4182 sapientes
3140 4114 3277 4184 ejus,
3325 4126 3378 4170 et
3419 4125 3616 4184 quanta
3661 4117 3732 4169 sit
3775 4130 3880 4184 po.

2279 4207 2439 4260 tentia
2474 4205 2583 4259 Dei.
2615 4205 2775 4274 Igitur
2798 4206 3050 4275 quoniam
3076 4205 3371 4274 cognovisti
3397 4222 3461 4260 ex
3485 4220 3591 4272 me,
3617 4220 3879 4275 nequeo:

2278 4295 2504 4351 humana
2533 4297 2812 4364 sapientia,
2866 4311 3040 4365 neque
3077 4311 3141 4349 ex
3173 4294 3402 4365 propriis
3435 4295 3729 4348 rationibus
3759 4294 3881 4350 haec

2277 4400 2362 4439 me
2384 4385 2547 4455 loqui,
2575 4386 2660 4440 dic
2679 4403 2799 4456 qua:
2819 4403 2850 4441 a
2875 4387 2985 4441 Deo
3006 4385 3099 4440 tibi
3129 4397 3252 4440 sunt
3278 4385 3633 4440 manifestata.
3663 4385 3881 4441 Pharao

2279 4475 2366 4530 ubi
2393 4475 2508 4529 lucc
2539 4476 2726 4542 audiit,
2769 4484 2952 4534 narrat
2979 4477 3206 4542 somnia,
3233 4485 3287 4531 et
3313 4477 3540 4545 primnm
3585 4485 3640 4530 et
3681 4490 3880 4531 secun-

2276 4565 2426 4632 dum,
2449 4575 2504 4622 et
2525 4567 2694 4636 inquit
2717 4585 2729 4620 :
2755 4567 2844 4622 24.
2877 4566 2998 4622 Dixi
3030 4567 3414 4638 conjectoribus,
3447 4579 3493 4622 et
3521 4584 3623 4624 non
3652 4579 3758 4624 erat
3787 4572 3880 4638 qui

2278 4657 2602 4714 annuntiaret
2626 4657 2768 4711 mihi.
2793 4657 2908 4712 Non
2938 4657 3153 4722 audisti,
3187 4657 3374 4727 inquit,
3408 4674 3437 4713 a
3468 4674 3577 4724 me,
3610 4675 3718 4715 non
3749 4676 3881 4716 es~e

2279 4745 2524 4800 humana:
2551 4747 2823 4816 sapientia:
2847 4749 2967 4801 talia
2987 4749 3327 4818 signiﬁcare?
3347 4748 3424 4803 Ne
3446 4751 3604 4819 igitur
3624 4751 3734 4807 illis
3755 4767 3881 4808 suco

2277 4850 2530 4890 censeas:
2565 4851 2852 4906 numquam
2896 4839 3042 4894 enim
3087 4846 3338 4907 poterunt
3365 4839 3488 4893 talia
3519 4841 3880 4910 comprehen-

2278 4927 2425 4992 dere,
2456 4942 2575 4997 qua:
2604 4943 2833 4998 superna
2863 4939 3020 5000 egent
3047 4929 3390 4987 revelatione.
3419 4932 3509 4988 25.
3535 4932 3599 4987 Et
3626 4933 3758 4989 dixit
3780 4934 3888 4989 Jo-

2277 5020 2420 5088 seph,
2455 5019 2659 5089 inquit:
2694 5021 2964 5075 Somnium
3013 5021 3305 5077 Pharaonis
3347 5040 3502 5078 unum
3533 5036 3622 5081 est.
3665 5026 3754 5082 32.
3809 5027 3880 5083 Ut

2275 5121 2442 5162 autem
2470 5111 2646 5164 credas
2676 5113 2809 5180 quod
2849 5130 3018 5168 verum
3055 5116 3169 5179 erit,
3215 5116 3350 5182 quod
3373 5134 3406 5168 a
3437 5116 3542 5172 Deo
3581 5118 3668 5170 tibi
3698 5122 3884 5187 praui-

2274 5211 2486 5270 gnatum
2515 5212 2607 5262 est,
2637 5213 2682 5255 et
2705 5204 2842 5271 quod
2866 5204 3160 5260 accelerabit
3187 5204 3326 5260 Deus
3354 5207 3493 5259 istud
3518 5207 3707 5276 facere,
3733 5227 3879 5280 rere.

2277 5292 2421 5344 titum
2448 5301 2520 5346 est
2545 5294 2784 5347 secundo.
2813 5294 3082 5364 Repetitio
3102 5301 3267 5362 enim,
3301 5298 3491 5367 inquit,
3531 5300 3879 5356 conﬁrmatio

2278 5393 2362 5439 est
2386 5387 2643 5450 visorum,
2677 5397 2730 5442 et
2759 5391 3028 5458 copiosior
3059 5390 3300 5458 probatio
3337 5390 3481 5459 quod
3506 5393 3730 5446 omnino
3761 5396 3876 5449 inec

2278 5476 2452 5530 futura
2483 5477 2610 5535 sint.
2641 5479 2703 5532 Et
2743 5492 3021 5549 postquam
3059 5481 3299 5534 distinxit
3345 5496 3628 5537 numerum
3666 5497 3876 5554 Septem

2277 5568 2437 5621 boum
2460 5577 2513 5621 et
2543 5577 2748 5638 septem
2779 5570 3069 5638 spicarum,
3099 5585 3162 5624 ac
3200 5570 3332 5624 dixit
3360 5587 3610 5643 magnam
3641 5573 3874 5631 futuram

2276 5658 2677 5722 abundantiam,
2710 5670 2764 5714 et
2791 5670 2973 5729 postea
2999 5677 3217 5727 gravem
3246 5678 3590 5734 sequuturam
3634 5682 3755 5721 esse
3800 5669 3874 5720 ia-

2279 5741 2440 5816 mcm,
2460 5747 2655 5806 deinde
2679 5753 2937 5821 optimum
2962 5753 3244 5811 consilium
3274 5756 3447 5821 adcrt,
3472 5756 3673 5810 etdicit
3691 5773 3707 5813 ;
3726 5759 3869 5813 Con-
