4086 6416
167 415 273 473 ιιι

164 527 332 586 stitue
349 524 525 580 virum
554 538 716 595 super
731 520 1046 595 Egyptnm,
1067 518 1157 589 qui
1184 516 1355 588 possit
1380 514 1637 586 colligere
1661 513 1788 570 red-

162 619 440 678 undantes
464 618 666 674 frnch
701 627 908 686 septem
949 624 1237 676 annorum,
1260 623 1322 664 ac
1343 609 1421 665 sic
1439 607 1778 679 dispensare,

166 724 220 769 ut
249 713 426 785 possit
456 711 509 766 in
541 719 783 779 tempore
819 706 977 761 famis
1005 702 1260 759 solatium
1288 698 1542 765 inveniri,
1588 706 1642 754 et
1673 711 1779 752 non

163 805 256 861 fiat
279 799 597 860 omnimoda
640 796 1002 867 consumptio.
1037 795 1129 851 57.
1167 792 1477 848 Placuerunt
1503 792 1612 845 [nec
1637 787 1782 842 Pha-

163 897 311 951 raoni
331 904 380 950 et
406 893 640 950 omnibus
657 891 815 947 senis
833 891 964 960 ejus.
1009 887 1269 957 Tuncque
1293 883 1616 940 ministravit
1641 880 1781 936 Pha-

163 1003 257 1043 rao
285 987 459 1044 exitui
503 985 835 1041 somniorum
877 979 1099 1058 Joseph,
1147 993 1270 1050 qute
1312 976 1519 1032 viderat
1561 973 1777 1046 quando

162 1081 304 1151 apud
337 1090 549 1152 patrem
575 1077 788 1148 agebat.
821 1075 891 1130 Et
914 1075 1030 1146 ipse
1053 1073 1273 1144 quidem
1300 1071 1508 1127 somnia
1538 1070 1772 1126 Pharao-

163 1173 246 1228 uis
272 1171 637 1242 dijudicabat:
668 1168 879 1223 Pharao
917 1175 1100 1222 autem
1141 1164 1478 1219 somniorum
1523 1173 1776 1218 eventum

162 1267 422 1337 ignorans
449 1263 516 1318 ad
545 1263 705 1318 linem
734 1261 984 1318 ducebat.
1018 1258 1154 1314 Nam
1179 1265 1238 1312 ut
1263 1257 1380 1313 lure
1412 1256 1635 1320 audivit,
1684 1255 1775 1316 58.

163 1356 312 1412 Ditis
335 1357 494 1411 seruis
526 1355 630 1408 suis
653 1369 670 1407 :
705 1351 847 1407 Nunt
872 1350 1186 1405 inveniemus
1209 1349 1465 1403 hominem
1489 1347 1666 1414 talem,
1688 1345 1777 1414 qui

160 1449 309 1505 habet
330 1449 565 1519 spiritan
591 1445 690 1501 Dei
718 1447 770 1499 in
799 1443 1104 1513 semetipso?

229 1545 287 1600 4.
330 1541 522 1598 Vidisti
574 1538 845 1610 quomodo
886 1536 1140 1606 cognovit
1179 1542 1234 1590 et
1274 1534 1413 1604 ipse,
1446 1548 1511 1588 ex
1543 1545 1774 1602 superna

155 1635 492 1692 revelatione
533 1633 648 1687 haec
696 1632 746 1686 ei
788 1627 1134 1686 manifestata
1171 1626 1377 1682 fuisse?
1407 1629 1579 1693 Quem
1604 1625 1772 1690 enim,

155 1728 356 1798 inquit,
405 1723 764 1789 inveniemus,
796 1721 888 1792 qui
918 1728 1121 1775 tantam
1160 1727 1525 1784 consequutus
1551 1718 1621 1773 sit
1645 1731 1772 1787 gra-

153 1820 310 1886 tiam,
345 1827 403 1873 ut
443 1816 693 1888 spiritum
739 1813 830 1870 Dei
858 1813 911 1868 in
934 1828 995 1868 se
1024 1809 1258 1867 habeat?
1283 1811 1374 1866 39.
1409 1809 1476 1864 Et
1506 1810 1660 1874 dixit,
1689 1809 1770 1863 in-

151 1912 296 1983 quit,
323 1911 392 1964 ad
415 1908 610 1979 Joseplt
631 1922 650 1961 :
677 1904 811 1972 Quia
841 1904 1141 1958 monstrauit
1167 1902 1257 1957 tibi
1286 1899 1423 1956 Deus
1439 1901 1612 1955 omnia
1639 1901 1769 1966 lucc,

149 2019 258 2059 non
280 2011 353 2057 est
377 2003 529 2055 homo
550 1998 849 2071 prudentior
872 2011 1027 2067 quam
1048 2003 1123 2050 tu.

226 2091 384 2148 Nihil
413 2090 623 2160 impedit
661 2089 916 2142 decretum
949 2085 1070 2140 Dei.
1105 2084 1368 2153 Quantum
1394 2084 1460 2140 sit
1495 2086 1630 2156 ferre
1656 2100 1773 2138 cum

147 2184 440 2258 gratiarum
460 2183 660 2235 actione
679 2179 999 2234 tentationes.
1018 2207 1093 2218 —
1111 2175 1344 2232 Attende
1366 2175 1452 2232 hic
1475 2175 1769 2247 quomodo,

146 2275 609 2350 quandocumque
629 2271 860 2328 voluerit
877 2271 1130 2341 providus
1152 2269 1292 2324 Deus
1313 2284 1478 2340 opere
1499 2269 1772 2339 complere

149 2384 277 2441 qua:
305 2367 406 2423 sibi
437 2367 552 2422 visa
580 2365 799 2432 fuerint,
835 2364 964 2419 nihil
996 2378 1184 2419 eorum
1212 2379 1332 2435 qua:
1382 2363 1432 2418 in
1476 2364 1655 2419 medio
1676 2363 1774 2419 ob-

149 2472 302 2518 stare
323 2461 594 2526 videntur,
622 2458 885 2530 impedire
908 2459 1095 2529 possit.
1126 2457 1268 2513 Ecce
1289 2457 1434 2512 enim
1459 2475 1488 2510 a
1521 2457 1771 2514 fratribus

152 2569 328 2627 prope
355 2554 570 2610 occisus
601 2553 794 2616 fuerat,
835 2560 1025 2621 postea
1056 2558 1240 2605 autem
1268 2548 1540 2614 venditus,
1587 2563 1774 2605 acces-

150 2657 300 2706 serat
324 2649 454 2702 item
474 2645 742 2703 calumnia
765 2645 818 2699 in
835 2654 1136 2699 extremum
1158 2641 1456 2714 periculum
1471 2641 1769 2714 adducens,

149 2747 209 2795 et
234 2739 291 2794 in
316 2752 539 2794 carcere
570 2744 721 2792 tanto
747 2744 993 2805 tempore
1017 2733 1211 2798 fuerat,
1234 2742 1289 2789 et
1309 2743 1431 2804 post
1452 2733 1569 2789 lucc
1589 2735 1770 2791 omnia

149 2830 222 2884 ad
248 2830 447 2902 ipsum,
481 2842 649 2898 prope
677 2827 935 2889 dixerim,
984 2825 1128 2897 regis
1171 2825 1367 2881 solium
1405 2837 1624 2882 evectus
1662 2835 1768 2884 est.

151 2921 417 2990 Quoniam
442 2918 661 2974 ostendit
708 2918 798 2971 tibi
841 2916 984 2972 Deus
1012 2917 1122 2972 haec
1151 2918 1344 2984 omnia,
1378 2934 1480 2973 non
1508 2929 1581 2973 est
1621 2919 1772 2976 homo

150 3012 456 3084 prudentior
499 3021 545 3064 et
591 3009 956 3081 intelligentior
979 3017 1047 3064 te.
1071 3009 1162 3066 ιο.
1200 3008 1278 3064 Tu
1303 3010 1462 3082 igitur
1489 3012 1589 3067 eris
1618 3029 1774 3084 super

149 3107 368 3160 domum
395 3095 580 3171 meam,
608 3115 654 3158 et
681 3103 734 3158 in
759 3119 850 3158 ore
875 3113 963 3159 tuo
988 3103 1185 3158 obediet
1212 3105 1378 3160 omnis
1409 3106 1630 3176 populus
1647 3122 1771 3162 :ve-

149 3209 442 3253 ruuuamen
472 3199 656 3252 throno
683 3213 776 3268 ego
797 3206 845 3252 te
872 3197 1192 3252 antecellunt.
1221 3197 1355 3253 Vide
1385 3199 1657 3269 quomodo
1682 3215 1774 3257 ca-

153 3291 336 3361 ptivus
360 3299 585 3359 repente
608 3289 962 3344 constituitur
999 3305 1095 3345 rex
1127 3289 1290 3345 totius
1329 3289 1568 3364 Egypti,
1598 3302 1651 3349 et
1681 3295 1772 3365 qui

154 3385 226 3440 ab
251 3383 612 3452 archimagiro
642 3382 694 3436 in
729 3395 1012 3438 carcerem
1054 3382 1331 3452 conjectus
1361 3383 1552 3448 fuerat,
1581 3401 1610 3440 a
1645 3402 1774 3458 rege

155 3475 212 3530 in
257 3488 532 3532 summum
561 3472 773 3528 locum‘
805 3473 1072 3529 exaltatus
1100 3483 1217 3529 est:
1248 3489 1312 3530 ac
1337 3476 1426 3546 qui
1457 3477 1630 3532 fuerat
1654 3479 1773 3548 ejns

153 3567 428 3630 dominus,
459 3573 686 3634 repente
733 3563 866 3619 vidit
904 3579 1065 3636 quem
1096 3574 1153 3620 ut
1179 3565 1482 3622 adulterum
1509 3569 1560 3624 in
1582 3584 1771 3625 carce-

154 3673 275 3714 rem
297 3657 541 3722 miserat,
569 3655 734 3711 totius
763 3654 984 3728 Ευριί
1012 3657 1318 3727 suscepisse
1339 3659 1649 3728 imperium.
1685 3662 1774 3716 Vi-

155 3748 283 3803 disti
309 3755 572 3818 quantum
599 3746 670 3801 sit
699 3744 849 3802 ferre
876 3761 1001 3803 cum
1022 3747 1315 3818 gratiarum
1353 3736 1565 3806 actione
1593 3759 1772 3808 tenta-

154 3840 369 3895 tionesl
395 3839 690 3909 Propterea
735 3837 934 3893 Paulus
961 3838 1196 3907 dicebat,
1227 3839 1441 3911 Ajjlictio
1475 3843 1774 3912 patientiam

155 3941 424 4001 operatur,
478 3930 724 4000 patientia
773 3929 1146 4000 probationem,
1195 3930 1430 4000 probatio
1458 3950 1620 4005 spem,
1659 3951 1774 4005 spes

155 4038 260 4076 non
313 4020 580 4094 pudefucit
651 4021 830 4094 (Rom.
865 4021 920 4077 5.
952 4021 1075 4078 3-5
1103 4022 1142 4094 ).
1182 4021 1317 4078 Vide
1361 4023 1522 4094 igitur
1560 4043 1573 4079 :
1631 4025 1766 4081 amio

154 4115 370 4170 etiones
396 4115 662 4184 patienter
690 4114 837 4180 tulit;
871 4114 1127 4185 patientia
1155 4115 1441 4185 probatum
1464 4132 1587 4174 eum
1611 4118 1768 4185 fecit;

154 4207 419 4280 probatus
447 4208 618 4263 factus
647 4208 699 4262 in
728 4222 920 4278 magna
951 4221 1049 4279 spe
1075 4208 1298 4280 agebat;
1328 4225 1456 4280 spes
1477 4226 1582 4266 non
1611 4212 1774 4281 pude-

154 4302 308 4358 fecit.
339 4301 430 4356 41.
461 4299 607 4356 Dixit
632 4311 803 4354 autem
823 4300 893 4354 ad
923 4316 1036 4354 eum
1057 4318 1075 4353 :
1106 4292 1238 4356 Ecce
1262 4305 1516 4357 constituo
1547 4314 1594 4358 te
1622 4305 1776 4359 hodie

154 4409 317 4464 super
341 4408 544 4447 omnem
593 4402 782 4446 terram
812 4389 1053 4462 zEgypti.
1097 4392 1188 4448 Β.
1235 4390 1304 4446 Et
1347 4391 1559 4448 Pharao
1602 4395 1774 4451 ablato

155 4485 356 4540 annqu
375 4485 441 4539 de
467 4502 623 4539 manu
663 4501 777 4554 sua,
807 4486 974 4556 posuit
1009 4502 1124 4540 eum
1153 4486 1206 4540 in
1238 4504 1393 4541 manu
1426 4486 1642 4561 Ioseph,
1689 4491 1772 4544 in-

157 4576 370 4648 duitque
392 4593 506 4630 eum
529 4584 667 4630 ueste
705 4577 932 4648 byssina,
978 4585 1026 4630 et
1063 4577 1399 4632 circumdedit
1439 4580 1628 4635 collum
1665 4583 1776 4653 ejus

159 4679 341 4741 torque
362 4685 538 4732 aureo,
569 4668 671 4723 43.
691 4677 739 4724 et
769 4669 887 4740 fecit
929 4686 1041 4722 eum
1069 4670 1344 4726 ascendere
1382 4689 1536 4743 super
1565 4691 1774 4728 currum

156 4776 313 4816 uult
353 4760 654 4814 secundum.
701 4756 773 4813 Et
821 4761 1162 4831 promulgavit
1206 4777 1380 4814 coram
1419 4779 1477 4817 eo
1505 4781 1693 4834 preco,
1728 4775 1776 4820 et

156 4852 422 4908 constituit
443 4868 558 4906 eum
575 4867 730 4923 super
756 4859 914 4906 totam
942 4851 1254 4924 Egyptian.
1283 4853 1419 4910 Nam
1455 4853 1595 4914 Deus
1615 4873 1776 4928 quem

159 4943 399 4999 habebat
426 4957 636 5010 secum,
666 4953 820 4998 antea
848 4943 897 4999 ei
922 4945 1100 4999 omnia
1132 4945 1271 5002 bene
1295 4946 1660 5018 disposuerat,
1688 4960 1774 5006 at-

156 5051 266 5102 que
292 5049 420 5090 eum
463 5036 515 5089 in
561 5043 770 5090 tantum
793 5035 978 5106 gloria:
1008 5037 1222 5091 culmen
1275 5039 1474 5094 evexit.
1504 5041 1594 5096 Η.
1632 5041 1778 5098 Dixit

159 5137 334 5181 autem
362 5124 572 5181 Pharao
593 5143 611 5180 :
637 5127 834 5198 Absque
858 5137 906 5182 te
925 5129 1098 5183 nullus
1118 5128 1303 5185 levabit
1328 5149 1534 5186 manum
1559 5152 1707 5189 suam
1725 5137 1779 5192 in

162 5218 304 5273 omni
331 5228 464 5272 terra
491 5216 730 5290 Egypti.
762 5219 851 5274 45.
881 5217 947 5274 Et
981 5223 1174 5277 vocavit
1222 5221 1432 5278 Pharao
1470 5243 1652 5281 nomen
1677 5228 1779 5283 Ιο-

161 5312 312 5376 sapit.
349 5310 880 5382 Psomthomphanech
902 5328 921 5366 :
949 5314 1315 5382 appellatione
1342 5316 1532 5371 volens
1557 5322 1777 5389 sapien-

161 5406 294 5459 tiam
313 5403 435 5472 ejns
467 5412 723 5473 perpetua
752 5405 1010 5459 memoria
1043 5413 1290 5461 teslatam
1317 5423 1460 5464 esse.
1498 5409 1608 5465 Hoc
1635 5413 1778 5467 enim

163 5493 456 5566 signiﬁcat,
501 5493 829 5549 Occultorum
859 5497 1118 5567 cognitor,
1161 5512 1227 5553 eo
1257 5501 1398 5570 quod
1421 5517 1483 5556 ea
1515 5518 1635 5573 quze
1663 5520 1781 5560 om-

166 5585 326 5640 nibus
351 5585 565 5640 occulta
609 5593 766 5640 erant
802 5589 1249 5656 maniiestaverit,
1283 5591 1404 5647 ideo
1431 5609 1496 5648 ex
1529 5610 1587 5649 re
1627 5607 1778 5667 gesta

165 5675 582 5747 appellationem
605 5678 654 5733 ei
679 5679 923 5748 imponit.
948 5679 1012 5735 Et
1033 5691 1089 5736 ut
1105 5685 1473 5742 accumularet
1494 5686 1777 5757 honorem,

234 5859 249 5891 ³
291 5855 392 5919 Alii,
422 5857 489 5907 ad
512 5871 748 5907 smnmam
767 5864 1061 5923 potestatem.

1213 402 1281 460 IN
1319 400 1474 458 CAP.
1518 400 1651 457 XLI.
1696 400 1944 457 GENES.
1985 400 2219 458 110³111..
2260 400 2446 460 LXIII.

3405 408 3514 465 δια

1900 515 1992 569 dat
2020 517 2069 569 ei
2102 515 2266 572 tiliam
2309 516 2591 588 Pcicphra:
2637 517 2692 572 iu
2732 533 2982 576 uxorem.
3012 519 3218 580 Deinde
3253 525 3378 596 quia
3411 526 3512 583 iste

1888 607 2133 678 ejusdem
2177 609 2414 665 nominis
2441 620 2560 666 erat
2588 625 2713 666 cum
2743 627 2809 667 eo
2836 611 2928 683 qui
2956 613 3208 672 dominus
3251 614 3370 688 ejus
3396 617 3508 674 fuco

1887 708 1993 762 rat,
2017 699 2172 764 dlCll,
2204 699 2502 757 Sacerdotis
2537 700 2884 772 Ileliopoleos.
2932 704 2998 761 Et
3039 714 3098 761 ut
3139 707 3416 766 discamus
3455 713 3509 767 in

1885 806 1991 862 qua
2019 800 2179 847 nitate
2208 792 2369 848 fuerit
2395 793 2733 850 admirabilis
2762 792 2873 861 ille,
2898 811 2989 864 qm
3017 806 3223 854 tantam
3248 814 3516 871 assequu-

1889 893 1974 939 tus
2018 893 2100 939 est
2141 884 2469 953 mercedem,
2504 897 2761 959 tantaque
2787 889 3081 944 certamina
3110 890 3376 961 exhibuit,
3424 895 3504 950 in-

1886 976 2035 1046 quit:
2059 977 2150 1033 ω.
2180 976 2379 1049 Ioseph
2409 989 2582 1034 autem
2609 990 2717 1036 erat
2745 982 2957 1053 triginta
2983 979 3258 1049 annorum,
3300 988 3511 1056 quando

1884 1070 2021 1124 stetit
2045 1085 2221 1125 coram
2255 1069 2547 1128 Pharaone.
2576 1073 2656 1130 Ne
2677 1082 2884 1132 temere
2907 1086 3157 1146 putemus
3177 1080 3508 1152 assignatum

1883 1175 2007 1216 esse
2033 1177 2319 1217 numerum
2351 1179 2638 1230 annorum,
2670 1165 2769 1222 sed
2805 1176 2864 1221 ιιι
2899 1166 3176 1224 discamus
3214 1172 3511 1244 negligeuti

1884 1251 2137 1307 virtutem
2160 1253 2362 1308 nullam
2391 1267 2514 1310 esse
2534 1256 2937 1312 excusationem
2961 1275 2976 1313 :
3004 1273 3179 1330 neque
3205 1262 3349 1316 enim
3381 1263 3505 1320 licet

1883 1343 2040 1400 alicui
2070 1345 2307 1416 ohjicere
2331 1345 2698 1416 juventutem,
2740 1348 2829 1403 ubi
2860 1349 3030 1405 virtus
3066 1353 3366 1408 exercenda
3395 1363 3502 1410 est.

1884 1437 2027 1493 Ecce
2070 1437 2160 1494 ille
2186 1454 2292 1494 non
2320 1439 2495 1495 solum
2532 1440 2747 1511 juvenis
2775 1451 2922 1508 erat,
2963 1442 3058 1498 sed
3090 1444 3251 1500 etiam
3283 1446 3510 1516 pulcher

1883 1530 2090 1600 specie,
2120 1541 2173 1585 et
2205 1530 2478 1587 formosus
2517 1532 2674 1590 facie.
2717 1531 2997 1605 Contingit
3037 1534 3181 1590 enim
3211 1537 3505 1609 aliquando

1877 1619 2135 1689 juvenem
2163 1633 2306 1689 esse,
2335 1629 2392 1678 et
2419 1623 2566 1677 nulla
2596 1624 2842 1694 corporis
2868 1623 3275 1695 pulchritudine
3301 1627 3505 1698 praedi-

1883 1720 2015 1766 tum.
2047 1710 2146 1767 llic
2181 1721 2364 1768 autem
2393 1720 2451 1768 et
2471 1712 2685 1783 juvenis
2710 1722 2767 1771 et
2793 1714 3020 1784 pulcher
3041 1725 3159 1772 erat
3185 1717 3388 1786 specie,
3417 1716 3501 1772 fa-

1881 1803 2074 1873 cieque
2112 1802 2366 1870 decorus,
2395 1819 2458 1860 ac
2483 1805 2635 1876 quasi
2667 1806 2720 1861 in
2752 1806 2871 1877 ipso
2895 1806 3194 1877 iuventutis
3221 1806 3356 1865 ﬂore
3381 1824 3501 1866 ser-

1881 1911 1977 1950 vus
2003 1905 2059 1950 et
2088 1896 2335 1966 captivus
2365 1897 2540 1952 factus
2565 1906 2668 1952 est.
2697 1897 2894 1953 Decem
2922 1899 3067 1954 enim
3089 1909 3142 1954 et
3165 1909 3372 1970 septem
3399 1900 3502 1957 ha-

1879 1985 2040 2043 bebat
2066 2001 2258 2052 annos,
2291 1987 2506 2059 quando
2530 1987 2796 2046 deductus
2820 1998 2906 2045 est
2931 1989 2984 2044 in
3013 1988 3310 2062 Egyptum
3341 1990 3498 2065 (Gen.

1879 2080 1967 2135 37.
2007 2081 2082 2152 l).
2116 2079 2320 2137 Deinde
2344 2081 2397 2136 in
2427 2081 2540 2153 ipsa
2571 2081 2791 2138 fornace
2807 2082 3111 2153 juvenlutis
3139 2085 3372 2156 positum
3393 2088 3500 2142 sol-

1881 2171 2047 2227 licita:
2062 2173 2103 2229 it
2131 2175 2498 2246 intemperans
2525 2174 2778 2248 Egyptia
2809 2175 3028 2234 domina
3058 2178 3197 2249 ejus,
3227 2194 3405 2251 neque
3421 2181 3501 2236 sic

1878 2267 2155 2336 superavit
2191 2266 2322 2336 justi
2354 2268 2452 2321 viri
2486 2265 2884 2334 fortitudinem;
2913 2269 3148 2341 denique
3193 2270 3248 2325 in
3278 2286 3500 2328 carcere

1881 2369 2030 2414 tanto
2058 2370 2301 2431 tempore
2332 2375 2672 2416 :erumnosus
2713 2361 2842 2418 fuit:
2869 2371 2924 2418 et
2953 2363 3150 2419 mansit
3181 2365 3334 2435 quasi
3372 2365 3502 2420 ada-

1879 2469 2026 2521 mas;
2061 2470 2167 2510 non
2198 2455 2373 2511 solum
2402 2470 2508 2511 non
2543 2455 2714 2511 factus
2742 2456 3030 2524 infirmior,
3062 2457 3158 2513 sed
3190 2467 3244 2514 et
3269 2458 3386 2528 plus
3412 2473 3503 2513 ro-

1876 2545 2026 2602 boris
2072 2562 2377 2604 assumens.
2414 2548 2614 2603 ilabuit
2643 2549 2788 2603 enim
2836 2549 3185 2606 roborantem
3216 2565 3275 2604 se
3306 2565 3501 2621 snper-

1878 2655 2001 2694 natn
2030 2641 2280 2711 gratiam.
2308 2640 2576 2710 Quoniam
2608 2641 2760 2712 prius
2796 2640 2941 2716 quod
2973 2657 3129 2698 suum
3175 2653 3294 2699 erat
3326 2652 3499 2698 totum

1877 2735 2150 2799 attulerat,
2185 2743 2470 2804 propterea
2495 2748 2526 2790 e
2562 2747 2786 2790 carcere
2811 2733 2882 2789 ad
2926 2733 3289 2806 principatum
3337 2735 3503 2792 totius

1877 2825 2099 2900 Egypti
2127 2827 2418 2883 accersitus
2448 2835 2551 2882 est.

1950 2921 2004 2976 5.
2049 2917 2277 2975 Fortiter
2304 2920 2530 2991 ferenda:
2567 2930 2687 2976 sunt
2713 2921 3029 2993 aﬂlictionrs.
3057 2919 3234 2976 Oculis
3275 2921 3397 2991 fidei
3419 2938 3501 2976 res

1877 3009 2170 3079 spirituales
2193 3010 2570 3080 conspicienda
2593 3021 2731 3077 sunt,
2761 3021 2809 3066 et
2835 3010 2982 3066 uerbo
3006 3008 3105 3065 Dei
3135 3011 3352 3080 ﬁrmiter
3389 3028 3499 3067 cre-

1877 3091 2123 3148 dendum.
2144 3123 2218 3135 -—
2246 3094 2374 3150 ﬂare
2403 3094 2686 3150 audientes
2736 3095 2788 3150 iu
2828 3096 2917 3149 afﬂ
2942 3096 3211 3151 ctiunibus
3256 3097 3497 3151 animum

1880 3202 2171 3258 numquam
2218 3185 2674 3258 despondeamus,
2726 3203 2902 3259 neque
2957 3189 3170 3259 propria
3216 3189 3497 3245 ratiocinia

1878 3289 2170 3352 sequentes
2216 3294 2362 3350 azgre
2418 3278 2817 3335 feramuszsed
2871 3295 3121 3350 magnam
3181 3280 3498 3350 patientiam

1878 3371 2197 3428 exhibentes
2227 3387 2324 3444 spe
2345 3373 2486 3428 bona
2513 3371 2815 3438 foveamur,
2842 3375 3078 3428 scientes
3098 3373 3374 3429 solertiam
3407 3375 3502 3428 Do-

1879 3462 2011 3518 mini
2040 3463 2209 3518 nostri
2238 3480 2252 3517 :
2282 3463 2372 3533 qui
2401 3463 2586 3518 sinens
2618 3477 2718 3518 nos
2748 3477 2937 3534 aspera
2971 3465 3228 3532 experiri,
3263 3479 3370 3520 non
3401 3465 3500 3518 de-

1880 3555 2012 3610 serit
2037 3568 2159 3622 nos,
2190 3553 2285 3609 sed
2311 3553 2420 3608 vult
2447 3563 2508 3609 ut
2532 3563 2808 3610 certantes
2845 3555 3063 3610 elariori
3109 3570 3309 3612 corona
3355 3556 3502 3611 redi-

1880 3648 2131 3702 miamur.
2166 3646 2240 3701 ita
2271 3661 2463 3702 omnes
2491 3647 2665 3702 sancti
2695 3629 2905 3718 probati
2931 3655 3077 3702 sunt.
3119 3648 3413 3720 Propterea
3445 3657 3501 3704 et

1878 3739 2109 3808 apostoli
2135 3738 2422 3795 dicebant:
2451 3739 2558 3795 Per
2581 3741 2770 3794 multas
2797 3739 3091 3811 amictioncs
3113 3751 3312 3811 oportet
3334 3758 3426 3796 nos
3448 3743 3501 3796 in

1879 3848 2094 3903 regnum
2126 3831 2221 3886 Dei
2249 3833 2441 3887 intrare
2463 3833 2600 3903 (Act.
2635 3833 2722 3888 H.
2749 3832 2862 3904 22).
2899 3833 2961 3888 Et
2987 3835 3103 3903 ipse
3129 3832 3377 3890 Christus
3415 3835 3504 3890 di-

1879 3924 2035 3979 cebat
2063 3923 2344 3994 discipulis
2369 3925 2518 3980 suis:
2551 3924 2619 3979 In
2662 3926 2854 3980 mundo
2892 3925 3213 3997 aﬂlictionem
3256 3927 3504 3982 habebitis

1881 4019 2063 4092 (Joan.
2098 4020 2185 4075 l6.
2215 4021 2333 4091 33).
2365 4021 2444 4077 Ne
2467 4023 2627 4093 igitur
2654 4039 2982 4080 mmreamus
3015 4026 3066 4080 in
3092 4025 3498 4092 afﬂictionibus,

1879 4113 1975 4169 sed
2001 4111 2284 4169 audiamus
2306 4113 2528 4170 Paulum
2550 4115 2840 4182 dicentem,
2892 4117 2993 4185 Qui
3037 4119 3212 4173 volunt
3239 4120 3321 4190 pie
3341 4121 3504 4175 uiuere

1879 4207 1932 4260 in
1961 4205 2166 4262 Christo
2207 4206 2358 4274 Jesu,
2383 4211 2814 4279 persequutionem
2857 4213 3116 4282 patientur
3145 4211 3242 4286 (2.
3274 4212 3411 4268 Tim.
3445 4215 3502 4268 5.

1883 4297 1994 4365 i2).
2031 4298 2100 4354 Et
2127 4315 2194 4354 ne
2222 4299 2576 4366 admirentur,
2611 4318 2786 4374 neque
2805 4319 2950 4375 :egre
2978 4304 3238 4375 feramus,
3263 4308 3358 4364 sed
3381 4324 3495 4363 om~

1883 4391 1969 4446 nia
2001 4405 2121 4446 cum
2158 4392 2470 4448 fortitudine
2510 4402 2567 4449 et
2612 4395 2870 4463 patientia
2903 4397 3224 4466 toleremus,
3280 4415 3387 4454 non
3434 4400 3502 4454 ad

1881 4482 2206 4540 alliictiones
2255 4485 2632 4555 respicientes,
2677 4487 2771 4542 sed
2818 4487 2884 4543 ad
2931 4488 3142 4544 lucrum
3191 4491 3337 4560 quod
3378 4493 3504 4550 inde

1883 4589 2276 4645 congregamus
2321 4594 2334 4630 :
2378 4578 2676 4647 spiritualis
2722 4579 2866 4633 enim
2917 4581 3164 4649 quaedam
3213 4584 3504 4654 negotiatio

1884 4674 1989 4722 est.
2021 4665 2091 4722 Et
2116 4667 2258 4722 sicut
2286 4667 2376 4740 qui
2405 4670 2662 4738 pecunias
2689 4671 2947 4741 colligere
2977 4671 3185 4740 volunt,
3213 4683 3376 4745 atque
3405 4675 3501 4730 htt-

1879 4757 1970 4828 jus
1989 4759 2174 4814 smculi
2203 4758 2620 4830 negotiationem
2646 4771 2922 4826 exercent,
2953 4779 3059 4819 non
3087 4765 3248 4822 aliter
3279 4778 3504 4837 possunt
3570 4788 3587 4805 ι

1884 4863 2084 4919 augere
2108 4864 2235 4906 suas
2262 4865 2416 4920 opes,
2451 4851 2553 4908 nisi
2584 4852 2751 4909 multa
2778 4854 3016 4924 pericula
3061 4866 3202 4913 terra
3258 4860 3504 4928 marique

1886 4943 2243 4998 sustinuerint
2271 4945 2526 5015 (necesse
2553 4955 2635 5001 est
2662 4951 2806 5001 enim
2839 4956 2897 5001 ut
2927 4947 3104 5004 ferant
3146 4950 3418 5005 latronum
3448 4961 3505 5008 et

1889 5033 2183 5104 piratarum
2211 5033 2493 5105 insidias);
2528 5019 2765 5092 attamen
2793 5039 2972 5093 omnia
3003 5056 3196 5112 magna
3228 5042 3506 5098 alacritate

1888 5124 2208 5194 suscipiunt,
2237 5134 2296 5180 et
2321 5124 2394 5181 ob
2424 5129 2890 5197 exspectationem
2930 5131 3086 5197 lucri,
3137 5149 3503 5189 :rrumnarum

1889 5233 2108 5273 sensum
2140 5219 2343 5273 nullum
2370 5219 2597 5274 habent:
2625 5221 2816 5276 eodem
2846 5222 3007 5277 modo
3035 5233 3089 5278 et
3118 5239 3236 5288 nos,
3260 5229 3506 5298 cogitan-

1891 5317 1973 5363 tes
2015 5306 2232 5362 divitias
2273 5317 2328 5362 et
2380 5308 2690 5378 Spirituales
2740 5325 2950 5367 merces
2980 5313 3020 5379 ί,
3054 5328 3187 5382 quas
3219 5315 3375 5370 nuhis
3419 5317 3508 5371 hic

1888 5399 2146 5469 colligere
2190 5399 2333 5464 licet,
2378 5408 2594 5469 Oportet
2641 5401 2879 5472 gaudere
2909 5413 2966 5459 et
2990 5407 3287 5474 exsultare,
3318 5418 3370 5464 et
3399 5426 3510 5465 non

1889 5491 2243 5561 contemplari
2268 5507 2390 5561 qua:
2415 5492 2684 5558 videntur,
2709 5494 2804 5550 sed
2829 5511 2950 5566 qum.
2973 5513 3078 5552 non
3103 5499 3374 5564 videntur,
3396 5515 3425 5554 s
3447 5517 3508 5555 c-

1892 5591 1951 5636 ut
1979 5593 2034 5636 ει
2077 5581 2276 5636 Paulus
2305 5581 2587 5649 admonet,
2634 5583 2857 5639 dicens:
2893 5585 3019 5640 Non
3067 5589 3509 5644 considerantibus

1892 5673 2038 5728 nobis
2063 5689 2122 5728 ea
2147 5689 2262 5744 qute
2293 5672 2526 5727 videntur
2552 5673 2631 5745 (2.
2663 5673 2784 5730 Cor.
2809 5677 2862 5730 4.
2899 5678 3012 5750 18).
3047 5678 3195 5734 Fidei
3227 5680 3372 5735 enim
3399 5689 3509 5749 est,

1957 5815 1973 5840 ι
2001 5815 2154 5881 Δξιιιιλι
2177 5813 2546 5881 (ιιιιιὶειιξεμιιεξ.
2586 5808 2858 5873 legendum
2903 5821 2998 5874 est,
3024 5811 3332 5877 spiritualem
3360 5817 3510 5868 abun-

1897 5871 2131 5932 dantiam,
2160 5871 2266 5936 pro,
2293 5871 2570 5935 spirituum
2592 5871 2797 5924 merces.
