4086 6464
635 414 734 470 54Ἱ

634 546 740 585 non
785 527 1153 598 Corporalibus
1191 527 1359 583 oculis
1393 534 1676 583 contentos
1720 541 1862 594 esse,
1908 526 2003 583 sed
2049 525 2219 582 oculis

634 619 827 675 mentis
856 616 1129 688 imaginari
1155 630 1218 672 ea
1246 631 1366 687 qum
1398 631 1507 672 non
1533 615 1801 673 videntur.
1841 614 1975 673 Nam
2004 615 2091 671 illa
2116 614 2220 671 ﬁde

633 710 872 782 digniora
913 704 1179 764 credenda
1210 716 1356 774 sunt,
1388 723 1548 778 quam
1593 722 1655 764 ea
1698 722 1819 778 qua:
1849 706 2219 777 corporalibus

630 802 800 858 oculis
828 800 1104 856 videntur.
1133 797 1225 857 Sic
1268 799 1569 870 patriarcha
1595 808 1781 872 gratus
1806 799 1902 854 fuit
1932 798 2062 863 Deo,
2092 795 2217 868 quia

627 890 853 950 credidit
880 891 1220 960 promissioni
1248 893 1388 962 ejus,
1415 900 1471 948 et
1506 892 1753 962 superior
1790 899 1978 947 natura
2024 888 2213 957 factus,

627 984 982 1054 humanisque
1023 982 1347 1049 rationibus;
1391 981 1513 1039 ideo
1541 982 1853 1054 Reputatunt
1878 991 1955 1037 est
1980 981 2026 1037 ei
2052 980 2105 1057 in
2118 980 2215 1053 ju-

621 1074 813 1131 stitiam
842 1073 1018 1146 (Rom.
1042 1075 1097 1130 4.
1124 1073 1206 1145 3).
1226 1072 1540 1141 Considera,
1558 1072 1822 1144 justitiam
1847 1088 1970 1130 esse
1991 1071 2215 1129 credere

625 1167 690 1224 iis
707 1182 829 1239 quae
854 1182 883 1221 a
914 1166 1029 1221 Deo
1043 1166 1314 1221 dicuntur.
1337 1164 1565 1233 Quando
1587 1166 1730 1222 enim
1751 1166 1842 1225 ille
1866 1164 2068 1239 aliquid
2090 1179 2218 1239 pro-

623 1259 848 1326 miserit,
882 1273 949 1313 ne
975 1256 1105 1313 mihi
1130 1256 1425 1314 secundum
1452 1257 1739 1316 humanam
1769 1260 2210 1332 consequentiam

620 1365 712 1409 res
738 1352 1004 1425 expende,
1038 1351 1134 1408 sed
1163 1352 1410 1424 superior
1433 1351 1737 1424 hujosmodi
1774 1354 2071 1409 rationibus
2111 1353 2207 1417 sis.

617 1456 682 1499 ac
705 1441 917 1499 conﬁde
945 1442 1199 1513 pateatne
1224 1442 1343 1514 ejus
1371 1442 1460 1514 qui
1492 1442 1757 1513 promisit.
1799 1442 1874 1499 ita
1916 1444 2209 1515 unusquis-

616 1551 723 1608 que
745 1535 1014 1606 justorum
1046 1538 1303 1607 probatus
1322 1534 1436 1601 fuit,
1465 1535 1533 1590 ita
1556 1543 1610 1590 et
1629 1534 1962 1593 admirabilis
1994 1535 2085 1591 ille
2110 1534 2205 1593 Jo-

615 1628 773 1699 seph,
812 1641 934 1684 cum
978 1634 1104 1699 post
1143 1626 1232 1682 illa
1274 1626 1486 1682 somnia
1527 1634 1669 1681 tanta
1702 1626 1981 1698 interjecta
2011 1626 2207 1684 fuerint

617 1717 1020 1788 impedimenta,
1056 1731 1164 1773 non
1196 1717 1441 1775 turbatus
1466 1724 1549 1773 est
1574 1718 1778 1785 animo,
1820 1733 1931 1775 non
1965 1733 2206 1776 commo-

616 1816 700 1863 tus
727 1815 830 1874 est,
854 1807 948 1862 sed
978 1807 1198 1863 robusta
1226 1817 1405 1865 mente
1430 1806 1641 1865 fortiter
1661 1809 1780 1865 tulit
1802 1810 2006 1877 omnia,
2026 1811 2205 1867 sciens

614 1914 720 1954 non
749 1913 869 1954 esse
896 1900 1115 1969 possibil
1138 1915 1230 1957 -ea
1255 1915 1374 1972 qua:
1401 1901 1546 1957 Deus
1565 1900 1801 1959 decrevit
1824 1917 1932 1959 non
1958 1904 2199 1961 evenire.

614 1989 736 2045 Ideo
765 1998 887 2061 post
915 1990 1249 2057 servitutem,
1300 2000 1422 2063 post
1449 2008 1745 2060 carcerem,
1775 2002 2084 2066 tantamque
2106 2009 2200 2050 ca-

612 2084 890 2151 lumniam,
934 2084 1289 2155 principatum
1327 2086 1561 2153 suscepit
1589 2087 1751 2141 totius
1788 2084 2029 2159 Egypti.
2075 2086 2201 2145 Haec

611 2179 769 2248 igitur
804 2176 984 2232 omnia
1010 2178 1327 2249 cogitantes,
1361 2177 1571 2234 fortiter
1597 2179 1955 2250 suscipiamus
1977 2194 2043 2236 ea
2071 2196 2193 2253 quae

609 2268 926 2337 inferuntur,
963 2270 1271 2342 gratiasque
1296 2286 1517 2343 agamus
1543 2286 1642 2342 pro
1666 2272 1921 2329 omnibus
1945 2272 2195 2329 clementi

609 2361 739 2429 lico,
765 2372 821 2418 et
851 2362 968 2434 ejus
985 2371 1373 2434 exspectemus
1411 2363 1860 2436 opitulationem:
1891 2381 2013 2438 qua:
2041 2367 2196 2423 nobis

601 2451 851 2508 omnibus
877 2451 1223 2520 concedatur,
1253 2455 1422 2525 gratia
1450 2463 1507 2511 et
1531 2455 1818 2513 clementia
1852 2456 2060 2514 Domini
2098 2473 2194 2515 no-

598 2543 697 2597 stri
724 2542 851 2598 lesu
890 2543 1110 2612 Christi,
1152 2544 1239 2602 eui
1266 2560 1390 2601 eum
1418 2545 1577 2604 Patre
1603 2554 1661 2603 et
1686 2556 1875 2606 sancto
1898 2547 2098 2621 Spiritu
2125 2549 2195 2605 sit

596 2632 781 2704 gloria,
829 2633 1135 2706 imperium,
1177 2644 1234 2692 et
1281 2635 1477 2705 honor,
1508 2651 1650 2694 nunc
1689 2647 1744 2695 et
1783 2651 2022 2710 semper,
2048 2639 2192 2697 etin

596 2722 789 2778 arcula
810 2723 1151 2780 saeculorum.
1182 2725 1376 2783 Amen.

1142 2856 1422 2914 ίιοιιιυΑ
1461 2856 1577 2914 LXI
1588 2859 1648 2915 ν.

594 2961 765 3018 ﬁnivit
803 2972 973 3019 autent
1009 2962 1203 3038 λοσερὴ
1243 2982 1278 3020 a
1322 2966 1448 3037 facie
1478 2966 1764 3025 Pharaonis
1779 3012 1795 3038 ,
1825 2982 1874 3028 et
1902 2976 2187 3047 peragravit

659 3069 858 3108 omnem
896 3062 1081 3109 terram
1118 3053 1379 3129 digypti;
1406 3064 1457 3112 et
1497 3058 1616 3131 fecit
1652 3068 1787 3115 terra
1815 3062 1963 3119 armis
1997 3075 2188 3136 septem

652 3144 934 3216 fertilitatis
959 3142 1248 3217 manipulos
1271 3155 1363 3214 με
1387 3150 1707 3221 congregavit
1731 3154 2040 3222 {tunicatum
2057 3156 2189 3212 sicut

657 3253 865 3293 arenam
890 3237 1047 3293 maris
1084 3238 1104 3309 (
1128 3234 1259 3295 Gen.
1286 3238 1379 3296 41.
1401 3238 1567 3296 46-49
1583 3242 1623 3311 ).

653 3350 683 3405 4
696 3390 711 3405 .
746 3348 913 3406 Vultis
928 3358 985 3406 ut
1008 3359 1063 3406 et
1082 3348 1245 3407 hodie
1264 3350 1538 3407 historiam
1554 3350 1771 3423 losephi
1796 3363 2102 3424 tractemus,
2131 3368 2187 3416 et

586 3438 863 3495 videamus
900 3439 1175 3511 quomodo
1220 3440 1299 3495 vir
1326 3439 1417 3497 ille
1444 3482 1460 3507 ,
1486 3454 1737 3513 suscepto
1780 3445 1945 3501 totius
1970 3445 2186 3521 Egypti

582 3531 916 3602 principatu,
969 3546 1069 3603 per
1113 3531 1350 3588 innatam
1393 3530 1495 3588 sibi
1541 3534 1945 3607 intelligentiam
1996 3554 2185 3599 omnes

581 3624 890 3681 consulatus
935 3624 1093 3680 fuerit
1117 3623 1141 3678 i
1169 3622 1261 3680 46.
1292 3622 1467 3680 Exivi!
1503 3624 1648 3681 enim
1675 3669 1691 3695 ,
1722 3627 1895 3699 inquit
1916 3671 1933 3697 ,
1973 3646 2007 3684 a
2050 3632 2185 3703 [acie

583 3713 871 3772 Pharaonis
894 3757 908 3782 ,
957 3724 1006 3769 et
1031 3716 1260 3772 transicit
1302 3730 1395 3786 per
1432 3732 1631 3772 omnem
1681 3726 1868 3773 terram
1921 3718 2185 3792 £ggpti;

581 3809 669 3863 47.
702 3817 747 3860 et
775 3808 889 3880 [erit
934 3815 1068 3860 terra
1114 3807 1262 3861 annis
1301 3816 1490 3879 septem
1530 3807 1807 3879 fertilitatis
1852 3812 2185 3881 manipulos;

582 3897 672 3954 49.
703 3909 750 3952 et
775 3897 1092 3970 congregavit
1118 3896 1427 3967 frumentum
1450 3898 1578 3953 sicut
1615 3914 1823 3953 arenam
1858 3901 2030 3956 maris.
2056 3899 2187 3958 Sus-

580 3996 733 4058 cepta
762 3989 910 4060 prius
936 4002 968 4042 a
999 4002 1127 4059 rege
1158 3996 1422 4060 potestate
1462 3990 1645 4055 omni,
1686 3990 1938 4063 collegit,
1967 3992 2139 4065 inquit
2164 4035 2181 4061 ,

578 4080 782 4151 fruges.
806 4086 864 4135 et
890 4078 943 4134 in
970 4077 1273 4134 civitatibus
1293 4078 1552 4148 reposuit,
1577 4080 1865 4151 providens
1880 4081 1992 4152 jam
2017 4085 2186 4139 mul=o

554 4181 736 4226 .antea
763 4210 779 4237 ,
811 4184 931 4240 quae
962 4168 1151 4225 futura:
1190 4169 1428 4239 penuria:
1470 4182 1787 4228 succurrere
1814 4180 2056 4242 possent.
2096 4174 2187 4231 Vi-

558 4262 705 4320 'tliszi
731 4261 919 4333 quales
946 4260 1326 4317 retributiones
1351 4260 1677 4317 fortitudinis
1702 4271 1759 4318 et
1785 4262 2055 4333 patientia!
2081 4306 2098 4331 ,
2129 4273 2185 4321 et

584 4354 813 4409 aliarum
843 4352 1099 4408 virtutum
1126 4350 1418 4408 etiam‘hic
1457 4353 1726 4422 acceperit
1747 4353 1925 4423 justus
1950 4395 1964 4419 .
1992 4368 2115 4410 cum
2153 4371 2184 4411 a

585 4444 810 4501 vinculis
829 4443 895 4499 ad
919 4445 1062 4515 regia
1091 4443 1283 4513 palatia
1311 4441 1588 4500 ascendit?
1608 4442 1699 4500 50.
1727 4442 1854 4499 Nati
1873 4452 1993 4500 sunt
2012 4456 2181 4500 autem

580 4538 680 4604 illi,
704 4537 890 4607 inquit,
912 4535 1014 4590 dno
1033 4536 1150 4605 ﬁlii,
1174 4534 1469 4606 priusquam
1487 4535 1779 4591 adveniunt
1794 4536 1918 4591 anni
1936 4537 2184 4608 parturire:

584 4631 645 4685 hi
659 4670 673 4683 .
701 4638 747 4683 rt
776 4629 964 4684 voravit
991 4643 1170 4683 nomen
1190 4628 1373 4698 prioris
1394 4627 1634 4684 latrasse
1656 4644 1675 4683 :
1694 4629 1934 4697 quoniam
1959 4631 2183 4686 oblivisci

589 4738 671 4775 me
695 4718 810 4788 [erit
833 4718 974 4773 Deus
1000 4719 1225 4773 omnium
1251 4718 1480 4773 laborum
1511 4735 1754 4787 nieorum,
1789 4730 1837 4775 et
1874 4738 2048 4777 eorum
2073 4739 2187 4793 qua:

462 4792 483 4812 ’“
582 4822 700 4867 sunt
730 4813 887 4884 patris
913 4811 1031 4867 mei.
1062 4809 1292 4866 Attende
1318 4810 1403 4866 hic
1446 4810 1545 4865 viri
1578 4810 1892 4883 religionem
1921 4822 1975 4867 et
2015 4792 2185 4883 pieta-

584 4915 712 4969 tem,
744 4902 1015 4974 quoinodo
1044 4915 1141 4971 per
1160 4900 1252 4956 ﬁlii
1279 4902 1694 4973 appellationem
1718 4905 2033 4959 memoriam
2064 4920 2183 4959 etn-

585 4994 729 5047 nium
753 4993 1044 5049 servaverit
1064 4993 1139 5062 (α)
1160 5034 1173 5055 ,
1208 5002 1263 5047 ttt
1292 5002 1544 5063 perpetuo
1571 4994 1770 5063 gratias
1790 5003 1989 5065 ageret,
2015 5005 2068 5050 et
2096 4999 2185 5068 qui

588 5099 654 5139 ex
688 5099 749 5138 se
773 5092 925 5138 natus
948 5090 1084 5150 erat,
1114 5097 1209 5151 per
1230 5096 1380 5138 suam
1405 5084 1818 5153 appellationem
1842 5087 1984 5141 seire
2005 5098 2188 5156 posset

582 5176 874 5231 certamina
900 5218 915 5240 ,
946 5181 1002 5230 et
1047 5175 1357 5246 patientiam
1380 5216 1397 5240 ,
1445 5189 1564 5245 quae
1594 5177 1767 5245 justus
1806 5178 2084 5247 perferens
2132 5182 2184 5236 in

586 5276 789 5322 tantam
840 5266 1176 5336 pervenisset
1218 5265 1465 5335 gloriam.
1515 5265 1647 5335 Quia
1686 5268 1909 5323 oblivisci
1946 5286 2024 5323 me
2072 5270 2186 5335 fecit

590 5357 725 5414 Deus
739 5358 964 5413 omnium
984 5357 1214 5412 laborum
1235 5374 1480 5425 meorum,
1510 5368 1554 5412 et
1576 5362 1795 5413 omnium
1818 5378 1930 5429 qua:
1958 5373 2074 5417 sunt
2095 5381 2187 5433 μα..

649 5536 723 5609 (η)
755 5543 853 5609 uno
868 5537 1163 5609 oblivionem
1186 5534 1401 5609 omnium
1420 5533 2181 5609 induxit,idquesigniﬁcabatm-

588 5596 786 5666 nomine
808 5606 1064 5666 Manasse,_
1076 5608 1131 5649 ut
1154 5596 1311 5666 modo
1332 5596 1733 5666 dixi-Luseriptura
1758 5611 1770 5645 :
1800 5596 2013 5666 Manasse
2040 5601 2181 5666 enim

588 5660 823 5709 ttebraice
847 5663 1013 5713 natm
1038 5657 1090 5708 ﬁt
1113 5671 1176 5709 ex
1199 5663 1315 5711 me:
1336 5700 1350 5717 ,
1391 5654 1621 5707 oblivisci.
1639 5664 1814 5707 verum
1830 5672 1935 5708 mos
1951 5662 2179 5717 obtinuit,

586 5737 640 5777 ut
662 5740 771 5791 cum
794 5729 1146 5791 quisiermnuis
1171 5735 1220 5776 et
1239 5728 1375 5779 malis
1394 5728 1621 5777 omnibus
1644 5737 1845 5791 ereptus
1862 5729 1969 5785 fuit,
1995 5730 2181 5780 dicatur

588 5789 823 5838 maturum
837 5790 1079 5846 oblivisci;
1106 5790 1150 5837 id
1177 5798 1268 5839 est.
1290 5792 1337 5839 in
1382 5800 1550 5839 comm
1567 5789 1764 5839 sensum
1776 5803 1870 5840 non
1895 5790 2017 5841 ultra
2046 5794 2187 5841 veni—

587 5861 663 5909 re,
690 5851 783 5899 etsi
808 5849 995 5901 iliorum
1020 5852 1315 5910 remoti-utr.

1343 410 1401 467 S.
1440 411 1718 469 JOANNIS
1754 410 2229 471 CllR‘.’SOSTO.\ll
2273 409 2591 470 ARCIIIEP.
2633 412 3173 477 CONSTANTIXOI‘.

2327 525 2420 580 tris
2460 529 2579 583 mei.
2612 529 2750 597 Quid
2791 540 2875 587 est
2901 574 2916 597 ,
2951 532 3194 589 Omnium
3222 534 3453 593 laborum
3500 541 3769 597 meorum!
3797 542 3929 600 liiuc

2321 616 2660 678 subindieare
2700 622 2827 677 mihi
2856 624 3067 682 videtur
3090 627 3316 696 primam
3346 637 3397 684 et
3426 630 3722 688 secundum
3754 634 3929 690 serti-

2321 714 2510 777 tutem,
2536 718 2590 767 et
2618 712 2889 770 miseriam
2922 731 3081 787 quam
3107 718 3165 773 in
3189 732 3408 776 carcere
3435 720 3572 777 tulit.
3604 720 3673 777 Et
3698 725 3931 780 muniunt

2322 813 2438 867 qua
2470 810 2590 858 sunt
2615 804 2777 874 patris
2802 806 2903 860 mei
2922 822 2943 861 :
2966 809 3392 880 segrega‘tionem
3421 806 3688 882 signiﬁcat
3709 854 3726 880 ,
3765 829 3927 887 quam

2317 891 2574 949 sustinuit
2620 901 2877 967 abreptus
2895 896 2965 953 ab
2993 899 3133 955 ulnis
3169 901 3407 969 paternis
3428 941 3445 967 ,
3477 903 3602 974 quia
3640 905 3929 962 immatura

2317 990 2605 1050 :etate,tsm
2624 985 2914 1043 liberaliter
2926 988 3200 1054 educatus,
3215 990 3511 1050 liberta'em
3527 1009 3651 1050 cum
3667 995 3933 1054 servitute

2316 1089 2347 1131 c
2370 1077 2675 1133 :mmutavit.
2697 1078 2785 1135 δε.
2808 1077 2875 1134 Et
2893 1095 3071 1135 nomen
3088 1082 3296 1137 secundi
3315 1085 3507 1139 voravit
3522 1084 3793 1157 Epltraint,
3806 1090 3933 1159 quia

2313 1183 2532 1223 crescere
2555 1170 2672 1242 fecit
2699 1187 2780 1226 nte
2797 1168 2936 1227 Deus
2971 1171 3025 1227 in
3049 1181 3186 1227 terra
3203 1173 3504 1230 annulitatis
3534 1192 3681 1232 mete.
3716 1177 3855 1236 Vide
3873 1190 3932 1236 et

2315 1256 2477 1331 hujus
2504 1275 2702 1316 nomen
2744 1261 3036 1333 gratiarum
3080 1263 3294 1322 actione
3322 1266 3558 1336 plenum.
3596 1266 3718 1326 Non
3746 1268 3929 1325 solum

2312 1349 2480 1418 enim,
2510 1348 2851 1407 adversitatis
2887 1351 3091 1409 oblitus
3117 1367 3238 1408 sum
3258 1394 3275 1413 .
3302 1354 3397 1410 sed
3417 1364 3473 1412 et
3498 1364 3692 1414 auctus
3716 1373 3842 1414 sum
3872 1359 3930 1416 in

2312 1446 2455 1495 terra
2475 1480 2492 1506 ,
2526 1439 2577 1495 in
2604 1455 2708 1511 qua
2748 1448 2952 1498 tantam
2979 1443 3206 1498 sustinui
3236 1431 3662 1503 humiliationem
3685 1489 3703 1516 ,
3733 1459 3929 1516 utpote

2312 1529 2367 1587 iu
2409 1532 2668 1589 extremis
2712 1533 2966 1603 periculis
3007 1535 3172 1591 etiam
3215 1534 3284 1592 de
3325 1536 3432 1592 vita
3474 1538 3665 1594 anxius
3719 1538 3926 1596 Verum

2308 1636 2450 1678 nune
2489 1623 2673 1679 auditu
2720 1624 2881 1695 digna
2924 1634 3198 1697 suntquae
3242 1638 3558 1699 sequuntur.
3599 1628 3737 1684 Nam
3789 1644 3923 1703 post

2306 1714 2630 1772 fertilitatem
2653 1723 2862 1787 septau
2881 1730 3167 1786 annorum,
3192 1726 3456 1775 venerunt
3472 1727 3527 1775 et
3546 1729 3759 1791 septem
3786 1722 3925 1782 anni

2305 1808 2545 1879 penurite
2584 1817 2639 1865 et
2676 1808 2848 1875 famis,
2879 1806 3175 1867 secundum
3219 1808 3621 1881 pra-dictionem
3665 1810 3921 1884 losep‘hi.

2305 1899 2507 1956 Rerum
2534 1900 2679 1957 enim
2706 1909 2934 1957 eventus
2955 1914 3271 1958 concessam
3293 1901 3411 1957 viro
3439 1902 3763 1973 sapientiam
3791 1919 3920 1962 orn-

2312 1990 2469 2046 nibus
2495 1989 2822 2062 detegebat,
2865 1989 3025 2063 idque
3063 1989 3332 2049 efﬁciebat
3352 2031 3371 2059 ,
3408 2000 3469 2049 ut
3491 2008 3684 2050 omnes
3708 1995 3762 2051 ei
3791 2010 3923 2054 sese

2300 2082 2693 2139 submitterent.
2739 2082 2955 2138 Etcum
3000 2080 3172 2140 fames
3214 2083 3391 2139 valida
3416 2082 3554 2140 facta
3582 2094 3733 2141 esset
3753 2128 3773 2154 ,
3805 2088 3919 2157 pri-

2301 2188 2447 2228 mum
2474 2186 2569 2229 eos
2595 2172 2875 2243 penuriam
2899 2172 3101 2229 sentire
3127 2186 3233 2228 non
3265 2174 3528 2244 permisit.
3560 2174 3653 2231 54.
3681 2174 3751 2231 In
3771 2178 3919 2233 omni

2297 2263 2441 2321 enim
2473 2272 2608 2319 terra
2625 2260 2993 2335 Jggptiorum
3012 2272 3156 2318 erant
3173 2278 3352 2335 panes.
3376 2263 3486 2321 Sed
3505 2280 3627 2321 cum
3659 2266 3915 2325 molestia

2304 2353 2458 2410 famis
2481 2353 2871 2419 invalesceret,
2901 2352 3153 2410 clamavit
3179 2354 3411 2425 populus
3447 2354 3515 2409 ad
3543 2354 3919 2425 Pharaonem;

2296 2459 2486 2516 magna
2518 2458 2738 2515 pressus
2772 2442 3064 2516 indigentia
3103 2460 3119 2501 :
3159 2459 3191 2501 a
3230 2442 3371 2501 fame
3411 2444 3554 2502 enim
3589 2448 3808 2514 coacti,
3842 2451 3924 2505 ad

2295 2550 2477 2609 regem
2515 2542 2889 2591 cucurrerunt.
2930 2534 3099 2591 Porro
3118 2532 3241 2591 vide
3266 2535 3427 2606 hujus
3449 2535 3906 2596 benevolentiam.

2293 2627 2382 2683 55.
2420 2625 2562 2682 Dixit
2589 2634 2760 2681 autem
2799 2623 3011 2682 Pharao
3052 2623 3361 2697 Egyptiis:
3391 2623 3474 2683 Ite
3505 2627 3575 2680 ad
3598 2625 3797 2697 λοκρὴ
3815 2646 3837 2695 ;
3860 2642 3909 2685 et

2291 2717 2541 2790 quidquid
2565 2717 2752 2773 dixerit
2779 2717 2938 2785 vobis,
2965 2716 3120 2795 facite
3139 2733 3161 2773 :
3184 2718 3341 2790 quasi
3369 2718 3574 2775 diceret
3604 2736 3619 2776 :
3645 2719 3789 2789 Quid
3817 2737 3906 2780 tne

2288 2809 2605 2880 suspicitist
2630 2808 2747 2866 Non
2789 2808 2986 2865 videtis
3009 2798 3107 2866 me
3140 2809 3289 2881 regis
3331 2808 3573 2865 habitum
3619 2809 3905 2868 dumtaxat
4020 2856 4039 2879 ,

2284 2908 2499 2973 gestare
2520 2938 2539 2968 ,
2569 2898 2829 2971 illumque
2880 2898 3041 2956 nobis
3079 2897 3331 2956 omnibus
3376 2899 3568 2958 salutis
3617 2910 3902 2961 auctorem

2286 2988 2527 3049 factum?
2552 2988 2632 3047 Ne
2651 2988 2811 3062 igitur
2832 2988 2927 3046 illo
2953 2988 3141 3047 relicto
3166 2988 3234 3047 ad
3255 3005 3343 3047 me
3365 2991 3615 3061 curratis,
3636 2991 3735 3050 sed
3756 2994 3902 3052 abite

2286 3083 2353 3140 ad
2383 3083 2556 3151 illum,
2588 3081 2656 3137 Et
2684 3098 3013 3155 quacumque
3031 3082 3218 3140 dixerit
3241 3084 3382 3140 vobis
3399 3123 3417 3152 ,
3441 3087 3615 3156 facile.
3637 3085 3729 3143 56.
3758 3086 3900 3159 Ape-

2285 3176 2388 3231 ruit
2407 3185 2575 3230 autem
2596 3174 2791 3247 Ioseph
2812 3174 3011 3240 horrea,
3040 3183 3089 3231 et
3109 3173 3337 3231 vendidit
3362 3173 3646 3249 Egyptiis.
3672 3176 3742 3234 ει
3764 3192 3901 3250 quo-

2287 3266 2432 3322 niam
2458 3272 2648 3322 omnes
2667 3264 3015 3321 consumebat
3041 3262 3202 3321 famis
3230 3266 3543 3333 necessitas,
3563 3267 3654 3326 67.
3681 3268 3897 3336 Omnes,

2289 3355 2499 3427 inquit,
2524 3354 2798 3423 provincia
2833 3353 3098 3410 veniebant
3137 3354 3192 3409 in
3218 3353 3541 3428 ﬁggptum.
3572 3367 3627 3411 ut
3666 3370 3896 3417 emerent

2286 3445 2596 3518 frumentum
2615 3461 2637 3500 :
2666 3444 2948 3499 incaluerat
2971 3444 3108 3500 enim
3124 3485 3143 3513 ,
3170 3446 3373 3516 inquit,
3408 3449 3571 3518 fames
3596 3464 3753 3519 super
3779 3465 3898 3505 οη.

2286 3553 2403 3592 neat
2426 3546 2632 3592 terram.
2664 3533 2800 3591 Vide
2821 3535 3117 3601 .‘obsecro,
3145 3536 3416 3606 quomodo
3446 3538 3699 3607 paulatim
3725 3555 3898 3598 even-

2288 3636 2399 3683 tum
2426 3628 2671 3697 accipere
2700 3624 2955 3696 incipiant
2980 3625 3188 3681 somnia
3210 3624 3431 3697 .loseph.
3453 3626 3587 3683 Nam
3608 3628 3697 3685 ubi
3722 3628 3902 3689 fames

2288 3715 2549 3781 invaluit,
2581 3723 2634 3771 et
2664 3713 2949 3784 occupavit
2974 3722 3174 3770 terram
3197 3711 3487 3784 Chanaan,
3521 3716 3574 3773 in
3597 3732 3704 3789 qua
3730 3716 3897 3776 habi-

2288 3809 2433 3866 tabat
2458 3807 2626 3865 Jacob
2668 3806 2826 3877 hujus
2855 3815 3042 3876 pater,
3086 3806 3176 3877 qui
3214 3807 3262 3863 ί.
3293 3804 3576 3878 Postquam
3620 3808 3806 3865 didicit
3840 3812 3901 3865 in

2287 3898 2520 3972 ﬁggpto
2542 3899 2850 3969 [rutnentunt
2869 3897 3185 3964 venumdari,
3205 3896 3358 3967 dixit,
3387 3899 3580 3970 inquit,
3600 3901 3724 3970 [iliis
3742 3904 3856 3957 suis
3878 3917 3901 3961 :

2289 3991 2462 4060 Quare
2488 4006 2664 4063 segnes
2691 3989 2850 4044 estis?
2872 3988 2925 4044 2.
2958 3989 3091 4045 Ecce
3112 3989 3284 4044 audivi
3308 3990 3449 4062 quod
3475 3993 3790 4062 frumentum
3824 3995 3895 4050 sit

2287 4083 2339 4135 in
2360 4080 2616 4153 Egypto.
2655 4077 2992 4146 Descendite,
3018 4090 3074 4134 ut
3099 4081 3403 4153 comparetis
3440 4080 3585 4136 nobis
3622 4098 3791 4153 pauco
3820 4084 3899 4139 ci-

2288 4173 2452 4239 baria,
2480 4183 2535 4227 ut
2559 4172 2785 4226 vivamus
2805 4212 2820 4234 ,
2848 4180 2895 4225 et
2925 4188 3028 4225 non
3051 4171 3329 4226 moriamur
3361 4169 3525 4243 (Cap.
3555 4171 3627 4228 42
3643 4170 3687 4244 ).
3715 4172 3859 4243 Quid
3875 4218 3894 4243 ,

2286 4262 2496 4333 inquit,
2534 4260 2624 4317 hic
2651 4260 2884 4317 sedetis?
2906 4260 3064 4317 Abite
3100 4261 3153 4316 in
3179 4259 3471 4332 Egyme
3493 4301 3511 4330 ,
3541 4268 3598 4319 ct
3633 4263 3896 4324 alimenta

2287 4353 2441 4409 nobis
2464 4352 2668 4409 υσθυε.
2703 4352 2827 4407 lla:c
2855 4363 3034 4408 autem
3052 4353 3232 4408 omnia
3263 4351 3398 4407 facta
3428 4362 3573 4421 sunt,
3605 4364 3663 4411 tit
3692 4353 3894 4415 fratres

2286 4444 2489 4515 loseph
2514 4442 2705 4499 visioni
2735 4443 2850 4511 ejus
2879 4442 3060 4498 omnia
3093 4442 3494 4499 ministrarent:
3524 4454 3579 4500 et
3608 4444 3887 4517 interpre-

2288 4539 2545 4592 tationem
2572 4534 2766 4590 somnii
2798 4549 2954 4604 quam
2980 4534 3080 4604 ipsi
3110 4534 3560 4605 conjectaveraut,
3584 4548 3705 4589 eum
3736 4539 3890 4592 audi:

2287 4638 2401 4683 rent
2433 4626 2633 4696 Ioseph
2664 4626 2932 4681 somnium
2974 4633 3316 4689 narrantem,
3345 4624 3648 4695 implerent.
3674 4626 3728 4682 5.
3784 4626 3895 4683 De-

2287 4721 2587 4774 scenclcrunt
2606 4718 2773 4782 enim,
2802 4716 2993 4786 inquit,
3021 4714 3193 4771 decem
3222 4719 3427 4787 fratres,
3455 4716 3508 4771 4.
3539 4726 3587 4771 rt
3612 4716 3897 4791 Benjmut'tt

2288 4825 2390 4864 non
2411 4816 2724 4877 acceperunt,
2749 4807 2836 4878 qui
2860 4816 2976 4863 erat
3001 4804 3162 4863 frater
3181 4804 3377 4875 loseph
3397 4821 3463 4861 ex
3483 4806 3670 4862 eadem
3693 4817 3894 4864 matre.

2290 4901 2497 4954 Dicebat
2525 4900 2657 4954 enim
2685 4909 2827 4968 pater
2855 4898 3001 4968 ejus:
3034 4895 3116 4950 Ne
3148 4899 3280 4969 forte
3317 4897 3512 4950 accidat
3538 4897 3584 4950 ei
3616 4897 3844 4971 languor
3878 4918 3896 4956 :

2291 5010 2513 5065 parcens
2541 5008 2729 5062 puero,
2762 5006 2827 5047 eo
2850 4990 2991 5059 quod
3020 4996 3178 5045 aetate
3204 4988 3486 5043 immatura
3524 4997 3659 5043 erat.
3694 4990 3747 5044 ϐ.
3797 4988 3895 5048 νιο-

2289 5094 2468 5142 nerunt
2497 5094 2663 5139 autcm
2684 5124 2699 5149 ,
2730 5093 2778 5137 et
2804 5081 3000 5151 Joseplt
3033 5081 3163 5136 sicut
3192 5080 3475 5149 principem
3505 5068 3730 5152 Ἐφυριί
3755 5083 3890 5136 ado-

2288 5186 2522 5233 ravrrunt
2548 5192 2700 5247 super
2720 5175 2903 5248 faciem
2929 5189 3074 5227 suam
3098 5173 3150 5226 in
3183 5180 3338 5227 terra.
3372 5171 3437 5226 Et
3462 5187 3603 5228 nunc
3630 5172 3889 5243 ignoran-

2289 5278 2370 5325 tes
2408 5265 2622 5338 quidem
2672 5265 2787 5321 haec
2815 5264 2995 5319 omnia
3043 5262 3263 5318 faciunt.
3310 5261 3443 5317 Nam
3490 5262 3614 5330 quia
3661 5266 3891 5322 multum

2293 5358 2544 5426 temporis
2574 5358 2969 5416 intercesserat,
2994 5352 3182 5408 faciem
3206 5350 3385 5407 fratris
3405 5367 3509 5406 non
3532 5367 3887 5423 agnoverunt.

2291 5447 2587 5503 Verisimile
2619 5447 2760 5501 enim
2788 5454 2889 5510 est,
2918 5444 3168 5513 juvenem
3198 5443 3349 5507 olim,
3378 5458 3518 5498 nunc
3549 5444 3891 5501 immutatum

2291 5542 2457 5596 forma
2503 5539 2687 5596 fuisse.
2728 5537 2895 5607 quue
2935 5545 3105 5593 totum
3145 5537 3340 5604 opinor
3382 5536 3577 5591 divina:
3605 5537 3888 5607 dispensa-

2293 5635 2452 5689 timiis
2480 5632 2662 5697 fuisse,
2697 5633 2765 5685 ila
2801 5639 2853 5685 ut
2881 5646 2985 5685 non
3018 5630 3287 5701 potuerint
3311 5628 3393 5685 vel
3415 5643 3481 5684 ex
3508 5644 3781 5690 sermone.
3813 5635 3893 5686 vel

2290 5743 2354 5783 ex
2383 5737 2601 5795 aspectu
2630 5725 2845 5780 fratrem
2869 5738 3179 5793 agnoscere.
3210 5720 3360 5778 Unde
3386 5723 3527 5777 enim
3558 5739 3812 5794 umquam
3846 5722 3893 5778 ἷκε

2293 5819 2426 5872 hanc
2447 5817 2753 5889 opinionem
2776 5816 3084 5871 venissent?
3108 5814 3315 5871 Etenim
3342 5815 3592 5885 putabant
3612 5832 3737 5871 cant
3760 5818 3892 5888 apud
