4086 6432
211 507 512 565 istimelitas
538 503 737 560 factum
764 511 999 562 servum,
1028 491 1338 560 servireque
1360 485 1503 558 apud
1533 484 1811 550 barbaros,

211 599 356 655 unde
395 597 526 652 nihil
552 595 728 652 simile
755 591 861 648 illis
881 588 966 645 vel
997 587 1050 641 in
1081 591 1316 640 mentem
1346 580 1529 635 venire
1559 583 1768 648 poterat
1795 590 1811 638 ;

209 699 269 746 et
295 703 404 744 non
425 691 759 757 agnoverunt
775 677 998 748 Ioseph.
1031 675 1151 746 Ipse
1175 685 1306 728 vero
1340 668 1518 725 statim
1545 675 1604 722 ut
1634 665 1810 757 vidit,

206 779 427 850 agnovit
451 756 546 834 eos
573 792 588 830 :
617 783 672 831 et
713 780 772 828 ut
817 770 1155 841 ignoraretur
1182 762 1424 827 studuit,
1470 773 1535 813 ac
1577 771 1700 811 cum
1736 756 1815 810 eis

205 847 362 940 quasi
380 883 504 923 cum
555 865 745 921 alienis
789 875 949 932 agere
975 856 1166 913 voluit.
1195 856 1248 910 7.
1295 850 1624 940 unum:
1666 847 1812 940 enim

203 939 262 1014 ,ε
279 959 346 1013 σι
372 958 444 1013 eis
461 998 479 1025 ,
521 965 570 1010 et
599 955 834 1025 loquutus
861 961 934 1006 est
965 949 1038 1005 eis
1066 948 1237 1010 dura;
1264 953 1312 999 et
1341 944 1471 996 dixit
1497 957 1518 995 .-
1552 939 1702 996 Unde
1727 953 1816 992 oe-

209 1049 399 1105 nistist
437 1047 666 1104 Simulat
695 1039 1060 1100 omnimodam
1106 1034 1457 1107 ignorantiam
1479 1072 1496 1099 ,
1539 1040 1600 1086 ut
1636 1027 1816 1085 omnia

205 1139 498 1212 diligenter
516 1137 584 1192 ab
603 1137 682 1191 eis
707 1135 916 1190 discere
935 1138 1116 1201 queat.
1143 1123 1494 1183 Desiderabat
1512 1121 1656 1178 enim
1677 1120 1816 1176 scire

205 1244 328 1300 quae
356 1227 425 1282 ad
455 1235 661 1298 patrem
691 1221 837 1279 et.ad
864 1219 1081 1276 fratrem
1111 1216 1444 1288 spectabant.

276 1319 335 1374 2.
365 1319 434 1375 Et
459 1320 689 1389 primum
715 1313 906 1386 qurerit
930 1327 996 1368 ex
1026 1325 1131 1381 qua
1157 1309 1376 1379 regione
1394 1306 1525 1372 sint,
1552 1313 1605 1360 et
1629 1303 1818 1358 dicunt

204 1427 277 1468 ex
297 1411 554 1468 Chanaan
581 1424 641 1464 se
667 1407 878 1462 venisse
904 1413 963 1458 ut
1005 1409 1249 1458 emerent
1277 1399 1560 1452 frumenta.
1593 1393 1772 1450 Famis
1795 1433 1812 1459 ,

205 1503 479 1575 inquiunt,
511 1498 803 1556 necessitas
827 1496 880 1551 in
905 1507 1068 1552 causa
1088 1500 1172 1548 est
1193 1504 1365 1561 quare
1383 1487 1434 1542 id
1463 1485 1669 1542 itineris
1688 1500 1825 1541 con—

204 1594 473 1660 fecimus,
505 1600 560 1646 et
587 1599 872 1660 propterea
902 1585 1104 1642 relictis
1151 1581 1381 1653 propriis
1409 1579 1514 1635 huc
1548 1578 1812 1634 venimus.

203 1684 262 1740 9.
295 1682 367 1738 Et
391 1681 691 1737 recordatus
718 1687 790 1734 est
809 1719 825 1745 ,
857 1676 1028 1747 inquit
1057 1715 1075 1742 ,
1117 1672 1312 1742 Joseplt
1356 1671 1666 1725 somniorum
1704 1684 1818 1740 qua

202 1777 315 1845 ipse
337 1773 553 1830 uiderat.
579 1772 641 1828 ln
661 1779 896 1827 mentem
914 1775 1176 1823 venerunt
1197 1765 1245 1820 ei
1273 1763 1502 1828 somnia,
1530 1771 1585 1816 et
1607 1761 1819 1817 videbat

205 1867 429 1924 evenire
453 1880 516 1922 ea
536 1907 553 1931 ,
589 1865 815 1934 ideoque
845 1859 1061 1916 volebat
1081 1858 1362 1928 diligenter
1386 1855 1565 1909 omnia
1587 1855 1818 1923 discere,

205 1967 263 2013 et
292 1972 486 2028 magna
535 1971 658 2011 cum
700 1952 1014 2008 austeritate
1051 1950 1133 2006 eis
1177 1947 1468 2019 respondet
1492 1987 1507 2010 ,
1533 1961 1599 2001 ac
1641 1946 1814 2003 dicit:

204 2047 576 2120 Exploratores
602 2046 741 2112 estis,
761 2053 807 2099 et
833 2043 902 2098 ad
925 2039 1299 2097 consideranda
1320 2038 1528 2110 vestigia
1549 2047 1699 2091 teme
1728 2052 1814 2091 ee-

206 2139 376 2196 uistis.
411 2137 528 2193 Non
556 2145 722 2201 recta,
754 2134 963 2206 inquit,
995 2140 1176 2187 mente
1200 2129 1510 2185 advenistis.
1553 2126 1816 2183 Videmini

204 2236 324 2284 arte
367 2234 426 2283 et
453 2225 780 2297 malignitate
819 2222 1050 2294 quadam
1093 2220 1199 2276 huc
1239 2219 1479 2290 profecti.
1512 2217 1588 2272 Illi
1637 2226 1817 2272 autem

206 2319 352 2376 anxii
380 2319 629 2373 dixerunt
655 2333 672 2372 :
702 2316 790 2374 lo.
823 2313 944 2370 Non
966 2354 981 2378 ,
1014 2313 1237 2368 domine.
1267 2311 1333 2366 Et
1361 2310 1414 2365 id
1446 2309 1588 2380 quod
1610 2309 1820 2364 discere

209 2409 465 2467 studebat
488 2407 708 2478 Joseph,
737 2407 840 2463 hoc
865 2422 894 2459 a
915 2403 1220 2474 semetipsis
1241 2401 1475 2466 docent,
1507 2409 1563 2456 et
1588 2400 1772 2456 dicunt
1800 2417 1814 2452 :

209 2498 358 2557 Servi
403 2500 479 2553 tui
515 2499 742 2554 venimus
765 2537 784 2566 ,
827 2505 883 2551 ut
929 2510 1157 2550 eruamus
1201 2492 1470 2548 escas.ll.
1505 2489 1696 2544 Omnes
1719 2490 1818 2559 ﬁlii

208 2605 389 2646 saluus
409 2589 559 2644 unius
587 2584 684 2643 at?!
706 2629 722 2652 ,
752 2585 955 2657 pacifici
973 2600 1180 2651 sumus,
1209 2599 1311 2637 non
1331 2590 1448 2636 sunt
1468 2581 1598 2635 servi
1634 2581 1704 2634 tui
1732 2594 1818 2633 ea:-

209 2682 521 2755 ptoratores.
559 2678 749 2735 Adhuc
776 2677 846 2734 de
869 2677 1062 2748 seipsis
1091 2683 1296 2730 tantum
1336 2673 1596 2728 rationem
1627 2669 1819 2726 redde-

207 2775 376 2838 bant.
403 2783 458 2830 et
489 2788 596 2844 pra:
623 2774 816 2827 timore
845 2769 1056 2826 attoniti
1097 2775 1308 2832 mente,
1346 2764 1580 2819 nondum
1611 2779 1728 2834 qua:
1751 2761 1822 2819 ad

208 2863 411 2936 Ioseph
458 2863 798 2936 pertinebant
823 2903 838 2927 ,
879 2859 1125 2916 dixerant
1153 2875 1167 2912 :
1197 2856 1318 2912 ideo
1345 2856 1434 2910 ille
1461 2868 1818 2925 perseverans

208 2957 426 3015 dicebat
455 2975 470 3012 :
501 2957 585 3013 12.
613 2955 754 3020 Non,
783 2953 872 3009 sed
897 2952 1102 3008 venistis
1131 2959 1187 3005 ut
1220 2949 1430 3020 vestigia
1461 2957 1612 3002 terra:
1638 2947 1821 3016 explo-

208 3049 354 3105 retis.
400 3048 775 3117 Supervacue,
809 3043 1011 3114 inquit,
1060 3040 1177 3097 haec
1206 3038 1338 3095 mihi
1374 3038 1551 3093 dicités
1579 3056 1595 3093 :
1623 3037 1822 3093 etenim

209 3137 300 3196 vel
323 3138 440 3209 ipsa
464 3136 728 3192 adventus
753 3133 916 3190 vestri
941 3132 1080 3188 ratio
1104 3129 1364 3192 declarat,
1398 3143 1493 3184 vos
1522 3128 1664 3182 malo
1689 3141 1824 3197 quo-

213 3227 343 3287 dam
375 3228 649 3301 proposito
680 3235 856 3282 motos
887 3225 992 3281 huc
1030 3224 1264 3279 venisse.
1299 3221 1380 3277 llli
1419 3230 1596 3276 autem
1631 3235 1818 3276 neces-

214 3319 376 3376 sitate
403 3319 572 3374 coacti
597 3360 614 3385 ,
644 3326 700 3373 et
728 3317 976 3372 volentes
1003 3329 1127 3371 eum
1157 3312 1224 3367 ad
1251 3309 1676 3368 misericordiam
1720 3310 1791 3364 lle

215 3419 366 3468 etere
393 3409 580 3465 dicunt
607 3427 620 3462 :
647 3410 734 3464 15.
767 3407 1044 3461 Duodecim
1083 3420 1263 3460 sumus
1289 3403 1473 3474 fratres
1499 3402 1634 3456 servi
1659 3401 1750 3454 tui.
1779 3399 1825 3456 0

216 3500 508 3558 verborum
537 3496 946 3568 deceptioneml
982 3495 1156 3549 Etiam
1183 3507 1309 3549 eum
1337 3507 1498 3562 quem
1526 3491 1824 3561 negotiato-

216 3589 371 3646 ribus
396 3588 786 3655 vendiderant,
838 3587 892 3642 in
941 3599 1168 3640 numero
1211 3597 1312 3638 suo
1352 3589 1680 3638 recensent:
1725 3594 1828 3637 nec

217 3679 454 3738 dicunt:
499 3678 788 3734 Duodecim
840 3676 1041 3733 fuimus
1069 3716 1086 3742 ,
1136 3672 1230 3730 sed
1257 3713 1272 3739 ,
1324 3672 1608 3727 Duodecim
1650 3685 1832 3726 sumus

220 3773 429 3843 fratres,
457 3777 504 3823 et
529 3782 642 3823 ecce
651 3767 838 3838 junior
860 3782 976 3819 cum
1000 3774 1144 3835 patre
1180 3772 1376 3817 nostra.
1407 3761 1518 3817 Hoc
1545 3761 1688 3817 enim
1711 3768 1829 3816 erat

218 3859 366 3932 quod
395 3860 533 3915 scire
561 3856 830 3928 cupiebat,
859 3870 986 3909 num
1009 3864 1063 3910 et
1091 3853 1309 3909 fratrem
1336 3851 1581 3907 similiter
1608 3849 1829 3904 amisis-

219 3959 365 4008 sent.
396 3947 465 4002 Et
490 3964 600 4002 ecce
616 3947 796 4019 junior
821 3961 935 3999 eum
961 3957 1106 4016 patre
1133 3953 1307 3998 nostro
1332 3957 1352 4006 ,°
1377 3941 1512 3995 alius
1536 3950 1704 3995 autem
1725 3954 1830 3994 non

223 4048 475 4111 superest.
507 4038 615 4092 Nec
643 4037 828 4092 dicunt
858 4050 972 4091 rem
1004 4033 1304 4099 manifeste,
1333 4032 1426 4088 sed
1450 4041 1676 4098 tantum,
1705 4028 1828 4096 Non

218 4139 467 4202 superest.
500 4128 575 4184 Ex
609 4129 709 4182 hoc
735 4143 855 4183 cum
899 4126 1260 4196 suspicaretur
1282 4166 1298 4191 ,
1327 4139 1396 4179 ne
1423 4121 1561 4178 forte
1601 4133 1654 4180 et
1687 4122 1827 4176 Ben-

216 4221 392 4290 iamin
420 4222 576 4275 simili
608 4221 769 4276 modo
813 4219 1153 4282 adecissent,
1187 4219 1278 4272 H.
1325 4215 1440 4270 Hoc
1473 4225 1586 4281 est,
1620 4214 1829 4284 inquit,

220 4315 361 4386 quod
383 4313 492 4368 dixi
513 4313 670 4378 vobis,
694 4312 830 4382 quod
849 4311 1194 4382 exploratores
1215 4309 1346 4364 sitis.
1373 4309 1460 4362 15.
1489 4305 1831 4376 Nequaquam

225 4405 348 4460 hinc
377 4408 509 4460 enim
537 4404 761 4464 exibitis.
791 4417 1053 4473 quousque
1079 4405 1238 4472 frater
1265 4409 1423 4454 vester
1444 4397 1628 4469 junior
1649 4396 1834 4449 emerit

224 4497 348 4551 huc.
382 4493 536 4550 Illum
563 4494 747 4550 videre
786 4492 945 4558 volo;
972 4491 1130 4561 cupio
1156 4490 1338 4546 videre
1364 4504 1487 4543 cum
1518 4487 1609 4557 qui
1637 4501 1700 4541 es
1738 4499 1836 4538 eo-

228 4585 359 4641 dem
390 4593 545 4640 utero
575 4591 730 4637 natus
768 4591 889 4637 cst:
919 4583 1164 4649 suspicor
1192 4580 1336 4634 enim
1376 4595 1442 4632 ex
1482 4578 1564 4633 his
1598 4593 1715 4646 qua:
1744 4591 1774 4629 a
1797 4575 1839 4627 l-

227 4689 428 4731 versus
472 4687 559 4728 me
605 4673 830 4743 egistis,
875 4679 1112 4726 mentem
1158 4679 1390 4724 vestram
1441 4668 1676 4723 fraterno
1715 4666 1839 4720 odio

230 4761 503 4821 laborare.
538 4763 593 4819 Si
622 4763 783 4834 igitur
805 4760 965 4816 vultis
983 4801 999 4827 ,
1031 4759 1116 4816 16.
1161 4759 1348 4814 Mittite
1381 4775 1540 4812 unum
1570 4773 1633 4811 ea:
1658 4758 1826 4824 vobis,

225 4865 280 4912 et
305 4855 547 4910 adducite
565 4871 680 4910 eum
711 4871 729 4909 :
753 4869 847 4910 vos
873 4865 1052 4909 autem
1082 4861 1292 4907 manete
1319 4852 1370 4906 in
1403 4867 1638 4917 carcere,
1665 4851 1840 4907 donec

229 4943 320 5000 ille
348 4945 578 5001 venerit.
619 4945 713 5000 ille
755 4945 898 5000 enim
941 4959 1063 4999 cum
1107 4942 1425 5007 advenerit,
1454 4942 1671 4997 docebit
1711 4957 1838 4996 num

230 5051 358 5095 vera
375 5036 480 5092 sint
497 5052 616 5108 qua:
627 5035 882 5102 dicitis,et
897 5035 1142 5090 liberabit
1158 5049 1250 5089 vos
1269 5032 1338 5087 ab
1353 5035 1498 5087 omni
1515 5033 1839 5104 suspicione.

231 5126 367 5184 Nam
392 5127 435 5182 si
465 5126 568 5182 hoc
597 5141 705 5182 non
737 5125 930 5191 fuerit,
961 5124 1300 5180 manifestum
1329 5132 1414 5179 est
1453 5138 1550 5178 vos
1580 5123 1832 5192 explora-

233 5226 382 5272 tores
410 5230 548 5277 esse.
574 5225 630 5271 et
657 5225 938 5286 propterea
970 5214 1073 5268 huc
1099 5215 1329 5270 venisse.
1365 5213 1431 5267 Et
1463 5213 1563 5268 hoc
1596 5228 1719 5268 cum
1750 5213 1835 5268 di-

233 5306 424 5370 xisset,
441 5306 528 5362 17.
550 5305 731 5362 Posuit
750 5323 836 5360 eos
858 5307 908 5359 in
925 5321 1147 5362 carcere.
1166 5305 1298 5359 Vide
1318 5304 1588 5375 quomodo
1605 5304 1841 5374 ipsorum

240 5396 428 5469 probat
454 5395 711 5461 animum,
734 5406 788 5452 et
814 5412 909 5466 per
937 5411 997 5450 ea
1019 5411 1137 5466 qua:
1160 5395 1212 5450 in
1243 5396 1364 5450 illos
1391 5396 1516 5466 agit,
1542 5411 1692 5450 suam
1714 5411 1839 5466 erga

237 5485 458 5540 fratrem
487 5485 728 5542 declarat
754 5487 1202 5542 benevolentiam.
1242 5485 1366 5541 Post
1394 5495 1493 5541 tres
1532 5498 1702 5540 autem
1735 5488 1843 5542 dies

236 5579 427 5630 vocatis
464 5577 591 5642 illis,
614 5578 744 5631 dixit
779 5595 798 5632 :
828 5578 915 5634 18.
963 5577 1076 5632 Hoc
1107 5580 1292 5650 facite,
1335 5587 1381 5633 et
1423 5579 1593 5632 eiectis
1635 5577 1844 5632 :Demn

228 5667 370 5722 cuius
390 5683 482 5738 ego
508 5670 678 5723 timeo.
709 5669 794 5724 19.
836 5669 897 5725 Si
925 5670 1129 5738 paciﬁci
1161 5670 1277 5723 estis
1299 5710 1313 5734 ,
1345 5685 1478 5723 unus
1506 5668 1726 5737 fratrum
1753 5685 1838 5722 re-

222 5783 236 5812 .-
258 5769 461 5813 trorum
514 5759 796 5815 detineatur
867 5763 947 5816 hic
1001 5762 1055 5816 in
1101 5777 1344 5830 carcere,
1379 5776 1465 5815 t-os
1499 5770 1666 5814 autem
1726 5777 1846 5830 pro-

1257 375 1324 434 IN
1360 374 1515 433 CAP.
1546 370 1706 429 XLII.
1737 367 1987 427 GENIS.
2029 364 2257 424 1101111..
2299 364 2484 422 LXIV.

3421 360 3529 419 350

1927 480 2254 551 ficiscimini;
2296 489 2345 534 et
2401 479 2596 535 asehite
2645 477 2952 550 emptionem
2991 470 3398 543 frumentatiouis
3440 485 3527 523 oe-

1920 581 2059 636 σιω,
2085 570 2177 626 20.
2205 580 2252 624 et
2274 573 2482 643 fratrem
2502 580 2727 626 vestrum
2744 569 3010 641 juniorent
3037 568 3205 623 ducite
3241 567 3313 620 ad
3337 581 3416 620 me
3438 603 3456 630 ,
3484 572 3535 618 et

1919 653 2180 709 credibilia
2200 663 2348 709 erunt
2363 653 2510 709 verba
2532 663 2692 709 vestra
2719 669 2738 708 :
2764 653 2901 722 quod
2951 649 2998 704 si
3053 652 3231 708 minus
3254 686 3273 716 ο
3330 646 3533 703 morie-

1995 827 2318 886 Conscientia
2357 828 2568 883 damnat
2609 829 2865 884 conscium
2897 825 3104 896 peccati.
3136 820 3528 878 -Considem

1925 922 2307 993 sagacitatem:
2343 920 2540 977 Veiens
2576 934 2726 975 suam
2775 930 2901 989 erga
2935 916 3057 972 illos
3096 913 3528 971 benevolentiam

1924 1011 2219 1077 declarare,
2262 1021 2316 1068 et
2353 1011 2514 1082 patris
2563 1009 2836 1081 penuriam
2881 1004 3377 1075 consolari,deque
3425 1003 3530 1055 fra-

1926 1111 2007 1158 tre
2053 1105 2328 1158 veritatem
2391 1102 2601 1158 discere
2630 1140 2645 1167 ,
2695 1114 2802 1155 uno
2865 1107 3110 1162 retento,
3160 1096 3298 1151 alios
3377 1094 3527 1149 abire

1919 1191 2102 1262 jussit.
2148 1193 2253 1250 Sed
2326 1193 2450 1248 vide
2512 1207 2657 1248 nunc
2705 1189 2976 1262 quomodo
3040 1187 3366 1244 conscientia
3425 1198 3524 1242 eo-

1924 1302 2042 1342 rum
2073 1328 2086 1349 ,
2117 1287 2454 1356 incorruptus
2499 1285 2588 1340 ille
2611 1283 2796 1354 iudex,
2827 1281 3082 1338 adversus
3108 1294 3208 1334 eos
3247 1279 3524 1347 insurgat,

1923 1386 1978 1432 et
2008 1377 2152 1431 nullo
2174 1386 2429 1446 argnente
2451 1417 2466 1439 ,
2495 1375 2576 1430 vel
2605 1375 2656 1429 in
2685 1371 2918 1427 medium
2941 1370 3213 1440 quidpiam
3242 1368 3522 1427 adurente.

1925 1467 2025 1539 ipsi
2052 1468 2132 1522 sui
2158 1468 2395 1538 ipsorum
2423 1476 2762 1522 accu-atores
2793 1463 2941 1518 liant.
2972 1461 3113 1516 Dixit
3138 1460 3305 1527 enim,
3329 1458 3520 1528 inquit,

1924 1557 2268 1629 unusquisque
2293 1557 2363 1610 ad
2393 1559 2600 1627 fratrem
2627 1571 2774 1610 suum
2803 1595 2819 1620 ,
2849 1554 2940 1609 21.
2973 1552 3158 1606 Μετὶιο
3183 1567 3204 1606 :
3227 1551 3278 1604 in
3305 1551 3525 1622 peccatis

1924 1647 2058 1702 enim
2084 1633 2260 1702 sumus
2289 1655 2494 1717 propter
2519 1651 2729 1718 fratrem
2759 1655 2988 1700 nostrum
3005 1684 3021 1710 ,
3052 1642 3173 1713 quia
3199 1640 3525 1710 despeximus

1921 1739 2240 1811 afﬂictionem
2279 1740 2464 1793 anima
2491 1739 2630 1804 eius,
2661 1737 2865 1806 quando
2893 1734 3257 1806 deprecabatur
3304 1747 3431 1798 nos,
3476 1740 3526 1785 et

1924 1845 2026 1886 non
2061 1830 2408 1885 exaudiuitnus
2443 1845 2595 1896 eum;
2637 1838 2844 1898 propter
2892 1826 2988 1881 Itoc
3039 1825 3173 1879 venit
3221 1839 3377 1896 super
3426 1839 3522 1878 nos

1923 1922 2088 1978 omnis
2139 1923 2342 1994 amictio
2384 1923 2511 1977 haec.
2569 1922 2640 1976 lta
2680 1922 2824 1976 enim
2870 1935 2929 1977 se
2985 1918 3147 1976 habet
3197 1925 3519 1990 peccatum;

1923 2011 2136 2082 quando
2175 2020 2602 2068 consummatum
2632 2020 2715 2068 est
2742 2019 2797 2066 et
2823 2024 2989 2080 opere
3029 2007 3327 2079 perfecturus
3348 2049 3363 2072 ,
3398 2015 3524 2062 tunc

1923 2117 2035 2158 sua:
2063 2103 2407 2158 absurditatis
2434 2101 2669 2157 ostendit
2695 2091 3001 2158 excessum.
3044 2099 3110 2157 Et
3152 2098 3292 2154 sicut
3317 2098 3522 2164 ebrius,

1922 2194 2140 2265 quando
2166 2195 2334 2250 multo
2354 2194 2481 2249 vino
2506 2209 2566 2250 se
2594 2193 2903 2264 ingurgitat,
2928 2191 3131 2248 nullum
3158 2189 3322 2245 sentit
3345 2203 3375 2242 a
3397 2189 3525 2244 vino

1923 2283 2178 2340 damnum
2201 2327 2216 2350 ,
2250 2294 2436 2355 postea
2459 2294 2636 2340 autem
2676 2285 2840 2339 sentit
2864 2283 3234 2353 experimento
3263 2289 3522 2352 quantum

1923 2374 1993 2431 sit
2014 2375 2425 2432 detrimentum:
2446 2377 2513 2430 ita
2531 2385 2584 2430 et
2605 2384 2900 2444 peccatum,
2913 2374 3086 2429 donec
3101 2379 3523 2436 consummetur,

1924 2469 2239 2526 obtenebrat
2258 2478 2512 2535 mentem,
2530 2477 2582 2523 ct
2609 2467 2760 2538 quasi
2784 2467 2949 2523 densa
2976 2465 3164 2532 nubes,
3195 2464 3265 2519 ita
3290 2473 3524 2518 mentem

1924 2571 2161 2619 excamat
2183 2580 2197 2616 :
2216 2561 2415 2620 deinde
2439 2562 2767 2618 conscientia
2795 2561 3038 2631 insurgit,
3067 2568 3122 2615 et
3148 2559 3338 2630 quovis
3367 2572 3525 2612 accu-

1923 2663 2104 2712 satore
2133 2665 2366 2711 mentem
2408 2653 2622 2726 gravius
2650 2652 2851 2708 arrodit
2875 2694 2891 2717 ,
2923 2660 3228 2706 monstrans
3271 2649 3522 2705 absurdi-

1927 2755 2089 2803 tatcm
2117 2745 2260 2802 facti.
2292 2746 2578 2801 Enimvero
2609 2743 2729 2799 vide
2755 2757 2896 2798 nunc
2933 2741 3033 2797 hos
3072 2743 3123 2796 in
3170 2741 3369 2811 peccati
3397 2755 3524 2796 sen-

1926 2852 2046 2894 sum
2072 2838 2382 2904 venientes;
2408 2846 2459 2892 et
2493 2851 2616 2892 cum
2640 2835 2707 2890 de
2732 2849 2940 2891 summa
2986 2831 3175 2888 salutis
3225 2830 3524 2902 periculum

1926 2932 2225 2987 immineret
2253 2973 2268 2999 ,
2301 2939 2426 2986 tunc
2461 2929 2676 2985 tandem
2721 2928 3040 2985 conﬁtentes
3083 2942 3204 2998 quae
3248 2925 3521 2990 fecerant,

1923 3030 1977 3077 et
2004 3020 2264 3086 dicentes,
2296 3019 2482 3075 Merito
2503 3020 2520 3049 ¹
2553 3037 2568 3072 :
2594 3023 2650 3073 in
2689 3019 2907 3088 peccatis
2949 3017 3084 3072 enim
3108 3032 3287 3074 sumus
3315 3026 3521 3088 propter

1924 3112 2134 3182 fratrem
2150 3120 2397 3176 nostrum,
2412 3110 2652 3181 quoniam
2675 3108 2996 3176 dapeximus
3010 3106 3327 3176 afﬂictionem
3341 3108 3528 3162 anima

1924 3204 2055 3258 eius.
2086 3200 2202 3256 Non
2231 3200 2472 3270 fortuito,
2503 3214 2677 3270 neque
2696 3199 2811 3254 sine
2838 3212 2998 3258 causa
3026 3196 3140 3250 hzec
3174 3195 3523 3260 sustinemus,

1924 3293 2018 3349 sed
2041 3293 2184 3363 juste
2211 3293 2432 3349 etvalde
2457 3293 2599 3363 jnstc
2617 3306 2802 3360 ptenas
2817 3290 3015 3345 luimus
3039 3287 3442 3345 inbuinanitatis
3473 3297 3528 3342 et

1925 3385 2254 3442 crudelitatis
2278 3400 2438 3456 quam
2465 3399 2591 3454 erga
2623 3381 2840 3437 fratrem
2871 3391 3112 3436 nostrum
3138 3379 3519 3444 exhibuimus;

1931 3478 2184 3546 Quoniam
2222 3478 2543 3548 despeximus
2587 3474 2903 3546 aﬂiictionem
2933 3475 3117 3527 anima:
3144 3473 3286 3542 ejus,
3317 3470 3524 3541 quando

1927 3574 2292 3643 deprecabatur
2343 3587 2435 3627 nos
2459 3613 2474 3638 ,
2505 3579 2550 3625 et
2575 3585 2675 3623 non
2726 3567 3011 3620 audivimus
3038 3581 3173 3620 eum.
3220 3563 3484 3632 Quoniam
3509 3603 3524 3629 ,

1930 3665 2132 3736 inquit,
2184 3665 2386 3733 absque
2434 3659 2901 3717 commiseratione
2949 3657 3144 3712 fuimus
3168 3698 3185 3723 ,
3215 3664 3270 3712 et
3299 3655 3524 3711 multant

1929 3755 2271 3812 exhibuimus
2312 3752 2678 3808 crudelitatem
2695 3792 2710 3814 .
2738 3758 3017 3820 propterea
3046 3763 3189 3803 nunc
3217 3761 3314 3804 nos
3337 3746 3526 3804 eadem

1929 3847 2260 3916 expcrimur,
2295 3853 2350 3899 et
2371 3842 2588 3897 Praeter
2615 3845 2706 3897 hoc
2737 3842 2866 3896 venit
2932 3839 3148 3910 afflictio
3202 3839 3313 3894 htec
3368 3850 3526 3905 super

1926 3947 2050 4080 misi.
2078 4021 2145 4078 Et
2164 4020 2280 4077 huic
2302 4018 2518 4091 quidem
2545 4017 2620 4072 illi
2649 4017 2788 4071 inter
2807 4028 2866 4068 se
2890 4012 3244 4073 disserebant,
3275 4022 3524 4081 putantes

1928 4115 2061 4170 nihil
2105 4112 2296 4168 horum
2324 4110 2511 4165 audire
2537 4107 2852 4176 Josephunt.
2883 4103 3013 4158 Nam
3047 4103 3195 4172 quasi
3239 4103 3522 4172 ignorans,

1927 4217 1980 4264 et
2008 4206 2255 4261 nesciens
2283 4218 2468 4257 eorum
2516 4201 2784 4270 linguam,
2835 4211 2931 4266 per
2965 4196 3306 4264 interpretem
3339 4193 3526 4263 loque-

1929 4299 2086 4354 batur
2119 4297 2232 4363 eis,
2263 4295 2350 4365 qui
2381 4309 2444 4349 ea
2474 4307 2594 4363 qua:
2621 4290 2695 4345 illi
2722 4288 3098 4358 loquebantur,
3130 4296 3183 4341 et
3204 4300 3266 4340 ea
3292 4300 3412 4355 qua:
3439 4285 3528 4339 ille

1928 4390 2036 4454 tis,
2070 4390 2382 4458 explicaret.
2413 4384 2504 4440 22.
2547 4382 2771 4436 Audiens
2811 4389 2978 4433 autem
3012 4380 3119 4432 Itan:
3166 4377 3373 4440 Ruben,
3402 4376 3531 4430 dixit

1929 4484 2000 4536 eis
2025 4498 2043 4536 :
2071 4480 2257 4535 Nonne
2281 4479 2518 4546 loquutus
2550 4490 2662 4529 sum
2690 4471 2829 4526 vobis
2854 4471 3024 4523 dicens
3050 4483 3071 4522 :
3100 4467 3183 4521 Ne
3205 4468 3395 4538 injuria
3419 4467 3529 4537 affi-

1929 4573 2077 4626 ciatis
2115 4585 2348 4642 puerum,
2378 4577 2423 4622 et
2453 4582 2553 4620 non
2577 4563 2855 4618 exaudistis
2886 4560 3008 4613 me?
3060 4557 3124 4612 Et
3169 4575 3283 4613 ecce
3316 4558 3526 4628 sanguis

1931 4664 2042 4735 ejus
2091 4661 2390 4735 exquiritur.
2441 4655 2629 4712 Nonne
2673 4665 2833 4720 tunc,
2895 4652 3095 4722 inquit,
3149 4650 3527 4715 consulebam,

1935 4769 2114 4808 nonne
2189 4749 2570 4814 obsecrabam,
2631 4761 2698 4800 ne
2764 4743 2907 4813 quod
2959 4751 3234 4812 peccatum
3292 4741 3343 4795 in
3409 4756 3531 4794 eum

1935 4842 2335 4900 admitteretis?
2390 4841 2678 4910 PrOptcrca
2723 4851 2863 4890 nunc
2913 4834 3137 4906 Sanguis
3188 4833 3299 4905 ejus
3356 4835 3533 4903 exqui-

1934 4943 2084 4995 ritur.
2137 4938 2270 4995 Nam
2316 4944 2573 5006 quantum
2613 4931 2678 4986 ad
2743 4930 3074 5000 propositum
3118 4935 3393 4991 vestrum,
3445 4942 3536 4980 nc-

1935 5031 2140 5088 cidistis
2187 5046 2201 5082 :
2251 5027 2377 5083 licet
2441 5025 2585 5079 enim
2654 5037 2759 5075 non
2827 5035 2922 5090 per
2988 5017 3231 5088 jugulum
3300 5015 3536 5086 gladium

1939 5119 2342 5178 transmiseritis
2365 5158 2382 5184 ,
2414 5113 2656 5171 barbaris
2684 5123 2861 5168 tamen
2893 5109 3018 5164 viris
3047 5124 3170 5162 eum
3201 5106 3535 5169 vcndidistis,

1937 5225 1990 5273 et
2017 5222 2190 5269 morte
2215 5209 2572 5267 difficiliorem
2599 5207 2649 5262 ei
2679 5203 2989 5259 servitutem
3021 5199 3392 5270 excogitastis:
3419 5195 3539 5251 ideo

1940 5321 2083 5363 nunc
2126 5303 2354 5373 Sanguis
2396 5300 2506 5370 ejus
2541 5296 2837 5366 exquiritur.
2889 5289 3073 5361 Cogita
3121 5299 3377 5360 quantum
3412 5289 3539 5341 sita

1938 5397 2263 5456 conscientia
2293 5408 2388 5450 sua
2416 5389 2654 5447 accusari
2681 5431 2696 5453 ,
2723 5387 3023 5455 babereque
3053 5391 3316 5455 perpetuo
3340 5397 3539 5452 urgen-

1943 5503 2046 5548 tem
2073 5499 2126 5545 et
2151 5489 2470 5543 clamantem
2498 5490 2862 5536 accusatorem
2880 5517 2894 5542 ,
2925 5485 2979 5531 et
3006 5475 3184 5531 scelus
3206 5487 3511 5529 commento

1941 5593 2168 5640 rantem.
2197 5579 2289 5634 25.
2321 5577 2388 5630 Et
2409 5583 2516 5631 hac
2536 5575 2696 5627 audiit
2731 5571 2933 5643 quidem
2970 5569 3194 5638 Joscplt,
3233 5567 3332 5636 ipsi
3376 5576 3544 5619 autem

1942 5676 2290 5737 nesciverunt,
2342 5685 2399 5723 eo
2445 5666 2581 5738 quod
2631 5667 2906 5734 interprete
2959 5669 3184 5714 uteretur
3225 5675 3245 5712 :
3295 5657 3391 5713 scd
3437 5674 3543 5713 nun

1945 5769 2080 5823 ultra
2108 5765 2249 5820 ferre
2277 5761 2478 5834 potuit,
2508 5759 2745 5814 fraterna
2776 5765 2961 5810 natura
2992 5760 3058 5806 ct.
3076 5749 3545 5806 commiseratione
