4086 6432
539 499 728 571 ipsum
749 504 1020 567 urguente.
1048 494 1137 549 24.
1172 491 1236 546 Et
1261 507 1482 556 aversus,
1513 490 1714 559 inquit,
1745 488 1804 542 ab
1851 487 1942 552 eis,
1967 486 2100 559 ﬂevit
2119 526 2134 553 ,

544 601 739 648 utnon
767 585 1143 660 agnosceretur
1167 584 1236 639 ab
1265 585 1361 638 eis.
1397 581 1464 636 Et
1491 583 1670 636 iterum
1700 580 1907 635 accessit
1937 578 2003 633 ad
2031 593 2136 644 eos,

543 694 588 738 et
647 684 887 754 loquutus
928 688 1000 734 est
1046 679 1135 732 cis.
1185 675 1280 732 25.
1347 673 1425 728 Et“
1457 674 1648 744 accepit
1707 673 2045 744 Symeonem,
2093 678 2138 723 et

541 777 701 832 rinxit
729 791 843 830 sunt
873 788 1042 828 coram
1071 771 1163 825 eis.
1198 769 1327 823 Vide
1353 768 1621 836 quomodo
1645 765 1822 820 omnia
1849 764 2008 820 faciat
2033 778 2138 835 quo

541 869 765 925 incutiat
791 867 871 923 cis
897 874 1160 922 terrorem
1187 879 1202 928 ;
1226 872 1283 917 ut
1306 862 1551 917 videntes
1578 859 1788 914 vincula
1817 857 2099 930 Symeonis
2118 897 2133 924 ,

543 959 750 1030 indiciis
775 974 834 1014 se
865 957 1174 1028 proderent,
1206 969 1273 1010 an
1300 952 1480 1008 fratris
1509 952 1740 1022 aliquam
1783 950 2136 1007 commisera-

542 1051 744 1107 tionem
773 1050 1050 1105 haberent.
1105 1047 1229 1103 Haec
1255 1046 1395 1101 enim
1422 1043 1599 1100 omnia
1630 1043 1759 1099 facit
1787 1041 2018 1113 probans
2043 1054 2138 1097 eo—

543 1159 667 1198 rum
683 1153 938 1208 mentem,
961 1150 1014 1196 et
1027 1140 1163 1195 scire
1186 1138 1394 1204 volens,
1415 1152 1542 1192 num
1564 1145 1617 1192 et
1643 1143 1829 1192 contra
1853 1134 2134 1204 Benjamin

543 1235 676 1290 tales
702 1233 896 1288 fuerint
919 1249 932 1285 :
954 1239 1231 1301 propterea
1263 1240 1315 1285 et
1335 1228 1656 1300 Symeonem
1685 1241 1867 1281 coram
1895 1226 1975 1281 eis
2006 1225 2134 1280 vin-

535 1327 635 1383 ciri
657 1325 828 1395 jubet,
860 1331 917 1378 ut
942 1322 1225 1391 diligenter
1251 1335 1345 1376 eos
1366 1318 1575 1390 probet,
1599 1325 1653 1372 et
1674 1317 1804 1372 sciat
1826 1327 1950 1370 num
1976 1329 2134 1384 quam

540 1415 882 1472 dilectionem
910 1428 1037 1484 erga
1079 1412 1223 1466 illum
1262 1410 1537 1465 haberent.
1587 1406 1718 1461 Nam
1763 1403 2132 1460 misericordia

542 1512 594 1565 in
639 1509 791 1564 illum
837 1506 1096 1570 faciebat,
1142 1513 1199 1559 ut
1244 1504 1398 1558 citius
1439 1499 1714 1570 Benjamin
1758 1497 2129 1554 adducerent:

537 1604 682 1676 quod
713 1603 824 1657 fieri
857 1599 1067 1655 volebat
1087 1639 1101 1661 ,
1131 1604 1189 1651 ut
1211 1595 1440 1651 adventu
1471 1593 1650 1649 fratris
1689 1607 1910 1650 securus
1934 1590 2130 1648 redde-

539 1706 704 1753 retur.
729 1694 795 1750 Et
820 1689 1095 1752 mandarit,
1129 1689 1318 1759 inquit,
1345 1696 1401 1742 ut
1437 1686 1572 1742 sacci
1598 1702 1773 1741 eorum
1798 1685 2132 1757 implerentur

539 1791 808 1858 frumento,
829 1797 876 1842 et
897 1795 1222 1854 reponeretur
1251 1784 1463 1853 pecunia
1499 1784 1894 1853 uniuscujusque
1923 1781 1979 1834 in
2011 1796 2128 1835 sac-

535 1897 649 1936 cum
667 1896 834 1945 suum,
855 1889 900 1933 et
921 1879 1127 1932 daretur
1145 1876 1216 1932 eis
1243 1875 1478 1930 viaticum
1496 1875 1549 1928 in
1573 1873 1770 1928 itinere.
1798 1872 1891 1928 26.
1929 1870 1994 1926 Et
2014 1887 2132 1926 cum

537 1972 890 2043 imposuissent
923 1969 1081 2023 asinis
1114 1967 1240 2036 suis,
1271 1965 1520 2022 abierunt.
1565 1963 1698 2020 Vide
1718 1972 1912 2034 quanta
1934 1962 2132 2018 libera-

538 2061 688 2116 litate
708 2067 908 2126 utatur,
948 2058 1077 2114 dum
1129 2059 1290 2113 etiam
1341 2056 1522 2120 invitis
1566 2055 1645 2110 eis
1687 2054 1969 2123 benefacit,
2021 2069 2129 2109 non

535 2151 860 2206 frumentum
908 2149 1081 2206 solum
1130 2148 1284 2214 dans,
1335 2146 1430 2204 sed
1479 2147 1641 2203 etiam
1691 2145 1991 2216 pecuniam,
2035 2145 2127 2200 27.

535 2240 663 2295 Cum
703 2251 877 2295 autem
927 2255 1058 2294 unus
1105 2255 1168 2292 ea:
1216 2238 1288 2293 eis
1327 2237 1604 2307 aperuisset
1633 2252 1856 2302 saccum,
1907 2246 1965 2290 ut
1985 2236 2130 2290 daret

534 2329 778 2403 pabulum
819 2330 997 2394 asinis,
1035 2329 1127 2385 28.
1157 2328 1281 2382 vidit
1323 2327 1607 2399 pecuniam,
1649 2335 1696 2381 et
1724 2326 1854 2380 diuit
1887 2325 2131 2397 fratribus

534 2423 662 2479 suis.
695 2420 917 2494 Propter
941 2421 1039 2476 hoc
1068 2421 1336 2474 attonitum
1365 2428 1439 2474 est
1480 2435 1568 2473 cor
1613 2434 1804 2483 eorum,
1852 2427 1898 2472 et
1943 2417 2131 2472 turbati

533 2521 854 2570 suntmutuo
887 2513 1108 2567 dicentes
1128 2527 1148 2566 :
1175 2510 1278 2566 Cur
1299 2511 1392 2564 hoc
1431 2509 1544 2579 fecit
1571 2509 1712 2564 nobis
1735 2507 1911 2563 Deus?
1930 2507 2128 2564 lterum

535 2606 704 2676 magis
729 2604 877 2659 anxii
909 2602 1028 2658 facti
1052 2611 1197 2670 sunt,
1220 2602 1552 2671 suSpicantes
1575 2615 1643 2654 ne
1669 2609 1722 2654 et
1750 2600 1851 2654 hoc
1874 2611 2128 2669 augmen-

535 2707 644 2752 tum
673 2697 751 2752 eis
776 2705 919 2751 esset
939 2695 1391 2756 critninationum,
1415 2701 1469 2748 et
1485 2705 1515 2744 a
1532 2691 1855 2746 conscientia
1873 2689 2126 2756 accusati,

533 2787 713 2841 omnia
744 2784 1046 2841 tribuebant
1077 2793 1296 2854 peccato
1321 2783 1459 2853 quod
1480 2782 1532 2837 in
1553 2781 1750 2851 Ioseph
1777 2780 2124 2836 admiserant.

533 2877 668 2931 Cum
699 2877 970 2931 venissent
994 2887 1170 2930 autem
1209 2873 1275 2929 ad
1309 2886 1532 2944 patrem,
1562 2881 1618 2927 et
1648 2874 1824 2927 omnia
1863 2871 1912 2927 ei
1958 2873 2129 2926 mani-

535 2971 668 3025 feste
707 2967 1092 3036 declarassem,
1145 2975 1496 3022 narraverunt
1524 2965 1944 3036 indignationem
1981 2964 2127 3034 prin-

532 3059 663 3128 cipis
687 3057 904 3131 Egypti
929 3100 943 3124 ,
975 3073 1133 3129 quam
1161 3056 1366 3127 experti
1387 3064 1512 3110 sunt
1542 3074 1554 3109 :
1583 3066 1636 3111 et
1679 3071 1750 3126 qu
1788 3055 1820 3109 d
1864 3056 2129 3124 posuisset

531 3163 624 3206 eos
671 3151 725 3204 in
773 3149 1058 3217 custodia,
1114 3148 1263 3218 quasi
1302 3147 1693 3215 exploratores.
1747 3149 1837 3203 3i.
1889 3145 2127 3203 Diximus

530 3253 699 3298 autem
721 3244 786 3309 ei,
820 3241 1082 3312 inquiunt,
1141 3240 1277 3310 quod
1312 3239 1513 3310 pacifici
1560 3257 1738 3306 simus,
1772 3240 1863 3297 52.
1903 3250 1948 3295 et
1989 3240 2127 3311 quod

531 3334 794 3388 duodecim
815 3334 972 3400 simus
998 3334 1204 3405 fratres,
1235 3341 1283 3385 et
1311 3332 1446 3401 quod
1484 3347 1612 3385 unus
1635 3348 1735 3385 non
1770 3332 2005 3402 supersit,
2031 3332 2129 3386 mi-

531 3425 698 3479 nimus
741 3433 909 3478 autem
960 3425 1026 3478 sit
1079 3440 1194 3478 cum
1231 3432 1374 3494 patre
1410 3433 1598 3478 nostra.
1642 3424 1730 3478 53.
1780 3423 1924 3477 Dixit
1957 3433 2125 3478 autent

532 3517 673 3571 nobis
705 3515 816 3572 ειη
840 3518 936 3570 hoc
958 3514 1279 3568 declarabitis
1307 3516 1442 3586 quod
1467 3515 1669 3586 pacifici
1709 3515 1838 3584 sitis,
1882 3517 1926 3570 si
1966 3519 2125 3588 fratre

531 3626 633 3663 uno
653 3609 734 3663 hic
753 3609 948 3675 relicto,
972 3607 1059 3662 54.
1093 3607 1353 3661 adducetis
1373 3610 1582 3678 fratrem
1603 3617 1818 3662 vestrum
1856 3610 2121 3677 minorem,

530 3710 586 3754 ut
610 3700 768 3755 sciam
810 3699 945 3766 quod
970 3715 1071 3752 non
1091 3698 1200 3752 sitis
1226 3698 1586 3768 exploratores.
1621 3698 1746 3753 Hinc
1786 3699 1976 3754 iterum
2025 3714 2122 3754 ex-

531 3799 910 3862 asperaverunt
929 3790 1056 3860 justi
1079 3789 1404 3845 mcestitiam.
1426 3789 1551 3844 Post
1573 3790 1928 3845 narrationem
1947 3801 2125 3846 autem

531 3885 670 3940 hanc
695 3885 922 3946 tristem,
963 3898 1084 3938 cum
1113 3891 1461 3938 evacuassent
1503 3896 1689 3937 omnes
1737 3896 1924 3937 saccos
1961 3897 2122 3948 suos,

531 3977 734 4031 invenit
771 3974 1135 4044 unusquisque
1187 3973 1468 4042 pecuniam
1509 3979 1692 4038 suam,
1733 3982 1787 4028 et
1833 3975 2127 4030 timuerunt

532 4070 632 4138 ipsi
663 4077 716 4122 et
744 4077 892 4138 pater
917 4082 1126 4122 eorum.
1161 4065 1228 4120 Et
1255 4065 1393 4131 vide,
1426 4080 1541 4132 om,
1585 4066 1776 4120 iterum
1813 4065 1898 4121 hic
1939 4082 2120 4122 senem

533 4163 852 4231 plorantem.
887 4159 953 4213 Et
991 4158 1243 4229 quidnam
1269 4159 1396 4213 dicit
1417 4160 1536 4214 eis?
1585 4160 1672 4215 '56.
1729 4159 1815 4214 Me
1857 4161 2041 4231 absque
2069 4163 2123 4216 li-

537 4254 667 4309 beris
716 4269 822 4306 esse
858 4252 1046 4321 fecistis
1071 4268 1089 4304 :
1115 4249 1308 4319 Ioseph
1352 4267 1450 4304 non
1483 4260 1575 4316 est,
1608 4251 1832 4320 Symeon
1879 4269 1981 4306 non
2015 4265 2120 4322 est,

529 4354 577 4400 et
603 4347 735 4399 hunc
755 4343 1022 4415 Benjamin
1053 4343 1351 4412 accipietis?
1384 4341 1556 4412 Super
1591 4359 1670 4397 me
1708 4348 1844 4414 facta
1879 4353 1993 4397 sunt
2021 4345 2128 4399 ἠως

535 4437 726 4492 omnia.
748 4435 864 4490 Non
890 4433 1186 4490 sufficiebat
1210 4433 1359 4497 mihi,
1381 4435 1571 4504 inquit,
1591 4437 1762 4489 luctus
1783 4433 2002 4504 loseplt,
2029 4435 2125 4490 sed

535 4527 806 4597 adjecistis
845 4525 892 4580 ei
923 4534 977 4579 et
1021 4523 1343 4595 Symeonem
1375 4541 1388 4578 :
1415 4535 1468 4579 et
1521 4539 1694 4594 neque
1750 4525 1834 4580 hic
1878 4525 2122 4581 dolorum

539 4634 777 4674 meorum
811 4617 932 4670 linis
958 4625 1061 4682 est,
1107 4616 1200 4671 sed
1240 4626 1295 4672 et
1330 4616 1604 4686 Benjatnin
1652 4617 1896 4686 accipere
1942 4617 2122 4673 vultis.

537 4712 708 4779 Super
730 4724 810 4761 me
837 4710 970 4778 facta
995 4717 1108 4761 sunt
1133 4707 1240 4761 haec
1268 4707 1458 4760 omnia.
1490 4706 1772 4762 Sufﬁciunt
1803 4708 1916 4763 haec
1941 4709 2122 4776 verba,

537 4816 592 4858 ttt
639 4803 881 4857 videatur
931 4815 1090 4869 quam
1143 4799 1381 4868 disrupta
1431 4799 1628 4854 fuerint
1681 4799 1848 4869 patris
1900 4801 2125 4856 viscera.

537 4894 996 4966 Quemadmodum
1055 4894 1194 4949 enim
1258 4893 1358 4962 ipsi
1404 4894 1578 4948 omnis
1637 4907 1760 4963 spes
1810 4893 1879 4948 de
1928 4894 2126 4965 Joseph

535 4990 782 5056 adempta
801 4996 915 5042 crat
942 4986 1182 5057 (putabat
1204 4987 1343 5040 enim
1365 5001 1488 5041 eum
1506 5001 1533 5038 a
1554 4986 1738 5042 bestiis
1753 4987 2124 5059 devoratum);

540 5083 604 5136 ita
657 5091 711 5137 et
764 5095 936 5150 neque
987 5079 1055 5133 de
1109 5079 1376 5150 Symeone
1424 5093 1572 5148 spem
1603 5079 1702 5134 sibi
1732 5079 2122 5148 pollicebatur:

538 5187 675 5229 nunc
696 5171 1075 5242 quoquejdem
1111 5170 1179 5225 de
1223 5170 1499 5240 Benjamin
1529 5171 1795 5225 formidat.
1845 5172 2128 5227 Verumta-

539 5281 658 5321 men
707 5264 1068 5320 reluctabatur
1095 5263 1292 5330 adhuc,
1320 5272 1374 5317 et
1428 5279 1532 5316 non
1561 5263 1719 5316 dabat
1768 5279 2008 5331 puerum.
2036 5265 2126 5318 57.

535 5357 680 5412 Dixit
702 5365 870 5411 autem
921 5357 964 5410 ei
1011 5355 1188 5409 Ruben
1239 5357 1599 5425 primogenitus
1624 5354 1942 5423 ejus:Duos
1993 5357 2129 5424 ﬁlios

538 5467 671 5504 meos
697 5449 885 5514 occide,
917 5449 960 5503 si
987 5465 1090 5503 non
1132 5447 1369 5501 reducant
1416 5463 1526 5500 eum
1570 5447 1637 5500 ad
1680 5459 1742 5501 te.
1792 5446 1873 5501 Da
1922 5466 2036 5502 eum
2075 5452 2128 5504 in

537 5557 743 5594 manum
773 5557 956 5606 meam,
989 5549 1036 5594 et
1059 5555 1151 5610 ego
1172 5540 1409 5592 reducam
1434 5555 1545 5592 eum
1574 5539 1640 5592 ad
1668 5551 1730 5592 te.
1760 5539 1906 5604 Mihi,
1937 5541 2124 5612 inquit,

537 5648 658 5686 enim
685 5633 863 5698 crede,
899 5631 1028 5686 mihi
1053 5631 1224 5698 trade,
1253 5642 1306 5686 et
1328 5646 1428 5702 ego
1457 5631 1551 5686 tibi
1591 5647 1712 5687 eum
1745 5633 2016 5689 reducam.

610 5729 663 5781 Α.
706 5726 819 5782 lloc
842 5738 1017 5781 autem
1051 5726 1274 5782 faciebat
1319 5723 1530 5791 Ruben,
1580 5727 1820 5797 cogitans
1860 5742 1968 5784 non
2009 5743 2129 5785 esse

544 5819 843 5884 ευινςδὶιιίιε,.
889 5821 988 5874 nisi
1036 5835 1166 5888 puer
1215 5818 1370 5874 simul
1417 5817 1803 5886 descenderet,
1857 5821 1998 5891 ipsos
2058 5823 2125 5880 ad

1336 376 1393 433 S.
1434 373 1712 434 JOANNIS
1770 366 2241 431 CHRYSOSTOM'I
2281 371 2600 430 ARCHIEP.
2639 373 3183 434 CONSTANTINOP.

3741 375 3851 438 552

2252 484 2538 559 Igyptum
2583 486 2761 544 redire
2787 530 2802 553 ,
2846 497 2902 546 et
2945 503 3066 560 qua:
3093 489 3162 545 ad
3209 488 3462 545 alimenta
3502 486 3847 560 pertinebant

2245 594 2446 636 emere.
2479 579 2598 637 Non
2622 582 2766 638 cedit
2790 590 2968 639 tamen
2995 592 3164 655 pater,
3195 583 3292 641 sed
3312 582 3481 640 dicit:
3512 583 3604 640 38.
3633 581 3849 654 Nequa-

2243 688 2395 741 quam
2435 673 2699 729 descendet
2729 674 2868 743 ﬁlius
2896 691 3038 731 meus
3065 677 3344 732 vobiscum.
3390 675 3592 733 Deinde
3626 685 3682 732 et
3722 690 3850 731 cau-

2242 778 2357 817 sam
2385 762 2535 830 dicit,
2572 766 2724 836 quasi
2763 766 3026 822 rationem
3073 767 3306 824 reddens
3329 765 3492 823 filiis:
3528 767 3661 835 Quia
3688 769 3854 840 frater

2241 855 2352 923 ejus
2381 867 2611 911 mortuus
2633 865 2724 922 est,
2761 865 2807 911 ct
2834 859 2943 929 ipse
2963 857 3102 912 solus
3128 866 3200 912 est
3219 859 3447 914 relictus.
3475 857 3545 913 Et
3567 857 3847 929 continget,

2241 961 2355 1000 eum
2378 955 2552 1018 utpote
2587 947 2734 1003 valde
2748 948 2990 1020 juvenem
3016 949 3069 1002 in
3100 949 3281 1004 itinere
3309 948 3570 1021 languere,
3611 958 3661 1004 et
3685 949 3851 1003 dedu-

2241 1042 2361 1094 cetis
2387 1051 2687 1096 senectutem
2711 1057 2874 1096 meam
2895 1058 3010 1096 cum
3037 1042 3244 1097 tristitia
3269 1042 3339 1096 ad
3381 1041 3596 1112 inferos.
3628 1041 3850 1106 Timeo,

2240 1129 2431 1200 inquit,
2463 1131 2606 1186 attati
2632 1130 2989 1188 adolescentis
3011 1174 3026 1198 ,
3069 1141 3125 1187 et
3166 1133 3412 1202 suspicor
3440 1146 3510 1188 ne
3549 1130 3715 1188 etiam
3747 1130 3852 1186 hac

2238 1220 2606 1276 consolatione
2624 1221 2884 1291 privatus,
2902 1235 3021 1278 cum
3040 1221 3226 1277 dolore
3242 1221 3404 1277 vitam
3423 1221 3624 1277 finiam.
3645 1221 3852 1290 Quam-

2239 1312 2330 1368 diu
2361 1314 2503 1368 cnim
2531 1313 2622 1368 ille
2649 1327 2863 1368 mecum
2891 1321 2995 1381 est,
3017 1312 3204 1368 videor
3223 1311 3353 1367 mihi
3384 1312 3584 1368 habere
3607 1312 3850 1382 aliquam

2239 1405 2689 1473 consolationem,
2722 1415 2776 1461 et
2799 1405 2957 1475 hujus
2976 1405 3312 1462 consuetudo
3342 1404 3534 1459 minuit
3577 1404 3711 1459 mihi
3750 1401 3852 1459 do-

2237 1497 2430 1563 lorem,
2459 1512 2617 1568 quem
2648 1510 2717 1552 ex
2746 1496 2913 1552 fratre
2941 1496 3058 1568 ejus
3083 1496 3331 1566 concepi.
3359 1495 3427 1551 Et
3451 1509 3606 1550 amor
3621 1494 3852 1566 quidem

2236 1590 2355 1659 ejus
2373 1602 2498 1659 erga
2520 1579 2892 1658 Benjaminum
2911 1600 3018 1641 non
3043 1585 3374 1642 concedebat
3405 1593 3463 1642 ut
3488 1585 3638 1640 illum
3659 1584 3852 1639 dimit-

2237 1689 2409 1746 teret;
2442 1682 2494 1735 1.
2536 1677 2818 1735 Violentior
2855 1688 3025 1734 autem
3056 1678 3208 1748 ﬁebat
3241 1678 3432 1748 fames,
3462 1687 3510 1734 et
3539 1677 3853 1747 deﬁciebant

2234 1773 2307 1827 eis
2332 1771 2448 1826 cibi.
2488 1769 2544 1825 2.
2576 1768 2644 1826 Et
2659 1770 2787 1825 dicit
2817 1771 2888 1825 eis
2906 1779 3050 1840 pater
3080 1785 3099 1824 :
3135 1768 3282 1825 Abite
3308 1769 3510 1837 iterum,
3539 1767 3726 1837 afferte
3750 1784 3853 1824 no-

2235 1862 2311 1919 bis
2343 1878 2508 1935 pauca
2536 1862 2729 1917 edulia.
2771 1861 2826 1917 5.
2875 1861 3021 1917 Dixit
3063 1870 3234 1916 autem
3259 1862 3306 1915 ei
3331 1859 3502 1916 ludas
3529 1876 3550 1916 :
3579 1859 3854 1916 Testando

2233 1964 2496 2010 attestatus
2524 1965 2599 2009 est
2618 1953 2762 2008 nobis
2791 1954 2966 2019 homo,
3011 1953 3185 2008 dicens
3205 1968 3225 2009 :
3255 1950 3383 2007 Non
3408 1952 3641 2008 videbitis
3661 1953 3852 2026 faciem

2235 2062 2418 2109 meam,
2439 2045 2536 2099 nisi
2557 2045 2721 2115 frater
2737 2054 2897 2100 vester
2906 2045 3089 2114 junior
3101 2043 3358 2099 vobiscum
3381 2045 3559 2115 fuerit.
3576 2045 3634 2099 4.
3662 2044 3857 2116 Itaque

2234 2137 2279 2192 si
2302 2136 2458 2191 mittis
2497 2135 2760 2191 nobiscum
2809 2135 3024 2204 fratrem
3051 2143 3307 2200 nostrum,
3349 2133 3748 2202 descendemus,
3799 2143 3855 2190 et

2232 2242 2462 2282 emeatus
2481 2227 2570 2282 tibi
2593 2227 2846 2298 frumenta
2866 2240 2886 2281 :
2913 2225 2968 2281 5.
2996 2225 3077 2279 sin
3105 2225 3295 2290 minus,
3340 2240 3442 2280 non
3460 2224 3664 2279 ibimus.
3696 2223 3850 2280 Nam

2234 2316 2385 2372 homo
2416 2316 2506 2370 ille
2529 2316 2660 2371 dixit
2683 2316 2828 2371 nobis
2856 2331 2876 2370 :
2907 2313 3029 2370 Non
3057 2315 3287 2370 videbitis
3312 2315 3496 2387 facient
3526 2332 3713 2386 meatu,
3743 2317 3854 2372 nisi

2233 2414 2393 2483 frater
2421 2421 2581 2467 vester
2610 2413 2796 2484 junior
2835 2413 2990 2485 fuerit
3019 2412 3277 2467 vobiscum
3337 2409 3542 2484 (Caput
3585 2409 3712 2483 b5).
3768 2409 3852 2466 Ne

2234 2514 2408 2573 putes,
2445 2504 2638 2574 inquit,
2668 2503 2785 2559 sine
2818 2503 2983 2559 fratre
3012 2517 3112 2558 nos
3146 2517 3304 2573 posse
3338 2500 3670 2558 descendere
3692 2501 3845 2557 illuc.

2231 2595 2284 2650 Si
2325 2595 2468 2650 enim
2483 2596 2563 2650 vis
2586 2605 2830 2652 nostrum
2863 2595 3181 2652 descensum
3208 2595 3442 2663 irritntn,
3461 2602 3516 2650 et
3531 2608 3629 2649 nos
3651 2607 3852 2650 omnes

2233 2685 2485 2755 periculis
2511 2686 2749 2752 involvi,
2788 2687 2927 2741 viam
2959 2697 3198 2742 nostram
3230 2687 3509 2742 abeamus.
3551 2684 3706 2742 Scias
3749 2699 3851 2740 au-

2238 2785 2346 2831 tem
2375 2776 2524 2831 illum
2556 2786 2908 2846 protestatum
2946 2776 3144 2844 fuisse,
3185 2792 3285 2833 nos
3329 2792 3438 2832 non
3480 2777 3691 2833 visuros
3719 2791 3850 2834 esse

2233 2865 2421 2921 faciem
2467 2868 2620 2938 ejus,
2654 2869 2757 2923 nisi
2797 2867 2961 2923 frater
2999 2868 3181 2938 junior
3221 2867 3498 2923 nobiscum
3540 2868 3844 2924 advenerit.

2231 2958 2505 3030 Angustias
2539 2959 2770 3030 undique
2799 2969 2955 3015 erant
2978 2959 3178 3028 Jacob;
3210 2959 3331 3015 ideo
3362 2961 3580 3028 plorans
3608 2959 3744 3015 dicit
3775 2960 3847 3017 ad

2233 3065 2362 3105 eos:
2392 3050 2445 3105 6.
2476 3049 2647 3116 Quare
2667 3051 2915 3122 afﬂixistis
2941 3068 3022 3106 nte
3042 3095 3056 3116 ,
3089 3052 3448 3106 annuntiantes
3478 3052 3586 3107 viro
3615 3052 3758 3124 quod
3778 3052 3847 3108 sit

2232 3143 2369 3197 vobis
2412 3143 2610 3214 frater?
2655 3143 2759 3198 Cur
2819 3159 2899 3197 me
2935 3144 3222 3215 afﬂixistis.’
3268 3143 3448 3212 Quare
3483 3143 3614 3199 mihi
3647 3145 3847 3201 horum

2232 3236 2495 3290 malorum
2522 3245 2771 3291 auctores
2794 3235 2913 3290 l‘acti
2942 3236 3114 3293 estis?
3141 3235 3274 3292 Nam
3304 3237 3350 3292 si
3379 3237 3481 3292 hoc
3506 3237 3605 3306 ipsi
3629 3251 3736 3292 non
3771 3237 3847 3293 si-

2230 3328 2587 3398 gniticassctis
2608 3369 2624 3395 ,
2668 3343 3004 3399 nequaquam
3047 3328 3316 3400 Symeone
3352 3329 3590 3399 privatus
3617 3343 3798 3386 essem
3823 3371 3841 3398 ,

2233 3436 2334 3476 nec
2364 3421 2513 3475 illum
2537 3435 2564 3474 a
2595 3422 2749 3476 vobis
2774 3421 3162 3493 requisivisset.
3185 3422 3237 3476 7.
3265 3420 3356 3476 Illi
3374 3432 3544 3476 autem
3565 3423 3845 3476 dixerunt:

2231 3511 2569 3584 Interrogavit
2613 3529 2705 3567 nns
2735 3514 2906 3581 homo,
2938 3530 3059 3568 num
3101 3514 3271 3568 adhuc
3303 3523 3447 3583 pater
3476 3523 3644 3569 noster
3666 3514 3804 3569 vivat
3823 3557 3842 3584 ,

2230 3611 2277 3657 et
2308 3619 2430 3656 num
2454 3603 2518 3655 sit
2542 3602 2686 3657 nobis
2710 3602 2890 3672 frater,
2924 3612 2972 3658 et
2995 3603 3408 3657 annuntiavimus
3429 3603 3494 3656 ei.
3534 3602 3677 3658 Nunt
3703 3606 3845 3660 scie-

2233 3692 2410 3745 bamus
2456 3691 2593 3762 quod
2633 3693 2860 3748 dicturus
2908 3702 3036 3748 esset
3085 3694 3264 3762 nobis,
3310 3694 3563 3748 Adducite
3623 3696 3842 3766 fratrem

2231 3785 2490 3839 vestrum?
2517 3785 2594 3840 Ne
2621 3793 2797 3855 putes,
2830 3785 3019 3856 inquit,
3054 3795 3248 3857 sponte
3272 3801 3371 3842 nos
3405 3786 3683 3844 confessos
3712 3802 3845 3847 esse

2230 3879 2367 3945 viro,
2402 3888 2462 3934 ut
2486 3895 2546 3936 se
2583 3879 2818 3936 habeant
2852 3895 2940 3936 res
2967 3892 3186 3940 nostrae.
3219 3881 3482 3950 Quoniam
3509 3885 3649 3938 enim
3678 3882 3844 3954 quasi

2230 3972 2600 4040 exploratores
2623 3972 2673 4026 in
2699 3973 3057 4044 suspicionem
3085 3989 3206 4030 cum
3235 3977 3591 4042 venissemus,
3621 3989 3721 4030 nos
3741 3973 3844 4033 de-

2232 4065 2411 4131 tinuit,
2436 4065 2782 4136 interrogavit
2807 4077 2984 4122 autem
3013 4067 3300 4138 diligenter
3315 4067 3382 4124 de
3407 4070 3569 4123 rebus
3595 4067 3800 4122 nostris
3822 4085 3838 4122 :

2229 4158 2471 4211 volentes
2513 4172 2636 4212 eum
2685 4174 2810 4214 vere
2861 4159 3038 4214 omnia
3093 4159 3324 4226 docere,
3383 4161 3507 4214 talia
3558 4158 3840 4215 diximus:

2230 4247 2280 4302 8.
2318 4247 2464 4302 Dixit
2494 4260 2661 4303 autem
2686 4266 2864 4304 rursus
2893 4250 3060 4303 ludas
3103 4251 3173 4304 ad
3220 4261 3413 4321 patrem
3459 4267 3606 4306 suum
3637 4266 3656 4304 :
3684 4249 3844 4305 llittc

2233 4355 2444 4406 puerum
2476 4356 2691 4406 mecum,
2714 4349 2760 4393 et
2777 4351 3039 4412 surgentes
3066 4341 3270 4409 ibimus,
3298 4351 3352 4394 ut
3378 4342 3624 4408 vivamus,
3652 4350 3841 4396 etnon

2232 4428 2528 4482 moriantur.
2574 4429 2725 4494 Meae,
2755 4431 2944 4500 inquit,
2970 4431 3090 4486 fidei
3122 4432 3268 4487 illum
3299 4432 3528 4500 credito,
3561 4440 3620 4486 ut
3646 4431 3840 4487 accin-

2230 4531 2417 4588 gamus
2448 4533 2545 4574 nos
2572 4520 2770 4575 itineri.
2810 4521 3154 4591 Consumptis
3179 4525 3320 4578 enim
3351 4525 3485 4580 cibis
3511 4525 3656 4580 nulla
3679 4523 3842 4583 nobis

2231 4612 2419 4667 salutis
2448 4627 2572 4683 spes
2600 4614 2723 4682 erit,
2747 4629 2921 4684 neque
2946 4615 3160 4671 aliunde
3190 4617 3397 4672 consuli
3434 4618 3588 4674 nobis
3613 4617 3839 4689 poterit.

2232 4702 2286 4758 9.
2315 4703 2422 4776 Ego
2448 4707 2642 4776 accipio
2668 4722 2782 4761 eum
2802 4717 2943 4771 ate;
2974 4709 3073 4762 nisi
3093 4709 3344 4764 reduxere
3377 4726 3508 4776 eum,
3542 4722 3588 4765 et
3608 4723 3840 4772 statuero

2232 4810 2401 4848 coram
2431 4806 2497 4861 te,
2527 4813 2613 4851 ero
2654 4797 2741 4851 ille
2783 4800 2871 4869 qui
2905 4800 3106 4865 peccavi
3139 4801 3227 4855 tibi
3249 4802 3481 4857 omnibus
3510 4804 3703 4859 diebus.
3745 4806 3840 4863 £0.

2237 4885 2354 4940 Nisi
2382 4889 2515 4941 enim
2545 4889 2740 4942 tamdiu
2783 4890 2964 4943 morati
2994 4891 3293 4959 fuissemus,
3330 4893 3446 4962 jam
3487 4896 3709 4950 secundo
3758 4913 3846 4951 rc-

2233 4982 2570 5036 vcrtissemus.
2614 4980 3024 5038 Commiseratio
3049 5000 3209 5054 quam
3246 4986 3467 5042 exhibes
3497 5002 3667 5057 puero
3689 5029 3706 5054 ,
3756 4989 3846 5044 in-

2234 5071 2365 5140 quit,
2399 5071 2551 5126 nobis
2577 5073 2822 5128 omnibus
2853 5074 2958 5128 erit
2981 5089 3139 5128 causa
3165 5075 3432 5132 interitus.
3477 5077 3641 5134 Fame
3688 5081 3842 5136 enim

2237 5166 2528 5234 peribimus
2555 5207 2568 5231 ,
2601 5166 2703 5221 nisi
2742 5182 2863 5221 eum
2910 5167 3189 5223 nobiscum
3215 5169 3345 5224 velit
3368 5171 3661 5228 dimittere.
3700 5173 3844 5230 Vide

2237 5258 2448 5311 tandem
2481 5258 2587 5322 hic,
2619 5258 2835 5323 dilecte,
2863 5259 3134 5330 quomodo
3161 5259 3316 5315 famis
3347 5263 3640 5318 necessitas
3669 5264 3842 5334 patris

2235 5364 2474 5405 amorem
2505 5351 2712 5405 vicerit.
2745 5349 2943 5406 Vidcns
2963 5353 3107 5406 enim
3139 5367 3243 5407 non
3284 5353 3499 5408 aliunde
3525 5353 3723 5410 famem
3753 5369 3843 5410 se-

2237 5440 2348 5493 dari
2383 5456 2561 5510 ιιμεςρ,
2590 5455 2811 5511 eamque
2839 5443 2890 5496 in
2915 5443 3031 5498 dies
3062 5443 3231 5514 magis
3275 5457 3336 5498 ac
3367 5447 3536 5516 magis
3562 5447 3840 5503 incresce-

2238 5548 2295 5588 re
2332 5552 2343 5587 :
2380 5534 2435 5587 Si
2477 5535 2543 5586 ita
2576 5543 2695 5600 est,
2740 5536 2949 5607 inquit,
2984 5546 3037 5591 ct
3063 5546 3274 5606 Oportet
3305 5537 3406 5591 hoc
3434 5540 3656 5594 omnino
3683 5540 3798 5596 fieri
3821 5581 3839 5606 ,

2241 5625 2465 5691 potestis
2494 5625 2844 5692 descendere,
2870 5628 2969 5681 nisi
2997 5629 3139 5682 hunc
3160 5631 3501 5699 acceperitis,
3548 5629 3756 5687 debetis
3783 5640 3842 5688 et

2236 5714 2375 5769 dona
2402 5715 2594 5771 afferre
2620 5717 2756 5784 viro,
2775 5728 2830 5772 ct
2853 5718 3054 5774 referre
3077 5720 3376 5788 pecuniam,
3410 5736 3567 5790 quant
3589 5723 3642 5776 in
3664 5723 3840 5778 saccis

2240 5805 2434 5862 vestris
2458 5806 2759 5864 invenistis.
2799 5809 3040 5881 Accipite
3066 5820 3244 5867 autem
3278 5820 3330 5864 ct
3358 5812 3833 5884 pecuniatusliam,
