4086 6430
258 418 368 480 B53

255 543 314 590 It
337 541 522 588 eruere
567 526 785 601 possitis
811 527 1102 581 frumenta.
1151 519 1242 578 i5.
1277 517 1343 574 Et
1391 521 1606 588 fratrem
1644 523 1864 571 uestrum

258 624 501 696 accipite.
556 620 764 693 Surgite
802 618 960 690 igitur
984 657 1002 685 ,
1053 625 1103 671 et
1146 609 1436 669 descendite
1481 607 1553 662 ad
1579 604 1864 660 hominem.

255 718 343 775 Ib.
378 715 525 771 Deus
552 723 732 768 autem
758 725 901 765 meus
936 709 1021 763 det
1050 705 1188 762 vobis
1213 703 1432 777 gratiam
1457 716 1632 756 coram
1665 698 1870 752 homine

249 809 366 874 illo,
391 815 444 862 et
473 806 646 860 mittat
664 807 875 876 fratrem
903 809 1125 856 oestrum
1147 811 1308 852 unum
1333 802 1383 849 et
1409 791 1705 866 Benjamin.
1753 787 1867 860 Ego

251 908 428 954 autem
455 894 890 967 quemadmodum
911 890 1081 946 liberis
1110 887 1322 944 orbatus
1347 885 1445 957 fui,
1469 883 1641 940 liberis
1659 881 1868 936 orbatus

247 1006 384 1046 sum.
430 988 570 1045 Vide
592 985 866 1060 quomodo
907 981 1160 1039 eximiam
1200 994 1355 1035 suam
1385 975 1729 1033 dilectionem
1764 971 1866 1028 de—

248 1082 444 1148 clarat,
473 1095 636 1152 quam
665 1093 792 1150 erga
821 1074 1023 1147 Ioseph
1073 1074 1280 1129 habuit.
1311 1069 1392 1127 Ne
1419 1069 1541 1141 quis
1574 1069 1720 1124 enim
1751 1064 1868 1120 exi-

248 1172 437 1230 stimet
483 1172 554 1228 de
598 1170 872 1243 Symeone
894 1211 909 1234 ,
939 1167 1024 1224 vel
1050 1165 1124 1221 de
1162 1161 1444 1234 Bcnjamin
1492 1158 1596 1215 hoc
1623 1171 1748 1213 esse
1783 1155 1867 1211 di-

247 1274 419 1330 ctum,
451 1261 567 1336 Ego
594 1263 725 1318 sicut
753 1261 879 1330 ﬁliis
917 1259 1128 1314 orbatus
1179 1253 1254 1325 fui
1279 1295 1295 1319 ,
1325 1253 1451 1324 filiis
1477 1251 1688 1306 orbatus
1725 1261 1862 1312 sum,

248 1353 460 1412 idcirco
487 1352 743 1425 praemisit
772 1369 786 1406 :
831 1350 972 1406 Deus
993 1357 1164 1402 autem
1189 1360 1332 1401 meus
1353 1344 1437 1399 det
1453 1341 1590 1397 nobis
1620 1340 1860 1413 gratiam,

243 1457 293 1502 et
313 1449 485 1502 mittat
505 1447 720 1518 fratrem
738 1453 961 1499 uestrum
988 1441 1136 1497 illum
1160 1455 1320 1494 unum
1343 1447 1390 1492 et
1410 1434 1704 1507 Beniamin.
1726 1431 1860 1487 Nam

247 1539 377 1597 licet
417 1539 516 1607 illi,
567 1538 768 1610 inquit,
821 1535 954 1593 salvi
998 1533 1215 1601 fuerint,
1237 1529 1334 1588 sed
1369 1527 1484 1601 Ego
1519 1526 1667 1598 quasi
1694 1525 1864 1580 liberis

243 1647 477 1697 caream,
511 1630 668 1686 orbus
694 1645 828 1684 sunt.
858 1626 1047 1699 Cogita
1075 1625 1188 1691 bic,
1217 1611 1495 1695 quomodo
1525 1627 1670 1675 totus
1690 1615 1862 1671 amori

243 1723 448 1796 Ioseph
471 1723 688 1780 deditus
712 1722 804 1778 sit.
837 1720 1041 1777 Vident
1063 1719 1209 1775 enim
1241 1724 1450 1774 tantum
1472 1714 1698 1770 chorum
1729 1710 1864 1768 libe-

243 1829 432 1870 rorum
456 1828 521 1870 se.
546 1813 1009 1876 circumstantem,
1029 1809 1234 1880 absque
1258 1805 1387 1862 ﬁliis
1407 1820 1469 1862 se
1493 1819 1615 1860 esse
1634 1802 1859 1874 putavit,

242 1906 369 1977 quia
395 1905 492 1961 illo
525 1905 766 1974 privatus
789 1911 925 1959 erat.
977 1901 1065 1958 15.
1099 1902 1416 1970 Acceperunt
1445 1904 1638 1962 autem,
1667 1893 1859 1964 inquit,

242 1999 342 2053 viri
381 1998 544 2063 dona,
576 2006 625 2051 et
651 1995 924 2068 pecuniam
949 1993 1230 2066 duplicem,
1257 2000 1305 2047 et
1333 1988 1610 2060 Beniamin
1629 2027 1646 2054 ,
1693 1996 1740 2041 et
1768 1986 1860 2040 de-

241 2089 550 2146 scenderunt
578 2089 631 2142 in
663 2085 958 2159 ﬁgyptunt
987 2126 1004 2153 ,
1049 2093 1097 2140 et
1139 2089 1385 2139 steterunt
1428 2095 1602 2136 coram
1641 2076 1860 2148 Ioseph.

245 2181 335 2239 16.
365 2180 508 2237 Vidit
526 2191 700 2236 autent
721 2196 810 2237 eos
836 2178 1056 2250 Ioseph,
1078 2187 1126 2233 et
1152 2175 1428 2248 Benjamin
1451 2178 1665 2247 fratrem
1685 2187 1859 2228 suum.

244 2271 401 2341 Quod
435 2271 800 2337 desiderabat,
838 2269 972 2326 vidit
1003 2278 1110 2325 tam
1132 2275 1375 2338 optatum
1403 2265 1528 2322 sibi.
1557 2263 1704 2319 Vidit
1729 2263 1862 2318 satis

243 2379 367 2422 esse
398 2363 598 2420 factum
629 2378 729 2420 suo
755 2361 1048 2419 desiderio.
1080 2359 1146 2416 Et
1193 2360 1322 2414 dixit
1343 2399 1357 2424 ,
1391 2356 1585 2428 inquit,
1619 2357 1862 2426 prazfecto

243 2457 423 2514 domui
448 2473 558 2512 suat
601 2473 621 2510 :
659 2454 914 2510 Introduc
957 2453 1183 2509 homines
1213 2451 1268 2505 in
1309 2450 1554 2516 domum,
1599 2455 1646 2501 et
1689 2445 1863 2501 occide

245 2548 478 2618 uictimas
517 2563 536 2601 :
564 2562 760 2602 mecum
801 2545 937 2600 enim
964 2543 1228 2598 comedent
1267 2541 1382 2596 uiri.
1416 2539 1503 2597 l8.
1540 2537 1611 2594 Ut
1629 2537 1862 2592 uiderunt

241 2647 416 2694 autem
439 2638 579 2710 quod
607 2635 887 2692 introducti
905 2643 1024 2690 sunt
1040 2633 1093 2688 in
1111 2633 1321 2688 domum
1335 2629 1557 2701 Ioseph,
1583 2628 1858 2685 dixerunt:

243 2728 473 2802 Propter
505 2728 796 2800 pecuniam,
829 2742 945 2797 qua
968 2725 1118 2781 rediit
1138 2725 1194 2780 in
1220 2739 1396 2779 saccos
1419 2731 1622 2779 nostros
1640 2722 1695 2776 in
1719 2721 1864 2792 prin-

157 2815 165 2822 ’
242 2824 400 2896 cipio,
423 2822 739 2889 inducimur,
767 2829 824 2875 ut
851 2819 1162 2875 calumniam
1187 2816 1330 2873 nobis
1353 2817 1585 2882 intentet,
1617 2825 1666 2870 et
1693 2814 1863 2884 impo-

244 2924 334 2971 nat
364 2916 512 2970 nobis
536 2923 587 2968 et
629 2911 851 2983 accipiat
873 2925 965 2969 nos
1004 2911 1060 2965 in
1098 2925 1289 2975 seruos,
1331 2917 1380 2962 et
1423 2907 1595 2962 asinos
1637 2915 1857 2960 nostros.

241 3003 448 3077 Josepb
479 3004 696 3076 quidem
741 3017 898 3059 suam
923 3014 1049 3071 erga
1097 2999 1220 3056 illos
1262 2999 1646 3070 benignitatem
1677 2996 1864 3052 decla-

243 3114 406 3166 rans,
454 3097 636 3155 omnia
681 3093 1048 3168 disponebat:
1096 3092 1170 3149 illi
1199 3100 1380 3149 autem
1423 3091 1568 3147 anxii
1613 3091 1860 3158 luerunt,

244 3194 589 3266 suspicantes
615 3206 686 3248 ne
712 3189 1063 3262 pecuniarum
1098 3186 1268 3258 gratia
1309 3184 1692 3257 pcenasluant,
1727 3192 1864 3237 tam-

241 3298 408 3356 quam
436 3283 603 3340 etiam
644 3282 699 3337 in
743 3280 848 3336 hoc
887 3277 1030 3334 male
1071 3277 1346 3333 fecissent.
1400 3276 1692 3345 Propterea
1735 3287 1862 3330 cum

242 3375 646 3442 awessissent,
696 3385 918 3428 causam
967 3368 1270 3424 formidinis
1296 3366 1578 3438 proferunt
1607 3365 1864 3436 prmiecto

243 3465 465 3532 domus,
498 3472 552 3520 et
580 3470 802 3519 narrant
827 3459 1100 3533 quomodo
1131 3458 1412 3530 pecuniam
1440 3457 1495 3512 in
1516 3457 1689 3513 saccis
1713 3456 1865 3513 inve-

246 3556 453 3622 nerint,
474 3563 531 3612 et
549 3553 736 3611 dicunt
764 3570 779 3609 :
822 3551 917 3608 22.
960 3549 1242 3624 Propterea
1283 3549 1541 3622 duplicem
1565 3565 1702 3604 nunc
1730 3557 1868 3604 attu-

247 3648 402 3704 limus
431 3647 700 3717 pecuniam
727 3643 1012 3710 nobiscum,
1043 3650 1099 3697 ut
1125 3652 1173 3698 et
1196 3643 1418 3715 priorem
1442 3641 1793 3710 restituamus,
1818 3647 1866 3696 et

247 3754 385 3794 nunc
412 3739 582 3794 denuo
609 3751 836 3792 emamus
861 3737 1134 3809 frumenta.

321 3832 380 3888 5.
410 3828 552 3887 Vide
579 3827 850 3900 quomodo
875 3827 1212 3885 calamitates
1235 3841 1423 3883 eorum
1452 3826 1689 3882 animum
1720 3825 1866 3882 miti-

243 3931 464 3993 garent,
515 3935 718 3992 eosque
760 3917 1096 3976 reddiderint
1143 3919 1556 3975 mansuetiores.
1585 3917 1678 3974 23.
1721 3917 1866 3974 Dixit

245 4022 421 4068 mitem
447 4011 518 4067 eis
546 4028 565 4067 :
597 4009 862 4083 Propitius
881 4012 1018 4066 vobis
1035 4013 1076 4078 ⁸,
1105 4011 1261 4066 nolite
1290 4011 1503 4076 timere;
1528 4008 1665 4065 Deus
1683 4020 1866 4078 uester,

247 4115 296 4162 et
322 4103 462 4162 Deus
493 4106 655 4176 patris
685 4104 835 4160 uestri
861 4103 1000 4159 dedit
1041 4102 1180 4157 vobis
1211 4102 1472 4157 thesauros
1516 4102 1570 4156 in
1593 4103 1754 4158 saccis
1780 4118 1866 4157 ve-

246 4199 397 4263 stris;
433 4196 702 4268 pecuniam
749 4204 967 4250 uestram
999 4194 1122 4249 bene
1167 4193 1433 4264 probatam
1477 4192 1658 4248 habeo.
1697 4192 1778 4249 Ne
1801 4193 1867 4248 ti-

251 4288 474 4356 meatis,
503 4287 696 4359 inquit,
724 4299 900 4357 neque
927 4283 1088 4356 hujus
1110 4283 1280 4356 gratia
1307 4282 1452 4339 anxii
1475 4283 1613 4339 sitis.
1652 4281 1868 4338 Nullum

249 4381 411 4439 vobis
437 4379 566 4437 inde
597 4379 803 4436 crimen
843 4377 1184 4449 imponetur;
1216 4375 1497 4448 pecuniam
1524 4375 1682 4448 plene
1711 4390 1868 4433 acce-

255 4477 458 4546 pimus.
502 4474 544 4529 Α
588 4473 701 4530 Deo
727 4481 910 4544 putate
940 4471 1046 4527 hoc
1089 4484 1211 4528 esse
1255 4471 1478 4537 factum,
1505 4478 1561 4526 et
1587 4469 1871 4526 thesauros

251 4567 414 4624 vobis
459 4567 514 4622 in
565 4565 854 4636 marsupiis
882 4564 1078 4620 vestris
1101 4578 1222 4621 esse
1249 4573 1598 4618 monstratos.
1650 4561 1716 4617 Et
1755 4577 1870 4616 cum

253 4671 366 4715 lucc
394 4657 628 4724 dixisset,
657 4657 832 4712 eduxit
864 4655 1194 4728 Symeonem,
1221 4654 1314 4710 24.
1355 4663 1401 4709 et
1442 4653 1615 4709 attulit
1658 4670 1866 4726 aquam,

253 4764 312 4808 ut
336 4753 632 4808 lavarentur
652 4750 804 4822 pedes
823 4765 1021 4816 eorum,
1042 4759 1090 4804 et
1114 4747 1302 4820 pabula
1326 4746 1466 4802 dedit
1485 4748 1645 4802 asinis
1671 4763 1866 4802 eorum.

261 4844 397 4900 Vide
434 4841 708 4914 quomodo
753 4855 944 4912 preces
983 4840 1149 4911 patris
1187 4839 1368 4894 omnia
1398 4838 1476 4894 eis
1502 4852 1760 4910 prospera
1791 4837 1874 4893 fa-

251 4945 444 4993 cerent
470 4951 486 4989 :
515 4944 570 4991 et
613 4935 746 4990 sicut
789 4934 880 4991 ille
905 4933 985 4989 eis
1031 4940 1352 5004 apprecatus
1394 4939 1514 4998 est,
1545 4945 1668 4986 cum
1711 4929 1868 4998 dixit,

258 5027 397 5083 Deus
429 5027 588 5099 patris
610 5024 710 5079 mei
727 5025 948 5096 gratiam
963 5024 1100 5079 vobis
1126 5023 1230 5091 det,
1251 5024 1323 5078 ita
1345 5022 1528 5079 omnia
1545 5020 1685 5078 facta
1707 5029 1865 5077 sunt:

249 5123 312 5172 ct
356 5117 644 5190 pra-fectus
702 5115 899 5172 domus
944 5114 1105 5171 etiam
1154 5124 1280 5171 ante
1331 5114 1621 5171 adventum
1665 5114 1868 5187 Joseph

252 5227 403 5268 amnt
442 5229 475 5266 ,ι
537 5211 617 5268 eis
661 5209 1046 5281 benignitatem
1091 5207 1354 5264 exhibuit.
1402 5208 1496 5264 25.
1547 5207 1870 5264 Pararerunt

252 5313 427 5360 autem
456 5302 592 5356 dona
617 5299 837 5371 Ioseph.
867 5299 955 5355 26.
990 5298 1057 5353 Et
1077 5297 1367 5354 obtulerunt
1394 5299 1437 5353 ei
1465 5315 1581 5352 cum
1611 5299 1870 5371 ingressus

251 5404 416 5461 esset,
446 5403 497 5450 et
525 5398 866 5448 adoraverunt
896 5407 1011 5446 eum
1039 5407 1192 5462 super
1217 5399 1424 5445 terram.
1454 5389 1547 5444 27.
1589 5387 1659 5444 Et
1688 5391 1870 5445 iterum

255 5487 586 5559 interrogauit
615 5502 701 5542 eos
745 5501 764 5539 :
797 5483 942 5538 Num
978 5482 1102 5538 bene
1144 5483 1292 5537 habet
1324 5491 1466 5552 pater
1493 5491 1652 5537 vester
1677 5483 1868 5548 senior,

253 5597 404 5649 quem
430 5580 630 5635 dixistis
655 5577 855 5633 uiuere?
893 5576 987 5632 28.
1038 5576 1104 5630 At
1149 5575 1228 5630 illi
1274 5575 1558 5630 dixerunt:
1591 5571 1766 5629 Sanus
1797 5584 1870 5627 est

256 5691 432 5736 seruus
473 5683 594 5728 tuus
639 5680 786 5742 pater
829 5679 1019 5725 noster.
1063 5667 1132 5723 Et
1163 5669 1336 5722 dixit:
1387 5666 1690 5722 Benedictus
1720 5666 1872 5720 homo

257 5768 348 5823 ille
373 5767 502 5823 Deo.
537 5763 603 5820 Et
631 5774 828 5820 curuati
849 5762 1212 5816 adorauerunt.
1259 5760 1350 5817 29.
1387 5759 1521 5814 Vidit
1554 5753 1735 5813 autem
1758 5762 1867 5828 fra-

284 5922 295 5949 ‘
321 5919 375 5970 lu
395 5919 602 5970 “cirer
613 5890 836 5978 cst,DD5
851 5889 1022 5982 σὺν,
1041 5926 1138 5979 μω·
1167 5909 1309 5972 ιὐθεδ,
1335 5910 1465 5977 quod
1487 5909 1663 5960 eodem
1679 5908 1868 5958 rccidtt.

1089 404 1156 463 IN
1194 403 1350 464 CAP.
1393 399 1578 461 ιωιι.
1611 398 1703 459 ΕΤ
1741 397 1927 457 XLIV.

1969 396 2220 458 GENES.
2265 395 2497 456 HOIIIL.
2541 397 2724 457 LXIV.
2769 408 2777 414 '
3489 406 3595 466 823i

1981 521 2109 568 trem
2156 529 2310 568 suum
2337 514 2596 571 utcrinum
2619 556 2636 581 ,
2667 526 2717 572 et
2745 517 2878 573 dixit
2903 534 2925 574 :
2956 518 3061 576 Hic
3107 533 3183 580 est
3232 524 3404 596 frater
3429 535 3594 582 uester

1967 603 2173 674 junior,
2219 602 2286 658 de
2324 619 2426 675 quo
2460 604 2707 662 discretis
2732 608 2880 677 mihi,
2921 621 2977 665 ut
3004 612 3348 673 ducentist
3370 621 3494 678 me?
3527 619 3593 679 Et

1975 693 2107 748 dixit
2138 710 2158 749 :
2386 696 2686 764 misereatur
2714 699 2809 767 tui,
2853 701 2955 771 ﬁli.
3001 702 3294 765 Considera
3332 725 3592 785 quantam

1973 797 2079 839 eun
2112 784 2336 856 tantiam
2366 801 2479 858 pra:
2514 803 2577 845 se
2604 787 2778 858 ferat,
2823 803 2881 850 et
2917 793 3098 854 adhuc
3126 784 3484 872 ignorantiam
3517 811 3593 867 sl-

1975 875 2166 939 mulet.
2193 884 2252 931 ut
2278 892 2380 948 per
2404 881 2686 951 sequentia
2708 885 3140 955 experimentum
3156 893 3320 952 animi
3347 897 3590 968 ipsorum

1973 969 2224 1062 accipere
2251 970 2446 1062 possit.
2477 975 2751 1044 quomodo
2776 978 2886 1035 sint
2913 979 3089 1038 aﬂ‘ecti
3124 999 3253 1058 erga
3284 988 3588 1062 Benjamin.

1977 1057 2044 1152 Et
2067 1059 2191 1130 quia
2221 1060 2533 1118 vincebatur
2555 1079 2585 1118 a
2610 1073 2800 1122 natura
2827 1083 2947 1138 sua,
2984 1072 3077 1129 50.
3110 1057 3585 1152 Conturbabantur,

1973 1151 2180 1222 inquit,
2230 1153 2424 1209 viscera
2452 1157 2565 1227 ejus
2598 1169 2646 1214 et
2688 1163 2946 1230 qurerebat
2991 1175 3049 1220 ut
3096 1169 3264 1240 fleret.
3317 1170 3592 1247 Ingressus

1970 1253 2145 1341 autem
2176 1247 2232 1301 in
2277 1248 2607 1318 cubiculum,
2635 1253 2776 1322 flevit
2817 1255 2946 1311 illic.
2987 1257 3078 1314 51.
3122 1258 3194 1315 Et
3231 1262 3410 1320 abluta
3455 1271 3592 1341 facie

1971 1337 2161 1430 exiuit;
2186 1349 2243 1395 et
2283 1351 2469 1412 postea
2513 1357 2668 1401 suam
2720 1347 3060 1408 demonstrat
3093 1337 3502 1430 benignitatem,
3533 1374 3590 1421 et

1971 1427 2102 1484 dicit
2130 1445 2146 1482 :
2176 1431 2433 1502 Apponite
2462 1451 2642 1504 panes.
2665 1437 2759 1494 32.
2794 1437 2862 1494 Et
2889 1427 3240 1513 opposuerunt
3267 1449 3315 1503 ei
3335 1451 3437 1506 soli
3456 1427 3591 1517 ,‘iut-

1971 1527 2096 1590 pote
2120 1530 2392 1594 tamquam
2419 1526 2533 1597 regi
2561 1536 2618 1583 et
2641 1530 2870 1602 principi
2902 1534 3068 1590 totius
3096 1535 3352 1610 ὤπυιες
3382 1539 3453 1597 Et
3483 1543 3590 1600 illis

1969 1627 2219 1680 seorsum,
2247 1625 2296 1672 et
2325 1616 2596 1691 £gyptiis
2620 1623 2710 1693 qui
2731 1625 2891 1679 simul
2913 1627 3181 1685 canebant
3203 1647 3320 1686 cum
3345 1649 3404 1690 eo
3440 1652 3588 1692 seor-

1969 1719 2102 1758 sum.
2121 1703 2176 1758 Ν
2179 1722 2246 1760 οη
2269 1709 2406 1762 enim
2421 1723 2634 1780 possunt
2645 1711 2890 1787 IEgyptii
2907 1720 3171 1777 comedere
3189 1739 3305 1777 cum
3319 1722 3553 1782 Hebraeis
3563 1743 3586 1784 :

1968 1797 2284 1854 abominatio
2310 1801 2444 1856 enim
2469 1813 2543 1858 est
2563 1803 2851 1879 ﬁggptiis.
2881 1810 2972 1866 '53.
3005 1812 3265 1871 Sederunt
3288 1827 3460 1874 autem
3496 1837 3584 1876 co-

1967 1904 2080 1942 ram
2107 1905 2189 1953 eo,
2223 1893 2312 1962 qui
2341 1895 2558 1964 primus,
2588 1900 2869 1956 secundum
2911 1905 3267 1977 antiquitatem
3311 1927 3501 1982 suam,
3537 1925 3588 1970 et

1958 1985 2143 2056 junior
2163 1988 2445 2044 secundum
2479 1992 2798 2062 juventutem
2825 2011 2993 2050 suam.
3038 1997 3153 2054 Hoc
3201 2000 3327 2057 illos
3352 2003 3407 2058 in
3461 2013 3584 2060 stu-

1967 2090 2156 2146 porem
2201 2078 2448 2146 adduxit;
2481 2090 2536 2138 et
2583 2083 2740 2141 valde
2785 2085 2952 2144 dubio
2977 2089 3160 2147 animo
3185 2091 3438 2162 luerunt,
3483 2112 3585 2153 un-

1967 2166 2162 2224 denam
2196 2170 2246 2225 ei
2273 2173 2514 2244 cognitio
2557 2174 3056 2236 diversteillorum
3096 2185 3294 2240 aetatis.
3353 2185 3424 2243 Et
3458 2203 3585 2246 cum

1966 2259 2123 2318 daret
2163 2264 2417 2322 omnibus
2454 2277 2670 2338 partes,
2720 2269 3040 2343 Beujamino
3083 2278 3443 2351 quintnplices
3469 2281 3583 2338 dat.

1967 2351 2156 2444 Neque
2191 2363 2373 2444 tamen
2415 2355 2769 2417 adverterunt
2808 2364 2936 2434 quid
2987 2366 3064 2420 rei
3095 2379 3280 2434 esset,
3338 2369 3435 2427 sed
3479 2387 3586 2444 pu-

1969 2442 2156 2499 tabent
2209 2443 2432 2502 fortuito
2457 2450 2691 2520 quodam
2731 2464 2930 2510 eventu
2978 2456 3048 2511 ab
3077 2472 3146 2513 eo
3187 2457 3330 2526 fieri,
3360 2470 3416 2518 et
3459 2442 3590 2520 buic

1971 2544 2245 2608 tamquam
2270 2539 2472 2610 juniori
2504 2542 2658 2613 plura
2687 2543 2805 2601 dari
2833 2548 2934 2620 (ιε),
2963 2548 3207 2620 Cumque
3254 2551 3465 2609 ﬁnitum
3497 2567 3587 2610 es-

1966 2631 2405 2734 seuconvivium,
2430 2635 2483 2691 1.
2518 2633 2747 2706 Vocavit,
2777 2639 2982 2711 inquit,
3012 2639 3209 2714 Ioseph
3236 2660 3352 2698 eum
3375 2645 3464 2716 qui
3487 2645 3585 2701 do-

1965 2730 2074 2776 mui
2099 2739 2210 2778 sua
2237 2735 2473 2795 prcerat,
2505 2737 2552 2782 et
2582 2730 2847 2784 mandauit
2874 2733 2940 2797 ei,
2970 2732 3147 2788 dicens
3176 2732 3386 2808 :Imple
3411 2753 3587 2797 saccos

1967 2815 2232 2871 hominum
2276 2817 2566 2887 frumentis,
2592 2832 2790 2892 quanta
2838 2823 2974 2893 ferre
3015 2834 3294 2896 poterunt,
3322 2838 3368 2883 et
3423 2845 3585 2900 pecu-

1965 2909 2108 2961 niam
2152 2909 2385 2963 similiter
2425 2911 2479 2965 in
2523 2928 2697 2969 saccos
2746 2914 3090 2988 singulorum.
3135 2917 3193 2972 2.
3239 2929 3286 2974 et
3330 2923 3584 2992 scyphum

1965 3008 2262 3069 argenteum
2318 3001 2459 3056 mitte
2511 3004 2566 3058 in
2616 3020 2822 3059 saccum
2885 3008 3113 3078 junioris
3175 3008 3388 3082 (Caput
3435 3013 3507 3070 44
3537 3012 3582 3084 ).

1967 3087 2104 3148 Vide
2133 3091 2328 3149 iterum
2345 3095 2558 3164 qualem
2584 3104 2758 3151 artem
2802 3099 3103 3171 excogitet,
3152 3111 3209 3154 ut
3233 3100 3585 3173 diligentissi-

1968 3201 2056 3242 me
2099 3195 2338 3243 mentem
2392 3186 2618 3244 fratrum
2653 3190 2931 3262 exploret,
2974 3205 3135 3261 quam
3179 3208 3307 3266 erga
3359 3193 3586 3253 fratrem

1969 3292 2128 3334 suum
2155 3277 2438 3349 Beniamin
2483 3277 2738 3335 habeant.
2774 3280 2841 3336 Et
2881 3280 2966 3338 liis
2993 3282 3146 3340 lactis
3171 3323 3187 3350 ,
3216 3283 3423 3341 dimisit
3463 3300 3582 3344 eos.

1969 3369 2037 3426 Et
2057 3385 2180 3426 cum
2197 3369 2312 3442 jam
2337 3371 2688 3442 arripuissent
2711 3372 2836 3442 iter,
2879 3374 2933 3431 1.
2958 3372 3104 3430 Dixit
3132 3381 3373 3448 prtrfeclo
3402 3379 3586 3436 domus

1968 3477 2080 3516 suc
2107 3479 2128 3517 :
2158 3460 2348 3534 Surge,
2377 3478 2678 3534 persequere
2699 3479 2808 3532 eos,
2834 3475 2881 3519 et
2910 3464 3049 3522 dices
3081 3482 3100 3522 :
3127 3467 3184 3524 5.
3230 3467 3404 3535 Quare
3430 3472 3583 3525 retrio

1969 3555 2150 3611 buistis
2198 3558 2337 3610 mala
2363 3572 2458 3628 pro
2505 3555 2652 3612 bonis
2671 3557 2698 3612 Ρ
2742 3556 2918 3625 Quare
2949 3557 3110 3629 furati
3158 3559 3277 3615 estis
3331 3561 3587 3634 scyphum

1971 3665 2142 3704 meum
2171 3649 2508 3722 argenteum?
2567 3647 2756 3705 Nonne
2800 3651 2884 3706 hic
2921 3660 2995 3707 est
3021 3668 3050 3708 e
3067 3668 3168 3724 quo
3193 3651 3316 3709 bibit
3345 3653 3588 3712 dominus

1970 3761 2111 3800 meus
2125 3744 2150 3798 .’
2165 3738 2288 3815 Ipse
2303 3753 2474 3799 autem
2489 3753 2778 3816 auguratur
2793 3743 2849 3798 in
2870 3760 2949 3802 eo.
2965 3743 3106 3800 Male
3128 3756 3245 3801 acta
3261 3755 3380 3802 sunt
3395 3764 3456 3802 ea
3473 3763 3589 3819 qua

1973 3836 2183 3908 fecistis.
2207 3834 2498 3907 Postquam
2520 3844 2700 3891 autem
2725 3835 2932 3892 invenit
2955 3851 3073 3905 eos,
3101 3837 3298 3909 inquit,
3321 3838 3453 3896 dicit
3481 3840 3582 3899 eis:

1971 3929 2151 3998 Quare
2177 3927 2505 3987 benefactori
2545 3928 2683 3984 mala
2712 3928 3082 4001 rependistisi
3122 3945 3289 4000 quare
3325 3930 3588 3989 mlitiam

1973 4033 2210 4077 vestram
2228 4033 2468 4092 eousque
2490 4019 2831 4088 extendistis,
2853 4030 2908 4076 ut
2924 4019 2991 4075 ad
3009 4035 3134 4076 eum
3149 4036 3364 4093 quoque
3381 4025 3586 4094 pertin-

1971 4121 2130 4183 gerct
2171 4112 2263 4183 qui
2307 4125 2435 4184 erga
2482 4125 2581 4168 vos
2631 4119 2833 4168 tantam
2878 4112 3116 4168 ostendit
3158 4111 3589 4185 benignitatem?

1973 4220 2142 4276 quare
2186 4219 2295 4261 non
2335 4204 2555 4265 reveriti
2600 4204 2731 4261 estis
2760 4204 2859 4261 viri
2887 4219 3013 4276 erga
3054 4219 3151 4261 vos
3177 4206 3591 4277 magnanimita-

1975 4297 2119 4354 tem?
2146 4297 2278 4367 Qua:
2303 4297 2422 4353 lucc
2451 4305 2598 4352 tanta
2625 4295 2868 4352 malitia?
2892 4311 3012 4368 quae
3031 4296 3240 4353 insania
3254 4312 3360 4368 qua
3387 4297 3591 4354 insani-

1975 4389 2084 4447 tis?
2109 4389 2340 4448 Nescitis
2367 4389 2512 4462 quod
2542 4389 2645 4446 hoc
2673 4391 2745 4445 sit
2773 4403 2888 4456 vas,
2917 4389 2971 4444 in
3014 4404 3124 4461 quo
3153 4389 3406 4446 dominus
3435 4406 3590 4449 mens

1973 4485 2306 4558 anguratur?
2334 4481 2528 4539 Malum
2551 4492 2630 4538 est
2662 4481 2766 4538 hoc
2786 4496 2924 4552 opus
2942 4493 3206 4550 vestrum,
3220 4483 3587 4552 perniciosum

1976 4577 2332 4649 propositum,
2352 4575 2507 4632 venia
2520 4574 2774 4646 indignus
2789 4583 3035 4638 conatus,
3057 4589 3249 4646 magna
3267 4573 3515 4641 audacia,
3534 4585 3594 4632 et

1974 4685 2190 4726 omnem
2220 4667 2614 4725 transcendens
2639 4665 2979 4721 malitiam.'l.
3001 4663 3096 4720 Illi
3115 4675 3283 4720 autern
3303 4665 3544 4721 dixerunt
3571 4681 3591 4722 :

1978 4765 2151 4831 Quare
2179 4762 2403 4835 loquitur
2417 4762 2654 4817 dominus
2660 4760 2816 4832 juxta
2831 4763 2983 4815 verba
2998 4761 3109 4815 hac
3119 4758 3147 4814 2
3171 4759 3373 4831 Quare,
3393 4759 3590 4832 inquit,

1974 4859 2166 4929 obiicis
2190 4859 2346 4915 nobis
2372 4857 2475 4912 hoc
2493 4857 2722 4924 crimen,
2741 4870 2771 4910 a
2802 4871 2912 4927 quo
2936 4854 3159 4910 omnino
3183 4868 3371 4910 sumus
3393 4854 3590 4909 immu-

1977 4969 2074 5011 nes
2099 4955 2124 5009 ἳ
2146 4953 2286 5009 Absit
2325 4961 2382 5006 ut
2407 4951 2538 5006 servi
2570 4951 2645 5005 tui
2678 4952 2959 5004 secundum
2989 4947 3199 5004 uerbum
3226 4947 3321 5003 hoc
3348 4947 3582 5017 faciant;

1975 5047 2118 5102 absit
2143 5060 2173 5101 a
2198 5044 2354 5100 nobis
2379 5052 2438 5098 ut
2465 5041 2571 5099 tale
2593 5041 2720 5113 quid
2768 5055 3024 5111 umquam
3073 5048 3426 5095 attentemus.
3453 5037 3590 5094 Nam

1979 5139 2069 5211 qui
2099 5137 2385 5209 pecuniam
2429 5134 2700 5206 duplicem
2723 5133 3024 5199 attulimus,
3055 5145 3165 5202 quo
3199 5139 3357 5202 pacto
3384 5131 3592 5187 iurare-

1977 5247 2097 5286 mur
2121 5238 2402 5302 argentum
2427 5227 2510 5283 vel
2535 5225 2749 5281 aurum?
2765 5224 2918 5292 Quod
2941 5224 2985 5279 si
3017 5223 3121 5278 hoc
3146 5231 3322 5294 putas,
3346 5220 3403 5278 9.
3436 5221 3592 5293 Apud

1976 5341 2126 5396 quem
2169 5325 2430 5378 inuentum
2475 5320 2630 5391 fuerit
2669 5334 2758 5373 uas
2801 5316 2939 5386 quod
2967 5316 3219 5386 inquiris,
3260 5316 3348 5370 ille
3383 5315 3589 5386 quidem

1977 5418 2228 5470 moriatur
2252 5454 2268 5479 ,
2296 5424 2351 5468 ut
2381 5412 2473 5484 qui
2509 5411 2614 5466 tale
2661 5407 2855 5465 iecerit
2899 5422 3075 5478 opus;
3121 5423 3217 5461 nos
3246 5401 3418 5461 autem
3455 5406 3592 5460 serui

1978 5509 2186 5562 erimus.
2217 5502 2579 5559 Conscientia:
2609 5500 2751 5556 bona
2783 5499 2979 5554 ﬁducia
3005 5511 3102 5554 eos
3130 5496 3196 5552 ad
3221 5506 3329 5552 tam
3361 5494 3592 5552 ﬁdenter

1980 5596 2305 5670 loquendum
2335 5595 2640 5651 inducebat.
2668 5593 2754 5650 10.
2797 5589 2902 5647 Ille
2925 5601 3117 5659 autem,
3182 5588 3376 5660 inquit,
3421 5587 3597 5642 dixit:

2044 5710 2117 5770 (α)
2150 5715 2247 5757 Hoc
2265 5715 2360 5766 est,
2395 5706 2745 5770 existimabant
2777 5703 2957 5755 fratres
2986 5703 3204 5766 Josepbi,
3227 5700 3512 5770 nescientes
3534 5713 3596 5749 se

1977 5761 2326 5835 unttftosepbo
2349 5761 2484 5830 esse,
2510 5769 2770 5835 ejusjussu
2796 5770 3071 5835 Bellienum
3095 5761 3267 5835 utpote
3289 5761 3596 5835 adhuequ-

2217 5823 2320 5884 ὀπί
2339 5871 2352 5896 ,
2385 5823 2868 5897 quoniam'solenuus
2887 5823 3057 5893 pueris
3092 5823 3348 5894 plumeam
3382 5823 3492 5876 aliis
3512 5825 3594 5874 stl-
