4086 6430
575 527 638 581 Et
662 543 813 594 unus,
835 527 959 583 sicut
992 521 1212 586 dixistis,
1249 521 1363 575 erit.
1397 517 1549 590 Apud
1579 534 1724 590 quem
1768 518 2016 571 inventum
2038 516 2147 584 fue-

571 619 635 672 rit
665 616 916 688 poculum,
975 613 1055 667 hic
1104 613 1242 666 solus
1275 627 1410 668 meus
1456 625 1628 664 servus
1672 609 1801 674 erit,
1853 623 1938 661 vos
1983 617 2147 659 autem

578 705 913 762 dimittemini.
981 704 1042 758 Et
1087 712 1207 757 cum
1263 703 1376 756 lucc
1438 701 1738 766 dixissent,
1797 698 2145 768 permiserunt

567 798 614 850 ei
645 805 701 850 ut
742 795 1055 851 scrutinium
1102 792 1314 851 laceret.
1366 790 1450 846 i2.
1503 789 1569 844 Et
1606 799 1857 844 scrutatus
1901 799 2006 853 est,
2043 787 2147 838 ini-

570 888 642 940 tio
663 903 695 939 a
720 885 916 940 seniore
939 888 1095 955 facto,
1123 883 1282 938 donec
1306 882 1493 935 veniret
1513 881 1581 932 nd
1602 878 1867 949 Benjamin
1887 918 1901 942 ,
1936 886 1980 930 et
2006 876 2145 929 illius

569 987 747 1044 aperto
795 991 974 1040 sacco,
1010 972 1193 1027 invenit
1231 970 1488 1041 poculum.
1529 969 1639 1024 lioc
1687 967 1917 1022 tenebris
1956 964 2144 1020 alludit

566 1079 753 1121 eorum
807 1073 1038 1120 mentem
1085 1080 1100 1118 :
1151 1063 1236 1118 l3.
1273 1061 1336 1116 Et
1374 1062 1718 1132 disruperuut,
1763 1059 1964 1129 inquit,
1997 1060 2148 1112 resti-

561 1168 732 1213 meuta
755 1174 848 1212 sua
876 1173 895 1211 :
919 1167 963 1210 et
991 1158 1338 1226 imposuerunt
1367 1153 1613 1224 jumentis
1640 1157 1820 1205 iterum
1859 1167 2028 1204 saccos
2053 1189 2068 1215 ,
2095 1158 2143 1202 et

565 1247 746 1302 ηεισεὶ
769 1246 963 1300 suntin
1001 1245 1266 1299 ciuitatem.
1312 1244 1398 1300 14.
1449 1240 1511 1296 Et
1550 1242 1802 1312 ingressus
1846 1238 2012 1293 ludas
2035 1279 2050 1305 ,
2097 1247 2144 1290 et

567 1342 743 1403 fratres
765 1337 839 1390 sui
855 1336 925 1390 ad
937 1334 1153 1406 Ioseph,
1172 1334 1458 1388 ceciderunt
1482 1348 1652 1386 coram
1677 1347 1735 1384 eo
1751 1347 1902 1400 super
1929 1339 2138 1382 terram.

566 1427 697 1484 Vide
727 1426 938 1499 quoties
959 1426 1322 1481 adorationetn
1354 1424 1568 1493 faciunt.
1597 1421 1682 1476 15.
1715 1419 1859 1474 Dixit
1884 1429 2050 1472 autem
2069 1419 2141 1473 eis

561 1519 756 1586 Ioseph
777 1533 798 1573 :
827 1517 997 1585 Quare
1015 1516 1109 1570 hoc
1137 1516 1322 1583 fecistis
1341 1514 1367 1567 Γ
1395 1511 1448 1566 Ν
1449 1513 1706 1566 esciebatis
1726 1512 1860 1580 quod
1880 1526 2136 1578 auguran—

565 1613 629 1665 do
659 1613 710 1664 in
737 1613 832 1662 hoc
855 1607 1118 1677 auguror?
1149 1605 1233 1661 16.
1265 1604 1406 1658 Dixit
1446 1614 1612 1657 autem
1634 1643 1648 1666 ,
1693 1602 1858 1671 inquit
1882 1643 1896 1664 ,
1926 1599 2094 1654 ludas
2121 1613 2141 1654 .°

565 1703 700 1768 Quid
733 1701 1157 1764 eontradicemus,
1208 1698 1285 1752 uel
1325 1697 1447 1766 quid
1493 1696 1751 1765 loquemur
1790 1693 1994 1746 domino
2017 1734 2031 1755 ,
2064 1691 2140 1745 vel

561 1791 808 1861 quomodo
847 1789 1281 1862 justiﬁeabimur.’
1329 1787 1464 1840 Deus
1491 1796 1661 1840 autem
1705 1787 1891 1839 invenit
1931 1783 2137 1854 injusti-

558 1881 680 1934 tiam
701 1897 952 1936 seruorum
974 1891 1191 1933 tuorum.
1225 1880 1418 1933 Iterum
1448 1886 1696 1932 revocant
1724 1878 1821 1930 sibi
1851 1877 1902 1929 in
1931 1892 2139 1931 memo-

557 1973 692 2028 riam
717 1988 776 2027 ea
805 1988 922 2041 qua:
954 1972 1080 2026 olim
1104 1978 1288 2025 contra
1323 1970 1470 2024 illum
1498 1968 1758 2024 fecerunt.
1805 1967 1938 2022 Ecce
1965 1986 2138 2024 sumus

555 2062 684 2116 serui
710 2061 912 2115 domino
933 2071 1102 2114 nostra
1145 2071 1193 2115 et
1238 2076 1328 2114 nos
1353 2070 1400 2114 et
1426 2061 1510 2114 ille
1533 2060 1672 2130 apud
1697 2076 1841 2128 quem
1877 2060 2136 2114 inventum

556 2161 631 2204 est
661 2151 915 2220 poculum.
949 2149 1063 2204 Jam
1104 2165 1346 2219 magnam
1376 2150 1650 2204 declarant
1689 2149 2133 2215 benevolentiam,

555 2250 613 2296 et
652 2241 856 2311 seipsos
883 2255 1003 2296 cum
1047 2240 1207 2295 fratre
1249 2241 1299 2294 in
1344 2239 1652 2295 servitutem
1692 2240 1996 2308 subjiciunt.
2044 2241 2130 2294 l7.

563 2331 705 2387 Dixit
755 2342 921 2387 autent
963 2331 1153 2401 Joseplt
1205 2349 1225 2388 :
1280 2331 1424 2386 Absit
1468 2341 1522 2384 ut
1571 2331 1668 2385 hoc
1704 2332 1909 2402 faciam.
1965 2329 2133 2385 Homo

554 2426 698 2494 apud
731 2441 876 2495 quem
913 2426 1166 2479 inuentum
1212 2425 1363 2494 fuerit
1405 2425 1678 2494 poculum,
1729 2423 1815 2477 ille
1859 2425 1951 2476 erit
1993 2439 2134 2477 meus

556 2533 726 2573 servus
750 2560 766 2586 ,
820 2534 906 2573 vos
956 2529 1123 2572 autem
1167 2517 1422 2572 ascendite
1462 2533 1577 2572 cum
1630 2515 1793 2587 galute
1835 2516 1904 2568 ad
1943 2524 2135 2586 patrem

553 2617 784 2664 vestrum.

625 2699 678 2754 6.
709 2700 840 2754 Vide
880 2699 1146 2770 quomodo
1189 2699 1240 2754 id
1277 2714 1382 2770 quo
1419 2698 1638 2754 timebat
1683 2708 1853 2768 pater,
1899 2697 2002 2754 hoc
2046 2700 2128 2754 eis

554 2792 811 2860 contingit
839 2808 854 2845 :
886 2801 940 2846 et
977 2791 1027 2845 iu
1065 2801 1170 2844 tam
1207 2805 1451 2860 magnam
1501 2790 1829 2844 devenerunt
1869 2790 2129 2845 turbatio-

556 2897 676 2936 nem
702 2921 715 2946 ,
757 2891 812 2935 ut
846 2881 968 2951 quid
999 2881 1234 2935 lacerent
1261 2879 1547 2936 nescirent.
1583 2882 1665 2936 l8.
1701 2881 2132 2952 Appropinquavit

551 2980 715 3024 autem
738 2968 903 3023 ludas
920 3010 935 3034 ,
960 2969 1159 3040 inquit,
1182 2979 1229 3023 ct
1252 2970 1398 3023 dixit.
1421 2969 1553 3038 Quia
1581 2971 1692 3039 ipse
1713 2979 1828 3025 erat
1847 2971 1936 3026 ille
1963 2970 2051 3040 qui
2077 2980 2133 3025 et

552 3078 583 3116 a
613 3071 760 3131 patre
783 3077 902 3117 eum
933 3070 1230 3131 acceperat,
1257 3071 1312 3117 et
1339 3061 1546 3117 dixerat
1571 3081 1582 3117 :
1618 3061 1732 3116 Nisi
1752 3061 1997 3117 reduxere
2014 3079 2131 3117 eum

557 3153 624 3205 ad
650 3162 716 3218 te,
741 3169 829 3205 ero
851 3152 937 3204 tibi
957 3161 1156 3221 peccato
1181 3151 1426 3205 obnoxius
1451 3150 1678 3205 omnibus
1707 3152 1914 3206 diebus:
1937 3152 2132 3207 idcirco

559 3252 610 3297 et
650 3241 864 3311 propior
897 3241 1062 3297 iactus
1107 3241 1389 3313 diligenter
1431 3250 1606 3297 narrat
1646 3243 1693 3298 ei
1737 3245 1912 3297 omnia
1939 3285 1953 3310 ,
1981 3252 2038 3297 ut
2078 3243 2131 3298 in

551 3332 1064 3387 conuuiseratiouem
1096 3346 1162 3388 eo
1183 3332 1412 3386 adducto
1434 3373 1450 3399 ,
1483 3331 1780 3388 libertatem
1806 3348 1970 3403 puero
1997 3347 2128 3387 con-

551 3424 776 3478 ciliarct.
809 3425 892 3478 l8.
922 3424 1354 3495 Appropinquavit
1379 3425 1533 3489 enim,
1567 3425 1753 3494 inquit,
1786 3425 1832 3478 ei
1856 3422 2020 3478 ludas
2040 3465 2053 3489 ,
2084 3434 2130 3478 et

551 3514 716 3567 dixit:
745 3513 868 3578 Oro,
901 3513 1120 3579 domine,
1153 3514 1385 3584 loquatur
1404 3530 1573 3569 servus
1599 3525 1730 3568 tuus.
1757 3515 1980 3569 Attende
2001 3531 2130 3586 quo-

556 3603 712 3659 modo
732 3620 827 3673 per
851 3605 1027 3658 omnia
1044 3613 1100 3658 ut
1119 3603 1333 3658 domino
1353 3619 1538 3659 servus
1565 3605 1827 3674 loquitur;
1855 3614 1908 3660 et
1936 3605 1987 3659 in
2014 3621 2130 3661 me-

557 3697 719 3752 moria
749 3696 887 3751 habe
909 3696 1111 3751 somnia
1141 3697 1549 3767 manipulorum,
1584 3708 1799 3768 propter
1823 3713 1941 3766 qum
1964 3699 2131 3769 majo-

557 3803 666 3840 rem
695 3800 818 3854 erga
851 3801 973 3839 eum
1007 3785 1255 3838 invidiam
1294 3797 1542 3840 acuerant
1563 3828 1577 3850 ,
1609 3797 1660 3841 et
1685 3788 2001 3856 obstupesce
2037 3804 2128 3840 so-

556 3881 744 3932 lertem
779 3877 867 3930 Dei
898 3877 1210 3945 sapientiam
1236 3919 1249 3940 ,
1280 3877 1544 3946 qnnmodp
1574 3882 1734 3932 lautis
1762 3880 2048 3932 obstaculis
2077 3880 2130 3932 in

558 3966 731 4022 medio
770 3966 984 4036 positis,
1017 3965 1191 4019 omnia
1234 3981 1394 4037 opere
1425 3955 1545 4020 sntit
1586 3967 1817 4036 impleta.
1847 3967 2128 4036 Loquatur,

551 4057 754 4126 inquit,
786 4072 956 4110 servus
985 4066 1098 4109 tuus
1127 4072 1295 4109 coram
1322 4066 1388 4122 te,
1425 4068 1470 4111 et
1498 4074 1558 4111 ne
1581 4059 1816 4111 irascaris
1844 4075 1984 4112 servo
2008 4067 2094 4112 tuo
2114 4097 2129 4123 ,

557 4151 773 4202 domine.
809 4150 894 4203 l9.
926 4148 1004 4200 Tu
1034 4150 1351 4219 interrogasti
1378 4167 1542 4204 servos
1563 4161 1692 4215 tuos,
1715 4151 1883 4205 dicens
1907 4167 1925 4205 :
1954 4151 2128 4205 llabe-

559 4243 685 4294 tisne
715 4245 924 4315 fratrem
953 4241 1026 4295 vel
1063 4243 1299 4310 patrem?
1326 4241 1414 4296 20.
1447 4253 1489 4296 et
1520 4243 1738 4296 diximus
1761 4245 1962 4298 domino
1988 4261 2004 4298 :
2034 4243 2127 4299 Est

558 4331 697 4383 nobis
727 4340 866 4399 pater
885 4347 1059 4396 senex,
1085 4341 1130 4384 et
1151 4332 1313 4398 ﬁlium
1338 4334 1598 4386 senectutis
1619 4340 1851 4401 juvenem
1875 4336 2017 4390 habet
2038 4377 2050 4398 ,
2083 4347 2130 4390 et

557 4425 712 4487 frater
734 4423 842 4492 ejus
861 4433 1085 4474 mortuus
1105 4432 1193 4475 est.
1217 4421 1400 4492 Cogita
1424 4423 1508 4476 hic
1525 4425 1790 4492 quomodo
1810 4440 1870 4480 so
1889 4426 2130 4482 habuerit

556 4514 746 4581 inseph
782 4515 893 4566 huc
919 4513 1156 4567 audiens.
1192 4513 1289 4567 Ille
1315 4516 1451 4568 solus
1477 4517 1677 4569 relictus
1703 4527 1775 4570 est
1807 4517 1957 4572 matri
1982 4535 2128 4583 sum;

559 4614 698 4669 pater
724 4613 889 4655 autem
915 4621 1026 4655 eum
1053 4605 1233 4673 diligit.
1266 4607 1436 4671 Quare
1463 4617 1638 4660 autem
1664 4617 1714 4661 et
1743 4607 1826 4660 hic
1856 4609 2125 4676 mentitur,

548 4693 633 4749 sic
660 4691 840 4745 dicens
869 4706 884 4744 :
921 4689 1100 4744 Frater
1122 4696 1230 4762 ejus
1261 4704 1482 4748 mortuus
1503 4697 1616 4749 est?
1645 4697 1803 4766 Atqui
1826 4713 1943 4753 eum
1968 4715 2130 4768 nego-

554 4780 832 4846 tiatur-ilius
860 4780 1226 4836 vendiderant.
1260 4783 1453 4838 Verum
1482 4785 1599 4852 quia
1631 4787 1708 4839 sic
1745 4787 1878 4856 patri
1910 4803 2127 4856 persua-

556 4878 737 4922 serunt
763 4909 775 4931 ,
811 4871 956 4937 quasi
988 4871 1192 4924 occisus
1221 4882 1396 4934 esset,
1431 4883 1484 4926 et
1517 4888 1544 4926 a
1589 4874 1773 4929 bestiis
1799 4876 2080 4932 devoratus
2110 4897 2124 4933 :

558 4959 790 5027 alioquin
819 4959 974 5012 etiam
1005 4969 1323 5029 putaverunt
1361 4978 1482 5017 eum
1513 4980 1616 5018 non
1649 4965 1907 5020 ferentem
1937 4967 2126 5022 barba-

553 5065 735 5103 rorum
768 5051 1077 5104 servitutem
1096 5091 1110 5115 ,
1140 5050 1248 5118 jam
1275 5067 1393 5106 esse
1420 5064 1704 5121 mortuum,
1737 5065 1790 5110 et
1819 5057 2016 5113 ideirco
2042 5059 2128 5113 di-

547 5141 620 5192 cit
650 5158 662 5191 ι
698 5138 882 5192 Frater
917 5143 1025 5210 ejus
1068 5153 1294 5196 mortuus
1329 5153 1419 5196 est.
1452 5143 1539 5197 2|.
1571 5145 1753 5200 Dixisti
1780 5159 1944 5202 autem
1975 5152 2128 5204 servis

545 5234 647 5287 tuis
674 5248 694 5285 :
717 5232 959 5286 Deducite
982 5249 1093 5286 eum
1117 5235 1183 5286 ad
1209 5251 1288 5288 me
1305 5276 1318 5297 ,
1350 5246 1395 5289 et
1417 5253 1589 5290 curant
1615 5238 1799 5292 habebo
1833 5242 2003 5310 ipsius.
2033 5241 2123 5296 25.

549 5325 612 5378 Et
638 5325 816 5379 dixiin
837 5342 856 5380 :
889 5325 1003 5380 Nisi
1031 5329 1299 5384 descendat
1326 5335 1485 5400 frater
1517 5342 1671 5388 vester
1701 5334 1949 5389 vobiscum
1979 5381 1989 5397 .
2024 5355 2125 5393 non

545 5420 808 5488 apponetis
831 5427 885 5471 ut
909 5419 1116 5473 videatis
1145 5422 1322 5489 faciem
1352 5439 1531 5476 meam.
1561 5423 1650 5477 2i.
1686 5425 1898 5480 Factum
1931 5440 2001 5481 est
2026 5447 2122 5482 att-

556 5509 859 5575 tcntquando
881 5511 1190 5564 ascendimus
1205 5513 1271 5564 ad
1298 5529 1490 5565 servum
1507 5521 1646 5566 tuttm
1673 5526 1860 5585 patrem
1879 5531 2123 5586 nostrum,

539 5599 956 5653 annuntiat-intus
995 5602 1038 5654 ei
1077 5603 1219 5655 verba
1256 5605 1463 5657 domini.
1620 5607 1756 5660 Dixit
1783 5620 1946 5663 autem
1986 5624 2128 5680 pater

547 5695 718 5738 noster
742 5688 922 5743 nobis:
953 5690 1032 5745 lle
1054 5694 1252 5756 iterum,
1281 5697 1424 5748 emite
1453 5697 1591 5749 nobis
1617 5715 1774 5763 pauca
1798 5700 2006 5755 cibaria.
2030 5703 2121 5758 9.6.

551 5776 662 5833 Nos
689 5784 859 5832 autem
881 5781 1096 5836 diximus
1124 5785 1169 5836 ei
1200 5799 1216 5836 :
1260 5785 1368 5838 Non
1394 5787 1661 5854 poterimus
1686 5788 2004 5856 descendere,
2027 5792 2124 5848 nisi

1313 409 1369 466 S.
1407 405 1685 465 JOANNIS
1708 396 2181 462 cnnvsosrout
2217 400 2532 457 ARClllEP.
2575 400 3107 460 COSSTANTINOP.

2256 512 2414 583 frater
2432 524 2599 570 noster
2618 514 2884 578 descendat
2908 518 3185 573 nobiseum.
3206 520 3295 575 27.
3319 519 3460 576 Dixit
3475 531 3639 579 annuit
3669 543 3844 583 sen'us

2255 613 2370 659 tuus
2403 615 2547 676 pater
2574 617 2742 664 noster
2769 621 2789 661 :
2825 605 2926 662 Vos
2953 609 3090 665 scitis
3112 652 3127 676 ,
3158 611 3295 680 quod
3323 612 3452 668 duos
3485 617 3680 684 peperit
3710 617 3838 672 mihi

2254 710 2402 761 tuor,
2424 694 2514 752 28.
2544 707 2590 752 et
2616 713 2842 768 egressus
2867 709 2942 754 est
2967 717 3097 756 unus
3123 718 3155 754 a
3181 719 3260 758 me
3279 745 3292 766 ,
3322 715 3368 758 et
3392 705 3592 761 dixistis
3611 748 3626 772 ,
3649 711 3788 777 quod
3811 727 3841 762 a

2254 784 2410 839 bestia
2428 787 2492 840 sit
2511 787 2794 841 devoratus.
2816 786 3106 845 Considera
3132 793 3400 863 quomodo
3423 809 3518 864 per
3535 799 3842 851 excusatio-

2252 889 2375 930 nem
2403 875 2553 932 Judu:
2576 876 2771 950 Ioseph
2797 881 2976 934 omnia
2999 880 3282 951 diligenter
3300 885 3688 958 didiceritqua:
3716 900 3839 958 post

2250 977 2404 1020 suam
2427 967 2784 1024 venditionem
2813 972 3019 1040 egerint
3051 971 3194 1026 domi
3213 1015 3228 1037 ,
3256 985 3309 1029 et
3332 975 3508 1044 qualia
3533 979 3666 1046 patri
3689 979 3758 1032 de
3777 993 3841 1034 se

2251 1058 2598 1113 narraverint.
2623 1059 2714 1114 29.
2736 1059 2888 1114 Nune
2905 1061 3080 1132 igitur,
3101 1061 3293 1133 inquit,
3315 1066 3361 1120 si
3382 1077 3428 1120 et
3448 1068 3582 1121 hunc
3596 1069 3838 1136 tuleritis,

2249 1156 2298 1199 et
2316 1147 2554 1202 acciderit
2577 1150 2622 1204 ei
2641 1149 2856 1221 languor
2875 1151 2927 1206 in
2948 1153 3048 1218 via,
3073 1153 3328 1209 deducetis
3352 1166 3651 1212 senectutem
3672 1177 3840 1214 meam

2247 1251 2364 1290 eum
2399 1253 2614 1294 maerore
2651 1242 2721 1294 ad
2753 1241 2961 1310 inferos.
3004 1240 3081 1297 Ita
3119 1258 3248 1314 ergo
3288 1254 3436 1315 patre
3479 1257 3664 1302 nostro
3707 1266 3839 1319 erga

2248 1343 2476 1399 puerum
2511 1331 2704 1387 ad'ecto
2730 1373 2745 1397 ,
2776 1333 3044 1403 quomodo
3071 1336 3362 1404 poterimus
3393 1337 3582 1393 faciem
3610 1341 3729 1409 ejus
3758 1342 3841 1394 vi-

2246 1420 2394 1485 dere.
2416 1437 2582 1492 puero
2603 1439 2707 1478 non
2728 1425 3017 1482 essistente
3038 1425 3348 1484 nobiscum?
3372 1430 3458 1486 50.
3480 1429 3678 1486 Pendet
3697 1433 3840 1486 enim

2244 1514 2418 1567 anima
2450 1516 2562 1584 ejus
2588 1531 2652 1568 ea:
2678 1514 2831 1585 hujus
2857 1517 3046 1569 anima.
3089 1519 3178 1572 3i.
3220 1518 3284 1572 Et
3323 1519 3567 1574 deducent
3601 1524 3733 1575 set-ri
3762 1524 3839 1574 tui

2243 1614 2544 1657 senectutem
2573 1604 2732 1675 patris
2759 1607 2916 1660 nostri
2944 1607 3071 1661 serui
3095 1609 3172 1661 tui
3193 1625 3308 1661 cum
3335 1626 3545 1664 maerore
3572 1613 3641 1664 ad
3667 1613 3836 1680 infer-

2245 1711 2384 1748 num.
2416 1693 2601 1750 Seruus
2629 1701 2764 1750 enim
2791 1706 2908 1750 tuus
2934 1699 3128 1767 accepit
3156 1716 3364 1766 puerum
3392 1717 3423 1753 a
3454 1711 3597 1769 patre
3623 1719 3719 1757 suo
3746 1703 3836 1756 di-

2242 1802 2360 1840 cens
2390 1802 2410 1841 :
2441 1785 2559 1842 Nisi
2583 1788 2749 1858 ipsum
2770 1789 2840 1842 ad
2864 1799 2912 1844 te
2931 1789 3175 1845 reduxere
3197 1831 3214 1857 ,
3246 1802 3449 1859 peccato
3468 1793 3716 1848 obnoxius
3745 1810 3840 1848 ero

2241 1875 2330 1930 tibi
2361 1877 2592 1930 onmibus
2631 1876 2824 1932 diebus.
2871 1877 2978 1932 llas
3005 1879 3388 1948 promissioncs
3433 1880 3532 1936 ieci
3565 1884 3739 1951 patri,
3776 1895 3840 1940 ut

2243 1981 2466 2036 puerum
2494 1967 2693 2036 possim
2735 1967 2999 2024 adducere
3017 2012 3032 2034 ,
3065 1977 3118 2026 et
3144 1985 3204 2025 ea
3238 1970 3460 2039 implere
3485 1988 3603 2042 qua:
3631 1983 3686 2027 tu
3714 1974 3838 2042 jus-

2241 2072 2410 2122 seras,
2439 2066 2840 2128 monstrareque
2863 2074 3024 2128 quam
3053 2075 3176 2114 vere
3203 2061 3510 2127 dixerimus,
3539 2073 3595 2117 et
3625 2064 3836 2119 nullum

2242 2148 2646 2204 mendacium'a
2683 2149 2836 2204 nobis
2869 2165 2991 2214 esse
3029 2151 3313 2220 prolatum.
3354 2153 3444 2206 35.
3483 2151 3640 2206 Nunc
3674 2155 3839 2226 igitur

2239 2239 2447 2293 manebo
2475 2255 2644 2294 servus
2674 2257 2766 2309 pro
2808 2257 2984 2310 puero,
3007 2243 3232 2310 famulus
3249 2243 3442 2296 domini
3466 2261 3485 2310 ;
3513 2262 3637 2314 puer
3660 2254 3837 2297 autem

2237 2328 2474 2382 ascendat
2504 2344 2616 2382 cum
2641 2330 2902 2398 fratribus.
2928 2330 3020 2386 ξι.
3046 2329 3311 2396 Quomodo
3341 2335 3472 2387 enim
3500 2335 3838 2389 ostendemus

2236 2424 2305 2475 ad
2331 2433 2545 2490 patrem,
2572 2438 2688 2476 cum
2726 2439 2826 2478 non
2859 2425 2924 2478 sit
2963 2426 3220 2478 uobiscum
3250 2427 3415 2494 puer?
3442 2425 3505 2478 Et
3541 2443 3602 2478 ne
3628 2425 3833 2478 rideam

2237 2513 2408 2580 mala,
2447 2530 2560 2583 qua:
2597 2515 2843 2569 inuenient
2891 2526 3081 2585 patrem
3129 2533 3313 2571 meum.
3361 2518 3486 2572 Haec
3531 2517 3835 2588 Josephnn

2237 2603 2413 2656 animo
2442 2614 2879 2669 commoverunt,
2913 2614 2964 2660 et
3010 2605 3141 2668 satis
3165 2607 3214 2662 ei
3243 2606 3678 2663 demonstrarunt
3707 2612 3834 2665 illus

2237 2703 2290 2747 et
2331 2706 2531 2762 patrem
2575 2695 2734 2763 digne
2776 2695 2953 2750 colere
2978 2737 2992 2759 ,
3023 2706 3077 2751 et
3119 2697 3336 2752 fratrem
3369 2701 3590 2753 multqu
3620 2715 3828 2754 amere.

2239 2786 2289 2840 1.
2325 2785 2389 2839 Et
2428 2803 2527 2840 non
2567 2787 2699 2839 ultra
2729 2788 2887 2852 potuit
2923 2789 3092 2857 ferre,
3130 2805 3288 2858 neque
3320 2790 3534 2843 tolerare
3567 2789 3830 2844 adstantes

2233 2876 2366 2941 sibi,
2400 2877 2490 2930 sed
2525 2877 2739 2946 repulsis
2775 2879 3005 2932 omnibus
3037 2881 3174 2933 solus
3207 2881 3339 2933 inter
3372 2898 3454 2935 eos
3495 2882 3700 2935 relictus
3725 2925 3740 2946 ,
3769 2881 3827 2936 2.

2236 2970 2387 3023 missa
2409 2985 2524 3022 voce
2547 2986 2657 3022 cum
2685 2971 2808 3039 ﬂetu
2832 3010 2849 3034 ,
2885 2979 3057 3023 nolunt
3096 2989 3150 3025 se
3184 2972 3301 3042 fecit
3327 2971 3588 3040 fratribus.
3626 2970 3693 3025 Et
3730 2973 3829 3026 Itoe

2235 3059 2451 3112 innotuit
2479 3060 2528 3112 in
2556 3069 2658 3112 toto
2695 3077 2878 3128 regno,
2912 3063 2963 3114 in
2999 3062 3148 3115 domo
3181 3062 3488 3116 Pharaonis.
3519 3063 3571 3116 3.
3606 3063 3670 3116 Et
3701 3064 3830 3118 dicit

2237 3147 2479 3220 fratribtts
2520 3149 2622 3202 suis
2654 3164 2672 3202 :
2705 3147 2814 3219 Ego
2847 3166 2959 3202 sum
2994 3148 3203 3218 Ioseph.
3245 3149 3440 3206 Vivitne
3476 3153 3642 3206 udltue
3682 3165 3830 3222 pater

2235 3255 2375 3293 meus
2409 3239 2577 3310 (βαρ.
2620 3238 2758 3308 45')?
2793 3241 3058 3294 Admirari
3102 3243 3186 3295 hic
3223 3242 3364 3296 subit
3397 3251 3454 3298 et
3493 3244 3632 3298 beati
3668 3245 3830 3314 hujus

2233 3331 2584 3385 constantiam
2605 3339 2804 3384 tantam
2825 3373 2841 3398 ,
2871 3340 2924 3386 et
2949 3331 3090 3402 quod
3119 3332 3390 3402 hucusque
3429 3335 3829 3391 simulationem

2233 3421 2562 3486 sustinuerit,
2585 3430 2638 3476 et
2658 3421 2795 3491 quod
2819 3422 2938 3493 quis
2955 3433 3220 3477 essetnon
3250 3424 3596 3478 di-clanwcrit
3621 3444 3632 3478 :
3662 3437 3830 3494 atque

2234 3513 2579 3568 vehementer
2600 3513 2940 3582 obstupesco,
2963 3515 3230 3583 quomodo
3261 3514 3335 3567 illi
3361 3516 3625 3584 potuerint
3655 3525 3828 3582 stare,

2235 3605 2316 3660 vel
2355 3620 2417 3659 os
2458 3613 2639 3675 postea
2675 3604 2885 3675 aperire
2910 3645 2925 3670 ,
2964 3605 3232 3672 quomodo
3263 3620 3368 3658 non
3399 3606 3619 3658 avolarit
3649 3605 3716 3657 ab
3745 3608 3830 3659 eis

2233 3698 2428 3761 anima,
2461 3697 2726 3766 quomodo
2755 3711 2941 3751 eorum
2980 3710 3130 3749 meus
3171 3705 3276 3749 tota
3319 3711 3421 3748 nou
3449 3696 3788 3763 obstupucrit
3811 3737 3826 3760 ,

2233 3787 2500 3856 quomodo
2530 3802 2633 3839 non
2660 3800 2718 3841 se
2745 3785 3043 3839 abdiderint
3082 3785 3218 3839 intra
3247 3793 3465 3840 terram.
3503 3786 3567 3839 Et
3593 3803 3693 3838 non
3725 3804 3827 3854 po-

2236 3885 2454 3935 tuerunt,
2484 3876 2670 3944 inquit,
2698 3879 2879 3944 fratres
2899 3877 3008 3945 ejus
3034 3876 3336 3943 respondere
3355 3877 3402 3928 ei
3428 3891 3447 3929 :
3475 3877 3660 3929 turbati
3686 3880 3828 3930 enim

2235 3974 2395 4016 erant.
2426 3964 2612 4018 Merito
2641 3982 2653 4016 :
2682 3965 2973 4034 cogitantes
3003 3964 3270 4034 quomodo
3291 3981 3413 4020 eum
3439 3974 3826 4034 tractaverant,

2235 4066 2288 4111 et
2313 4057 2482 4127 qualis
2510 4059 2620 4126 ipse
2649 4073 2770 4128 erga
2794 4057 2910 4110 illos
2946 4057 3119 4113 fuerat
3150 4075 3163 4110 :
3197 4067 3250 4112 et
3275 4059 3568 4126 cogitantes
3597 4059 3827 4128 gloriam

2234 4148 2285 4201 in
2342 4163 2443 4216 qua
2473 4149 2789 4204 constitutus
2829 4159 2943 4204 erat
2965 4191 2978 4212 ,
3012 4151 3077 4203 de
3109 4163 3203 4202 sua
3233 4148 3401 4202 salute
3434 4150 3827 4218 propemodum

2233 4240 2370 4292 anxii
2400 4249 2570 4292 erant.
2596 4239 2880 4308 Propterea
2902 4239 3085 4293 vola-ns
3105 4253 3199 4292 eos
3224 4239 3463 4294 animare
3488 4282 3502 4303 ,
3533 4241 3589 4294 4.
3622 4241 3828 4309 Appro-

2234 4331 2486 4400 pinquate,
2520 4329 2709 4397 inquit,
2741 4330 2808 4381 ad
2839 4347 2934 4383 me.
2968 4329 3044 4384 Ne
3072 4330 3423 4383 antoveamini
3453 4345 3546 4382 vos
3577 4351 3591 4382 :
3627 4346 3694 4384 ne
3724 4347 3825 4385 co-

2230 4420 2406 4489 gitetis
2426 4435 2518 4474 vos
2539 4419 2753 4487 proprio
2774 4420 2996 4472 consilio
3024 4418 3137 4472 ha-c
3164 4429 3347 4472 contra
3379 4435 3464 4473 me
3487 4419 3684 4488 egisse.
3719 4421 3829 4478 Ista

2235 4526 2337 4566 non
2362 4519 2469 4564 tam
2504 4520 2690 4564 vestra:
2719 4526 2846 4581 erga
2879 4527 2964 4565 me
2992 4507 3341 4565 adscribenda
3377 4523 3498 4564 sunt
3531 4511 3825 4580 iniquitati,

2232 4617 2388 4671 quam
2419 4601 2610 4655 divinae
2635 4602 2910 4670 sapientia:
2937 4610 2990 4654 et
3020 4600 3271 4654 ineliabili
3301 4601 3683 4654 misericordia:
3719 4619 3730 4651 :
3763 4616 3828 4656 nt

2235 4693 2337 4746 huc
2359 4692 2648 4748 adveniens
2671 4734 2685 4758 ,
2716 4707 2857 4746 nunc
2884 4693 3195 4761 tempestive
3221 4700 3275 4744 ct
3299 4692 3452 4745 vobis
3481 4702 3536 4746 et
3567 4693 3660 4746 toti
3698 4692 3828 4748 huic

2233 4783 2432 4853 regioni
2472 4799 2681 4852 possem
2725 4783 3062 4851 suppeditare
3101 4783 3369 4835 alimenta.
3405 4782 3469 4834 Et
3497 4783 3624 4836 dixit
3658 4800 3677 4835 :
3711 4780 3826 4853 Ego

2229 4893 2340 4931 sum
2360 4873 2550 4944 Joseplt
2573 4878 2728 4945 frater
2748 4885 2927 4939 vester,
2951 4892 3093 4943 quem
3113 4876 3402 4928 vendidistis
3431 4877 3479 4928 in
3509 4874 3824 4945 (Egyptunt.

2230 4968 2282 5022 ὕ.
2318 4964 2472 5020 Nune
2497 4966 2651 5035 igitur
2675 4983 2736 5018 ne
2759 4966 2986 5018 deleatis.
3012 4965 3088 5020 Ne
3112 4981 3224 5028 vos,
3257 4966 3443 5034 inquit,
3471 4966 3570 5020 hoc
3593 4976 3828 5020 contur-

2231 5058 2350 5122 bet;
2394 5075 2461 5112 ne
2513 5072 2759 5126 asperum
2804 5056 2952 5109 vobis
3001 5057 3239 5110 videatur
3275 5057 3416 5125 quod
3475 5058 3670 5110 lin-tum
3716 5068 3823 5110 est.

2233 5148 2324 5202 Dei
2352 5149 2494 5202 enim
2531 5147 2924 5215 dispensatione
2952 5147 3286 5216 contigerunt
3323 5147 3455 5202 ha-c.
3503 5147 3642 5201 Deus
3688 5149 3826 5202 enim

2230 5258 2310 5294 me
2337 5241 2469 5294 misit
2495 5241 2548 5292 in
2569 5241 2718 5292 vitam
2745 5250 2861 5292 ante
2882 5256 2984 5293 vos.
3016 5242 3068 5293 6.
3103 5241 3235 5291 Nam
3264 5241 3344 5293 hic
3371 5241 3622 5293 secundus
3651 5256 3826 5295 annus

2231 5333 2380 5400 famis
2419 5348 2570 5401 super
2597 5342 2779 5386 terram
2803 5373 2817 5396 ,
2854 5343 2899 5384 et
2929 5333 3096 5386 adhuc
3121 5344 3307 5385 restant
3333 5335 3547 5401 quinque
3574 5335 3698 5386 anni
3723 5376 3737 5398 ,
3767 5335 3826 5388 in

2229 5428 2407 5497 quibus
2434 5443 2532 5478 non
2559 5426 2648 5478 erit
2679 5426 2840 5478 oratio
2865 5468 2878 5486 ,
2911 5442 3067 5494 neque
3101 5426 3291 5478 messis.
3321 5427 3371 5476 7.
3416 5425 3552 5478 Misit
3580 5427 3712 5478 enim
3744 5443 3827 5480 tne

2233 5518 2369 5572 Deus
2392 5527 2507 5570 ante
2525 5533 2626 5580 vos,
2651 5525 2703 5568 ut
2721 5517 3114 5583 relinquerentur
3133 5517 3264 5569 vobis
3291 5517 3512 5586 reliquias
3538 5534 3691 5584 super
3716 5528 3825 5570 ter-

2231 5627 2356 5663 ram.
2385 5613 2436 5662 8.
2474 5607 2628 5662 Nunc
2651 5608 2803 5678 igitur
2823 5623 2922 5660 non
2943 5623 3029 5661 vos
3052 5623 3129 5658 me
3153 5608 3353 5661 misistis
3375 5609 3471 5660 huc
3490 5649 3504 5670 ,
3537 5611 3624 5660 sed
3659 5607 3820 5664 Deus.

2301 5703 2352 5754 7.
2387 5700 2518 5756 Vide
2555 5699 2820 5770 quomodo
2849 5699 3015 5754 semel
3043 5709 3097 5752 et
3130 5699 3319 5752 iterum
3354 5710 3406 5752 et
3437 5701 3595 5753 tertio
3621 5714 3821 5753 conso-

2235 5791 2514 5848 laturillos
2542 5832 2553 5857 ,
2587 5790 2769 5845 dicens
2798 5805 2856 5845 se
2888 5806 2994 5843 non
3029 5790 3156 5860 ipsis
3181 5789 3483 5845 adscribere
3496 5805 3713 5846 causam
3737 5793 3824 5845 sui
