4086 6426
183 423 295 481 557

187 539 461 608 ingressus
489 533 542 589 iu
572 531 884 604 Egyptum,
906 527 1004 586 sed
1029 527 1195 584 Deum
1225 526 1327 584 hoc
1356 525 1568 595 fecisse,
1589 536 1649 584 ut
1666 526 1785 598 ipse

188 628 239 682 in
266 627 408 680 hanc
425 624 633 680 veniret
651 621 898 693 gloriam.
923 618 1083 684 Deus,
1105 617 1296 688 inquit,
1320 617 1453 671 misit
1477 633 1575 684 me,
1603 627 1653 670 et
1671 616 1791 688 fecit

187 733 266 771 sse
287 715 438 786 quasi
467 723 664 785 patrem
697 709 990 765 Pharaonis
1012 751 1027 776 ,
1059 717 1108 762 et
1135 708 1399 762 dominum
1427 707 1580 762 totius
1609 706 1791 760 domus

187 808 347 872 illius,
370 815 420 860 et
445 805 724 874 principem
748 802 899 857 totius
929 799 1165 872 .Egypti.
1197 799 1313 863 Illa,
1344 799 1533 870 inquit,
1562 800 1792 854 servitus

191 897 332 951 hunc
372 893 730 965 principatum
770 891 898 945 mihi
936 889 1282 956 conciliavit,
1326 889 1416 943 illa
1459 888 1697 942 venditio
1737 888 1790 942 in

192 985 330 1040 hanc
356 997 448 1038 me
470 981 698 1052 gloriam
725 980 903 1036 evexit
929 1020 944 1044 ,
977 979 1064 1034 illa
1093 977 1314 1033 afﬂictio
1345 977 1503 1048 hujus
1528 977 1659 1032 mihi
1690 977 1792 1031 ho-

192 1075 338 1130 noris
375 1073 594 1128 occasio
621 1070 758 1138 fuit,
799 1070 886 1124 illa
914 1069 1116 1125 invidia
1157 1068 1298 1125 hanc
1334 1069 1463 1124 mihi
1490 1068 1789 1124 claritatem

191 1167 420 1237 peperit.
452 1165 579 1220 ilice
606 1178 705 1218 nos
730 1178 837 1218 non
861 1161 1035 1218 solum
1061 1162 1339 1216 audiamus
1359 1201 1376 1228 ,
1407 1159 1502 1216 sed
1529 1170 1580 1217 et
1611 1160 1792 1216 imite-

190 1273 308 1313 mur
331 1275 348 1313 :
375 1267 431 1313 et
459 1257 529 1311 ita
555 1255 793 1310 solemur
815 1269 910 1309 eos
933 1254 1027 1325 qui
1057 1269 1156 1309 nos
1181 1253 1443 1320 afﬂixere,
1474 1267 1582 1307 non
1614 1252 1792 1322 impu-

189 1359 367 1425 tantes.
392 1351 476 1404 eis
499 1364 620 1419 qua:
651 1349 702 1403 in
730 1363 831 1403 nos
859 1347 1213 1414 admiserunt,
1242 1349 1301 1402 'et
1324 1347 1503 1402 omnia
1529 1361 1651 1401 cum
1681 1360 1795 1399 ma-

187 1454 292 1509 gna
323 1440 560 1494 ferentes
594 1438 988 1504 benevolentia,
1019 1436 1162 1493 sicut
1190 1437 1281 1493 ille
1313 1439 1394 1493 vir
1421 1436 1790 1492 admirandus.

189 1529 375 1600 Igitur,
409 1529 600 1600 inquit,
629 1543 752 1584 cum
785 1544 1099 1599 persuasum
1124 1529 1275 1584 vobis
1303 1529 1542 1590 fecerim.
1573 1543 1659 1584 me
1687 1543 1791 1583 non

187 1621 341 1676 vobis
368 1620 677 1675 adscribere
696 1635 760 1674 ea
781 1634 901 1689 quae
921 1629 1106 1674 contra
1131 1634 1216 1675 me
1243 1635 1272 1679 a
1293 1619 1446 1675 vobis
1473 1619 1610 1674 facta
1636 1625 1792 1686 sunt,

185 1710 282 1764 scd
315 1710 459 1779 quod
499 1710 721 1764 liberem
750 1724 846 1766 vos
875 1709 1196 1764 criminibus
1229 1727 1241 1764 :
1277 1710 1387 1764 Deo
1413 1721 1592 1765 autem
1624 1718 1792 1762 totum

189 1800 448 1865 tribuam,
472 1799 563 1869 qui
587 1799 674 1853 illa
698 1800 768 1852 ita
791 1798 1123 1867 dispensavit
1143 1809 1198 1853 ut
1225 1809 1541 1869 prmsentem
1572 1799 1797 1868 gloriam

187 1890 266 1944 sic
289 1889 628 1959 acquirerem
651 1907 663 1942 :
689 1888 742 1943 9.
775 1887 902 1942 Ideo
919 1890 1212 1960 festinantes
1234 1891 1486 1944 ascendite
1509 1889 1579 1942 ad
1601 1898 1796 1957 patrem

187 1995 356 2033 nteant
381 2019 396 2044 ,
429 1988 478 2032 et
502 1979 652 2032 dicite
671 1979 716 2032 ei
739 1992 761 2033 :
793 1977 917 2033 Haec
939 1979 1060 2032 dicit
1081 1979 1220 2048 filius
1242 1990 1356 2034 tuus
1380 1979 1572 2049 Ioseph
1606 1995 1625 2034 :
1656 1978 1798 2032 Fecit

175 2087 268 2124 .me
285 2069 428 2124 Deus
448 2069 710 2123 dominum
727 2071 1047 2125 totiusterra:
1061 2069 1300 2141 zEgypti.
1329 2069 1590 2125 Descende
1608 2066 1675 2124 ad
1696 2086 1794 2138 me,

175 2171 235 2217 et
259 2178 324 2216 ne
349 2159 564 2229 differas
588 2179 606 2222 ;
643 2161 729 2216 IO.
759 2171 806 2216 et
845 2161 1093 2216 habitabis
1123 2162 1176 2214 in
1215 2171 1348 2215 terra
1374 2159 1552 2215 Gesem
1579 2202 1592 2223 ,
1626 2171 1672 2216 et
1699 2162 1799 2215 eris

180 2251 436 2322 apudme
462 2261 536 2318 tu,
565 2262 612 2306 et
633 2252 728 2320 filii
761 2253 856 2318 tui,
889 2263 934 2306 et
965 2253 1062 2320 filii
1085 2251 1306 2320 filiorum
1339 2262 1557 2317 ttwrum,
1586 2261 1633 2305 et
1661 2267 1796 2318 oues,

189 2353 236 2398 et
267 2343 416 2398 boues
439 2384 456 2406 ,
497 2353 544 2397 et
583 2359 910 2414 quacumque
951 2344 1102 2398 habes
1127 2385 1143 2412 ,
1181 2346 1265 2398 ll.
1297 2355 1342 2398 et
1370 2345 1506 2398 alam
1533 2356 1580 2398 te
1610 2344 1801 2416 (adhuc

189 2434 326 2486 enim
338 2434 564 2504 quinque
583 2434 731 2487 anuis
754 2433 956 2504 fames),
977 2445 1030 2487 ut
1053 2451 1152 2488 non
1175 2435 1392 2489 dclearis
1417 2445 1492 2502 tu,
1520 2444 1567 2488 et
1585 2435 1680 2504 filii
1702 2436 1797 2502 tui,

187 2532 238 2576 et
249 2524 416 2578 omnis
427 2524 707 2578 substantia
714 2531 823 2578 tua.
844 2525 928 2579 l2.
945 2523 1078 2582 Ecce
1087 2527 1223 2580 oculi
1234 2528 1384 2581 uestri
1397 2528 1584 2594 rident,
1605 2537 1650 2582 et
1667 2529 1802 2582 oculi

189 2611 468 2680 Beniamin
497 2617 671 2686 fratris
699 2617 870 2681 vestri,
887 2616 1031 2688 quod
1055 2633 1142 2670 ore
1167 2633 1276 2671 meo
1303 2618 1439 2672 vobis
1466 2616 1668 2688 loquor.
1692 2619 1802 2673 An-

191 2709 430 2759 nuntiate
468 2708 604 2778 patri
647 2724 756 2762 meo
796 2725 993 2762 omnem
1023 2708 1240 2780 gloriam
1279 2727 1441 2766 nteant
1481 2729 1595 2782 qua
1634 2723 1707 2766 est
1747 2713 1802 2768 in

191 2796 431 2869 Egypto
449 2841 464 2864 ,
493 2807 539 2853 et
567 2816 895 2870 quwcumque
921 2802 1147 2867 vidiuis,
1176 2812 1226 2857 et
1249 2804 1545 2873 festinanm
1571 2803 1803 2867 deducite

179 2905 330 2944 eum.
364 2889 654 2959 Postquam
685 2891 798 2945 haec
836 2892 1016 2946 omnia
1043 2892 1180 2946 dixit
1204 2934 1218 2957 ,
1245 2902 1300 2947 ct
1329 2893 1458 2948 satis
1487 2909 1581 2949 eos
1609 2909 1802 2950 conso-

183 2976 332 3032 latus
361 2988 467 3045 est,
500 2979 916 3050 mandatumque
935 2980 1080 3035 dedit
1103 2989 1161 3036 ut
1178 2981 1244 3036 de
1270 2982 1430 3036 rebus
1451 2993 1505 3038 et
1529 2993 1674 3038 statu
1702 3001 1802 3039 suo

181 3077 402 3138 patrem
423 3071 718 3126 certiorem
749 3071 1037 3126 redderent
1067 3113 1082 3137 ,
1112 3073 1399 3142 statimque
1429 3074 1760 3130 adducerent
1783 3116 1798 3140 ,

191 3160 286 3216 14.
311 3160 513 3215 Cecidit
538 3163 590 3216 in
621 3163 810 3216 collum
839 3163 1108 3233 Beniamin
1140 3164 1311 3233 fratris
1339 3165 1450 3228 sui,
1472 3175 1522 3219 et
1545 3167 1681 3235 ﬂevit
1711 3167 1730 3237 (
1756 3167 1802 3222 is

190 3268 429 3323 namque
449 3261 569 3308 erat
589 3253 828 3310 uterinus
849 3254 1059 3324 frater),
1078 3265 1124 3310 et
1143 3255 1231 3310 ille
1250 3256 1466 3310 vicissim
1493 3257 1629 3325 ﬂevit
1649 3273 1802 3328 super

191 3358 290 3407 eo;
324 3353 372 3396 et
406 3344 665 3398 osculatus
699 3354 769 3399 est
801 3361 975 3399 omnes
1003 3349 1189 3416 fratres
1228 3361 1346 3399 suos
1367 3387 1380 3409 ,
1405 3355 1454 3399 et
1481 3346 1621 3415 ﬂeuit
1648 3364 1802 3417 super

189 3449 299 3489 eos.
332 3433 575 3504 Denique
603 3444 722 3504 post
749 3444 953 3490 tantum
983 3436 1308 3506 colloquium
1335 3446 1388 3490 et
1416 3437 1680 3508 lacrymas
1703 3481 1716 3502 ,
1746 3447 1801 3493 et

190 3523 618 3578 consolationem
644 3565 661 3589 ,
689 3532 743 3578 et
773 3525 1054 3579 consilium
1093 3525 1236 3595 quod
1267 3525 1345 3580 eis
1374 3526 1552 3591 dedit,
1583 3527 1668 3581 vix
1699 3541 1800 3596 po-

194 3621 418 3669 tuerunt
443 3627 564 3668 cum
593 3627 660 3669 eo
689 3613 858 3684 loqui.
887 3615 974 3669 15.
1004 3611 1130 3668 Post
1155 3618 1262 3668 hac
1291 3617 1456 3682 enim,
1489 3617 1691 3685 inquit,
1719 3617 1800 3671 lo-

186 3702 480 3774 quebantur
501 3703 568 3757 ei.
598 3703 688 3759 l6.
721 3702 846 3758 Hec
869 3713 1036 3758 autem
1062 3706 1234 3759 omnia
1259 3705 1521 3776 diuulgata
1554 3717 1673 3761 sunt
1704 3749 1718 3770 ,
1756 3714 1802 3762 et

186 3794 447 3850 celebrata
482 3795 535 3848 in
561 3795 712 3849 domo
739 3794 1026 3850 Pharaonis
1044 3837 1060 3862 ,
1093 3806 1140 3851 et
1168 3798 1369 3868 gavisus
1399 3808 1470 3852 est
1501 3839 1514 3862 ,
1554 3809 1602 3853 et
1628 3816 1801 3860 omnes

189 3887 283 3958 qui
319 3888 374 3942 in
415 3888 569 3941 domo
602 3889 733 3957 ejus.
765 3887 1112 3955 Exhilaravit,
1147 3889 1352 3960 inquit,
1381 3905 1571 3946 omnes
1599 3892 1799 3961 agnitio

192 3977 424 4033 fratrum
453 3977 672 4048 Ioseph.
707 3979 793 4034 l7.
828 3977 895 4033 Et
919 3978 1072 4047 dixit,
1104 3980 1294 4050 inquit.
1319 3997 1411 4034 rea:
1435 3979 1632 4051 Ioseph
1657 3998 1674 4036 :
1700 3979 1800 4035 Dic

193 4069 446 4140 fratribus
470 4069 569 4123 tnis
596 4085 616 4122 :
649 4067 761 4122 Hoc
787 4071 940 4138 facite
965 4085 985 4124 :
1011 4069 1215 4140 implete
1237 4070 1468 4140 uehicula
1496 4081 1660 4124 vestra
1686 4071 1799 4140 fru-

193 4133 389 4225 mento,
423 4165 472 4211 et
505 4156 658 4212 abite.
696 4133 799 4212 18.⁷
817 4155 884 4210 Et
913 4133 1172 4229 assumpto
1201 4133 1348 4228 pairs
1371 4170 1533 4212 vestro
1548 4133 1708 4214 redite
1731 4161 1798 4212 ad

192 4265 309 4314 me,
342 4260 393 4302 et
426 4249 560 4302 dabo
598 4248 734 4302 vobis
771 4248 836 4302 de
873 4249 1106 4302 omnibus
1143 4249 1286 4303 bonis
1320 4247 1543 4320 ﬁgypti
1574 4267 1591 4304 :
1624 4249 1708 4304 l9.
1742 4260 1798 4304 tu

192 4349 366 4394 autem
391 4339 608 4405 manda,
638 4349 693 4392 ut
713 4339 966 4408 accipiant
990 4340 1219 4410 plaustra
1251 4342 1423 4408 pueris
1454 4351 1501 4395 et
1531 4343 1796 4398 uxoribus.

192 4428 335 4485 Vide
380 4439 434 4484 et
482 4445 662 4499 regem
686 4471 702 4493 ,
731 4429 1002 4499 quomodo
1025 4429 1134 4500 jam
1165 4445 1348 4486 curam
1390 4432 1498 4502 agit
1527 4431 1595 4486 de
1623 4432 1794 4488 reditu

195 4518 360 4577 )ncob
391 4518 487 4590 (a).
511 4516 581 4572 Et
607 4529 889 4587 assumpto,
923 4519 1116 4590 inquit,
1148 4531 1289 4589 patre
1308 4530 1470 4574 vestro
1495 4522 1676 4588 uenite,
1700 4521 1793 4577 20.

193 4620 242 4664 et
267 4626 332 4663 ne
361 4610 583 4681 parcatis
607 4609 768 4664 oculis
797 4608 862 4664 de
888 4610 1021 4664 vasis
1049 4610 1246 4666 vestris.
1288 4609 1478 4663 Omnia
1507 4612 1638 4666 enim
1665 4613 1794 4666 bona

194 4699 421 4772 Αἴθρη»ιὶ
439 4711 604 4776 vestra
629 4710 795 4756 erunt.
811 4701 904 4756 2|.
929 4700 1184 4757 Fecerunt
1203 4710 1371 4755 autem
1395 4703 1468 4756 sic
1488 4704 1584 4772 ﬁlii
1604 4702 1792 4758 lsrae'l.

195 4791 351 4846 Dedit
377 4800 546 4846 autem
574 4790 772 4860 Ioseph
793 4793 865 4846 eis
889 4807 1092 4859 currus,
1117 4792 1272 4862 juxta
1297 4793 1592 4846 mandatum
1624 4796 1794 4865 regis;

191 4881 282 4936 22.
307 4890 356 4935 et
380 4882 614 4936 omnibus
643 4881 846 4951 quidem
865 4881 1004 4936 dedit
1023 4881 1168 4936 binas
1187 4881 1344 4937 stolas
1363 4922 1378 4946 ,
1407 4880 1676 4952 Benjamin
1701 4901 1793 4937 au-

192 4980 294 5025 tem
315 4970 456 5024 dedit
480 4980 725 5026 trecentos
746 4987 949 5035 aureos,
975 4980 1022 5026 et
1046 4972 1264 5041 quinque
1291 4973 1448 5026 stolas
1474 4975 1791 5039 mutatorias,

191 5059 286 5116 23.
311 5069 358 5114 et
379 5061 513 5130 patri
531 5075 623 5114 suo
641 5062 773 5115 misit
793 5062 1024 5116 similiter
1043 5071 1090 5116 et
1109 5062 1281 5116 decem
1305 5064 1476 5117 asinos
1497 5067 1710 5134 ferentes
1732 5065 1796 5119 de

190 5150 336 5204 bonis
353 5148 597 5221 ngpti,
621 5159 672 5206 et
690 5155 860 5206 decem
879 5154 1044 5207 mulas
1067 5154 1280 5222 ferentes
1299 5170 1454 5222 panes
1475 5155 1607 5223 patri
1628 5172 1721 5210 suo
1742 5158 1793 5210 in

190 5243 347 5296 aiant.
372 5241 465 5297 2b.
500 5243 694 5310 Quibus
723 5243 953 5299 omnibus
981 5245 1116 5299 datis
1134 5284 1151 5312 ,
1185 5245 1319 5299 misit
1353 5245 1539 5314 fratres
1564 5263 1683 5300 suos
1701 5288 1716 5311 ,
1747 5257 1792 5302 et

275 5414 329 5480 _¢_t)
361 5416 435 5464 sic
456 5428 630 5480 omnes
643 5429 752 5480 cum
766 5415 904 5475 Editi,
923 5421 1026 5466 tum
1049 5418 1368 5478 Hannscripti.
1388 5425 1446 5480 At
1462 5431 1694 5480 quorsum
1714 5419 1794 5468 hic

190 5476 379 5543 reditus
393 5477 559 5543 :taeobi
585 5479 632 5525 in
660 5476 934 5541 dignatum,
972 5479 1056 5542 qui
1079 5476 1342 5543 numquam
1369 5476 1628 5543 [Eg'jptum
1654 5481 1792 5529 vide-

189 5535 299 5603 rat?
315 5548 380 5585 an
393 5538 470 5586 hic
484 5552 580 5603 vox
593 5535 770 5597 Graeca,
781 5535 1139 5603 ἰανόξουξιιιιε.
1152 5535 1329 5599 reditu,
1353 5535 1674 5603 intéi'pretata
1695 5548 1788 5598 est,

191 5598 344 5658 posita
371 5601 518 5666 tuerit
550 5610 832 5666 pro._d.e§w,
858 5601 936 5650 vel
963 5598 1140 5666 potius,
1165 5598 1357 5666 posset,
1385 5598 1674 5666 quaivoces
1691 5604 1791 5665 jam

189 5668 311 5726 non,_
329 5659 565 5718 reditum,
583 5662 690 5726 sed,
720 5659 1022 5726 descensum,
1048 5659 1380 5726 signiﬁcarent
1393 5659 1492 5726 [Et
1512 5664 1589 5713 hic
1612 5659 1792 5713 sensus

186 5720 470 5789 quadraret,
493 5723 886 5789 quandoquidem
925 5725 1008 5786 qui
1036 5720 1288 5789 cx'mdaaa
1321 5726 1367 5775 in
1395 5724 1652 5789 [Egyptum
1675 5737 1790 5789 pcr-

187 5787 327 5842 guut,
343 5781 652 5834 descendere
676 5781 732 5834 u't
753 5781 1011 5846 plurimum
1028 5786 1272 5835 dicuntur.

1235 414 1300 471 IN
1339 413 1496 471 CAP.
1539 413 1699 472 XLV.
1740 409 1985 470 GENES.
2028 411 2264 469 HOMiL.
2296 412 2460 471 ιιν.

3392 414 3498 474 ωτι

1899 527 2119 598 profecti
2142 536 2262 583 sunt
2285 543 2303 582 :
2325 526 2553 595 dixitque
2581 526 2654 581 eis
2679 542 2699 582 :
2727 524 2812 582 Ne
2837 526 3131 580 irascamini
3153 527 3206 580 in
3233 527 3334 581 aia.
3370 527 3502 584 Vide

1898 627 2140 674 mentem
2181 619 2424 675 moribus
2451 618 2669 690 optimis
2698 616 2999 686 praeditam.
3030 617 3145 672 Non
3175 617 3352 676 saltm
3388 619 3503 692 ipse

1897 707 2103 763 dimisit
2132 709 2267 764 iram
2286 749 2302 775 ,
2332 719 2387 764 et
2411 723 2443 764 a
2469 708 2788 764 criminibus
2827 707 3073 764 liberavit
3093 747 3111 775 ,
3142 707 3239 764 sed
3271 717 3328 765 et
3355 710 3504 778 ipsos

1898 797 2154 854 admonet
2175 840 2190 864 ,
2231 814 2301 854 ne
2331 799 2630 855 irascantur
2657 799 2711 854 in
2739 799 2843 864 via,
2877 814 3053 869 neque
3076 814 3199 855 sese
3223 809 3413 856 mutuo
3435 799 3506 857 de

1900 887 2055 943 lactis
2077 897 2348 944 accusent.
2379 888 2515 945 Nam
2545 890 2590 945 si
2621 905 2792 959 nuper
2815 905 2940 944 cum
2969 898 3231 949 steterant
3254 902 3380 947 ante
3403 890 3503 947 Io-

1898 980 2055 1050 sepb,
2074 979 2324 1036 dicebant
2341 981 2480 1037 inter
2503 995 2584 1046 se,
2607 980 2790 1036 Herito
2811 1000 2830 1035 :
2851 983 2904 1036 in
2931 983 3151 1052 peccatis
3171 982 3305 1036 enim
3330 1000 3504 1040 sumus

1901 1081 2107 1140 propter
2129 1075 2342 1142 fratrem
2368 1081 2596 1127 nostrum
2616 1112 2633 1139 ,
2653 1072 2773 1141 quia
2797 1072 3119 1142 despuimus
3143 1073 3254 1144 ejus
3272 1073 3504 1144 afﬂictio-

1900 1177 2014 1216 nem
2043 1161 2207 1232 (Gen.
2233 1163 2320 1218 i2.
2349 1163 2441 1218 2i.
2466 1161 2566 1237 22)
2591 1181 2608 1230 ;
2629 1174 2686 1221 et
2713 1175 3006 1233 exsurgens
3034 1165 3222 1220 Ruben
3249 1166 3458 1223 dicebat
3489 1185 3502 1221 :

1902 1253 2092 1310 Nonne
2125 1254 2233 1309 disi
2268 1255 2406 1310 nobis
2431 1296 2448 1324 ,
2484 1271 2547 1310 ne
2575 1253 2768 1326 injuria
2786 1255 3016 1326 efﬁciatis
3045 1273 3282 1326 puerum,
3322 1267 3370 1312 et
3403 1273 3507 1313 non

1899 1344 2178 1399 exaudistis
2215 1361 2294 1398 me
2313 1344 2341 1400 .’
2379 1345 2549 1400 multo
2585 1346 2757 1416 magis
2784 1346 3075 1401 verisimile
3102 1355 3240 1411 erat,
3269 1346 3418 1401 illum
3448 1346 3504 1402 in

1901 1435 1983 1490 via
2010 1451 2134 1491 cum
2162 1437 2287 1492 aliis
2312 1439 2609 1492 rixaturum
2635 1451 2776 1493 esse.
2823 1437 3112 1508 Propterea
3140 1439 3504 1509 comprimens

1898 1541 2090 1582 eorum
2117 1529 2252 1584 iram
2280 1537 2336 1582 et
2361 1530 2762 1584 contentionem
2792 1537 3051 1590 mutuam.
3082 1529 3210 1584 dicit
3238 1547 3251 1582 :
3285 1528 3368 1583 Ne
3393 1529 3505 1584 ira-

1901 1621 2115 1674 scamini
2135 1621 2188 1674 in
2215 1621 2326 1688 eia;
2353 1620 2447 1676 sed
2472 1620 2770 1690 cogitantes
2797 1619 2938 1690 quod
2965 1635 3065 1691 ego
3091 1635 3197 1676 non
3225 1620 3506 1677 habuerim

1903 1727 2002 1782 pro
2027 1711 2252 1767 crimine
2277 1726 2396 1780 quas
2423 1710 2476 1765 in
2505 1725 2593 1766 me
2625 1709 2940 1777 admisistis,
2971 1710 3071 1781 ipsi
3099 1711 3264 1766 etiam
3285 1725 3384 1767 vos
3407 1710 3505 1766 be-

1903 1805 2205 1860 nevolentia
2236 1801 2472 1857 vicissim
2503 1802 2922 1872 prosequamini.

1975 1890 2194 1946 loralis
2220 1891 2618 1947 exhortatim—
2639 1892 2771 1958 Quis
2803 1906 2899 1962 pro
2925 1889 3182 1960 dignitate
3207 1890 3507 1946 admirare-

1907 1995 1992 2039 tur
2015 1983 2146 2053 justi
2179 1983 2276 2038 viri
2303 1983 2462 2053 hujus
2493 1983 2767 2049 virtutem,
2800 1983 2888 2053 qui
2921 1997 3074 2037 nova:
3106 1981 3240 2051 legis
3266 1980 3507 2052 philoso-

1902 2077 2084 2148 phiam
2133 2090 2322 2148 magna
2363 2074 2676 2146 adimplevit
2714 2073 3020 2144 diligentia;
3065 2081 3225 2143 atque
3269 2073 3322 2127 id
3364 2073 3506 2143 quod

1902 2168 2152 2224 Christus
2175 2167 2430 2222 admonet
2457 2167 2772 2237 discipulos,
2808 2165 3016 2237 Diligite
3033 2165 3266 2218 inimicos
3295 2172 3506 2230 vestros,

1905 2267 2046 2313 orate
2067 2274 2161 2328 pro
2191 2256 2603 2327 persequentibus
2629 2273 2715 2310 vos
2745 2254 2962 2325 (Matth.
2988 2255 3040 2310 5.
3067 2252 3184 2325 si),
3211 2254 3313 2308 hoc
3341 2253 3429 2308 ille
3454 2260 3510 2308 et

1907 2352 2074 2406 multo
2101 2351 2268 2427 magis
2298 2349 2462 2406 fecit?
2503 2347 2690 2420 Neque
2733 2349 2877 2404 enim
2919 2347 3094 2402 solum
3125 2356 3323 2401 tantam
3354 2343 3510 2402 exhi-

1908 2446 2022 2506 buit
2052 2446 2333 2501 caritatem
2366 2458 2492 2513 erga
2522 2457 2615 2498 eos
2644 2442 2733 2512 qni
2761 2457 2848 2503 se,
2883 2448 3139 2510 quantum
3169 2439 3222 2494 in
3251 2439 3331 2494 eis
3359 2448 3471 2494 erat
3490 2479 3506 2502 ,

1905 2537 2246 2600 occiderant;
2277 2535 2372 2592 sed
2399 2535 2576 2590 omnia
2610 2534 2734 2590 facit
2753 2575 2767 2598 ,
2811 2541 2868 2586 ut
2895 2531 3229 2587 demonstret
3257 2530 3388 2585 nihil
3415 2543 3511 2586 eos

1906 2629 1960 2684 in
1988 2643 2048 2683 se
2075 2627 2279 2698 peccati
2309 2625 2610 2680 admisisse.
2643 2622 2689 2680 Ο
2719 2621 3074 2694 philosophia:
3100 2619 3506 2676 excellentiam!

1906 2733 1940 2774 ο
1965 2719 2237 2788 ingentem
2269 2716 2614 2787 probitatem,
2646 2723 2704 2770 et
2729 2713 3036 2768 dilectionis
3070 2710 3162 2766 Dei
3190 2709 3510 2779 magnitudi-

1907 2809 2208 2866 nemlNon
2242 2823 2365 2874 vos,
2411 2809 2604 2878 inquit,
2653 2807 2772 2861 hrc
2822 2804 2950 2860 mihi
2997 2804 3232 2869 fecistis;
3274 2802 3367 2858 sed
3417 2802 3508 2856 Dei

1905 2917 2032 2973 erga
2067 2917 2155 2957 me
2181 2899 2515 2972 providentia
2571 2898 2685 2952 Iure
2717 2896 2829 2953 fieri
2855 2896 3118 2967 permisit,
3147 2903 3204 2950 ut
3235 2893 3364 2948 mihi
3415 2907 3508 2946 so-

1905 2994 2174 3048 mniorum
2196 2999 2421 3047 eventus
2443 2987 2803 3051 concedatur,
2849 2995 2904 3042 et
2939 2985 3090 3042 vobis
3133 2984 3321 3040 salutis
3347 2998 3507 3038 causa

1905 3097 2026 3137 esse
2056 3083 2278 3152 possim.
2308 3081 2383 3136 Ita
2414 3087 2470 3134 ut
2494 3079 2544 3133 iu
2575 3077 2954 3134 afflictionibus
2974 3077 3104 3131 etin
3126 3073 3511 3130 cantationibus

1905 3185 2047 3236 esse,
2079 3171 2123 3224 si
2153 3169 2317 3224 sobrii
2347 3168 2538 3232 simus,
2561 3167 2756 3221 divina:
2785 3165 2854 3220 sit
2879 3180 3004 3236 erga
3037 3179 3136 3220 nos
3162 3162 3510 3233 providentia

1906 3269 1961 3316 et
1980 3260 2370 3316 benevolentia:
2393 3258 2628 3328 signum.
2659 3256 2734 3310 Ne
2759 3256 2919 3327 igitur
2940 3257 2992 3310 in
3016 3254 3265 3310 omnibus
3287 3267 3509 3323 prospe-

1907 3351 2120 3406 ritatem
2143 3360 2197 3405 et
2219 3348 2545 3404 aMuentiam
2571 3347 2924 3416 inquiramus,
2955 3345 3050 3401 sed
3075 3353 3131 3400 et
3155 3346 3269 3401 sive
3300 3345 3351 3398 in
3380 3357 3508 3414 pro-

1905 3441 2163 3510 speritate
2190 3440 2380 3496 simus.
2413 3439 2526 3492 sive
2569 3437 2623 3490 in
2652 3436 3000 3502 adversitate,
3033 3435 3282 3490 similiter
3310 3435 3508 3505 gratias

1905 3531 2195 3586 offeramus
2236 3529 2499 3593 Domino,
2535 3537 2592 3582 nt
2617 3529 2727 3581 visa
2756 3537 2904 3598 grata
2938 3534 3119 3582 mente
3148 3535 3327 3582 nostra
3355 3567 3370 3592 ,
3405 3527 3510 3580 lar-

1904 3625 2110 3696 giorem
2156 3637 2305 3678 suam
2344 3636 2470 3691 erga
2518 3635 2616 3674 nos
2655 3619 2891 3674 declaret
2927 3616 3314 3688 providentiam
3345 3635 3360 3672 :
3387 3632 3508 3686 qum

1906 3717 2062 3773 nobis
2091 3715 2344 3771 omnibus
2369 3712 2695 3768 concedatur
2721 3711 2890 3780 gratia
2917 3717 2972 3765 et
2997 3707 3369 3766 misericordia
3402 3710 3508 3765 Do-

1905 3809 2037 3866 mini
2081 3808 2246 3864 nostri
2295 3806 2420 3862 Jesu
2469 3804 2706 3867 Christi,
2764 3803 2980 3873 quicum
3023 3800 3168 3858 Patri
3221 3809 3276 3856 et
3319 3808 3508 3855 saneto

1905 3901 2125 3973 Spiritui
2156 3903 2224 3956 sit
2248 3897 2438 3970 gloria,
2465 3896 2770 3966 imperium,
2800 3896 2995 3964 honor,
3022 3907 3164 3949 nunc
3187 3903 3242 3949 et
3266 3905 3502 3962 semper,

1904 4003 1959 4050 et
1989 3993 2040 4046 in
2071 3989 2267 4046 saecula
2291 3986 2633 4044 surculorum.
2667 3987 2857 4042 Amen.

2462 4142 2741 4199 IIOMILIA
2781 4140 2942 4197 LXV.

1905 4279 1973 4335 Et
2010 4279 2375 4344 ascenderunt,
2421 4277 2627 4349 inquit,
2676 4292 2741 4331 ex
2787 4273 3057 4346 Egypto,
3106 4283 3152 4327 et
3187 4281 3423 4327 venerunt
3449 4273 3504 4327 in

1976 4381 2160 4425 terram
2189 4369 2432 4424 Chanaan
2461 4367 2531 4421 ad
2549 4367 2711 4420 Iacob
2737 4375 2931 4436 patrem
2956 4380 3105 4418 suum
3123 4371 3204 4416 :et
3237 4361 3504 4415 nuntiave—

1975 4469 2094 4515 runt
2123 4460 2170 4514 ei
2195 4459 2415 4512 dicentes
2434 4473 2454 4511 :
2478 4455 2643 4510 Filius
2662 4467 2780 4509 tuus
2803 4453 2995 4524 Ioseph
3024 4453 3162 4518 vivit,
3194 4461 3238 4505 et
3264 4449 3507 4505 domina-

1976 4560 2057 4604 tur
2085 4551 2176 4603 toti
2195 4560 2342 4603 teme
2367 4545 2606 4618 .Egypti.
2643 4545 2706 4599 Et
2735 4545 2989 4616 obstupuit
3013 4541 3214 4609 Iacob;
3243 4557 3344 4595 non
3366 4540 3503 4596 enim

1973 4642 2185 4697 credidit
2211 4642 2282 4696 eis
2313 4639 2464 4712 (Gen.
2493 4640 2584 4694 45.
2609 4638 2700 4693 25.
2734 4638 2846 4706 26).

1975 4779 2028 4833 l.
2051 4776 2274 4832 Vidistis
2301 4790 2365 4829 ex
2395 4774 2477 4828 his
2496 4788 2614 4843 quae
2637 4770 2753 4825 heri
2770 4769 2908 4824 dicta
2933 4777 3080 4831 sunt,
3104 4765 3501 4837 philosophiam

1900 4869 2120 4940 Josephi
2148 4909 2166 4936 ,
2214 4877 2268 4922 et
2319 4863 2730 4921 inenarrabilem
2775 4861 3115 4916 clementiam
3164 4873 3326 4929 quam
3377 4872 3503 4928 erga

1903 4961 2095 5016 fratres
2119 4974 2244 5014 suos
2271 4956 2514 5012 exhibuit
2538 4973 2550 5008 :
2581 4968 2680 5010 nec
2709 4952 2880 5007 solum
2910 4951 3107 5006 nullam
3139 4949 3266 5006 fecit
3289 4964 3504 5005 memo-

1901 5053 2033 5108 riam
2058 5065 2242 5106 eorum
2269 5063 2388 5118 qua:
2411 5047 2463 5100 in
2486 5061 2544 5102 se
2569 5044 2916 5106 admiserant,
2946 5042 3038 5097 scd
3061 5050 3115 5098 et
3140 5040 3409 5097 redituros
3436 5041 3501 5094 ad

1903 5150 2172 5212 parcnlcm
2203 5138 2498 5199 admonuit,
2521 5135 2756 5205 ipsisque
2783 5133 3064 5200 consilium
3092 5131 3240 5187 dedit
3266 5147 3335 5186 ne
3364 5132 3504 5186 inter

1901 5248 1960 5287 se
1983 5232 2266 5302 jurgentur
2288 5243 2450 5298 super
2475 5225 2560 5281 his
2583 5241 2702 5295 qua:
2731 5225 2782 5278 in
2817 5224 2988 5292 ipsum
3015 5222 3368 5287 admiserant,
3404 5219 3501 5277 sed

1900 5323 2118 5378 dimissa
2145 5321 2289 5376 omni
2321 5319 2396 5374 ira
2420 5359 2436 5385 ,
2469 5317 2692 5387 paeiiice
2718 5315 3012 5370 ambulent.
3042 5313 3234 5385 Opera:
3267 5315 3500 5384 pretium

1898 5417 1977 5478 est
2011 5423 2191 5468 autem
2216 5421 2269 5465 et
2295 5410 2404 5480 jam
2431 5424 2550 5479 qua:
2579 5416 2874 5478 sequuntur
2899 5419 3201 5471 recensere,
3232 5415 3290 5458 ut
3319 5404 3501 5458 vidca-

1899 5521 2018 5560 mus
2029 5512 2084 5560 et
2116 5503 2306 5558 horum
2324 5501 2390 5556 ad
2414 5509 2617 5570 patrem
2638 5500 2891 5563 reditum,
2915 5506 2964 5553 et
2989 5497 3310 5552 descensum
3332 5493 3498 5552 JaCoh

1901 5597 1952 5650 in
1985 5595 2276 5666 Emptum
2311 5609 2322 5644 :
2356 5605 2563 5646 necnon
2613 5589 2884 5660 quomodo
2928 5587 3233 5643 reﬂoruerit
3275 5586 3498 5641 audiens

1898 5703 1960 5742 ea
1999 5701 2117 5756 qua:
2158 5681 2356 5752 Ioseph
2405 5680 2745 5750 spectabant,
2778 5689 2971 5750 atque,
3000 5687 3058 5733 ut
3087 5679 3165 5734 sic
3190 5678 3396 5735 dicam.
3430 5676 3497 5730 de

1901 5791 2030 5832 sene
2042 5773 2255 5842 juvenis
2273 5770 2510 5826 redditus
2528 5770 2616 5825 sit.
2635 5770 2764 5839 Quis
2782 5770 2925 5825 enim
2943 5781 3192 5824 sermone
3215 5763 3504 5836 complecti
