4086 6448
568 423 672 481 539

571 545 753 608 posset
781 533 1101 602 voiuptatent
1133 529 1185 583 in
1225 541 1328 598 qua
1372 535 1499 580 tunc
1536 521 1726 587 fuerit,
1769 535 1889 575 cum
1919 518 2153 573 disceret

574 628 766 699 toscph
797 627 992 685 vivere.
1017 635 1071 678 ct
1099 620 1150 677 in
1183 629 1326 675 tanta
1344 617 1597 688 dignitate
1623 614 1968 670 constitutum
1996 609 2160 668 esse?

576 724 932 787 inexspectata
962 714 1104 769 enim
1135 713 1270 768 bona
1317 710 1576 780 majorem
1608 708 1936 776 voluptatem
1966 703 2160 760 ati‘erre

574 810 767 864 solent.
798 806 968 874 Quem
999 805 1140 859 enim
1183 802 1403 874 putabat
1447 809 1573 856 ante
1619 806 1698 855 tot
1737 812 1908 853 annos
1935 795 2101 852 fuisse
2126 808 2159 849 a

575 899 759 954 bestiis
776 895 1110 960 devoratum,
1135 906 1192 950 ut
1209 893 1470 950 intellexit
1490 900 1676 948 tenere
1696 890 1974 960 imperium
2000 886 2162 943 totius

577 989 812 1063 Egypti,
839 988 1113 1060 quomodo
1138 1002 1242 1042 non
1273 1001 1380 1056 prae
1405 982 1768 1056 magnitudine
1786 979 1959 1052 gaudii
1982 986 2162 1034 mente

577 1083 836 1142 excessit?
858 1081 1002 1136 idem
1023 1079 1164 1134 enim
1181 1078 1358 1134 facere
1372 1077 1510 1133 solet
1526 1073 1868 1131 immodicum
1883 1071 2158 1144 gaudium,

574 1173 716 1245 quod
743 1175 930 1244 ingens
954 1169 1188 1226 tristitia.
1219 1169 1285 1224 Et
1312 1166 1492 1222 videre
1509 1165 1638 1221 licet
1659 1163 1856 1219 nmltos
1884 1160 2163 1218 effundere

569 1271 838 1336 lacrymas
868 1278 976 1333 pra:
1001 1262 1196 1333 gaudio
1222 1261 1512 1323 immenso,
1544 1257 1680 1314 alios
1702 1256 1861 1313 etiam
1886 1269 2033 1326 tta-pe
2063 1253 2166 1307 ob-

571 1365 915 1426 stupescere,
945 1352 1162 1424 quando
1201 1351 1314 1407 iieri
1349 1349 1534 1406 vident
1575 1364 1639 1404 ea
1679 1363 1798 1420 qua:
1829 1363 1934 1402 non
1974 1360 2167 1415 exspe-

571 1450 970 1498 ctaverantzet
1012 1456 1151 1513 quos
1195 1448 1435 1495 mortuos
1462 1453 1583 1494 esse
1609 1437 1896 1508 putabant,
1942 1444 2165 1504 repente

574 1535 726 1590 vivos
753 1534 994 1589 vident‘.
1035 1531 1141 1589 Sed
1170 1541 1224 1586 ut
1255 1529 1587 1587 manifestior
1616 1529 1704 1584 fiat
1733 1542 1914 1584 sermo
1942 1537 2124 1583 noster
2145 1569 2162 1593 ,

577 1622 858 1679 audiamus
887 1638 1010 1694 qua;
1047 1623 1180 1678 lecta
1210 1630 1352 1676 sunt.
1377 1619 1469 1674 25.
1499 1617 1566 1673 Et
1587 1619 1938 1698 ascenderunt,
1971 1617 2162 1688 inquit,

576 1729 639 1767 ea:
667 1711 922 1785 digypto,
954 1721 1000 1765 et
1027 1719 1265 1765 uenerunt
1305 1711 1360 1763 in
1399 1719 1584 1763 terram
1628 1707 1871 1763 Chanaan
1910 1707 1978 1761 ad
2004 1706 2167 1762 Iacob

578 1814 772 1874 patrem
798 1819 965 1865 suum,
992 1801 1084 1857 26.
1114 1810 1160 1856 et
1184 1801 1610 1856 amntium-unt
1627 1801 1694 1864 ei,
1725 1800 1942 1854 dicentes
1961 1814 1981 1854 :
2001 1797 2044 1853 F
2046 1798 2166 1854 ilius

579 1902 694 1947 ttttts
720 1889 916 1962 Ioseph
950 1892 1084 1955 vivit,
1111 1901 1158 1946 et
1185 1891 1293 1962 ipse
1318 1891 1611 1946 dominatur
1634 1892 1726 1944 toti
1752 1899 1899 1944 terra!
1924 1888 2164 1960 Egypti.

581 1979 648 2036 Et
677 1983 881 2038 excessit
910 1993 1075 2037 mente
1099 1982 1259 2036 Iacob
1282 1995 1302 2037 :
1323 1998 1424 2036 non
1449 1981 1580 2036 enim
1608 1980 1821 2036 credidit
1853 1981 1944 2035 eis.
1983 1979 2166 2048 Vides,

581 2073 634 2129 id
660 2073 804 2145 quod
833 2073 1075 2128 dicebam
1096 2116 1111 2138 ,
1144 2072 1455 2128 incredibile
1498 2073 1549 2128 ei
1585 2073 1756 2128 visum
1786 2085 1907 2127 esse
1934 2070 2073 2142 quod
2100 2071 2170 2127 de

581 2163 782 2234 Ioseph
826 2165 1271 2229 aununtiabatur,
1318 2164 1388 2219 ita
1435 2171 1492 2218 ut
1538 2172 1717 2220 mente
1762 2172 2167 2229 concuteretur,

582 2266 633 2308 et
661 2270 779 2324 qua:
805 2269 837 2309 a
863 2252 1114 2308 fratribus
1139 2253 1352 2319 iit-bant,
1386 2254 1758 2325 deceptionem
1781 2269 1901 2312 esse
1923 2256 2171 2327 putaret?

584 2345 684 2413 Qui
723 2345 867 2399 enim
900 2353 1024 2400 tunc
1056 2345 1346 2400 attulerant
1387 2355 1589 2401 vestem
1621 2348 1881 2417 sanguine
1911 2347 2054 2405 haedi
2085 2349 2170 2402 in-

583 2437 858 2507 quinatam
880 2481 894 2502 ,
934 2445 987 2493 et
1019 2438 1153 2507 patri
1182 2446 1559 2508 persuaserant
1585 2452 1709 2494 eum
1747 2453 1778 2492 a
1825 2439 2009 2496 bestiis
2051 2454 2173 2496 esse

581 2526 894 2582 devoratum
919 2568 934 2592 ,
977 2541 1122 2583 nunc
1160 2527 1343 2583 dicunt
1389 2543 1511 2584 eum
1557 2528 1770 2593 vivere,
1813 2536 1868 2584 et
1909 2529 2172 2585 dominari

588 2619 642 2673 iu
675 2629 782 2673 tota
810 2619 1064 2692 Egypto.
1098 2620 1164 2676 Et
1193 2621 1402 2676 turbata
1444 2628 1625 2675 mente
1652 2622 1917 2691 cogitabat
1945 2621 2084 2691 apud
2115 2635 2176 2679 se

587 2711 856 2781 quomodo
901 2712 1092 2766 rationi
1138 2721 1281 2766 esset
1328 2712 1430 2766 hoc
1477 2724 1934 2768 consentaneum:
1965 2727 2087 2768 nam
2128 2717 2175 2768 si

589 2816 774 2856 verum
801 2811 882 2856 est
900 2801 1033 2856 illud
1061 2803 1206 2872 prius
1228 2801 1450 2869 dictum,
1477 2804 1744 2872 quomodo
1766 2813 1974 2874 poterat
1997 2804 2179 2860 credi?

591 2893 634 2943 si
667 2900 846 2945 autem
894 2891 994 2946 hoc
1018 2891 1342 2946 credendum
1371 2901 1420 2946 et
1451 2907 1634 2947 verum
1657 2934 1672 2960 ,
1714 2893 1841 2948 illttd
1873 2895 2178 2949 necessario

593 2978 751 3034 fuerit
772 2981 1124 3035 mendacium.
1148 2979 1398 3037 Turbavit
1419 2994 1594 3038 autem
1614 2999 1734 3039 eum
1756 2986 2003 3050 maxime,
2035 2987 2179 3057 quod

592 3070 736 3125 aliud
768 3086 794 3125 a
824 3069 944 3126 filiis
978 3081 1132 3127 antea
1171 3073 1444 3138 audierat,
1477 3084 1531 3128 ct
1557 3074 1660 3128 alia
1691 3089 1841 3132 nunc
1880 3077 1948 3131 ab
1975 3076 2178 3133 eisdem

595 3161 844 3216 disceret.
877 3161 1129 3216 Videntes
1166 3163 1323 3231 igitur
1355 3164 1520 3232 patris
1561 3164 1947 3230 turbationem,
1991 3177 2048 3222 ct
2087 3183 2184 3222 vo-

597 3251 768 3305 lentes
792 3254 840 3306 el
872 3249 1112 3321 pluribus
1136 3254 1462 3322 argumentis
1505 3255 1847 3323 persuadere,
1893 3272 1952 3313 se
1996 3273 2181 3314 verum

599 3343 801 3408 dicere,
830 3340 920 3398 27.
953 3342 1173 3414 ιοφηιιί
1208 3353 1324 3398 sunt
1343 3346 1391 3398 ci
1413 3347 1582 3398 omnia
1609 3360 1722 3415 qua
1759 3362 1792 3399 tt
1827 3345 2020 3418 Ioseph
2046 3349 2184 3409 dicta

599 3443 764 3501 erant,
789 3443 837 3488 et
865 3449 1189 3505 quaecumque
1213 3435 1309 3489 sibi
1337 3436 1685 3491 mandauerat.
1727 3436 1794 3492 Et
1832 3446 2014 3507 postea
2060 3455 2186 3510 pro.

600 3522 834 3578 tulerunt
855 3523 1090 3600 plaustra
1113 3564 1131 3590 ,
1157 3533 1210 3580 et
1231 3523 1370 3581 dona
1395 3539 1515 3595 qua:
1539 3540 1570 3579 a
1598 3524 1794 3596 Joseph
1822 3528 1982 3583 missa
2009 3537 2182 3597 erant,

601 3623 656 3668 ct
682 3614 770 3668 vix
810 3614 1022 3670 tandem
1067 3615 1308 3670 fecerunt
1352 3615 1510 3671 tidem
1541 3617 1712 3687 patri,
1740 3632 1846 3672 non
1877 3634 1997 3674 esse
2035 3634 2189 3676 men-

602 3703 753 3760 dacia
782 3719 900 3774 qua:
925 3719 955 3759 a
981 3718 1043 3760 se
1077 3703 1406 3761 dicerentur.
1435 3704 1565 3761 Nam
1595 3705 1782 3763 videns
1807 3709 2039 3778 plaustra
2066 3725 2188 3781 qua:

603 3794 767 3850 missa
809 3803 1001 3860 erant,
1045 3804 1103 3851 ut
1138 3796 1492 3853 descenderet
1516 3797 1569 3852 in
1594 3796 1908 3870 Egyptum,
1955 3799 2185 3856 Primum

601 3885 825 3956 rigorem
863 3887 1082 3959 recepit,
1116 3887 1307 3958 inquit.
1365 3887 1542 3944 Senex
1565 3929 1580 3954 ,
1621 3888 1924 3960 decrepitus
1949 3933 1963 3954 ,
1990 3901 2189 3948 terram

603 3983 877 4045 spectans,
927 3976 1202 4032 alacritate
1246 3977 1411 4032 animi
1457 3975 1738 4055 confestim
1788 3979 2189 4050 juvenescelmt.

601 4068 740 4140 Quid
769 4075 872 4135 est,
906 4066 1139 4122 Primum
1175 4070 1396 4138 uigorem
1423 4071 1606 4140 recepit
1627 4069 1654 4124 .’
1682 4068 1829 4126 Sicut
1859 4073 1996 4143 ignis
2030 4074 2083 4128 in
2112 4074 2193 4129 lu-

603 4174 790 4226 cerua,
814 4159 1030 4230 quando
1055 4158 1234 4215 deficit
1259 4159 1364 4216 olei
1391 4160 1663 4228 alimonia,
1693 4171 1747 4218 et
1769 4162 1880 4233 jam
1902 4167 2191 4237 exstingui-

606 4260 714 4316 tur,
741 4250 786 4304 si
813 4265 1000 4321 parum
1027 4251 1146 4322 quis
1175 4252 1277 4307 olei
1318 4252 1585 4318 infuderit,
1621 4265 1840 4325 repente
1866 4258 1953 4328 qui
1984 4260 2189 4316 exstin-

605 4341 697 4414 gui
728 4341 1046 4412 putabatur,
1082 4341 1364 4399 clariorem
1390 4344 1584 4399 emittit
1609 4346 1779 4401 lucem
1807 4364 1820 4400 :
1846 4349 1916 4404 ita
1946 4362 2000 4405 ct
2027 4365 2193 4407 senex

606 4433 696 4488 ille
741 4445 854 4502 pro:
899 4433 1112 4488 tristitia
1169 4432 1280 4504 jam
1343 4434 1605 4505 exstingui
1650 4437 1946 4494 videbatur.
2013 4437 2196 4496 Noluit

602 4523 771 4595 cnim,
802 4523 991 4599 inquit,
1031 4527 1423 4585 consolationem
1450 4528 1710 4602 accipere,
1739 4528 1949 4588 dicens:
1975 4529 2194 4589 Descen—

607 4616 726 4670 dam
778 4615 951 4688 lugens
1004 4619 1058 4673 in
1100 4621 1352 4691 infernum
1394 4618 1546 4690 (Gen.
1595 4622 1683 4676 57.
1726 4621 1965 4692 55).Ubi
2015 4634 2192 4680 autem

603 4708 861 4786 cognovit
887 4710 1072 4764 vivere
1099 4709 1261 4765 filium
1285 4751 1300 4774 ,
1331 4721 1385 4766 et
1412 4710 1677 4767 dominari
1702 4714 1752 4765 itt
1786 4721 1894 4768 tota
1920 4712 2154 4786 Egypto
2175 4755 2193 4780 ,

607 4807 664 4854 ct
689 4799 820 4855 vidit
850 4799 1082 4869 plaustra
1108 4841 1123 4865 ,
1168 4799 1400 4853 Primum
1427 4802 1643 4872 vigorem
1672 4805 1878 4871 recepit,
1906 4816 1954 4858 ct
1981 4805 2196 4872 juvenis

605 4905 675 4946 ett
704 4905 834 4946 sene
873 4891 1041 4945 factus
1071 4900 1172 4946 est.
1217 4891 1472 4960 Deposuit
1511 4893 1758 4947 maeroris
1787 4893 2055 4959 nebulam,
2086 4895 2196 4949 dis—

608 4983 740 5051 pulit
785 4983 1162 5052 cogitationum
1201 4992 1608 5052 tempestatem,
1658 4982 1976 5051 tranquillus
2015 4993 2195 5053 postea

607 5075 706 5129 fuit
735 5093 749 5128 :
779 5075 891 5130 inec
917 5077 1092 5130 omnia
1121 5076 1464 5145 dispensante
1486 5075 1615 5140 Deo,
1650 5086 1706 5129 ttt
1733 5075 1903 5145 justus
1928 5085 2034 5132 tam
2060 5079 2196 5134 mul-

609 5175 785 5222 torum
815 5169 1054 5222 laborum
1082 5167 1502 5224 consolazinnem
1533 5167 1815 5237 inveniret,
1848 5179 1903 5225 et
1934 5172 2195 5242 partiCepS

609 5257 762 5315 ﬂeret
789 5259 1052 5316 felicitatis
1083 5260 1174 5314 lilii
1197 5276 1210 5312 :
1231 5267 1283 5315 et
1302 5267 1561 5329 prmtcrea
1585 5269 1641 5313 ut
1660 5263 1923 5315 somnium
1951 5261 2198 5332 implere.

611 5359 698 5404 tur
724 5349 774 5404 id
801 5350 942 5420 quod
973 5353 1084 5419 ipse
1114 5351 1493 5418 interpretatus
1518 5358 1662 5413 erat,
1693 5351 1909 5406 dicens:
1932 5350 2196 5419 Numquid

610 5439 859 5496 veniemus
900 5457 989 5509 ego
1020 5449 1065 5493 et
1096 5451 1252 5494 mater
1279 5449 1365 5494 tua
1387 5482 1400 5502 ,
1431 5448 1477 5493 et
1509 5443 1692 5510 fratres
1717 5443 1812 5506 tui,
1839 5451 1894 5494 ut
1928 5443 2196 5496 adoremus

606 5541 662 5586 te
701 5532 850 5603 (Gen.
882 5534 968 5588 57.
1010 5532 1136 5606 i0)?
1180 5533 1245 5587 Et
1289 5531 1515 5587 credidit
1561 5531 1716 5587 dictis
1743 5543 1903 5604 atque
1927 5534 2074 5597 visis,
2103 5533 2194 5590 ‘28.

610 5620 681 5677 Et
698 5624 845 5692 dixit,
866 5623 1038 5694 inquit
1060 5643 1072 5678 :
1091 5624 1284 5695 Magna
1302 5624 1424 5678 mihi
1442 5632 1581 5689 sunt,
1602 5624 1646 5677 si
1662 5623 1827 5678 adhuc
1843 5625 1956 5680 vicit
1970 5624 2162 5696 Ioseph
2179 5643 2197 5679 :

614 5756 694 5867 m'
729 5763 935 5814 Quatuor
961 5764 1086 5816 1158.,
1107 5762 1300 5819 repente
1323 5755 1480 5807 rident
1505 5753 1555 5806 in
1573 5768 1745 5821 magno
1768 5755 2021 5821 splendore
2045 5757 2200 5811 viven-

1241 415 1282 467 S
1338 409 1616 470 IOANNIS
1651 403 2127 465 CIIRYSOSTOMI
2169 400 2485 459 ARCIIIEP.
2527 396 3063 454 CONSTANTLVOP.

2264 510 2346 566 ibo
2364 511 2536 582 igitur,
2564 519 2611 565 ct
2638 512 2811 565 uidebo
2831 527 2946 566 cum
2968 513 3263 583 priusquam
3285 514 3493 566 tnori..-r.
3524 514 3722 588 Magno
3753 526 3868 572 sunt

2264 603 2424 670 mihi,
2473 602 2671 670 inquit,
2704 611 2760 658 et
2787 602 3053 658 excedunt
3092 619 3305 660 onmem
3346 606 3767 675 cogitationem,
3813 619 3869 664 et

2264 695 2556 750 obscurant
2583 709 2796 750 omnem
2819 694 3106 750 humanam
3135 695 3392 761 Ιιυιὶιὶηιιι,
3431 696 3492 752 Si
3519 697 3689 752 adhuc
3727 699 3871 766 [ilius

2265 801 2404 839 meus
2429 785 2622 856 Ioseph
2643 785 2759 840 vivit
2781 786 2900 840 :t'bo
2919 785 3074 858 igitur
3095 796 3142 840 ct
3173 787 3347 842 ridebo
3367 803 3502 841 eum.
3527 786 3874 844 FeStinentus

2267 878 2461 950 igitur,
2498 887 2554 933 ut
2583 879 2698 949 ejus
2728 878 2998 950 colloquio
3028 878 3237 950 potiar,
3290 881 3597 951 priusquam
3645 880 3874 934 moriar.

2264 969 2418 1026 Nunc
2438 1011 2452 1034 ,
2484 969 2681 1040 inquit,
2712 969 2932 1024 nuntius
2970 969 3059 1024 ille
3099 971 3280 1024 erexit
3321 972 3556 1026 animum
3585 986 3790 1037 meum,
3821 980 3878 1027 et

2267 1060 2464 1131 fugavit
2493 1061 2786 1116 senectutis
2814 1060 3199 1124 iuiirmitatem,
3231 1071 3287 1116 et
3314 1061 3585 1117 roboravit
3606 1072 3873 1118 mentem.

2265 1149 2422 1220 Quod
2445 1151 2489 1205 si
2517 1160 2570 1205 et
2595 1165 2716 1206 cum
2739 1166 2805 1205 eo
2825 1151 3056 1220 colloqui
3086 1153 3381 1222 contingat,
3407 1151 3702 1222 perfectam
3733 1152 3874 1208 ιιι·ιί·

2269 1240 2397 1294 tiam
2445 1249 2769 1309 asscquutus
2816 1240 3037 1294 moriar.
3086 1239 3158 1295 Et
3210 1240 3343 1295 nihil
3397 1249 3640 1296 moratus
3689 1241 3876 1311 justus

2269 1330 2444 1385 itineri
2475 1343 2535 1386 se
2563 1329 2868 1396 commisit,
2915 1331 3176 1385 festinans
3216 1341 3270 1386 et
3313 1345 3509 1402 urgens
3557 1340 3610 1387 ut
3659 1331 3875 1387 videret

2269 1427 2374 1473 tam
2402 1419 2764 1475 desideratum
2809 1420 2979 1475 ﬁlium
3001 1462 3015 1484 ,
3059 1430 3222 1492 utque
3262 1431 3386 1477 ante
3416 1432 3495 1475 tot
3523 1436 3694 1476 annos
3721 1437 3875 1476 mor-

2269 1518 2440 1577 tuum,
2462 1519 2535 1576 et,
2560 1520 2614 1565 ut
2639 1503 2880 1581 putabat,
2905 1510 3104 1567 factum
3126 1512 3303 1566 cibum
3324 1512 3639 1576 bestiarum.
3664 1512 3878 1569 videret

2270 1615 2414 1654 nunc
2451 1615 2631 1671 regem
2674 1600 2914 1673 Atlgypti.
2957 1603 3009 1656 1.
3053 1601 3121 1656 Et
3164 1619 3281 1656 cunt
3310 1604 3524 1659 uenisset
3560 1605 3631 1657 ad
3664 1616 3878 1676 pateant

2269 1689 2562 1755 inramenti,
2585 1705 2792 1761 preces,
2822 1691 3017 1762 quibus
3045 1693 3246 1762 gratias
3272 1695 3493 1762 agebat,
3534 1696 3730 1751 obtulit
3762 1696 3876 1751 Do-

2268 1780 2449 1844 mino,
2489 1788 2538 1833 et
2583 1780 2883 1851 sacriﬁcavit
2919 1781 3230 1850 sacri/icium
3277 1781 3388 1838 Deo
3431 1784 3567 1851 patri
3607 1785 3690 1841 sui
3715 1783 3880 1840 Isaac

2271 1870 2458 1942 (Caput
2479 1871 2592 1942 46).

2341 1961 2398 2018 2.
2441 1963 2567 2019 limo
2609 1962 2919 2034 audientes,
2961 1966 3235 2024 discamus
3259 1967 3474 2038 quando
3500 1969 3628 2041 quid
3657 1968 3882 2036 facturi,

2272 2056 2360 2110 vel
2401 2056 2672 2127 negotium
2709 2058 2924 2130 aliquod
2963 2061 3226 2131 cepturi,
3259 2061 3345 2117 vel
3387 2063 3884 2133 peregrinationem

2274 2149 2575 2218 suscepturi
2611 2164 2827 2216 sumus,
2857 2158 2916 2204 ut
2939 2152 3186 2221 precibus
3215 2152 3503 2207 offeramus
3531 2152 3762 2210 Domino
3785 2170 3886 2210 sa-

2273 2238 2570 2306 criticium,
2616 2248 2670 2294 et
2709 2240 2826 2309 ejus
2867 2239 3190 2310 adjutorium
3228 2242 3573 2309 invocemus,
3601 2252 3658 2299 et
3685 2243 3767 2299 sic
3793 2244 3886 2298 in-

2275 2331 2516 2385 stitutum
2543 2320 2935 2401 aggrediamur,
2965 2331 3234 2389 imitantes
3257 2333 3466 2388 illorum
3484 2333 3751 2403 justorum
3770 2336 3888 2405 pie-

2278 2430 2465 2476 tatem.
2497 2419 2827 2491 Sacri/ienuit
2850 2424 3160 2493 sacri/icium
3187 2424 3294 2480 Deo
3320 2427 3579 2494 patrissui
3603 2425 3758 2482 Isaac
3780 2443 3800 2483 :
3828 2438 3890 2483 ut

2276 2512 2454 2569 discas
2494 2529 2616 2569 eum
2646 2515 2862 2586 vestigia
2890 2516 3056 2585 patris
3083 2515 3164 2571 sui
3191 2525 3474 2587 sequutum
3501 2533 3654 2584 esse,
3689 2527 3750 2574 et
3779 2519 3890 2575 hoc

2279 2605 2333 2661 in
2369 2606 2514 2662 cultu
2553 2605 2735 2661 divino
2775 2606 3114 2670 declarasse,
3145 2607 3285 2662 sicut
3311 2606 3476 2663 lsaac.
3509 2607 3577 2662 Et
3600 2610 3728 2679 quia
3755 2624 3888 2680 gra-

2281 2702 2393 2750 tum
2443 2711 2600 2753 suum
2645 2694 2890 2750 ail‘ectum
2936 2697 3083 2766 prius
3129 2711 3227 2766 per
3272 2695 3560 2768 gratiarum
3611 2698 3886 2754 actionem

2281 2789 2537 2856 ostendit,
2561 2791 2738 2845 statim
2762 2790 3083 2858 subsequuta
3109 2798 3231 2846 sunt
3252 2790 3414 2845 etiam
3439 2806 3501 2845 ea
3523 2807 3642 2861 qua.-
3661 2795 3889 2864 superni

2281 2881 2461 2936 auxilii
2535 2880 2768 2936 fuerunt.
2815 2881 2947 2937 Nam
2990 2883 3112 2953 quia
3162 2881 3374 2938 videbat
3419 2894 3622 2938 tantum
3679 2885 3892 2942 itineris

2270 2971 2538 3040 spatium,
2566 2979 2620 3024 et
2643 2969 2911 3042 cogitabat
2936 2987 3087 3025 suam
3111 2971 3440 3042 decrepitam
3471 2983 3714 3038 atatem,
3743 2974 3889 3030 veri-

2286 3067 2372 3115 tus
2411 3076 2479 3115 ne
2522 3071 2696 3116 morte
2739 3071 3167 3131 prmoccupatus,
3213 3078 3241 3114 a
3284 3063 3554 3133 colloquio
3583 3073 3632 3119 et
3665 3073 3892 3134 aspectu

2287 3149 2382 3204 iiiii
2429 3151 2764 3219 privaretur,
2811 3162 3058 3222 precatur
3103 3152 3426 3218 Dominum,
3468 3165 3526 3207 ut
3553 3163 3757 3209 tantum
3786 3156 3892 3210 sibi

2289 3241 2412 3296 vitae
2441 3256 2745 3297 mensuram
2774 3242 3067 3309 concedat,
3093 3251 3153 3297 ut
3172 3242 3405 3314 perfecta
3436 3246 3709 3314 voluptate
3735 3246 3896 3304 frua-

2291 3341 2396 3389 tur.
2441 3332 2547 3388 Sed
2594 3333 2713 3387 vide
2743 3334 3012 3403 quomodo
3042 3334 3212 3390 bonus
3242 3335 3496 3391 Dominus
3520 3338 3703 3394 nmitis
3727 3353 3899 3410 argn-

2289 3423 2488 3480 mentis
2522 3423 2726 3493 justum
2771 3439 3020 3480 securum
3061 3425 3267 3482 reddat.
3309 3425 3367 3481 2.
3406 3425 3552 3482 Dixit
3580 3429 3725 3483 enim
3756 3428 3902 3485 Deus

2288 3515 2461 3571 lsrae'l
2502 3517 2554 3570 in
2597 3517 2782 3571 visione
2823 3518 2986 3572 noctis
3035 3533 3054 3573 :
3100 3517 3295 3586 Iacob,
3342 3517 3545 3587 Iacob;
3577 3521 3628 3575 3.
3659 3535 3758 3592 ego
3785 3539 3904 3577 smn

2290 3603 2431 3663 Deus
2477 3616 2679 3679 patrum
2711 3618 2955 3673 tuorum;
2991 3625 3056 3664 ne
3095 3610 3273 3664 timeas
3308 3609 3610 3666 descendere
3649 3611 3704 3666 in
3727 3611 3906 3685 digu-

2294 3707 2455 3768 ptum.
2493 3697 2561 3752 In
2597 3715 2833 3771 magnam
2866 3701 3000 3755 enim
3026 3709 3221 3771 gentem
3247 3701 3434 3770 [acilius
3462 3712 3512 3756 te
3532 3703 3660 3757 illic.
3691 3705 3748 3760 ι.
3789 3703 3905 3776 Ego

2293 3789 2593 3844 descendam
2636 3800 2830 3856 tecum,
2875 3800 2925 3844 et
2963 3791 3205 3845 reducam
3240 3802 3290 3846 te
3324 3792 3377 3846 in
3413 3793 3603 3863 finem,
3633 3803 3681 3848 ct
3701 3793 3908 3866 Ioseph

2293 3879 2519 3950 imponet
2559 3896 2740 3934 manus
2784 3897 2940 3950 super
2979 3882 3154 3937 oculos
3197 3891 3328 3937 tuos.
3360 3881 3496 3940 Vide
3533 3885 3811 3955 quomodo
3840 3903 3909 3943 ea

2297 3986 2418 4042 quae
2451 3970 2630 4040 justus
2654 3971 2745 4027 ille
2774 3971 3147 4040 desiderabat,
3173 3988 3236 4028 ea
3262 3974 3336 4029 illi
3371 3975 3510 4030 Deus
3537 3976 3860 4045 polliceatur
3891 3996 3908 4034 :

2295 4060 2407 4118 imo
2426 4073 2481 4120 et
2499 4064 2665 4119 multo
2696 4064 2919 4134 majOra.
2946 4061 3283 4120 Liberalitate
3303 4065 3446 4120 enim
3465 4080 3560 4122 sua
3585 4075 3798 4122 nostras
3810 4083 3912 4139 pe-

2299 4158 2515 4212 titiones
2543 4156 2894 4222 transcendit,
2925 4171 3150 4212 scrvans
3170 4157 3384 4212 solitam
3404 4171 3554 4213 suam
3579 4159 3904 4215 misericor-

2296 4246 2460 4302 diam.
2513 4244 2600 4301 Νι
2642 4249 2841 4314 (iniens,
2888 4247 3092 4318 inquit,
3147 4247 3451 4303 descendere
3489 4248 3544 4303 in
3584 4247 3910 4321 Egyptian.

2299 4339 2562 4409 Quoniam
2607 4341 2798 4395 anxius
2842 4349 2957 4396 erat
2996 4341 3068 4396 ob
3094 4343 3192 4397 vire
3222 4341 3606 4414 longitudinem
3632 4386 3646 4408 ,
3673 4344 3800 4400 ideo
3826 4345 3916 4401 di-

2297 4432 2371 4486 cit
2404 4449 2417 4484 :
2447 4431 2525 4488 Ne
2553 4431 2806 4502 respicias
2832 4432 2896 4485 ad
2937 4431 3297 4488 infirmitatem
3328 4435 3643 4488 senectutis.
3686 4433 3750 4488 in
3777 4453 3911 4506 gett-

2301 4532 2400 4576 tctn
2441 4521 2576 4576 enim
2604 4538 2839 4595 magnam
2871 4522 3062 4592 faciant
3091 4533 3139 4576 te
3155 4522 3263 4577 illic
3291 4540 3310 4577 :
3333 4533 3382 4578 et
3410 4524 3712 4579 descendam
3743 4538 3914 4582 (ccam

2297 4615 2352 4669 in
2393 4611 2703 4686 Egyptum.
2752 4612 2861 4685 ligo
2907 4621 2959 4668 te
2998 4614 3328 4680 comitabor,
3367 4625 3420 4671 ct
3445 4617 3621 4673 omnia
3655 4627 3741 4671 tua
3776 4633 3915 4687 pro-

2301 4720 2458 4776 spera
2486 4704 2728 4762 reddam.
2759 4705 2993 4760 Advorte
3013 4704 3282 4776 quomodo
3312 4707 3472 4763 verba
3500 4707 3783 4763 humilitati
3814 4725 3919 4764 no.

2299 4809 2425 4855 stra:
2455 4809 2773 4867 attemperet
2806 4818 2820 4853 :
2851 4798 3166 4852 Desccndam
3185 4840 3200 4864 ,
3231 4799 3427 4872 inquit,
3457 4812 3618 4857 tecum
3655 4803 3708 4856 in
3730 4802 3916 4876 £93-

2303 4904 2462 4961 ptunt.
2517 4890 2652 4955 Quid
2701 4892 2801 4944 hoc
2841 4890 3050 4944 beatius
3093 4888 3282 4954 fuerit,
3327 4906 3487 4960 quam
3536 4893 3700 4948 Deum
3729 4894 3917 4962 ipsum

2307 4983 2503 5036 habere
2529 4983 2777 5036 comitem
2814 4981 3017 5036 itineris
3037 4980 3062 5035 τ
3085 4978 3338 5051 Sequitur
3363 4993 3544 5052 postea
3575 4985 3916 5051 consolatio,

2302 5090 2404 5146 qua
2436 5075 2720 5145 plurimum
2746 5073 3013 5144 indigebat
3039 5089 3200 5130 senex
3221 5093 3235 5129 :
3259 5073 3322 5129 Et
3341 5074 3557 5146 Ioseph,
3588 5077 3777 5146 inquit,
3806 5078 3914 5131 int-

2305 5175 2452 5237 pon-st
2496 5183 2676 5220 manus
2717 5182 2872 5235 super
2902 5166 3076 5221 oculos
3105 5177 3233 5221 tuos.
3267 5165 3360 5221 llic
3385 5168 3608 5223 dilccuts
3641 5178 3762 5223 tuus
3793 5171 3916 5238 ipse

2306 5269 2356 5314 te
2383 5260 2574 5315 fovebit
2599 5301 2612 5323 ,
2641 5270 2694 5314 et
2723 5275 2910 5312 manus
2943 5259 3180 5328 imponet
3204 5275 3365 5330 super
3389 5260 3571 5315 oculos
3598 5270 3736 5312 tuos.
3765 5258 3913 5316 Gau—

2302 5352 2434 5406 dcus
2466 5353 2644 5421 itaque
2665 5392 2680 5418 ,
2712 5360 2765 5405 ct
2795 5358 2938 5404 totus
2970 5364 3191 5407 securus
3214 5351 3314 5407 iter
3335 5351 3533 5419 arripe.
3578 5351 3758 5422 Cogita
3793 5352 3882 5406 hic
3904 5413 3920 5436 ν

2305 5447 2527 5501 obsecro
2548 5485 2563 5510 ,
2595 5459 2754 5512 quam
2784 5440 3074 5510 jucundmn
3108 5441 3298 5498 fecerit
3319 5443 3420 5496 iter
3442 5443 3647 5511 justus,
3673 5445 3916 5512 acceptis

2307 5543 2413 5590 tam
2441 5535 2602 5588 certis
2643 5533 2733 5586 Dei
2769 5532 3232 5600 promissionibus.
3263 5532 3316 5586 5.
3348 5531 3584 5586 Surrexit
3616 5532 3750 5585 enim
3776 5573 3791 5595 ,
3824 5534 3910 5587 in-

2305 5627 2416 5696 quit
2441 5668 2454 5691 ,
2485 5624 2649 5678 Iacob
2669 5666 2683 5687 ,
2715 5634 2760 5678 ct
2788 5624 2883 5692 filii
2908 5625 3017 5696 ejus
3042 5639 3059 5677 :
3087 5623 3139 5678 6.
3169 5634 3215 5676 et
3236 5634 3533 5693 acceperunt
3560 5641 3758 5677 ontnem
3789 5643 3914 5690 pos-

2304 5722 2574 5775 sessionem
2617 5733 2763 5774 suam
2783 5759 2795 5781 ,
2827 5726 2872 5771 et
2901 5726 3137 5772 venerunt
3167 5718 3217 5770 in
3249 5715 3557 5788 ngyptum.
3587 5719 3639 5770 7.
3673 5717 3735 5770 In
3763 5733 3918 5772 sexo--

2311 5813 2450 5882 ginta
2476 5823 2566 5866 sea:
2589 5807 2852 5864 animabus
2887 5808 3142 5864 descendit
3167 5805 3327 5862 Iacob
3369 5810 3418 5862 in
3452 5806 3739 5878 Egyptum
3771 5825 3788 5860 :
3816 5808 3906 5864 ‘37.
