4086 6456
185 389 267 446 hlil
1057 378 1126 435 ΙΝ
1153 377 1308 436 CAP.
1346 376 1508 434 XLVI
1561 373 1648 436 ΕΤ
1670 375 1778 434 XL‘

1892 371 2142 429 GENES.
2180 367 2412 426 1103111..
2457 366 2619 423 LXV.

181 515 221 557 rt
253 503 448 571 Ioseph
488 515 604 554 cunt
647 498 767 570 [iliis
787 498 926 563 suis,
975 495 1065 568 qui
1097 495 1202 550 nati
1226 505 1344 548 eant
1366 493 1413 547 ei
1434 493 1486 547 iu
1507 491 1776 562 .Egypto,

185 608 347 646 aettem
375 601 524 645 erant
545 631 561 657 ,
592 600 640 647 et
671 592 741 645 ita
765 605 880 643 cunt
908 587 1101 658 Ioseph
1126 593 1268 640 erant
1296 600 1468 638 omnes
1496 583 1778 636 auitmv'se-

181 683 442 753 ptuaghita
478 683 719 752 quinique.
766 681 944 746 Quare
988 678 1262 747 Scriptura
1306 687 1586 730 numerum
1632 683 1792 726 tanta

180 771 442 843 diligentia
472 771 750 826 annotavit
770 770 798 823 τ
827 771 896 828 Ut
926 770 1066 825 scire
1097 769 1362 838 possimus
1391 777 1548 836 quom
1587 765 1656 818 do
1687 763 1779 818 Dei

186 865 458 936 pra‘tlictio
489 863 704 934 impleta
729 862 833 925 sit.
866 862 1052 918 dicens
1077 878 1092 914 :
1118 860 1192 914 In
1220 868 1416 931 gentem
1443 873 1678 927 magnam
1700 861 1780 928 fa-

181 957 299 1008 riam
343 967 393 1010 te
435 954 544 1008 illic
584 953 776 1024 (Exod.
825 953 912 1008 l2.
949 955 1061 1023 57).
1092 950 1224 1006 Nam
1252 967 1317 1006 ex
1350 950 1412 1003 iis
1443 951 1776 1019 septuaginta

181 1050 410 1117 quinque
439 1048 718 1100 animabus
740 1047 790 1100 in
816 1056 1064 1100 sescenta
1095 1044 1259 1098 millia
1284 1055 1453 1114 genus
1475 1041 1632 1097 Israel
1659 1055 1780 1111 pro-

183 1149 426 1208 pagatum
448 1146 560 1192 est.
599 1137 784 1191 Vidisti
805 1134 1076 1206 quomodo
1105 1151 1211 1189 non
1237 1134 1469 1200 'l'rustra,
1499 1147 1673 1201 neque
1690 1141 1778 1186 te-

179 1239 318 1281 mere.
347 1239 631 1282 numerem
654 1236 838 1283 eorum
869 1228 956 1295 qui
983 1227 1035 1280 in
1057 1223 1348 1297 Egyptian
1367 1223 1777 1288 descenderunt,

180 1334 271 1371 nos
295 1319 484 1372 docuit
518 1335 530 1370 :
563 1319 656 1372 sed
689 1327 747 1371 ut
769 1318 906 1371 scire
937 1317 1200 1386 possimus
1223 1330 1382 1385 quam
1413 1316 1560 1368 inulti
1584 1329 1648 1369 ex
1672 1321 1778 1367 tam

179 1412 358 1480 paucis
391 1411 517 1464 laeti
557 1411 697 1474 sint,
735 1421 786 1464 ct
820 1410 1011 1464 divinis
1038 1407 1477 1478 promissioniluts
1509 1421 1576 1460 ne.
1599 1406 1782 1460 'anns

179 1501 481 1554 credamus.
539 1500 668 1555 Nam
711 1500 922 1570 quando
968 1499 1325 1570 cogitaveris,
1377 1507 1498 1566 post
1552 1508 1778 1550 mortem

178 1591 339 1647 Iacob
367 1603 422 1646 et
447 1591 645 1662 Joseph
667 1635 682 1655 ,
710 1601 853 1645 tanta
877 1591 1267 1645 machinatione
1287 1605 1442 1645 u5nm
1461 1603 1584 1644 οεςε
1605 1586 1778 1659 ΆΕεῖ-

181 1683 410 1752 ptiarum
461 1695 643 1751 regem
669 1725 683 1748 ,
723 1691 787 1735 ut
836 1696 1114 1738 numerum
1155 1695 1342 1736 eorum
1389 1681 1683 1742 minueret,
1727 1686 1782 1731 et

181 1783 402 1839 parvum
448 1775 678 1836 iaceret,
714 1787 780 1826 ne
809 1771 859 1824 iu
899 1781 1097 1825 tantam
1131 1778 1510 1839 propagaretur
1532 1769 1781 1823 multitu-

178 1863 386 1927 diaetu,
439 1871 494 1916 ct
539 1862 667 1915 nihil
713 1861 987 1932 potuisse,
1035 1860 1133 1916 sed
1175 1861 1344 1930 magis
1386 1869 1440 1914 et
1471 1861 1637 1928 magis
1663 1874 1784 1912 cre-

179 1953 316 2009 visse
363 1953 622 2023 populum
669 1970 684 2006 :
727 1953 992 2007 admirare
1029 1961 1085 2007 et
1120 1961 1365 2021 stupesce
1394 1951 1780 2019 providentiam

185 2045 273 2099 llei
301 2086 315 2108 ,
361 2053 417 2098 et
460 2044 732 2114 quomodo
773 2059 878 2098 non
927 2045 995 2098 sit
1042 2044 1294 2112 possibile
1340 2044 1485 2096 irrita
1514 2059 1633 2096 esse
1663 2058 1780 2111 qmc

180 2135 291 2204 ipse
339 2134 679 2199 decreverit,
738 2135 950 2189 etiamsi
1000 2134 1202 2188 inﬁnita
1247 2134 1625 2188 maelii-nentur
1668 2130 1778 2186 alii.

179 2228 446 2279 (la-terum
489 2226 771 2281 videamus
811 2237 1123 2280 contextum
1171 2235 1373 2287 totum,
1421 2238 1478 2279 ttt
1514 2225 1782 2279 discamus

180 2317 451 2386 quomodo
492 2317 805 2374 Jacob'cmn
841 2320 951 2372 lilio
976 2319 1044 2372 sit
1068 2307 1407 2385 congressus.
1438 2317 1526 2374 ‘28.
1561 2317 1782 2384 Quando

179 2420 342 2463 autem
367 2411 797 2479 appropinquavit
822 2411 872 2462 iu
900 2421 1085 2464 terram
1111 2406 1328 2479 κείνω)ιὶ
1351 2451 1363 2469 .
1406 2409 1541 2462 misit
1581 2407 1777 2462 ludant

179 2512 295 2554 ante
329 2516 382 2554 se
412 2501 482 2553 ad
506 2500 701 2571 Joseph
725 2543 740 2565 ,
765 2511 820 2554 ut
849 2502 1161 2573 signiﬁcaret
1190 2502 1264 2555 illi
1292 2502 1452 2570 patris
1481 2501 1776 2556 adventum.

178 2589 270 2645 29.
304 2589 474 2661 Igitur
493 2589 688 2662 lost-ph
718 2603 769 2644 ut
800 2593 1006 2656 didicit,
1027 2593 1204 2664 junxit
1231 2608 1410 2645 currus
1430 2635 1444 2656 ,
1478 2601 1522 2645 et
1553 2593 1783 2646 ascendit

177 2682 230 2733 in
260 2698 527 2734 occursum
555 2684 710 2753 patri.
746 2682 808 2734 Et
837 2698 955 2736 mea:
983 2693 1034 2734 ut
1063 2683 1186 2735 vidit
1213 2699 1326 2736 eum
1345 2724 1359 2743 .
1387 2683 1572 2736 cecidit
1599 2683 1650 2735 itt
1679 2682 1784 2736 col-

178 2773 286 2827 Ittm
309 2776 460 2844 ejus,
503 2784 550 2827 et
573 2775 717 2844 fluvit
741 2776 862 2844 fletu
895 2777 1072 2829 multo.
1104 2775 1214 2831 Hoc
1244 2783 1359 2829 erat
1383 2775 1434 2828 id
1462 2774 1602 2846 quod
1635 2776 1784 2829 initio

176 2868 456 2932 dicebam,
500 2868 767 2938 ingentem
806 2884 950 2937 saepe
968 2867 1297 2934 voluptatem
1333 2869 1594 2939 Iacrymas
1623 2876 1784 2923 excu-

178 2966 314 3013 tere.
345 2957 540 3011 Cecidit
559 2999 572 3018 ,
605 2957 792 3027 inquit,
825 2960 876 3011 in
907 2959 1092 3012 collum
1121 2959 1251 3030 ejus,
1280 2968 1326 3010 et
1350 2960 1487 3027 fierit
1519 2975 1537 3011 :
1565 2973 1669 3014 non
1693 2958 1782 3012 di-

180 3050 257 3102 xit
303 3048 405 3102 hoc
446 3047 793 3116 simpliciter,
841 3050 964 3114 sed,
1009 3049 1158 3103 Flt'tu
1188 3066 1390 3119 magno.
1421 3049 1611 3104 Sta‘titu
1639 3050 1781 3103 enim

179 3140 234 3193 in
268 3150 503 3193 mentem
548 3139 643 3209 ipsi
669 3150 930 3194 venerunt
973 3153 1090 3209 quae
1133 3142 1243 3208 ip~e
1273 3154 1461 3208 pastis
1488 3150 1634 3202 erat,
1665 3155 1784 3209 qua:

181 3231 318 3301 patri
364 3242 586 3301 propter
626 3245 684 3286 se
725 3230 1061 3297 acciderant,
1101 3241 1158 3285 et
1196 3232 1439 3298 Cogitaus
1485 3242 1589 3284 tam
1623 3231 1784 3300 proli-

181 3339 306 3378 xum
337 3323 706 3378 intercessisse
725 3331 960 3393 tempus,
991 3334 1044 3378 et
1070 3324 1340 3393 qumnodu
1360 3334 1553 3393 preter
1570 3339 1782 3376 onmem

181 3417 641 3486 exspectationem
680 3427 736 3475 et
777 3417 890 3484 ipse
923 3426 1124 3484 patrem
1148 3459 1160 3479 .
1189 3426 1241 3470 et
1271 3427 1418 3484 pater
1449 3415 1610 3471 tilium
1637 3416 1785 3471 vide-

181 3518 297 3574 ret,
324 3509 500 3563 fontes
529 3510 705 3564 emisit
734 3510 1088 3580 latrrymarum
1112 3550 1126 3574 ,
1159 3510 1313 3563 simul
1344 3525 1395 3564 et
1419 3524 1663 3578 magnam
1690 3509 1782 3564 de-

183 3604 397 3655 elarans
434 3601 702 3664 lmtitium,
743 3611 796 3656 et
825 3601 1023 3670 grains
1056 3603 1282 3656 Domino
1307 3617 1468 3672 agam
1501 3621 1594 3672 pro
1619 3604 1782 3658 rebus

181 3694 367 3761 gestis.
400 3693 488 3748 5ο.
517 3691 582 3746 Et
607 3693 733 3746 dixit
753 3734 766 3756 ,
792 3693 992 3763 inquit,
1026 3692 1186 3746 Jacob
1217 3694 1283 3745 ttd
1317 3693 1508 3762 Ioseph
1541 3710 1558 3748 :
1589 3693 1783 3747 Moriar

181 3786 395 3846 exinde,
442 3787 561 3854 quia
607 3787 709 3838 vidi
771 3787 949 3857 facient
988 3796 1140 3839 tuam.
1179 3787 1358 3839 Adhuc
1398 3788 1528 3839 enim
1556 3798 1607 3840 tu
1641 3788 1780 3842 viris.

184 3877 480 3938 Votorum,
531 3876 739 3945 inquit,
789 3891 1010 3946 compos
1051 3878 1219 3932 iactus
1263 3892 1420 3941 sum;
1466 3891 1782 3946 asscquntus

180 3983 297 4023 sum
325 3967 468 4039 quod
501 3983 788 4039 numquam
817 3971 1120 4040 exspectavi
1149 3989 1164 4035 ;
1188 3980 1480 4025 evenerunt
1507 3972 1632 4026 inibi
1661 3987 1781 4040 qum

182 4075 471 4130 numquam
513 4074 851 4139 speraveram
896 4077 909 4113 :
951 4061 1204 4130 deinceps
1224 4071 1507 4116 contentus
1532 4077 1648 4116 sum
1675 4063 1779 4115 vita

181 4166 340 4218 quant
367 4149 623 4219 transegi.
649 4148 765 4203 Vidi
789 4150 930 4204 enim
961 4167 1120 4221 quem
1149 4151 1476 4218 desideravi,
1501 4161 1557 4207 ct
1581 4152 1776 4206 sufﬁt-it

182 4239 310 4293 milii
358 4239 425 4292 ad
473 4240 709 4294 lzetitiam
755 4256 1004 4306 omnem,
1032 4242 1229 4298 vidisse
1271 4251 1323 4297 te
1353 4243 1529 4298 adhuc
1557 4245 1775 4309 vivere,

181 4329 268 4395 qui
299 4327 504 4397 pridem
534 4340 776 4385 mortuus
804 4341 860 4387 et
882 4348 910 4384 a
939 4333 1123 4389 bestiis
1149 4333 1436 4390 devoratus
1462 4350 1520 4389 es
1543 4334 1775 4388 habitus.

181 4419 411 4473 Paterna
439 4435 539 4473 vox
568 4431 622 4474 ct
653 4422 804 4490 plena
835 4423 1116 4479 dilectione
1137 4464 1152 4490 ,
1184 4427 1417 4493 satisque
1443 4424 1776 4479 all‘cctionem

179 4511 374 4564 anima:
405 4511 521 4580 ejus
547 4512 846 4569 declarans.
876 4515 965 4571 5|.
1010 4514 1151 4568 Dixit
1177 4525 1343 4568 autem
1379 4514 1572 4586 loseph
1600 4517 1775 4585 fratri-

178 4601 269 4656 bus
304 4601 412 4654 suis
450 4616 471 4655 :
510 4600 824 4656 Descendunt
848 4643 864 4670 ,
908 4613 955 4658 et
993 4606 1301 4658 annnutiabo
1345 4604 1606 4658 Pharaoni
1643 4605 1780 4676 quod

178 4682 365 4762 fratres
405 4695 501 4746 mei
542 4696 798 4758 venerint,
849 4707 895 4751 et
936 4699 1034 4751 sint
1078 4707 1323 4766 pastores.
1353 4695 1439 4751 52.
1479 4697 1583 4749 Viri
1611 4709 1776 4751 autent

177 4794 294 4837 sunt
327 4787 650 4852 artneutarii,
694 4795 739 4839 et
781 4802 950 4841 secum
975 4787 1298 4842 adduxerunt
1325 4803 1505 4856 pecora
1533 4798 1578 4840 et
1607 4787 1773 4841 bores.

176 4875 266 4931 55.
295 4875 358 4929 Si
374 4877 530 4947 igitur
552 4879 795 4931 vocaverit
821 4895 906 4933 vos
937 4877 1142 4933 Pharao
1165 4917 1180 4946 ,
1206 4890 1252 4934 et
1278 4881 1458 4933 dixerit
1484 4896 1502 4934 :
1529 4881 1678 4948 Quod
1704 4891 1776 4934 est

175 4983 305 5036 Opus
339 4975 554 5020 vestrum
579 4967 605 5019 2’
641 4968 792 5023 dicite
836 4984 856 5022 :
899 4969 989 5024 51.
1031 4967 1278 5024 Pecorum
1316 4981 1542 5039 pastores
1578 4989 1773 5026 sumus.

173 5059 500 5111 Abominatio
539 5059 671 5112 enim
702 5059 1068 5131 As'gyptiorum
1099 5072 1170 5115 est
1195 5063 1358 5115 omnis
1388 5073 1560 5133 pastor
1583 5064 1770 5116 ovium.

245 5149 302 5203 5.
351 5148 481 5204 Vide
512 5150 883 5218 prudentiam,
931 5165 986 5206 et
1015 5154 1169 5220 quale
1196 5154 1476 5207 consilium
1526 5154 1606 5208 eis
1651 5156 1768 5218 det,

173 5257 281 5294 non
315 5234 632 5310 simpliciter
674 5258 847 5314 neque
896 5242 1115 5298 fortuito
1159 5244 1276 5299 luce
1322 5246 1644 5310 consulens,
1676 5247 1770 5302 sed

171 5331 364 5386 volens
389 5346 482 5386 eos
510 5333 668 5387 simul
711 5334 761 5388 in
810 5335 999 5402 tnajori
1031 5339 1319 5392 securitate
1348 5352 1545 5407 agere,
1596 5353 1771 5409 neque

171 5424 561 5478 commercium
607 5423 806 5481 habere
833 5443 955 5481 cum
998 5426 1286 5499 Egyptiis.
1341 5429 1474 5484 Nam
1523 5431 1646 5500 quia
1696 5431 1768 5486 illi

171 5513 622 5568 aimminabautur
645 5525 699 5570 ct
724 5518 1141 5574 eontetnnelmut
1177 5534 1272 5573 eos
1304 5519 1396 5590 qui
1433 5523 1769 5591 pastoritiatn

171 5618 395 5670 agerent
445 5609 646 5670 vitam,
699 5619 883 5680 utpote
927 5611 1024 5680 ipsi
1052 5611 1350 5681 disciplinis
1391 5614 1767 5686 Egyptiorum

168 5713 197 5749 v
239 5705 458 5760 rantes,
513 5709 792 5767 propterea
839 5701 1095 5758 admonet
1133 5703 1371 5759 studium
1419 5720 1576 5761 suum
1627 5725 1767 5778 pra:-

175 5801 358 5846 tt-xcre
379 5829 397 5848 .
429 5791 582 5846 utsic
613 5793 909 5850 rationabili
940 5804 992 5849 et
1017 5796 1241 5852 honesta
1263 5797 1540 5854 occasione
1563 5803 1764 5870 optima

3379 366 3485 424 ως

1887 498 2045 544 terra:
2074 486 2249 558 portio
2273 485 2353 540 eis
2376 492 2711 553 segregetur,
2734 496 2842 553 quo
2872 480 2924 537 in
2968 495 3178 537 summa
3223 484 3484 551 tranquil-

1886 579 2033 633 litate
2075 577 2258 631 vivere
2298 575 2524 645 possint.
2557 573 2612 627 ε.
2646 572 2713 626 Et
2737 573 2956 645 acceptis
2983 572 3204 641 quinque
3240 573 3485 644 fratribus

1884 669 1988 722 suis
2013 709 2028 728 .
2055 667 2340 720 introduxit
2384 682 2468 718 eos
2505 665 2573 717 ad
2619 663 2963 717 Pharaonem.
2993 663 3049 719 5.
3086 662 3151 717 Et
3181 663 3482 733 itntcrroga-

1882 763 2057 816 riteos
2080 776 2101 814 :
2129 759 2277 827 Quod
2305 768 2380 813 est
2399 773 2522 828 opus
2553 757 2808 810 rastrum?
2841 754 2904 809 Et
2943 756 3182 810 dixerunt
3211 771 3232 808 :
3261 754 3479 808 Arinen-

1885 854 2002 907 tarii
2029 869 2223 907 sumus.
2256 852 2310 906 ι.
2340 849 2494 904 Nunc
2523 847 2678 921 igidtr
2697 847 3036 902 ltttbita’binnts
3053 846 3106 900 iu
3124 857 3260 902 terra
3284 845 3486 901 Gemit.

1884 943 1938 999 5.
1971 940 2116 997 Dixit
2136 954 2304 996 autem
2332 939 2539 995 Pharao
2565 956 2582 994 :
2612 940 2665 996 ϐ.
2699 939 2962 994 Habitent.
2993 939 3055 995 Si
3076 951 3245 994 autent
3265 937 3365 992 scis
3389 931 3484 993 alin

1884 1051 2010 1104 quos
2056 1051 2119 1088 ex
2139 1033 2239 1098 eis,
2266 1034 2352 1104 qtti
2371 1033 2470 1086 sint
2490 1033 2590 1084 'riri
2609 1031 2856 1084 industrii
2875 1072 2890 1095 ,
2932 1032 3179 1084 constitue
3206 1045 3292 1084 eos
3318 1030 3486 1100 magr-

1885 1138 2016 1180 stros
2046 1141 2269 1178 mearum
2301 1138 2536 1195 pecorum
2573 1123 2758 1195 (Caput
2798 1121 2913 1192 47).
2943 1122 3092 1178 Sicut
3140 1123 3484 1179 consuiucra‘i

1885 1215 2126 1286 Joseplt,
2160 1216 2229 1270 ita
2262 1230 2582 1284 responsum
2628 1213 2892 1269 dederunt
2935 1213 3129 1268 fratres
3170 1213 3483 1270 i’ltaraouit

1884 1322 1934 1366 et
1962 1325 2275 1365 concessum
2305 1309 2490 1363 est'cis
2522 1308 2761 1362 habitare
2807 1306 2858 1363 in
2890 1316 3028 1362 terra
3057 1307 3275 1362 Gesetu.
3307 1305 3486 1363 Cat-te-

1885 1416 2004 1458 rnm
2033 1403 2238 1457 l’ltarao
2268 1400 2547 1456 declarans
2588 1413 2736 1454 suam
2777 1412 2899 1469 erga
2931 1397 3127 1468 Joseplt
3155 1398 3487 1453 benevolens

1888 1496 2014 1549 tiam
2036 1537 2049 1559 ,
2082 1493 2246 1548 dixit:
2278 1493 2332 1548 Si
2363 1493 2501 1547 nosti
2531 1493 2582 1546 in
2612 1494 2689 1547 eis
2719 1493 2930 1562 aliquos
2976 1491 3291 1558 industrios,
3320 1491 3481 1547 etiam

1888 1599 2128 1639 meorum
2171 1599 2422 1654 pecorum
2456 1583 2740 1654 magistros
2768 1585 3055 1638 consume.
3090 1583 3142 1637 7.
3191 1579 3486 1636 Introduaﬂ

1886 1687 2056 1730 autem
2085 1687 2130 1729 et
2159 1687 2354 1745 patrem
2379 1675 2447 1727 ad
2480 1672 2825 1730 Pharaonem.
2855 1674 2910 1730 8.
2942 1673 3006 1728 Et
3024 1674 3153 1728 dixit
3175 1672 3388 1728 Pharao
3419 1673 3486 1726 at!

1885 1770 2048 1824 Jacob
2075 1786 2093 1823 :
2123 1769 2259 1835 Quot
2283 1778 2400 1823 sunt
2426 1769 2548 1821 anni
2581 1768 2778 1821 dierum
2808 1769 2923 1822 vita:
2947 1766 3085 1821 tum?
3107 1766 3374 1832 Quoniam
3404 1765 3485 1820 vi-

1885 1864 1965 1917 dit
1994 1877 2177 1917 senem
2205 1871 2462 1916 extrema:
2489 1861 2781 1914 senectutis
2806 1902 2820 1922 .
2853 1859 3046 1930 qurrit
3070 1874 3333 1913 annorum
3380 1873 3483 1912 na-

1888 1969 2116 2008 merum.
2149 1953 2202 2007 9.
2238 1949 2306 2004 Et
2333 1953 2463 2005 dixit
2507 1950 2668 2004 Jacob
2695 1967 2712 2004 :
2755 1949 2878 2004 Dies
2903 1966 3156 2003 annorum
3180 1952 3299 2003 vita:
3327 1962 3482 2012 mean

1885 2046 2064 2116 quibus
2095 2044 2391 2114 peregrinus
2422 2059 2552 2095 sum.
2590 2041 2724 2097 Vide
2750 2041 3018 2110 qutvmodo
3046 2054 3236 2095 omnes
3271 2040 3400 2108 justi
3433 2040 3485 2093 in

1889 2138 1989 2192 hac
2011 2136 2115 2189 vita
2149 2135 2289 2190 haud
2316 2149 2475 2190 secus
2499 2145 2661 2204 atque
2690 2134 2732 2187 si
2767 2136 2816 2186 in
2847 2133 3275 2202 pcregrinatitme
3304 2142 3485 2184 Versa-

1887 2237 2108 2290 reutur,
2146 2229 2216 2280 ita
2245 2223 2422 2280 allecti
2464 2235 2610 2279 sunt.
2660 2223 2860 2279 Audies
2904 2224 3048 2278 enim
3076 2230 3130 2277 ct
3174 2221 3337 2276 David
3363 2219 3494 2290 post

1888 2320 2003 2375 lucc
2045 2319 2312 2374 dicentem
2342 2335 2356 2371 :
2391 2318 2524 2386 Quia
2551 2317 2848 2390 peregrinus
2875 2333 2966 2389 ego
3011 2333 3124 2371 sum
3149 2316 3200 2370 in
3228 2326 3361 2370 terra
3386 2355 3400 2376 .
3443 2327 3489 2368 ct

1885 2413 2081 2466 advena
2117 2410 2286 2481 (Psal.
2321 2411 2409 2465 58.
2445 2411 2533 2477 15)
2565 2427 2578 2462 :
2608 2411 2744 2463 sicut
2775 2419 2828 2464 et
2859 2410 2943 2463 ltic
2973 2408 3131 2472 dicit,
3162 2406 3284 2462 Dies
3323 2419 3487 2459 anno-

1887 2521 1999 2559 rum
2029 2504 2143 2558 vita:
2170 2518 2328 2569 metu,
2378 2501 2560 2572 quibus
2603 2504 2895 2572 peregrinas
2942 2518 3075 2555 sum.
3105 2501 3392 2569 l’mptcrcn
3437 2501 3490 2554 ei

1891 2595 2085 2649 Paulus
2111 2593 2324 2648 dicebat
2354 2593 2422 2648 de
2445 2594 2606 2662 justis
2653 2593 2759 2648 illis
2783 2591 2970 2664 (ilt‘br.
3018 2594 3104 2647 ll.
3137 2593 3250 2660 51).
3277 2591 3489 2646 Confusa

1887 2704 1978 2746 sos
2021 2689 2140 2743 illos
2167 2703 2224 2742 se
2255 2687 2404 2759 quasi
2445 2687 2766 2757 peregrinos
2805 2695 2861 2741 et
2896 2685 3132 2740 advenas
3176 2700 3297 2740 esse
3326 2689 3488 2752 super

1882 2791 2108 2838 terram.
2141 2780 2286 2848 Dies,
2314 2781 2485 2852 inquit.
2504 2825 2516 2843 ,
2542 2796 2789 2835 annorum
2810 2782 2932 2835 vine
2958 2794 3102 2843 metu,
3132 2780 3310 2848 quibus
3343 2795 3481 2842 pcre-

1888 2881 2064 2951 grinns
2118 2897 2228 2934 sum
2249 2918 2266 2944 ,
2290 2888 2493 2932 centum
2537 2878 2744 2946 triginta
2785 2877 2908 2929 anni
2926 2917 2939 2938 ,
2975 2876 3126 2944 pauci
3153 2885 3199 2928 et
3230 2875 3352 2926 ma’li
3375 2877 3487 2942 fue-

1884 2980 2029 3036 runt,
2058 2980 2102 3022 et
2123 2987 2223 3022 non
2253 2977 2582 3036 pervenerunt
2608 2968 2677 3020 ad
2712 2968 2818 3021 dies
2853 2983 3102 3019 annorum
3131 2967 3244 3019 rita:
3280 2974 3484 3034 putt-unt

1888 3079 2136 3116 meorum.
2170 3061 2291 3114 Dies
2311 3101 2326 3124 ,
2367 3060 2534 3127 inquit
2559 3100 2574 3124 ,
2606 3060 2800 3129 quibus
2832 3059 3144 3126 peregrinus
3188 3056 3261 3109 fui
3283 3097 3298 3118 ,
3330 3055 3484 3124 pauci

1889 3159 1945 3204 et
1974 3151 2098 3204 mali
2126 3150 2360 3204 fuerunt.
2386 3148 2663 3217 Significat
2688 3147 2778 3201 hic
2805 3161 2976 3200 annos
3002 3145 3299 3212 servitutis,
3323 3158 3484 3216 quam

1889 3242 2138 3296 sustinuit
2169 3241 2307 3311 apud
2336 3239 2516 3295 Labau
2547 3247 2669 3310 post
2694 3238 2870 3308 fugam
2891 3281 2905 3304 ,
2936 3253 3096 3308 quam
3128 3249 3349 3308 propter
3381 3239 3488 3291 fiat

1891 3340 2025 3387 trem
2056 3330 2179 3386 fecit
2206 3350 2218 3384 :
2249 3331 2442 3386 deinde
2470 3339 2596 3402 post
2635 3329 2863 3383 reditum
2894 3330 2961 3383 ab
2982 3345 3048 3384 ea
3093 3329 3215 3385 loco
3236 3370 3251 3393 ,
3281 3327 3487 3383 luctum

1887 3438 2048 3492 quem
2076 3430 2223 3475 tanto
2251 3433 2489 3492 tempore
2522 3421 2704 3474 habuit
2737 3431 2956 3489 propter
2986 3429 3215 3486 mortem
3245 3419 3445 3490 Joscplt
3466 3460 3481 3484 ,

1890 3521 1942 3566 et
1973 3521 2192 3581 pr0ptcr
2236 3511 2370 3566 alias
2397 3512 2703 3581 interjcctas
2729 3509 2992 3564 miserias.
3023 3509 3296 3578 Quantum
3340 3512 3484 3565 enim

1885 3604 2134 3656 timorem
2166 3618 2291 3656 eum
2323 3602 2571 3657 habuisse
2604 3610 2754 3671 putas
2779 3643 2794 3663 .
2831 3599 3047 3670 quando
3089 3611 3307 3670 propter
3329 3617 3486 3654 δοται

1887 3710 2002 3750 rem
2035 3696 2268 3766 Symeon
2292 3704 2344 3748 et
2375 3693 2498 3748 Levi
2526 3708 2715 3749 omnes
2741 3693 2974 3748 civitatis
3005 3693 3147 3747 viros
3171 3693 3487 3748 occiderunt

1887 3797 1938 3840 et
1966 3801 2156 3841 omnes
2204 3787 2294 3857 qui
2341 3785 2394 3842 in
2440 3786 2666 3842 Secitnis
2703 3795 2862 3840 erant
2896 3785 3136 3855 captivos
3177 3785 3488 3840 duxerunt!

1889 3879 2104 3935 Dicebat
2149 3881 2291 3934 «nim
2322 3892 2447 3933 tunc
2495 3879 2738 3933 iudicans
2793 3878 2956 3932 animi
2993 3890 3247 3948 angorem
3292 3877 3344 3931 in
3380 3892 3488 3947 quo

1880 3979 2002 4022 erat
2036 3987 2048 4022 :
2088 3968 2406 4023 Invidiosunt
2431 3986 2508 4022 nte
2536 3969 2756 4038 fecistis,
2790 3969 2862 4022 ita
2882 3977 2940 4022 ut
2968 3969 3130 4022 multis
3147 3969 3336 4024 habear
3357 3968 3487 4022 inter

1887 4060 2168 4114 habitantes
2213 4073 2421 4114 terram.
2465 4060 2577 4132 Ego
2615 4071 2784 4112 autem
2831 4061 2883 4112 in
2911 4073 3068 4131 pareo
3110 4074 3320 4112 numero
3349 4076 3486 4114 sunt.

1887 4151 1954 4206 Et
1979 4154 2268 4223 congregati
2292 4169 2445 4222 super
2463 4170 2571 4215 me,
2600 4152 2867 4206 concident
2888 4168 2966 4206 me
2987 4168 3006 4205 :
3031 4160 3076 4204 et
3101 4151 3304 4204 delabor
3323 4161 3369 4204 et
3397 4163 3490 4222 ego

1885 4253 1932 4296 et
1948 4245 2130 4298 domus
2153 4260 2262 4297 mea
2303 4243 2460 4313 (Gen.
2494 4244 2583 4298 54.
2617 4244 2732 4310 50).
2766 4243 3057 4314 Propterea
3098 4241 3227 4295 dit-lt
3261 4260 3276 4298 τ
3324 4237 3488 4296 Pauci

1887 4345 1933 4387 et
1965 4335 2084 4388 mali
2113 4335 2221 4388 dics
2241 4351 2493 4388 annorum
2516 4335 2630 4388 uiue
2655 4351 2794 4387 metr.
2827 4335 2911 4388 il.
2944 4332 3006 4386 Et
3036 4331 3226 4402 Joseph
3253 4332 3487 4387 habitare

1886 4426 2005 4493 fecit
2033 4437 2226 4495 patrem
2261 4443 2411 4479 suum
2442 4435 2487 4479 ετ
2532 4428 2712 4496 fratres
2738 4440 2858 4478 suos
2878 4465 2891 4485 .
2924 4432 2968 4476 et
2999 4423 3135 4476 dedit
3162 4423 3234 4475 eis
3279 4439 3480 4492 posses.

1884 4519 2074 4572 sionem
2124 4519 2177 4572 in
2231 4529 2366 4572 terra
2413 4517 2665 4589 Egypti,
2720 4518 2771 4570 in
2803 4517 2994 4586 optima
3050 4527 3219 4576 terra.
3248 4517 3300 4569 in
3345 4526 3482 4570 terra

1885 4608 2156 4672 Ramesse,
2185 4611 2313 4663 sicut
2353 4618 2661 4680 pneceperat
2694 4607 2902 4660 Pharao
2929 4622 2948 4661 -:
2981 4607 3063 4660 Η.
3095 4617 3142 4660 et
3171 4609 3479 4679 frumentum

1885 4703 2179 4756 metiebatur
2226 4701 2419 4770 Joseplt
2469 4702 2603 4770 patri
2650 4710 2697 4753 et
2750 4699 2992 4772 fratribus
3041 4701 3181 4762 suis,
3236 4709 3283 4752 et
3341 4700 3478 4752 omni

1885 4796 2057 4848 domui
2096 4795 2253 4864 patris
2291 4799 2406 4857 sui,
2447 4797 2756 4862 frumentum
2802 4793 3076 4845 secundum
3117 4805 3322 4859 corpus.
3369 4791 3482 4845 Hoc

1883 4898 1995 4940 crat
2021 4888 2160 4957 quod
2190 4886 2402 4940 dicebat
2443 4886 2731 4940 fratribus:
2766 4883 2906 4937 Misit
2935 4897 3012 4937 me
3055 4882 3190 4938 Deus
3215 4893 3332 4936 ante
3360 4897 3479 4949 ros,

1884 4992 1938 5031 ut
1979 4981 2344 5050 relinqueretur
2372 4978 2508 5032 vobis
2531 4977 2696 5046 portio
2721 4993 2873 5044 super
2896 4986 3117 5038 terram;
3139 4984 3211 5032 et.
3240 4972 3301 5030 in
3325 4976 3480 5030 vitant

1882 5070 2016 5121 tttisit
2049 5085 2126 5121 me
2153 5067 2287 5123 Deus
2315 5077 2431 5122 ante
2453 5085 2540 5122 eos
2567 5066 2726 5135 (Gen.
2752 5067 2844 5121 45.
2873 5067 2924 5120 7.
2951 5063 3030 5132 5).
3060 5062 3340 5120 Frumenta
3369 5082 3478 5119 meo

1883 5159 2115 5224 ttt’batur,
2162 5160 2366 5229 inquit,
2397 5161 2468 5213 eis
2497 5159 2770 5212 secundum
2795 5171 3005 5226 corpus.

1953 5253 2136 5305 Anima
2160 5253 2237 5305 rel
2273 5267 2456 5319 corpus
2495 5261 2628 5303 totus
2651 5249 2824 5304 homo.
2877 5247 3148 5313 Quomodo
3177 5263 3232 5300 se
3276 5247 3484 5316 gesserit

1878 5342 2132 5412 Iosephus
2154 5359 2273 5413 erga
2298 5341 2576 5412 dfgyptios
2597 5381 2610 5406 ,
2641 5342 2874 5394 sturiente
2902 5344 3055 5410 fatue.
3085 5369 3159 5380 —
3199 5335 3336 5407 Quid
3366 5349 3481 5404 est,

1882 5436 2175 5491 Secundum
2221 5435 2450 5505 corpus?
2497 5435 2768 5502 Quantum
2816 5431 3120 5487 attfﬂeicltat
3169 5430 3478 5500 unicuique.

1880 5528 1993 5583 Mos
2035 5529 2177 5582 enim
2208 5537 2292 5582 est
2321 5526 2615 5596 Scriptura:
2644 5523 2934 5595 aliquando
2982 5526 3050 5578 ab
3080 5525 3256 5579 anima
3309 5533 3479 5581 totum

1880 5619 2152 5675 hominem
2206 5622 2487 5688 nominare
2511 5660 2526 5684 ,
2557 5617 2848 5688 aliquando
2886 5631 2915 5670 a
2944 5631 3194 5686 corpore.
3229 5615 3294 5671 Et
3342 5625 3479 5672 sicut

1877 5713 2124 5779 Superius
2145 5711 2375 5773 dicebat,
2403 5709 2466 5763 In
2494 5710 2816 5780 septuaginta
2836 5707 3052 5777 quinque
3089 5708 3355 5761 annuatim
3394 5707 3480 5759 deo

1883 5802 2077 5856 scendit
2102 5801 2267 5855 Jacob
2301 5801 2353 5854 in
2397 5799 2686 5872 Aigpptutn
2721 5797 2872 5872 (Gen.
2899 5799 2990 5854 Mi.
3037 5796 3161 5868 37);
3195 5808 3251 5852 ut
3275 5797 3486 5857 diceret
