4086 6492
628 508 958 579 scptuaginta
987 508 1220 576 quinque
1252 508 1396 562 viros
1435 518 1491 562 et
1532 507 1785 563 mulieres
1814 524 1829 562 :
1862 508 1945 563 sic
1988 519 2042 564 et
2090 508 2211 573 hic,

628 597 924 653 Secundum
952 613 1137 665 corpus
1155 637 1170 661 ,
1196 595 1246 650 id
1276 605 1359 650 est
1404 613 1501 664 pro
1527 598 1752 665 singulis
1792 597 2117 652 hominibus.
2144 599 2216 652 Et

630 698 738 743 tota
780 688 993 757 quidem
1044 685 1306 759 Egyptus
1353 697 1408 742 ct
1435 688 1859 743 Chananarorum
1906 689 2053 760 regio
2076 689 2213 745 fame

630 779 975 846 laborabant,
1009 779 1107 849 ipsi
1148 790 1324 835 autem
1370 795 1622 849 pressu-re
1663 782 1922 850 agebant,
1954 781 2212 836 habentes

629 869 873 937 quasiet
899 868 1131 925 fontibus
1160 869 1473 939 profluentia
1505 870 1790 925 frumenta.
1821 872 1907 925 15.
1956 870 2213 926 Frumen-

631 962 929 1028 mmcniln,
955 962 1140 1030 inquit,
1176 978 1277 1015 non
1303 972 1408 1017 erat
1437 963 1488 1015 in
1502 962 1639 1015 omni
1666 973 1817 1015 terra.
1838 960 2063 1015 Ini-aluit
2083 963 2213 1016 enim

633 1057 795 1121 futues
840 1070 995 1124 supra
1029 1054 1253 1107 modum.
1305 1053 1511 1115 Deiecit.
1534 1064 1698 1107 autem
1737 1065 1871 1109 terra
1911 1053 2130 1127 (Egypti
2168 1065 2214 1109 et

628 1156 762 1198 terra
787 1147 1030 1200 Chanaan
1060 1162 1164 1215 pra:
1191 1149 1344 1216 fame.

701 1239 753 1288 4.
791 1235 919 1289 Vide
945 1235 1267 1290 iuen'abiicm
1300 1236 1389 1290 Dei
1417 1236 1830 1292 sollicitudinem
1857 1246 1912 1292 et
1931 1236 2213 1306 protidcn-

627 1327 750 1379 tiam
779 1344 792 1379 :
822 1327 1091 1395 quomodo
1119 1338 1402 1397 antequam
1432 1328 1783 1381 iuvalesceret
1814 1327 2209 1396 fames,justum

630 1421 679 1470 in
704 1417 994 1489 Egyptian
1036 1420 1316 1474 deduxerit
1340 1462 1353 1483 ,
1386 1436 1453 1476 ne
1496 1421 1636 1474 illam
1665 1421 1886 1474 sentiret
1914 1420 2210 1489 angustiam

626 1524 745 1576 qua:
775 1520 995 1563 ventura
1027 1519 1143 1563 erat
1182 1511 1232 1565 iu
1264 1510 1535 1565 Chanaan.
1580 1512 1645 1565 Et
1673 1512 1919 1565 omnibus
1952 1513 2076 1567 illuc
2116 1512 2211 1567 dc-

628 1603 992 1664 currentibus,
1016 1604 1114 1655 ’1.1.
1146 1602 1508 1673 Cougregarit,
1547 1603 1749 1671 inquit,
1794 1602 1987 1672 Ioseph
2013 1618 2209 1655 onmem

631 1694 921 1758 pecuniam,
972 1704 1070 1745 tam
1108 1710 1281 1747 eorum
1308 1695 1394 1763 qui
1448 1705 1590 1748 erant
1655 1696 1705 1748 iu
1739 1694 2002 1765 AEgypto,
2056 1712 2207 1765 quam

627 1800 795 1835 eorum
820 1784 903 1853 qui
923 1794 1064 1837 erant
1109 1789 1160 1837 in
1199 1784 1475 1849 Chanaan,
1514 1795 1560 1839 et
1589 1787 1662 1839 sic
1706 1789 1959 1856 frumenta
1986 1787 2057 1839 eis
2098 1785 2207 1839 dis-

627 1877 869 1942 pensavit.
920 1877 1006 1930 15.
1065 1874 1129 1931 Et
1178 1877 1358 1947 defecit
1406 1885 1575 1945 postea
1628 1878 1857 1945 pecunia.
1907 1875 2206 1946 Impartavit

624 1968 757 2017 enim
812 1984 1007 2020 omnem
1044 1968 1095 2020 in
1142 1968 1347 2021 domum
1392 1967 1697 2022 Pharaonis.
1742 1968 1993 2023 Venerunt
2040 1979 2208 2022 autem

630 2056 862 2126 Aigmptii
886 2074 1056 2110 onmes
1078 2099 1090 2120 ,
1133 2069 1179 2111 et
1209 2059 1479 2113 dicebant:
1510 2058 1588 2111 Da
1632 2060 1771 2113 nobis
1798 2076 1988 2129 panes:
2035 2070 2078 2113 et
2118 2077 2209 2114 cur

627 2149 869 2199 morimur
902 2159 1017 2199 ante
1037 2148 1122 2200 te?
1151 2146 1346 2217 Defecit
1395 2150 1525 2201 enim
1548 2151 1777 2219 pecunia.
1810 2150 1922 2204 Non
1962 2162 2080 2204 sunt
2112 2167 2206 2205 no-

627 2237 735 2299 bis,
767 2236 1008 2305 inquiunt
1032 2277 1046 2301 ,
1082 2238 1260 2304 plures
1306 2239 1544 2307 pecunize
1566 2280 1579 2298 .
1613 2250 1667 2292 ut
1692 2255 1963 2305 emamns,
2008 2252 2060 2295 et
2088 2241 2205 2296 ideo

626 2326 763 2380 fatue
791 2327 1042 2395 perimus.
1094 2326 1169 2381 Ne
1203 2327 1361 2397 igitur
1388 2329 1649 2397 despicias
1698 2344 1796 2384 nos
1818 2372 1831 2394 ,
1862 2332 1950 2400 qui
1978 2347 2006 2384 a
2036 2342 2204 2385 morte

626 2416 695 2468 ita
716 2415 1054 2482 obsidemur,
1084 2417 1178 2471 sed
1209 2417 1386 2486 pra-be
1415 2418 1565 2472 nobis
1600 2435 1760 2487 panes
1782 2428 1837 2473 ut
1860 2421 2130 2497 vivamus,
2152 2432 2203 2475 et

625 2525 689 2563 nc
715 2511 1024 2564 moriamur.
1063 2512 1145 2564 l6.
1176 2511 1318 2565 Dixit
1345 2523 1508 2565 autem
1533 2513 1602 2565 eis
1641 2511 1833 2583 Ioseph
1858 2530 1875 2566 :
1897 2513 2086 2581 Aﬂ'erte
2114 2530 2202 2583 pc-

626 2615 744 2652 cora
772 2611 931 2654 vestra
959 2644 970 2663 ,
998 2613 1043 2655 ct
1070 2601 1199 2654 dabo
1223 2603 1356 2656 vobis
1380 2620 1553 2671 panes.
1586 2603 1640 2657 Si
1671 2605 1811 2657 enim
1844 2620 1947 2658 non
1972 2606 2205 2673 suppetit

625 2691 774 2744 vobis
804 2692 1023 2759 pecuma
1046 2734 1058 2753 .
1110 2692 1283 2761 inquit
1306 2732 1321 2758 ,
1368 2693 1569 2760 accipio
1598 2702 1647 2747 et
1678 2708 1883 2761 pecora.
1920 2693 1980 2747 Si
2026 2694 2203 2762 defetit

625 2782 866 2848 pecunia,
901 2781 1146 2836 adducite
1175 2796 1363 2851 pecora
1406 2792 1581 2837 vestra
1606 2824 1616 2843 ,
1643 2791 1695 2837 et
1716 2783 1987 2850 accipietis
2017 2799 2199 2851 partes.

624 2872 711 2923 17.
745 2870 1075 2925 Adduxerunt
1102 2884 1268 2926 autem
1308 2890 1507 2942 pecora,
1537 2884 1581 2927 ct
1603 2874 1738 2927 dedit
1765 2876 1834 2927 eis
1866 2891 1957 2943 pro
1976 2876 2121 2944 cquis
2148 2876 2164 2907 ‘
2183 2918 2199 2941 ,

622 2962 889 3026 et-ovilms,
914 2971 960 3015 et
989 2960 1166 3029 bobus,
1189 2972 1233 3016 et
1263 2964 1438 3028 asinis,
1468 2975 1514 3017 et
1549 2964 1677 3018 aluit
1712 2981 1795 3017 eos
1827 2982 1918 3033 pro
1941 2966 2203 3034 pecoribus

608 3054 747 3104 suis.
776 3053 861 3107 18.
905 3052 1152 3106 Venerunt
1194 3064 1361 3108 autem
1390 3058 1457 3109 ad
1486 3072 1598 3109 eum
1622 3066 1668 3109 et
1694 3074 1827 3111 anno
1853 3060 2078 3126 sequenti
2099 3098 2115 3124 ,
2157 3070 2202 3113 et

606 3141 855 3195 dixerunt
890 3144 933 3196 ei
960 3158 979 3196 :
1012 3143 1093 3195 Ne
1118 3148 1250 3214 forte
1289 3161 1577 3213 pereamus,
1612 3163 1769 3216 neque
1804 3148 2014 3216 pecunia
2065 3149 2202 3203 nobis

622 3234 875 3303 suppetit,
908 3250 1270 3303 nequevpecora
1292 3238 1506 3291 :-omuia
1532 3240 1662 3291 enim
1696 3240 1835 3307 apud
1856 3249 1909 3293 te
1942 3241 2202 3294 dominum

624 3333 850 3375 nostrmn
871 3334 1009 3377 sunt.
1032 3323 1182 3379 Nihil
1206 3326 1337 3380 enim
1366 3328 1504 3381 nobis
1521 3329 1663 3381 aliud
1691 3330 1915 3383 relictum
1946 3339 2202 3399 est,quaut

612 3416 881 3483 ρῃνοιινίιιυι
920 3432 1103 3486 corpus
1150 3428 1196 3472 et
1246 3427 1379 3471 terra
1426 3429 1619 3472 nostra.
1664 3420 1748 3475 19.
1797 3419 1863 3473 Ut
1900 3422 2052 3491 igitur
2101 3439 2202 3475 non

612 3524 884 3575 pereamus
904 3550 916 3568 .
946 3510 1144 3577 posside
1174 3511 1334 3563 noset
1364 3519 1549 3564 terram
1567 3523 1787 3564 nostram
1829 3529 1920 3580 pro
1949 3514 2161 3581 panibus
2182 3556 2195 3579 ,

623 3605 667 3646 et
696 3597 882 3650 (πάντας
898 3598 1050 3651 etiam
1072 3616 1161 3652 nos
1188 3610 1235 3652 et
1262 3610 1394 3653 terra
1416 3610 1587 3656 nostra
1610 3604 1738 3657 serui
1772 3602 2081 3659 Pharaonis.
2121 3605 2201 3658 Da

621 3704 785 3740 semen
806 3730 821 3753 ,
846 3700 899 3741 at
927 3691 1227 3744 seminemus
1244 3702 1287 3744 et
1309 3693 1532 3747 vivamus
1550 3736 1563 3756 ,
1586 3704 1629 3747 et
1662 3706 1794 3748 terra
1822 3713 1921 3749 non
1946 3697 2201 3767 redigetur

620 3778 673 3829 in
702 3780 1044 3834 solitudinem.
1076 3779 1295 3851 Scips.:s
1321 3785 1371 3839 in
1403 3786 1717 3840 servitutem
1751 3788 2120 3856 subiecerunt,
2148 3800 2200 3844 ct

624 3880 818 3924 terram
858 3872 1243 3940 vendiderunt,
1274 3875 1343 3930 ita
1374 3887 1430 3930 ut
1463 3877 1531 3931 ali
1563 3887 1778 3947 possent
1810 3897 1822 3933 :
1858 3888 1999 3933 tanta
2048 3882 2198 3935 latinis

622 3966 911 4019 necessitas
965 3965 1080 4021 fuit.
1105 3967 1193 4021 20.
1221 3968 1285 4021 Et
1305 3968 1776 4040 acquisivitloseph
1806 3983 1987 4025 terram
2033 3973 2199 4043 Egy-

622 4056 839 4121 ptiorum
874 4057 1151 4113 Pharaoni.
1192 4059 1535 4117 Vendideram
1573 4065 1704 4117 enim
1732 4082 1840 4118 eam
1861 4070 1996 4135 fame
2016 4070 2193 4121 coacti.

624 4146 690 4198 Et
714 4151 848 4217 facta
889 4160 959 4203 est
991 4160 1123 4204 terra
1166 4151 1473 4208 Pharaonis.
1511 4154 1601 4209 21.
1643 4154 1708 4208 Et
1738 4158 1981 4226 populum
2008 4159 2102 4211 sibi
2144 4160 2196 4213 in

617 4252 788 4290 servos
819 4238 1026 4309 subjecit
1054 4240 1116 4294 ab
1139 4244 1369 4296 extremis
1399 4245 1583 4312 ﬁnibus
1606 4244 1823 4315 [Βρεμιιὶ
1845 4264 1996 4316 usque
2015 4249 2083 4301 ad
2109 4266 2198 4303 exh

622 4335 804 4379 tremos
839 4342 856 4378 .'
881 4327 969 4382 ‘22.
994 4340 1199 4398 excepta
1220 4342 1351 4384 terra
1376 4334 1714 4388 sacerdotum.
1744 4334 1860 4389 Illis
1898 4338 2029 4389 enim
2060 4340 2219 4391 dedit“

624 4416 828 4471 Pharao
853 4421 987 4475 cibos
1022 4432 1068 4476 et
1118 4426 1471 4491 comederunt;
1502 4436 1549 4479 et
1586 4435 1847 4495 prapterea
1882 4445 1980 4482 non
2019 4432 2192 4483 vendi-

604 4508 804 4562 derunt
853 4519 1037 4565 terram
1085 4530 1249 4568 suam.
1305 4515 1433 4568 Vide
1485 4526 1713 4585 quantus
1745 4518 2080 4583 intellectus,
2140 4532 2194 4575 ct

600 4609 811 4665 quanta
852 4604 1112 4671 sapientia
1156 4606 1353 4675 loscph
1388 4607 1564 4661 fuerit.
1616 4608 1735 4663 Illos
1773 4626 1945 4680 neque
2000 4612 2193 4667 famem

617 4691 847 4758 experiri
884 4696 1151 4762 permisit,
1200 4706 1251 4751 ct
1280 4714 1492 4751 omnem
1522 4709 1721 4754 terram
1749 4703 2024 4771 acquisivit
2052 4704 2191 4757 Pha-

606 4781 798 4842 raoni,
854 4783 1115 4852 simulque
1158 4786 1367 4841 fuerunt
1411 4787 1641 4859 ZEgyptii
1672 4806 1856 4847 omnes
1887 4792 1936 4846 in
1967 4795 2193 4848 servitu-

619 4881 720 4923 tem
753 4872 971 4928 redacti.
1001 4874 1138 4930 1Vide
1161 4919 1173 4936 .
1202 4879 1427 4933 obsecro
1448 4923 1461 4946 ,
1496 4881 1579 4936 hic
1606 4881 1795 4936 iterum
1826 4884 2072 4938 eximiam
2114 4887 2196 4939 «li-

598 4961 917 5027 *ligcmiam,
964 4975 1015 5018 et
1036 4968 1424 5035 providentiam
1451 5012 1465 5030 .
1494 4988 1651 5040 quam
1694 4988 1814 5041 erga
1848 4973 1968 5028 illos
2010 4975 2189 5031 habet.

616 5051 700 5101 εὖ.
740 5051 878 5105 Dixit
902 5056 1043 5108 enim
1074 5056 1334 5127 :Egyptiis
1353 5102 1365 5121 ,
1396 5060 1523 5114 Ecce
1551 5064 1790 5132 acquisiui
1818 5081 1905 5118 vos
1931 5077 1976 5118 et
2007 5075 2191 5120 (errant

615 5154 829 5193 restrant
848 5142 997 5197 hodie
1025 5143 1307 5201 Pharaoni.
1338 5149 1562 5218 Accipite
1582 5151 1887 5222 igitur'vobis
1916 5158 2125 5220 semina,
2145 5169 2191 5212 et

612 5231 852 5285 seminate
891 5244 1079 5289 terram
1106 5252 1125 5291 .'
1150 5248 1196 5291 et
1240 5240 1282 5291 si
1305 5241 1491 5308 fuerint
1539 5255 1802 5309 proventus
1824 5287 1838 5310 ,
1869 5246 1957 5299 9.-1.
2004 5248 2190 5313 dabitis

614 5321 841 5385 quintam
899 5336 1090 5387 parti-nt
1162 5327 1425 5383 Pharaoni
1470 5346 1487 5384 .'
1542 5345 1754 5399 quatuor
1799 5348 1966 5389 autem
2024 5351 2189 5407 partes

614 5422 758 5461 erum
787 5426 959 5467 restria
992 5417 1039 5467 in
1068 5434 1234 5470 semen
1256 5430 1399 5474 terrm
1418 5461 1431 5485 ,
1468 5432 1513 5473 et
1550 5422 1602 5475 in
1639 5425 1801 5481 cibum
1830 5428 1964 5480 vobis
1985 5470 1998 5493 ,
2027 5440 2074 5482 et
2100 5432 2189 5483 toti

612 5503 783 5552 domui
812 5515 1003 5558 vestrm.
1040 5506 1219 5576 Magna
1252 5510 1572 5575 liberalitas,
1606 5512 1788 5582 ingens
1820 5520 2146 5585 providrntia
2169 5562 2183 5584 ,

612 5591 893 5648 inell‘aliilis
930 5596 1248 5653 sollicitudo.
1290 5600 1411 5655 ldeo
1440 5613 1495 5657 et
1542 5604 1612 5657 ‘rlli
1643 5620 1992 5674 agnoscentes
2022 5611 2185 5665 bene-

734 5730 777 5845 t:
797 5730 1101 5787 SPl-itt'igizlltl
1127 5733 1475 5793 Iuterpretibus
1500 5734 1696 5798 legitur,
1728 5746 1772 5789 et
1798 5739 1929 5790 dedit
1953 5743 2020 5791 eis
2040 5758 2185 5805 panes

648 5799 669 5828 ;‘
721 5801 743 5834 ι’
782 5801 867 5839 Ma,
893 5802 982 5839 t‘LC.

648 5799 700 5832 ίυ
721 5799 867 5839 (quis,
893 5802 982 5839 t‘Lc.

1378 394 1432 451 S.
1474 393 1749 450 JOANMS
1786 393 2253 452 Clllu'SOS'I'UMI
2293 392 2613 448 ARCIIIEP.
2652 391 3187 448 CONSTANTINUP.

3810 393 3911 446 56b

2329 506 2445 561 ficia
2474 548 2487 569 .
2515 506 2699 560 dicunt
2725 522 2739 559 :
2768 505 2857 561 9.5.
2897 505 3128 560 Salutiin
3155 520 3279 569 nos,
3328 507 3606 559 ἰηυρηεηικς
3634 509 3768 561 enim
3798 524 3917 577 gra-

2324 599 2446 651 tiam
2475 615 2644 651 coram
2675 596 2882 651 domino
2910 608 3120 663 nostra;
3157 607 3204 651 et
3232 600 3420 651 erimus
3444 599 3575 652 servi
3601 598 3917 654 Pharaonis.

2332 690 2521 745 Vidisti
2554 689 2970 745 liberalitatem?
3001 690 3135 745 Nam
3176 690 3299 760 quia
3326 690 3459 745 vidit
3481 705 3581 746 eos
3608 692 3769 745 nimia
3821 706 3919 761 pe-

2322 783 2473 836 nuria
2496 780 2802 846 confectos,
2833 781 3073 849 cogitans
3091 789 3351 850 quantum
3397 781 3634 837 laborem
3682 794 3739 836 et
3778 798 3915 835 terit-

2322 888 2500 926 muam
2522 872 2790 926 sustinere
2818 881 3076 941 cogantur
3093 871 3320 926 colendo
3348 883 3575 940 terram,
3608 872 3740 928 dicit
3764 890 3779 927 :
3810 872 3915 928 Se-

2322 975 2445 1015 men
2476 961 2627 1015 vobis
2654 975 2759 1029 ego
2775 961 3127 1029 suppeditabo
3146 1002 3161 1025 ,
3194 976 3290 1016 vos
3318 971 3497 1017 autem
3518 978 3732 1018 omnem
3753 964 3918 1017 aliam

2320 1066 2501 1105 curam
2532 1051 2801 1106 exhibete.
2850 1051 2918 1105 Et
2957 1051 3002 1106 si
3033 1051 3232 1107 fuerint
3262 1052 3413 1108 vobis
3456 1065 3782 1125 proventus,
3822 1054 3919 1107 da-

2320 1141 2446 1195 bitis
2488 1150 2692 1209 partem
2719 1156 2912 1206 unum,
2943 1151 3172 1210 quatuor
3200 1150 3377 1197 autem
3421 1151 3613 1197 vestra:
3644 1154 3832 1209 erunt,
3862 1154 3920 1199 et

2320 1245 2528 1285 merces
2560 1231 2834 1295 laborum,
2869 1240 2923 1285 et
2948 1232 3215 1287 alimonia:
3252 1242 3517 1301 sumptus.
3539 1233 3632 1288 26.
3668 1233 3783 1288 Hoc
3815 1252 3919 1289 ass-

2320 1329 2417 1372 tem
2442 1320 2736 1373 mandatum
2778 1322 2945 1396 posuit
2993 1323 3069 1375 eis
3107 1320 3299 1393 Joseph
3321 1365 3335 1384 .
3368 1335 3420 1376 ut
3449 1324 3676 1393 quintam
3719 1334 3919 1393 partem

2318 1414 2500 1465 darent
2527 1412 2793 1466 Pharaoni
2812 1454 2826 1475 ,
2857 1423 3065 1485 excepta
3089 1416 3200 1470 sola
3228 1419 3547 1470 sacerdotum
3573 1428 3727 1472 terra.

2389 1502 2691 1557 Sacerdotes
2727 1504 2946 1558 colendi.
2992 1535 3065 1545 —
3101 1506 3336 1562 Audiant
3376 1508 3468 1577 qui
3515 1525 3657 1564 mmc
3689 1512 3879 1565 vivunt
3901 1550 3918 1573 .

2315 1603 2567 1658 quantam
2612 1595 2740 1648 olim
2783 1595 3120 1650 sacerdotum
3176 1598 3437 1653 idolorum
3486 1615 3667 1655 curam
3707 1602 3918 1657 habue-

2316 1686 2455 1749 rint;
2483 1695 2534 1740 et
2557 1686 2763 1741 discant
2788 1697 2847 1741 ut
2866 1689 2950 1743 vel
2977 1690 3165 1744 saltem
3190 1705 3367 1759 parem
3393 1692 3624 1748 habeant
3652 1696 3919 1750 honorem

2316 1775 2379 1829 iis
2404 1776 2594 1845 quibus
2622 1777 2856 1833 oumium
2889 1779 2980 1833 Dei
3016 1780 3369 1836 ministerium
3399 1783 3697 1851 creditum,
3741 1797 3797 1840 et
3824 1788 3920 1855 qui

2314 1866 2615 1920 sacerdotio
2637 1869 2871 1938 tnsigniti
2894 1880 3035 1923 sunt.
3066 1870 3121 1926 Si
3154 1873 3295 1925 enim
3325 1885 3567 1929 errantes
3594 1876 3690 1942 illi,
3710 1886 3764 1932 et
3794 1888 3922 1932 tan-

2315 1966 2419 2010 tam
2448 1956 2709 2011 idolorum
2739 1954 2920 2014 curant
2948 1960 3237 2024 habentes,
3270 1963 3391 2032 quia
3424 1981 3488 2017 ex
3528 1966 3630 2020 hoc
3657 1969 3924 2035 putabant

2316 2046 2452 2099 idola
2480 2048 2646 2116 magis
2672 2049 2791 2113 eoli,
2822 2051 2887 2103 ita
2919 2065 3104 2105 eorum
3128 2054 3398 2107 ministros
3417 2055 3671 2110 colebant
3701 2075 3713 2111 :
3745 2076 3890 2127 quan

2316 2148 2363 2191 ta
2414 2154 2518 2191 non
2566 2141 3009 2196 condemnatioue
3059 2143 3247 2211 digiti,
3280 2144 3368 2212 qui
3416 2160 3556 2199 nunc
3588 2147 3923 2203 imminuitot

2312 2228 2451 2297 quod
2477 2229 2542 2280 ad
2575 2228 2781 2282 illorum
2824 2241 3027 2300 spectat
3064 2234 3263 2286 cultum
3292 2234 3314 2285 ?
3343 2238 3419 2288 Au
3471 2237 3688 2289 nescitis
3737 2239 3919 2291 limm-

2312 2333 2422 2371 rem
2444 2319 2507 2372 ad
2536 2320 2697 2373 Deum
2730 2321 2898 2389 ipsum
2924 2323 3192 2377 transire?
3222 2322 3298 2377 Nc
3325 2324 3481 2393 igitur
3513 2327 3769 2393 respicias
3789 2346 3923 2381 eoin

2311 2410 2410 2463 cui“
2442 2409 2611 2465 honos
2651 2412 2943 2467 confertur.
2974 2413 3091 2468 Non
3121 2416 3263 2469 enim
3298 2426 3517 2484 propter
3557 2418 3705 2471 illum
3746 2420 3922 2473 debes

2310 2503 2450 2572 quod
2492 2515 2637 2556 tuum
2664 2514 2746 2557 est
2777 2504 2989 2571 facere;
3031 2506 3124 2560 sed
3156 2514 3374 2576 pmptcr
3407 2508 3556 2561 illum
3580 2553 3592 2569 ,
3619 2509 3777 2577 cujus
3822 2529 3920 2563 sa-

2310 2592 2500 2648 cerdos
2526 2604 2627 2657 cst,
2661 2604 2721 2649 ut
2764 2605 2818 2649 ct
2856 2595 2924 2649 ab
2964 2597 3052 2650 illo
3094 2598 3467 2653 retributiones
3491 2600 3726 2653 ubertim
3765 2602 3916 2654 acci-

2312 2687 2445 2753 pias.
2477 2686 2699 2754 Propter
2725 2686 2865 2756 quod
2897 2698 2951 2742 et
2979 2687 3223 2743 dicebat:
3251 2689 3351 2755 Qui
3378 2692 3552 2762 fecerit
3582 2692 3674 2744 uni
3703 2692 3914 2758 hornus,

2313 2777 2436 2829 mihi
2462 2776 2672 2844 fecerit;
2698 2788 2772 2842 et,
2807 2777 2906 2843 Qui
2934 2778 3119 2846 accipit
3146 2780 3443 2848 prophetam
3478 2782 3533 2833 in
3560 2782 3765 2834 nomine
3791 2799 3912 2852 pro-

2310 2869 2491 2937 phetia,
2518 2872 2793 2922 mercedem
2822 2872 3081 2939 propheta
3109 2871 3320 2940 accipiet
3344 2871 3556 2941 (Matth.
3578 2871 3671 2927 25.
3705 2874 3793 2928 40.
3818 2876 3908 2929 1ο.

2308 2960 2421 3027 Η).
2449 2958 2579 3012 Num
2610 2960 2751 3013 enim
2792 2974 2821 3013 a
2849 2960 3110 3029 dignitate
3157 2959 3239 3014 vel
3286 2962 3486 3015 vilitate
3532 2961 3910 3019 ministrorum

2310 3053 2401 3106 tibi
2434 3054 2689 3108 retribuet
2725 3053 3015 3107 Dominus?
3044 3053 3123 3108 0b
3162 3053 3488 3109 alacritatem
3514 3065 3658 3110 tuam
3692 3057 3777 3110 vel
3807 3073 3911 3111 co-

2308 3153 2461 3199 ronat
2486 3184 2503 3211 ,
2536 3146 2616 3198 vel
2648 3144 2988 3199 condemnat.
3022 3144 3089 3198 Et
3135 3146 3273 3200 sicut
3316 3145 3516 3211 honor,
3552 3148 3641 3218 qui
3686 3159 3913 3218 propter

2310 3234 2481 3303 ipsum
2536 3236 2898 3306 impenditur,
2944 3237 3170 3291 multtun
3211 3238 3348 3308 parit
3392 3237 3602 3295 ﬁduciae
3645 3242 3911 3312 (propria

2308 3326 2449 3379 enim
2478 3326 2579 3379 sibi
2609 3326 2732 3379 facit
2761 3327 2897 3381 Deus
2925 3342 3042 3396 qua:
3073 3329 3124 3381 in
3153 3343 3340 3381 servos
3367 3344 3494 3383 suos
3524 3330 3910 3403 collocantur),

2309 3416 2376 3469 ita
2417 3428 2471 3471 et
2510 3418 2716 3470 illorum
2754 3428 3095 3489 contemptus
3116 3421 3336 3473 multam
3366 3435 3396 3474 c
3421 3406 3658 3490 superno
3686 3438 3910 3492 pinnam

2308 3507 2460 3560 nobis
2485 3508 2705 3561 deferet.
2738 3508 2880 3563 Sicut
2911 3512 3052 3562 enim
3081 3524 3234 3563 suum
3274 3527 3394 3565 esse
3422 3512 3702 3578 honorem.
3736 3516 3807 3570 ita
3853 3526 3911 3571 et

2304 3609 2666 3668 contemptum
2697 3599 2843 3653 ducit
2877 3618 2891 3653 :
2925 3600 2973 3654 id
3019 3601 3158 3670 quod
3203 3603 3454 3669 scientes,
3484 3620 3777 3674 numquam
3807 3624 3910 3661 ne-

2306 3689 2564 3759 gligamus
2609 3691 2808 3744 cultum
2857 3692 2945 3761 qui
2990 3691 3359 3749 sacerdotibus
3408 3694 3497 3749 Dei
3536 3696 3787 3751 debetur.
3844 3702 3910 3755 ιιι

2309 3782 2420 3835 hare
2445 3782 2583 3845 dico,
2604 3798 2705 3835 non
2737 3792 2934 3837 unuam
2962 3786 3172 3839 illorum
3196 3786 3453 3842 rationem
3478 3788 3705 3853 habens,
3733 3807 3907 3861 quan-

2308 3880 2411 3925 tam
2444 3884 2631 3927 vestra:
2658 3875 2913 3941 caritatis,
2946 3876 3167 3946 cupii-ns
3198 3892 3290 3931 vos
3321 3879 3371 3932 in
3399 3880 3649 3934 oumibus
3679 3882 3906 3938 lucrifa-

2304 3978 2445 4019 cere.
2471 3965 2604 4032 Quid
2633 3968 2773 4021 enim
2804 3978 3003 4022 tantum
3035 3968 3130 4023 das
3154 4010 3168 4033 ,
3200 3981 3455 4041 quantum
3496 3976 3696 4042 accipis
3726 3993 3757 4029 a
3793 3978 3903 4032 Do-

2306 4056 2490 4109 mino?
2540 4070 2792 4126 quantum
2836 4070 3013 4114 autem
3069 4062 3269 4116 cultum
3325 4064 3521 4118 affers?
3559 4068 3817 4122 Attamen
3850 4082 3905 4124 ut

2305 4164 2399 4215 pro
2432 4149 2519 4201 illo
2552 4149 2659 4210 \ili,
2689 4160 2743 4204 et
2770 4152 2856 4218 qui
2886 4152 2936 4204 in
2968 4155 3215 4220 plusculi
3245 4154 3345 4207 vita
3376 4156 3534 4210 simul
3558 4155 3901 4225 dissolvitur,

2303 4239 2629 4296 immortales
2652 4242 2883 4313 accipies
2912 4245 3206 4307 mercedes,
3225 4257 3275 4300 et
3306 4247 3586 4301 iticmaltilia
3620 4249 3787 4303 bona.

2372 4334 2427 4386 5.
2467 4334 2593 4390 llzrc
2617 4345 2793 4390 mente
2815 4347 3106 4399 versantes.
3133 4354 3476 4407 properemus
3495 4341 3560 4394 ad
3582 4358 3775 4397 eorum
3804 4345 3896 4399 ob-

2301 4427 2509 4496 sequia,
2541 4442 2643 4480 non
2669 4428 3004 4482 attendentes
3044 4440 3333 4497 sumptum,
3368 4430 3459 4484 sed
3488 4432 3691 4485 lucrum
3724 4446 3780 4488 et
3808 4453 3904 4487 ar-

2299 4517 2619 4583 cessioncm,
2649 4533 2767 4586 qua:
2796 4518 2915 4571 inde
2944 4530 3248 4573 nascuntur.
3283 4520 3409 4573 Nam
3437 4522 3479 4574 si
3515 4523 3766 4577 videntes
3795 4528 3897 4579 viri

2298 4608 2521 4677 alicujus
2552 4609 2786 4663 s:ccnlari
2815 4610 3071 4678 dignitate
3115 4612 3332 4679 inaignis
3362 4609 3712 4678 familiarem,
3760 4633 3897 4685 ope-

2301 4715 2412 4753 ram
2444 4703 2629 4754 «lamus
2673 4710 2728 4753 ut
2770 4715 3022 4770 quantum
3054 4704 3305 4771 possibile
3333 4711 3413 4757 cs’t
3459 4705 3529 4758 illi
3572 4718 3903 4775 pra‘stcnzus

2300 4792 2633 4860 obsequium,
2653 4793 2944 4862 cogitantes
2972 4794 3142 4847 ollicia
3173 4812 3290 4863 qua:
3317 4795 3388 4849 illi
3408 4796 3751 4861 exhibentur,
3776 4802 3901 4866 ejus

2298 4881 2513 4935 domino
2539 4884 2816 4945 accedere,
2850 4892 2901 4935 et
2933 4884 3076 4935 illum
3106 4884 3413 4938 funiliarcm
3446 4886 3533 4940 tibi
3574 4888 3897 4957 sigiiiliearit

2300 4983 2521 5042 patrono
2549 4989 2663 5038 suo,
2696 4974 2950 5041 majorem
2982 4975 3131 5027 nobis
3161 4974 3296 5043 apud
3337 4991 3457 5029 eum
3490 4976 3723 5030 favorem
3760 4986 3901 5032 cum-

2297 5065 2593 5118 eiliaturum
2623 5079 2743 5118 ὓπερ
2776 5080 2789 5116 :
2820 5066 2984 5117 multo
3021 5067 3186 5135 magis
3220 5065 3322 5121 hoc
3356 5067 3458 5121 erit
3494 5068 3631 5136 apud
3666 5074 3898 5123 univcr-

2296 5172 2474 5211 sormn
2518 5157 2796 5211 Dominum
2849 5157 2978 5211 Nam
3006 5159 3047 5211 si
3071 5200 3085 5219 ,
3118 5159 3331 5227 quando
3359 5161 3476 5229 quis
3512 5162 3562 5214 in
3607 5162 3898 5231 vulgarem

2295 5250 2521 5317 aliquem
2550 5258 2603 5302 et
2641 5249 2690 5301 in
2734 5250 2845 5303 loro
2882 5250 3145 5317 ahjectum
3176 5252 3551 5322 benignitatem
3574 5263 3628 5308 et
3656 5256 3896 5310 cenimi-

2296 5342 2613 5395 serationcm
2660 5342 2885 5411 aliquam
2917 5344 3255 5408 exhibuerit,
3298 5344 3551 5400 Dominus
3588 5362 3706 5415 qua:
3754 5350 3901 5408 fiunt.

2295 5432 2392 5485 sibi
2424 5434 2635 5501 propria
2662 5448 2781 5487 esse
2807 5434 3041 5498 ducens,
3074 5436 3332 5504 promittit
3358 5451 3416 5490 se
3446 5437 3499 5489 in
3546 5452 3770 5505 regnum
3802 5443 3893 5493 in-

2297 5524 2662 5577 trodut-turum
2695 5540 2786 5577 eos
2814 5526 2901 5594 qui
2944 5526 3141 5595 aliquid
3174 5527 3294 5580 boni
3325 5528 3397 5579 illi
3429 5526 3683 5589 fecerint.
3717 5539 3775 5583 et
3800 5531 3895 5585 di-

2294 5626 2499 5667 cmrum
2531 5632 2543 5665 :
2587 5614 2782 5680 Venite,
2807 5616 3056 5669 benedicti
3080 5615 3253 5669 Patris
3280 5620 3378 5671 mei
3400 5660 3413 5681 ,
3439 5621 3559 5687 quia
3586 5622 3772 5672 esurivi
3794 5664 3805 5681 ,
3833 5634 3892 5676 et

2292 5706 2498 5757 dedistis
2520 5705 2641 5756 mihi
2674 5707 2976 5759 manducare
2996 5707 3208 5776 (Matth.
3238 5711 3324 5763 25.
3359 5710 3448 5776 54)
3476 5727 3487 5762 :
3519 5711 3687 5763 multo
3714 5713 3897 5780 magis

2292 5811 2403 5860 cos,
2436 5798 2766 5867 qui‘propter
2789 5799 2952 5853 Deum
2979 5799 3282 5870 afﬂiguntur
3301 5843 3313 5865 ,
3344 5815 3393 5855 ct
3423 5803 3725 5855 saec-nimio
3750 5805 3892 5857 insi-
