4086 6422
207 394 312 451 565

205 511 334 581 guiti
363 514 491 563 sunt
515 507 559 560 si
588 505 706 575 quis
731 500 972 580 colui-rit,
1001 514 1103 578 non
1135 497 1306 550 solum
1338 507 1518 563 parem
1546 501 1801 581 asseque-

210 576 291 655 iur
341 599 788 657 retributionem,
820 576 912 646 sed
955 576 1318 658 multipliciter
1362 581 1653 652 majorem,
1694 579 1804 634 elc-

208 701 387 745 mente
442 690 554 742 Deo
596 701 662 740 es
710 681 1032 738 abundantia
1073 675 1455 733 misericordia:
1499 687 1711 740 semper
1743 686 1802 722 ea

206 799 321 850 qua-
349 797 380 832 a
415 779 572 831 nobis
601 777 729 828 fiunt
753 774 1014 828 vincente.
1037 770 1110 824 Nc
1137 770 1294 838 igitur
1320 767 1485 821 simus
1511 763 1803 818 deteriores

210 873 537 935 infidelibus,
565 868 654 938 qui
683 875 900 934 propter
931 864 1193 918 idolorum
1229 875 1466 915 errorem
1495 857 1669 911 adhuc
1699 864 1804 908 tan.

211 973 312 1015 tum
345 963 551 1015 cultum
583 958 836 1012 exhibent
882 957 1094 1010 illorum
1141 951 1350 1006 famulis
1380 967 1393 1004 :
1425 947 1519 1003 sed
1552 956 1805 1018 quantmn

209 1055 494 1109 discrimen
525 1062 608 1105 est
635 1065 872 1105 errorem
905 1049 1041 1102 inter
1064 1057 1117 1102 et
1139 1047 1444 1105 veritatem,
1472 1050 1629 1111 atque
1669 1040 1808 1092 inter

209 1143 521 1200 saceniotcs
549 1143 605 1195 ill
645 1155 672 1196 ε
698 1149 752 1194 et
790 1140 883 1194 Dei
913 1137 1249 1197 sacerdotes;
1285 1143 1483 1188 tantam
1517 1133 1568 1185 in
1607 1133 1808 1184 lmnorc

209 1243 368 1302 atque
394 1233 540 1287 cultu
571 1229 925 1285 differentiam
966 1228 1356 1288 exhibeamus,
1389 1234 1446 1278 ut
1489 1223 1657 1277 multo
1687 1223 1805 1290 plu-

209 1338 295 1378 res
316 1338 569 1392 superna:
596 1323 750 1376 nobis
794 1320 1170 1374 retributiones
1208 1324 1534 1371 accrescunt.
1566 1314 1654 1369 ‘25.
1695 1311 1807 1366 Ha-

210 1416 383 1470 bitavit
407 1425 576 1468 autem
600 1413 759 1467 Jacob
784 1413 836 1466 in
867 1411 1122 1483 ﬂgypto,
1153 1421 1198 1464 ct
1226 1411 1361 1463 aucti
1389 1419 1526 1471 sunt,
1561 1418 1606 1462 ct
1633 1407 1778 1460 multi
1795 1439 1808 1448 -

209 1507 386 1575 plicati
426 1515 547 1558 sunt
573 1504 735 1556 valde.
769 1504 893 1558 Erat
919 1503 1062 1558 enim
1091 1500 1206 1555 iure
1253 1499 1536 1569 promissio
1575 1499 1664 1551 Dei
1706 1498 1805 1567 ipsi

211 1594 370 1656 facta,
404 1593 618 1647 Faciam
649 1605 693 1646 te
719 1594 822 1646 illic
846 1596 897 1646 in
936 1603 1130 1664 gentem
1154 1601 1409 1661 magnam.
1436 1588 1526 1643 20.
1553 1587 1616 1641 Et
1641 1604 1811 1657 super-

209 1685 332 1740 vixit
373 1683 538 1738 Iacob
576 1686 742 1738 decem
781 1694 827 1737 et
869 1693 1059 1752 septem
1097 1683 1259 1735 annis.
1290 1681 1354 1735 Et
1382 1681 1504 1751 facti
1545 1691 1660 1734 sunt
1704 1680 1810 1732 dies

207 1776 376 1829 Iacob
393 1777 518 1829 anni
537 1786 734 1828 centum
761 1776 1096 1846 quadraginta
1121 1785 1328 1841 septem.
1359 1773 1644 1841 Propterea
1672 1770 1811 1824 Deus

209 1867 490 1921 dimensus
520 1875 603 1921 Cri.
629 1870 675 1920 ei
717 1865 817 1919 hoc
860 1875 1067 1934 tempus
1099 1865 1218 1917 vitro
1242 1906 1257 1927 ,
1289 1872 1344 1917 ιιι
1391 1872 1508 1932 Post
1539 1861 1807 1916 miseriam

211 1971 372 2027 quam
403 1966 514 2008 toto
543 1958 661 2009 vita:
693 1965 796 2009 tem
809 1971 934 2024 pore
973 1957 1219 2009 sustinuit
1246 1997 1260 2019 ,
1289 1955 1651 2009 consolatione
1698 1968 1812 2006 ma-

205 2061 308 2116 gua
342 2055 560 2114 accepta
589 2045 713 2100 hinc
750 2048 1020 2116 migraret.

282 2136 503 2190 "oratis
531 2138 808 2191 conclusio.
840 2166 905 2179 --
935 2137 1150 2203 Verum,
1181 2138 1222 2192 si
1251 2137 1408 2191 vultis
1432 2178 1445 2199 ,
1476 2151 1542 2191 ne
1570 2135 1811 2190 multitu-

207 2229 335 2285 dine
375 2229 644 2284 dictorum
691 2229 1004 2285 memoriam
1051 2240 1277 2283 vestram
1329 2228 1636 2292 obruamus,
1690 2243 1810 2297 ιιιιιθ

211 2320 416 2390 reliqua
447 2330 572 2374 sunt
614 2321 1037 2384 reservabimus,
1067 2329 1120 2374 et
1151 2320 1308 2374 tinent
1345 2321 1602 2375 orationis
1647 2318 1809 2373 facie-

211 2426 331 2466 mus
361 2429 374 2465 :
410 2423 642 2466 vestram
679 2421 858 2465 autem
897 2411 1173 2466 caritatem
1217 2411 1316 2466 hoc
1341 2413 1722 2481 rogaveriinus,
1756 2423 1814 2466 ut

209 2503 498 2573 diligenter
533 2503 596 2556 iis
621 2517 740 2571 qua:
766 2503 1014 2557 dicuntur
1048 2502 1356 2569 iutendatis,
1392 2512 1444 2556 et
1475 2503 1584 2571 ipsa
1619 2519 1810 2571 perpe-

210 2602 315 2647 tua:
344 2593 620 2646 memoria:
649 2594 1326 2658 commcndetis,(cntinuo
1358 2594 1407 2646 in
1437 2603 1614 2648 mente
1638 2603 1808 2649 vestra

207 2693 509 2749 versantes,
534 2693 589 2739 et
613 2685 910 2754 cogitantes
941 2694 1189 2754 quantam
1209 2686 1666 2755 patientiamjuzti
1693 2701 1811 2742 sus-

209 2775 492 2840 tinuerint,
522 2791 789 2846 quamque
846 2776 1300 2845 ionganimitatem
1331 2787 1385 2831 et
1422 2775 1578 2830 fidem
1610 2777 1664 2830 in
1689 2788 1811 2846 pro-

209 2865 557 2920 missionibus
609 2865 702 2919 Dei
751 2865 1059 2930 habuerint,
1108 2883 1212 2920 non
1269 2865 1447 2920 animo
1495 2866 1810 2921 fluctuantes

211 2965 436 3026 propter
460 2973 521 3010 ea
546 2973 664 3026 qua:
687 2959 1544 3027 post.proinissionescvcniebant
1574 2978 1586 3012 ε
1619 2959 1712 3014 sed
1752 2959 1812 3011 fi-

209 3047 405 3102 dentes
431 3047 659 3117 ejusqui
685 3050 1000 3116 promiserat
1022 3050 1424 3114 virtuti,,omnia
1456 3066 1608 3120 mque
1631 3051 1812 3103 animo

210 3135 562 3203 ferebant,.rt
602 3148 882 3208 propterea
910 3138 1147 3194 celebres
1175 3150 1227 3195 ct
1263 3141 1392 3194 clari
1430 3139 1644 3195 fuerint.
1675 3141 1811 3195 Ecce

207 3229 354 3282 enim
385 3227 630 3297 etjustus
649 3229 736 3283 ille
756 3228 1067 3298 Josephum,
1093 3240 1371 3300 postquam
1401 3243 1476 3285 tot
1504 3231 1658 3285 annis
1681 3231 1812 3285 luxit

209 3319 365 3388 quasi
388 3328 658 3372 mortuum
685 3360 698 3381 ,
731 3321 861 3373 vidit
890 3336 1111 3390 regnum
1141 3321 1354 3393 rEgypti
1387 3331 1568 3376 tenere
1599 3341 1610 3376 :
1641 3334 1694 3376 et
1719 3323 1813 3377 ad-

211 3409 476 3463 mirabilis
520 3409 755 3478 Ioseph,
797 3420 912 3478 post
952 3411 1262 3466 servitutem
1288 3422 1453 3481 ,.-post
1494 3428 1765 3468 carcerem
1793 3455 1808 3478 ,

211 3509 333 3569 post
360 3499 463 3552 alia
495 3499 671 3554 omnia
694 3515 810 3569 qua:
838 3500 1090 3555 sustinuit
1109 3543 1122 3566 ,
1159 3503 1511 3572 principatum
1541 3505 1700 3557 totius
1729 3521 1811 3558 re-

209 3591 390 3663 gionis
419 3592 672 3660 suscepit.
705 3592 768 3646 Et
806 3591 849 3645 si
880 3592 1029 3646 adire
1074 3594 1396 3648 voluerimus
1434 3609 1525 3648 cas
1545 3636 1579 3660 ,,
1609 3611 1727 3664 qtae
1759 3596 1810 3650 in

210 3695 369 3736 sacra
410 3680 682 3750 Scriptura
727 3682 1102 3746 continentur,
1156 3683 1437 3749 historias,
1483 3684 1811 3739 inveniemus

211 3786 406 3827 omnes
431 3771 624 3827 virtute
656 3771 909 3841 prmditos
953 3787 1046 3842 per
1073 3773 1402 3829 tentationes
1433 3774 1733 3844 ingressos,
1759 3783 1811 3828 ct

214 3863 295 3918 sic
325 3878 576 3934 magnum
603 3878 632 3916 a
664 3864 771 3918 Deo
800 3875 1116 3934 assequutos
1140 3866 1416 3920 auxilium.
1440 3866 1494 3922 Si
1524 3883 1649 3937 ergo
1679 3869 1811 3921 divi-

215 3968 341 4009 nam
373 3953 530 4008 nobis
559 3954 986 4010 benevolentiam
1025 3957 1313 4012 conciliare
1344 3957 1606 4022 volumus,
1639 3975 1704 4013 ne
1735 3962 1810 4013 si-

216 4060 340 4101 mus
365 4046 506 4099 aus-ii
531 4047 1012 4112 intentatiouibus,
1036 4064 1132 4103 nec
1151 4049 1406 4118 gravatim
1435 4048 1666 4104 feramus
1693 4067 1811 4120 qua:

215 4136 373 4191 nobis
398 4135 693 4192 obveniunt
723 4153 738 4191 :
770 4137 864 4192 sed
916 4140 1084 4209 magis
1120 4139 1443 4207 gaudeamus
1477 4149 1529 4195 et
1575 4141 1813 4195 hetemur

219 4227 324 4283 tide
349 4228 703 4292 corroborati,
736 4230 969 4286 scientes
996 4247 1093 4286 nos
1118 4231 1216 4286 hac
1245 4234 1450 4288 ratione
1479 4235 1811 4303 potissimum

214 4317 398 4375 divina
441 4319 772 4388 providentia
810 4321 1066 4377 fruituros
1113 4339 1233 4379 esse
1257 4368 1270 4390 ,
1301 4326 1348 4381 si
1374 4342 1493 4380 cum
1523 4329 1811 4397 gratiarum

214 4409 430 4464 actione
459 4414 636 4464 omnia
666 4410 807 4466 ferre
834 4413 1169 4468 meditemur.
1201 4415 1269 4470 Ut
1297 4426 1474 4470 autem
1502 4432 1690 4473 omnes
1717 4434 1813 4473 nos

215 4509 272 4556 et
300 4511 617 4571 prrscutcm
659 4503 821 4556 vitam
851 4503 904 4557 in
933 4505 1209 4560 virtutibus
1239 4509 1610 4578 transigamus,
1645 4518 1698 4562 et
1732 4509 1815 4563 fu-

219 4600 339 4645 tura
365 4604 757 4659 consequamur
782 4593 918 4646 bona
938 4635 952 4658 ,
984 4596 1243 4650 concedat
1269 4598 1422 4652 nobis
1451 4615 1545 4668 per
1572 4602 1812 4656 clemen-

219 4684 348 4738 tiam
372 4692 427 4737 ct
451 4684 673 4752 gratiam
704 4698 854 4740 suam
879 4686 1146 4742 Dominus
1162 4699 1342 4744 noster
1362 4689 1517 4745 Jcsus
1544 4691 1810 4759 Christus,

217 4775 434 4842 quicum
465 4774 603 4829 Patri
636 4784 691 4830 et
734 4785 920 4832 sancto
947 4778 1165 4845 Spiritui
1199 4781 1268 4835 sit
1296 4782 1461 4850 gloria
1488 4826 1503 4850 ,
1533 4784 1811 4854 imperium

216 4877 270 4920 et
302 4866 478 4920 honor
500 4907 516 4933 ,
558 4882 698 4922 nunc
738 4878 794 4924 et
831 4883 1069 4939 semper,
1092 4881 1144 4926 ct
1175 4873 1226 4926 in
1252 4877 1442 4929 secula
1473 4879 1811 4931 saeculorum.

218 4961 414 5012 Amen.

772 5095 1049 5154 HOMILIA
1093 5099 1277 5156 LXVI.

216 5224 769 5294 Appropinquaverunt
792 5238 978 5293 autem,
1013 5232 1212 5300 inquit,
1243 5235 1348 5288 dies
1378 5233 1543 5290 Israel
1568 5247 1619 5289 ut
1651 5255 1814 5292 more-

293 5324 451 5376 retur,
485 5326 529 5369 et
555 5319 747 5372 vocavit
772 5321 934 5386 filium
964 5339 1109 5375 suum
1139 5325 1328 5393 Joscp/i
1346 5369 1359 5392 ,
1397 5337 1440 5380 ct
1482 5329 1608 5381 dixit
1637 5331 1680 5381 ei
1707 5345 1724 5381 :
1757 5329 1816 5384 Si

290 5405 462 5459 inveni
485 5410 699 5478 gratiam
737 5412 881 5480 apud
899 5422 974 5477 te,
1005 5431 1231 5483 suppone
1261 5435 1463 5472 manum
1489 5429 1625 5472 tuam
1653 5421 1818 5474 subter

297 5500 463 5566 fcmur
501 5515 666 5552 meum
688 5543 704 5566 ,
732 5510 778 5554 et
807 5504 960 5572 facies
987 5522 1177 5558 mecum
1204 5509 1593 5565 miscricordiam
1621 5523 1667 5565 et
1695 5515 1820 5565 veri-

296 5598 468 5655 tatem,
495 5600 548 5642 ut
579 5608 678 5644 non
707 5593 922 5661 sepeliar
957 5612 1047 5664 ego
1075 5597 1126 5650 in
1159 5597 1389 5668 Egypto
1411 5618 1431 5664 ;
1453 5605 1543 5655 sed
1573 5605 1819 5658 dormiant

292 5698 405 5735 cum
436 5682 660 5750 patribus
687 5685 809 5738 meis
835 5701 854 5738 :
884 5695 929 5740 et
963 5693 1160 5758 auferes
1191 5707 1267 5743 mc
1299 5709 1359 5744 ca:
1383 5692 1631 5764 Egi/pta,
1662 5707 1704 5749 et
1741 5714 1819 5751 se-

292 5773 449 5844 pelics
476 5773 617 5828 πυρίη
643 5777 876 5847 sepulcro
900 5794 1090 5833 eorum.
1113 5778 1212 5836 Ille
1230 5793 1396 5838 autem
1421 5787 1546 5840 dixit
1572 5801 1588 5841 ;
1609 5787 1817 5843 Faciam

1216 379 1280 434 ΙΝ
1319 378 1472 434 CAP.
1519 372 1701 430 XLVII
1765 364 2011 424 GENES.
2055 365 2285 422 IIOMIL.
2330 364 2514 421 LXVI.

3414 363 3522 422 ἔιΓο

1989 479 2261 532 secundum
2289 478 2490 531 verbum
2517 487 2678 530 tuum.
2710 475 2852 528 Dixit
2879 485 3043 529 autem
3075 492 3092 530 :
3119 475 3252 530 Jura
3281 477 3426 531 milii.
3457 475 3520 532 Et

1981 569 2176 640 iuravit
2201 568 2265 623 ei.
2300 567 2360 621 Et
2404 567 2635 621 adoravit
2665 565 2831 621 Israel
2860 568 2926 619 ad
2951 568 3211 638 fastigium
3242 567 3395 638 tvirgw
3415 569 3522 639 ejus

1993 663 2011 733 (
2035 660 2162 715 Gen.
2187 661 2274 716 47.
2305 660 2526 730 29-51).

1997 837 2040 888 l.
2085 835 2193 903 Age
2219 833 2375 889 hodie
2400 832 2557 888 finem
2588 833 2926 902 imponamus
2954 832 3245 885 narrationi
3278 841 3330 886 et
3355 833 3523 887 histo-

1917 927 2010 981 ria:
2048 925 2253 992 Jacobi,
2285 934 2337 979 et
2376 924 2653 979 videamus
2680 937 2924 993 quamam
2965 924 3074 977 sint
3121 923 3206 976 illa
3251 938 3368 994 qua:
3407 923 3522 994 jam

1917 1021 2207 1072 moriturus
2227 1018 2475 1088 disponat
2504 1025 2558 1071 et
2582 1016 2813 1071 ordinet.
2834 1014 3033 1070 Verum
3063 1015 3239 1070 nullus
3281 1016 3348 1071 ad
3390 1033 3517 1087 prie.

1917 1109 2146 1162 sentiunt
2173 1123 2352 1162 rerum
2387 1115 2580 1160 statum
2610 1115 2881 1177 spectans,
2904 1105 3025 1159 talia
3051 1107 3228 1176 exigat
3253 1106 3320 1160 ab
3344 1107 3405 1162 iis
3427 1107 3519 1178 qui

1919 1209 2042 1253 tunc
2072 1197 2286 1253 fuerunt
2321 1197 2475 1268 justi,
2507 1197 2684 1268 qualia
2715 1212 2858 1252 nunc
2894 1197 2945 1251 in
2977 1199 3081 1252 vita
3129 1199 3401 1268 sapienter
3439 1199 3520 1253 in-

1917 1290 2099 1342 stituta
2127 1288 2312 1343 fideles
2343 1298 2598 1358 prmstare
2623 1289 2894 1353 convenit,
2925 1288 3018 1343 sed
3045 1289 3340 1344 secundum
3383 1300 3520 1345 tem-

1918 1395 2045 1448 pora
2092 1389 2144 1434 et
2191 1394 2278 1434 res
2313 1379 2539 1448 judicet.
2570 1379 2696 1435 "me
2725 1390 2903 1436 autem
2953 1379 3131 1434 dedita
3158 1396 3339 1449 (opem
3369 1383 3517 1450 prius

1917 1472 2165 1538 dixerim,
2201 1483 2418 1542 propter
2444 1487 2508 1527 ca
2537 1488 2656 1542 quae
2681 1487 2710 1526 a
2740 1473 3040 1542 patriarcha
3073 1472 3171 1542 ipsi
3204 1473 3403 1542 Josepb
3432 1474 3518 1529 di-

1917 1574 2123 1618 centur.
2153 1564 2339 1632 Qualia
2367 1572 2544 1618 autem
2581 1564 2723 1632 sint,
2752 1563 3050 1619 audiamus.
3093 1565 3184 1620 9.9.
3222 1566 3520 1638 Appropin-

1915 1665 2193 1727 qnaverunt
2217 1665 2382 1710 autem
2400 1697 2414 1718 ,
2448 1656 2651 1726 inquit,
2681 1657 2787 1710 dies
2818 1655 2985 1710 Israel
3003 1696 3019 1721 ,
3053 1667 3107 1709 ut
3134 1667 3412 1711 moreretur
3431 1697 3448 1724 ,
3476 1667 3522 1712 ct

1916 1749 2106 1801 vocavit
2133 1747 2298 1816 ﬁlium
2326 1764 2471 1800 suum
2500 1747 2694 1818 Ioseph
2720 1789 2734 1812 ,
2758 1758 2803 1800 et
2834 1747 3030 1801 dixit-ci
3055 1763 3073 1800 :
3102 1747 3163 1801 Si
3209 1748 3374 1800 inveni
3399 1764 3518 1819 gra-

1919 1841 2040 1892 tiam
2063 1839 2203 1908 apud
2226 1848 2292 1904 te,
2313 1855 2543 1909 suppone
2562 1854 2768 1892 manum
2796 1847 2933 1892 tuam
2953 1838 3123 1892 subter
3140 1839 3305 1910 femur
3328 1853 3518 1903 meum,

1916 1943 1963 1986 et
1990 1932 2143 2002 facies
2172 1947 2365 1984 mecum
2395 1929 2794 1983 misericordiam
2823 1938 2871 1983 et
2908 1929 3189 1994 veritatem,
3221 1939 3275 1982 ut
3302 1945 3402 1982 non
3441 1945 3521 1983 se-

1917 2026 2078 2094 peliar
2106 2041 2195 2095 ego
2235 2025 2287 2077 in
2313 2021 2546 2095 Δέσῃριο
2573 2041 2592 2090 ;
2622 2025 2710 2080 30.
2742 2023 2829 2077 scd
2858 2023 3108 2077 dormiant
3137 2039 3250 2077 cum
3293 2019 3524 2093 patribus

1917 2116 2039 2168 meis
2061 2131 2080 2179 ,'
2105 2124 2153 2170 et
2173 2120 2371 2186 auferes
2400 2131 2478 2169 me
2505 2131 2568 2169 ex
2602 2113 2856 2186 lEgypw,
2875 2124 2919 2168 et
2938 2116 3147 2184 sepelies
3171 2130 3251 2167 mc
3276 2115 3328 2167 in
3352 2114 3522 2184 sepul-

1917 2222 2004 2260 cro
2029 2222 2220 2260 cormn.
2253 2205 2354 2260 Ille
2375 2215 2542 2260 autem
2568 2207 2697 2260 dixit
2724 2222 2742 2260 :
2775 2205 2982 2259 Faciant
3015 2207 3292 2259 secundum
3320 2204 3522 2258 verbum

1919 2309 2076 2353 tuum.
2137 2299 2225 2354 5i.
2257 2297 2400 2357 Dixit
2429 2309 2639 2353 autent:
2665 2299 2800 2352 Jura
2838 2299 2984 2352 mihi.
3018 2297 3080 2352 Et
3123 2300 3320 2370 juravit
3358 2299 3424 2352 ei.
3457 2297 3523 2353 Et

1916 2391 2144 2444 adorarit
2176 2381 2339 2445 Israel
2367 2391 2436 2444 ad
2466 2391 2724 2462 fastigium
2751 2391 2906 2462 virga:
2929 2393 3058 2456 eius.

1989 2482 2092 2536 Cur
2130 2484 2337 2536 voluerit
2366 2483 2418 2536 iu
2453 2483 2620 2552 patria
2653 2481 2857 2552 sepeliri
2883 2480 3065 2535 Iacob.
3094 2511 3164 2523 --
3196 2482 3342 2536 Μιιίιί
3374 2481 3520 2552 abie-

1917 2574 2101 2629 ctioris
2145 2574 2337 2637 animi,
2369 2574 2583 2643 quando
2626 2589 2656 2628 a
2705 2574 2859 2628 nobis
2888 2575 3274 2640 admonentur,
3308 2590 3374 2629 ne
3402 2590 3520 2629 ma-

1915 2681 2073 2735 gnam
2116 2680 2297 2719 curam
2339 2667 2630 2735 sepultura:
2666 2664 2927 2732 habeant,
2981 2682 3154 2737 neque
3199 2683 3310 2721 rem
3353 2667 3523 2722 multo

1915 2755 2094 2811 studio
2121 2755 2335 2826 dignam
2380 2755 2745 2822 arbitrentur,
2775 2756 2842 2810 ab
2882 2757 3055 2812 aliena
3092 2767 3232 2813 terra
3273 2757 3326 2812 in
3365 2773 3516 2813 suam

1918 2848 2138 2916 patriam
2168 2858 2494 2902 mortuorum
2523 2848 2774 2918 reliquias
2801 2849 3004 2917 reduci,
3033 2851 3170 2905 hanc
3198 2851 3351 2905 nobis
3378 2866 3518 2920 pra:-

1919 2947 2103 2992 tevunt
2147 2938 2422 2992 historiam
2445 2980 2458 3002 ,
2491 2939 2752 3004 dicentes,
2782 2940 2942 2994 etiam
2976 2942 3332 3009 patriarcham
3363 2941 3520 3012 hujus

1916 3028 1994 3082 rei
2027 3037 2224 3082 tantam
2273 3027 2465 3083 fecisse
2507 3044 2713 3084 curam.
2754 3029 2945 3084 Verum
2996 3031 3224 3099 prinmm
3255 3033 3512 3101 quidem,

1916 3121 2053 3174 sicut
2077 3119 2316 3179 dixi.hoc
2339 3120 2574 3190 cogitare
2596 3128 2806 3188 oportet
2832 3137 2846 3174 :
2876 3129 2999 3174 tunc
3026 3136 3129 3175 non
3164 3129 3307 3176 uitta
3331 3123 3512 3193 exige-

1917 3210 2073 3265 batur
2100 3211 2454 3281 philosophia,
2479 3222 2676 3283 quanta
2704 3213 2770 3267 ab
2798 3215 2863 3270 iis
2881 3214 2970 3284 qui
2997 3229 3138 3268 nunc
3163 3215 3347 3269 vivunt
3371 3232 3385 3270 :
3417 3216 3515 3271 de-

1917 3305 2040 3359 inde
2063 3304 2359 3372 patriarcha
2392 3305 2493 3360 hoc
2536 3320 2640 3360 non
2690 3306 3007 3376 simpliciter
3036 3306 3202 3361 voluit
3244 3307 3355 3362 fieri
3376 3349 3392 3374 ,
3419 3308 3515 3365 sed

1916 3413 2064 3465 spem
2109 3398 2300 3452 bonam
2344 3397 2447 3452 illis
2478 3399 2759 3468 pollicens,
2786 3397 2900 3452 fore
2931 3407 2986 3452 ut
3013 3399 3093 3452 sui
3127 3399 3207 3453 vel
3249 3415 3376 3456 sero
3408 3409 3522 3455 tan-

1915 3489 2038 3543 dem
2089 3490 2328 3545 redirent
2377 3490 2428 3543 iu
2481 3501 2676 3545 terram
2731 3491 3119 3559 promisimus.
3156 3493 3221 3547 Et
3261 3494 3400 3561 quod
3453 3494 3523 3548 ob

1919 3583 2054 3634 hanc
2082 3595 2296 3634 causam
2331 3581 2430 3634 hoc
2472 3582 2809 3650 praeceperit,
2859 3581 3192 3637 manifcsuus
3239 3599 3335 3637 nos
3365 3584 3523 3638 ducet

1917 3672 2058 3725 illius
2091 3672 2257 3735 ﬁlius,
2300 3672 2483 3727 dicens
2518 3690 2531 3725 :
2574 3671 2839 3726 Visitando
2884 3673 3102 3727 t'isitabit
3148 3689 3233 3728 vos
3277 3674 3412 3727 Deus
3438 3716 3450 3738 ,
3476 3687 3524 3728 ct

1915 3763 2070 3816 simul
2089 3763 2260 3832 feretis
2287 3780 2400 3817 ossa
2434 3779 2546 3817 nica
2573 3764 2691 3817 hinc
2719 3767 2735 3834 (
2761 3764 2888 3818 Gen.
2919 3766 3006 3820 50.
3035 3765 3166 3835 2i).
3195 3767 3347 3832 Quod
3375 3766 3519 3821 enim

1915 3855 2086 3909 oculis
2117 3857 2236 3910 lidci
2267 3856 2439 3910 futura
2463 3857 2838 3926 prmvidercut,
2863 3857 2986 3912 audi
3012 3857 3156 3911 illum
3184 3858 3292 3927 jam
3325 3873 3521 3914 vocare

1915 3959 2144 4002 mortem
2197 3963 2347 4002 suam
2396 3948 2772 4006 dormitioncm
2803 3967 2816 4004 :
2845 3951 2975 4007 dicit
3020 3954 3197 4017 enim,
3251 3951 3520 4006 Dormiam

1917 4057 2031 4094 cum
2059 4041 2285 4109 patribus
2310 4043 2451 4097 meis.
2479 4042 2769 4112 Propterea
2793 4053 2848 4099 et
2875 4043 3073 4099 Paulus
3093 4043 3333 4099 dicebat:
3355 4043 3523 4099 Juxta

1917 4136 2070 4202 fidem
2100 4137 2285 4188 mortui
2310 4145 2424 4188 sunt
2455 4136 2509 4189 lii
2539 4152 2730 4200 omnes,
2772 4152 2873 4189 non
2902 4148 3111 4207 acccp'a
3141 4138 3475 4205 promissione
3503 4153 3523 4190 :

1917 4225 2005 4277 scd
2034 4229 2212 4294 procul
2252 4242 2362 4279 eam
2400 4227 2629 4280 viderunt
2669 4235 2714 4280 et
2740 4226 3031 4281 ulularunt
3060 4227 3079 4299 (
3109 4227 3266 4281 Hebr.
3295 4230 3383 4283 Η.
3409 4231 3521 4300 1⁸5).

1917 4315 2239 4381 Quomodo?
2280 4317 2458 4372 Oculis
2486 4317 2604 4372 lidei
2635 4317 2810 4372 futura
2837 4318 3109 4374 videbant.
3147 4319 3528 4390 Nullusigitur

1920 4417 2066 4476 putet
2106 4409 2552 4477 pusillaniiniuitis
2582 4425 2701 4466 esse
2747 4411 2849 4467 hoc
2892 4410 3240 4478 mandatum,
3282 4410 3375 4465 sed
3409 4420 3463 4466 et
3490 4427 3522 4466 a

1919 4509 2180 4570 tempore,
2214 4510 2267 4554 et
2294 4517 2320 4552 a
2361 4503 2677 4570 prmvisione
2724 4501 2886 4556 futuri
2931 4501 3152 4567 reditus,
3185 4501 3334 4555 omni
3361 4503 3518 4571 culpa

1923 4603 2140 4646 excuset
2159 4593 2382 4658 justum.
2403 4594 2553 4648 Nunc
2575 4593 2717 4649 enim
2739 4594 2990 4662 quoniam
3008 4608 3071 4648 ea
3090 4608 3208 4662 quze
3228 4593 3293 4647 ad
3312 4593 3528 4663 sapien-

1921 4685 2108 4739 tiorem
2140 4687 2301 4740 vitam
2329 4687 2591 4750 attinent,
2638 4697 2754 4754 post
2811 4686 3096 4742 adventuum
3146 4684 3344 4738 Christi
3368 4694 3524 4741 aucta

1918 4789 2061 4844 sunt,
2080 4781 2267 4833 merito
2282 4782 2400 4848 quis
2420 4779 2822 4849 reprehenderit
2835 4794 2955 4832 eum
2970 4780 3054 4834 cui
3071 4779 3193 4833 talia
3207 4786 3334 4832 sunt
3355 4793 3524 4835 curae.

1993 4870 2114 4924 Non
2145 4881 2215 4924 est
2245 4873 2484 4926 miserum
2510 4887 2714 4942 peregre
2739 4871 2890 4925 mori.
2917 4900 2984 4913 ——
3016 4869 3200 4940 Neque
3226 4880 3373 4939 putet
3402 4871 3526 4941 quia

1921 4961 2178 5017 miserum
2224 4977 2497 5016 cumesse
2541 4963 2629 5031 qui
2677 4963 2728 5014 iu
2775 4962 2953 5016 alieno
2998 4961 3115 5014 solo
3143 4961 3303 5014 vitam
3350 4959 3520 5024 finiat,

1923 5066 2098 5119 neque
2145 5067 2265 5104 eum
2296 5053 2384 5121 qui
2434 5052 2484 5104 in
2531 5052 2819 5105 solitudine
2861 5068 2928 5106 ex
2979 5052 3078 5105 hac
3123 5052 3229 5105 vita
3271 5051 3520 5106 decedat.

1921 5141 2104 5210 Neque
2129 5143 2272 5196 enim
2305 5143 2394 5196 ille
2433 5143 2624 5211 dignus
2656 5150 2713 5196 ut
2744 5143 2908 5196 miSer
2936 5143 3143 5197 dicatur
3164 5183 3178 5208 ,
3225 5141 3318 5196 scd
3348 5141 3440 5211 qui
3469 5143 3522 5195 iu

1925 5235 2158 5303 peccatis
2196 5243 2436 5287 mortuus
2464 5245 2545 5288 cst
2565 5275 2578 5298 ,
2612 5234 2819 5289 etiamsi
2859 5248 3021 5300 super
3049 5233 3243 5286 lectum
3270 5274 3284 5298 ,
3314 5233 3525 5286 etiamsi

1925 5327 2282 5395 przcsentibus
2323 5327 2512 5380 amicis
2555 5327 2802 5380 omnibus
2846 5335 3073 5380 mortem
3115 5325 3290 5378 obeat.
3345 5324 3412 5380 Et
3455 5337 3525 5378 ne

1927 5419 2054 5472 mihi
2106 5419 2291 5488 frigida
2340 5419 2429 5472 illa
2477 5418 2637 5472 verba
2665 5459 2678 5481 ,
2721 5418 3054 5487 ridiculaque
3098 5427 3153 5471 et
3201 5417 3523 5486 insipientiat

1926 5512 2078 5580 plena
2107 5512 2246 5565 dicat
2273 5511 2466 5578 aliquis
2497 5529 2507 5563 :
2539 5513 2631 5567 ille
2660 5511 2776 5565 talis
2806 5525 2938 5565 eane
2966 5511 3120 5564 vilius
3149 5520 3229 5564 est
3256 5518 3516 5577 mortuus,

1927 5604 2071 5665 nullo
2101 5602 2440 5656 familiai-ium
2475 5611 2758 5671 praesente,
2785 5617 2958 5671 neque
2984 5602 3256 5670 sepultura
3284 5610 3338 5656 et
3364 5600 3522 5656 funus

1925 5697 1972 5751 el
2004 5695 2342 5763 contigerunt
2368 5709 2383 5757 ;
2415 5693 2509 5748 scd
2537 5693 2818 5749 coiiectltia
2862 5693 2999 5762 stipe
3036 5692 3180 5760 justa
3209 5690 3346 5746 facta
3373 5700 3518 5746 sunt.

1929 5787 2043 5846 Non
2073 5797 2153 5846 est
2181 5788 2302 5856 hoe,
2333 5785 2404 5843 mi
2431 5786 2623 5857 homo,
2652 5801 2783 5843 caue
2815 5784 3222 5856 ignominiosius
3244 5788 3520 5837 mortuum
