4086 6434
545 391 652 448 667

544 523 690 565 esse.
736 505 872 575 Quid
917 505 1061 561 enim
1090 502 1175 558 ille
1205 502 1385 581 damni
1431 503 1641 557 SCIhil?
1690 500 1821 558 Illud
1866 515 2052 563 unum,
2095 499 2140 553 si

553 599 766 654 vinuzis
810 597 1064 651 amictum
1112 610 1172 651 se
1223 603 1488 665 tegentem
1537 609 1643 648 non
1692 588 1957 647 habuerit.
2012 589 2143 646 Nam

544 691 687 760 quod
726 689 777 744 id
808 688 939 742 nihil
971 687 1132 744 la-dat
1169 686 1373 756 justum
1403 686 1598 741 vit-tate
1627 684 1907 755 przeditum
1929 724 1944 751 ,
1972 678 2142 749 disce,

547 799 671 852 quia
707 782 948 851 plerique
970 780 1258 852 iustorum,
1301 778 1589 850 prOpbclas
1619 778 1741 833 dico
1768 786 1823 832 ct
1849 771 2142 847 apostolos,

547 874 636 927 ubi
667 873 755 927 siti
784 873 915 938 sint,
947 872 1130 945 paucis
1157 871 1395 941 exceptis
1414 910 1432 937 ,
1460 871 1787 941 ignoramus.
1820 866 2029 922 Etenim
2054 866 2142 920 alii

547 965 767 1037 quidem
795 967 972 1037 capite
1002 964 1251 1025 truncati.
1292 962 1387 1018 alii
1417 962 1635 1035 lapidati
1667 961 1860 1017 mortui
1897 968 2019 1013 sunt
2049 975 2062 1010 :
2093 967 2149 1012 et

550 1058 635 1112 alii
679 1056 978 1112 iuntuneris
1011 1066 1063 1111 et
1100 1055 1264 1110 variis
1306 1054 1481 1125 tunsus
1523 1053 1734 1123 scipsos
1776 1057 2148 1119 exposuerunt

550 1158 768 1222 propter
795 1148 1042 1219 pietatetn
1065 1189 1079 1211 ,
1123 1161 1314 1201 otuues
1343 1154 1559 1216 propter
1587 1143 1860 1199 Christqu
1885 1149 2148 1212 martyres

550 1238 674 1294 tacti
702 1248 868 1294 sunt:
899 1247 953 1293 et
989 1237 1166 1292 nullus
1196 1236 1264 1292 dc
1290 1237 1395 1291 illis
1421 1236 1603 1290 dicere
1643 1232 1893 1298 audebit,
1924 1231 2149 1303 ignomi-

551 1331 758 1385 niosam
784 1345 905 1386 esse
933 1346 1119 1386 eorum
1165 1338 1392 1384 tuortctn
1431 1345 1445 1382 :
1487 1325 1581 1381 sed
1613 1334 1867 1396 sequetur
1910 1324 2145 1385 divinam

550 1422 918 1493 Scripturam,
953 1421 1217 1476 dicentem
1255 1435 1268 1471 :
1311 1417 1540 1472 Pretiosa
1564 1417 1616 1470 in
1642 1426 1912 1487 conspectu
1945 1413 2149 1468 Domini

549 1532 686 1570 mors
714 1523 1007 1569 sanctorum
1032 1513 1139 1582 ejus
1171 1509 1340 1581 (Prol.
1369 1509 1490 1564 “5.
1524 1509 1631 1579 15).
1662 1507 1731 1562 Et
1754 1510 1893 1563 sicut
1919 1516 2145 1561 mortem

551 1616 861 1660 satietur-um
891 1603 1176 1674 pretio.~am
1208 1601 1436 1665 vocavit,
1460 1600 1583 1653 audi
1624 1596 1891 1668 quomodo
1923 1606 1977 1652 et
2004 1610 2149 1650 mor-

552 1708 663 1752 tem
706 1705 1047 1765 peccatorum
1092 1694 1285 1747 malam
1326 1700 1501 1746 vocet.
1540 1689 1683 1744 .iIars
1728 1690 1904 1755 enim,
1953 1687 2144 1758 inquit,

550 1797 867 1857 peccatorum
901 1786 1039 1839 mala
1068 1782 1240 1857 (Psal.
1267 1784 1353 1840 3‘5.
1384 1782 1498 1853 29.).
1532 1782 1713 1851 Itaque
1740 1780 1901 1836 etiam
1929 1780 1973 1836 si
1999 1778 2145 1834 domi

547 1895 656 1934 sua:
701 1880 1031 1941 moriantur,
1070 1886 1125 1931 et
1167 1892 1334 1931 uvorc
1379 1884 1435 1931 ct
1484 1874 1605 1929 ﬁliis
1655 1872 2047 1944 praesentibus,
2093 1881 2148 1927 et

552 1971 906 2025 lautitiaribus
926 2010 941 2035 ,
970 1979 1025 2025 et
1064 1969 1205 2024 notis
1235 1968 1571 2024 adstantibus
1591 2009 1606 2033 ,
1636 1967 1831 2023 virtute
1855 1974 2034 2021 autem
2060 1980 2150 2021 ca-

553 2060 726 2129 reant,
758 2064 898 2119 mala
926 2063 1117 2118 borum
1149 2080 1295 2119 mors
1320 2071 1422 2118 est.
1454 2062 1542 2117 Sic
1565 2060 1667 2116 etsi
1695 2061 1750 2115 itt
1774 2059 1951 2115 aliena
1982 2067 2144 2123 terra,

548 2159 648 2211 etsi
694 2172 857 2226 super
901 2155 1269 2225 paviutenttun
1311 2154 1432 2225 quis
1472 2152 1658 2223 jacens
1702 2160 1803 2207 :et
1847 2149 1975 2221 quid
2004 2149 2146 2215 dico,

550 2248 651 2305 etsi
679 2244 733 2301 in
760 2247 934 2302 aliena
958 2247 982 2301 ἲ
1010 2247 1225 2302 etiamsi
1260 2247 1313 2300 in
1344 2245 1584 2300 latrones
1618 2243 1852 2307 incidat,
1880 2240 2091 2299 etiamsi
2117 2256 2149 2297 a

549 2340 733 2395 taeniis
755 2338 1069 2406 devoretur,
1094 2339 1288 2393 virtute
1310 2345 1487 2392 autem
1517 2334 1773 2406 praeditus
1793 2334 1882 2396 sit,
1914 2334 2147 2403 pretiosa

552 2435 672 2503 t-jtts
716 2450 861 2489 mors
902 2435 1024 2490 erit.
1060 2433 1157 2488 Die
1196 2433 1364 2498 enim,
1394 2430 1661 2497 obsecro,
1691 2427 1965 2484 Zachariae
2008 2426 2149 2481 ﬁlius

554 2541 731 2581 uoune
755 2526 1051 2580 decollatus
1067 2525 1187 2581 est?
1203 2522 1508 2593 Stephanus
1533 2530 1708 2575 autem
1728 2520 1931 2591 primus
1955 2526 2151 2588 marty-

551 2622 613 2672 ιιι
635 2631 830 2669 corona
852 2614 1130 2670 redimitus
1145 2655 1161 2681 ,
1182 2628 1363 2669 nonne
1387 2612 1649 2682 lapidatus
1666 2612 1830 2665 vitam
1858 2609 1993 2665 ﬁniit
2016 2610 2040 2663 ἲ

621 2706 821 2762 Paulus
858 2708 1025 2776 capite
1052 2722 1254 2769 cwsus;
1293 2703 1478 2759 Petrus
1505 2704 1702 2757 inverso
1733 2703 1899 2773 capite
1942 2701 2148 2770 crucifi-

550 2818 668 2854 a‘us.
699 2829 767 2838 —
794 2799 990 2854 Paulus
1030 2810 1208 2852 autem
1247 2806 1301 2852 et
1342 2797 1533 2853 Petrus
1554 2836 1569 2862 ,
1612 2809 1789 2850 nonne
1818 2794 1906 2849 ille
1932 2794 2147 2864 quidem

547 2889 722 2958 capite
744 2898 1041 2957 truncatus,
1061 2889 1147 2943 bie
1162 2897 1340 2943 autem
1363 2885 1523 2941 modo
1545 2885 1813 2941 centrario
1842 2899 2000 2955 quam
2030 2884 2151 2939 Do—

551 2982 725 3037 minus
745 2982 1060 3050 cruciﬁxus,
1082 2983 1152 3036 ita
1177 2981 1274 3036 bac
1296 2981 1401 3035 vita
1421 2980 1653 3035 excessit
1672 2978 1697 3032 Ἰ
1716 2977 1906 3034 Nonne
1932 2988 2149 3049 prepter

552 3075 652 3128 hoc
683 3075 850 3144 magis
876 3075 927 3128 in
953 3083 1064 3128 toto
1085 3072 1284 3129 ntuudo
1308 3072 1649 3128 celebrantur
1673 3081 1727 3127 et
1749 3071 2147 3141 prmdicautur?

619 3168 674 3224 2.
720 3167 846 3223 llazc
874 3176 1052 3222 autem
1080 3167 1259 3222 omnia
1285 3166 1583 3237 cogitantes
1609 3206 1624 3231 ,
1658 3180 1829 3235 name
1855 3178 1948 3220 eos
1973 3165 2062 3234 qui
2095 3164 2148 3219 in

550 3264 723 3318 aliena
748 3268 888 3316 terra
916 3261 1241 3327 moriuntur,
1266 3259 1493 3314 miseros
1514 3257 1776 3323 dicamus,
1806 3272 1978 3327 neque
2004 3256 2147 3310 domi

548 3370 660 3407 sua:
688 3352 981 3408 morientes
1006 3352 1194 3406 beatos
1231 3350 1583 3421 prmdiccmus
1614 3366 1627 3403 :
1654 3348 1749 3404 sed
1778 3347 1969 3403 divina:
1996 3346 2147 3401 Scri-

555 3458 722 3517 ptune
750 3461 1013 3501 canonem
1040 3452 1346 3515 sequentes,
1380 3442 1559 3498 claros
1586 3441 1869 3496 virtutibus
1902 3440 2024 3497 hinc
2048 3439 2149 3493 nti-

550 3555 767 3619 grames
797 3543 983 3596 beatos
1006 3540 1249 3595 dicamus
1269 3578 1284 3605 ,
1326 3545 1382 3593 et
1404 3553 1499 3594 eos
1521 3537 1612 3609 qui
1640 3536 1694 3592 in
1722 3535 1953 3619 peccatis
1978 3533 2145 3589 mori-

556 3616 716 3689 untur
754 3636 983 3690 miscros
1022 3633 1396 3704 prazdiccmus.
1438 3630 1587 3685 Sicut
1633 3616 1775 3685 enim
1815 3626 1906 3700 qui
1954 3629 2149 3681 virtute

552 3728 806 3796 inauditus
847 3734 931 3781 est
975 3726 1027 3779 in
1079 3724 1358 3779 meliorem
1399 3720 1562 3776 vitam
1605 3719 1830 3783 transit,
1879 3718 2149 3788 accipiens

556 3818 790 3871 laborum
818 3832 1038 3870 suorum
1070 3814 1285 3883 prtentia
1314 3831 1329 3867 :
1354 3815 1423 3868 ita
1445 3821 1499 3867 et
1515 3812 1604 3882 qui
1634 3810 1720 3866 illa
1741 3819 1906 3874 caret,
1927 3810 2073 3863 initia
2096 3819 2150 3864 et

556 3908 814 3977 prtio-nua
849 3906 1230 3977 suppliciorum
1247 3906 1355 3973 jam
1377 3903 1590 3972 accipit,
1616 3911 1669 3956 et
1686 3911 1956 3971 gestorum
1987 3900 2148 3954 ratio-

551 4015 642 4055 nes
666 3998 889 4053 reddere
913 3994 1586 4063 coactus,intolerabilibus
1602 3992 1952 4062 complicatur
1974 3992 2147 4045 malis.

632 4091 742 4145 Vitu
760 4106 983 4161 prwssns
1000 4089 1258 4157 paltestra.
1286 4088 1552 4155 Quomodo
1570 4085 1737 4139 Israel
1758 4084 1986 4138 adorarit
2001 4082 2152 4137 Ιοεεε

546 4182 936 4249 philoa—Ideo
968 4197 1018 4249 oi
1038 4190 1177 4235 ortet
1205 4182 1321 4234 tunc
1360 4179 1653 4247 cogitantes
1674 4178 1925 4230 virtutum
1949 4174 2149 4229 habere

552 4291 759 4334 curam,
775 4273 902 4326 etin
934 4271 1184 4342 [n-zesettti
1208 4271 1311 4323 vita
1328 4269 1479 4339 quasi
1504 4269 1555 4322 in
1575 4268 1819 4335 palaestra
1837 4276 2064 4329 certare,
2093 4279 2149 4321 ut

552 4383 673 4419 cum
688 4365 918 4419 solutum
935 4362 1087 4417 fuerit
1106 4362 1393 4427 theatrum,
1412 4359 1687 4430 splendida
1702 4358 1938 4414 redimiri
1951 4374 2147 4414 corona

551 4471 831 4528 queamus,
858 4471 925 4511 ne
948 4454 1141 4509 frustra
1162 4453 1479 4523 ptenitentes
1506 4450 1862 4505 inveniamur.
1887 4451 2149 4518 Quamdiu

552 4550 693 4603 enim
722 4550 879 4603 durat
898 4558 1190 4610 certamen,
1222 4544 1476 4616 possibile
1498 4552 1581 4598 est
1605 4585 1619 4609 ,
1648 4544 1691 4597 si
1718 4542 2064 4607 voluerimus,
2094 4551 2149 4595 et

554 4640 813 4695 desidiam
828 4648 1100 4702 excutere,
1117 4639 1426 4692 etvirtutem
1444 4649 1719 4697 exercere,
1740 4643 1798 4687 ut
1820 4632 2146 4703 prepositam

451 4735 457 4741 ’
554 4748 903 4803 assequamur
928 4746 1203 4787 coronam.
1227 4731 1511 4789 Caeterum,
1535 4728 1579 4780 si
1607 4726 1834 4790 videtur,
1861 4725 2147 4780 redeamus

554 4824 619 4877 ad
653 4823 915 4877 sermonis
938 4822 1155 4876 seriem.
1185 4820 1315 4875 Nam
1345 4828 1624 4888 postquam
1650 4817 1916 4871 commisit
1946 4817 2054 4870 ﬁlio
2083 4817 2151 4870 dc

558 4917 829 4986 sepultura
854 4958 868 4981 ,
899 4925 953 4970 et
989 4915 1121 4969 dixit
1147 4913 1343 4983 losoplt
1378 4929 1391 4965 :
1424 4911 1532 4982 Ego
1562 4911 1746 4981 faciam
1769 4910 2152 4979 juxta'rerbum

558 5022 735 5074 tuum,
763 5008 948 5073 addit,
976 5007 1107 5060 Iura
1137 5007 1280 5060 mihi.
1326 5004 1392 5058 Et
1430 5006 1624 5075 juravit
1667 5004 1731 5058 ei.
1790 5001 1856 5055 Et
1900 5002 2148 5069 adorarit,

558 5104 729 5172 inquit
755 5144 767 5165 ,
800 5102 962 5155 Israel
988 5100 1056 5153 ad
1086 5101 1352 5171 fastigium
1399 5099 1553 5168 virga:
1577 5098 1737 5151 illius.
1767 5096 1901 5149 Vide
1943 5112 2148 5158 senem,

557 5197 885 5265 deertqiitnm
906 5236 919 5260 ,
954 5192 1309 5264 patriarclmm
1342 5192 1653 5247 adoratione
1696 5192 1953 5245 honorem
1985 5190 2035 5243 in
2062 5188 2151 5243 Jo-

560 5289 689 5355 seph
718 5288 1011 5351 declarare,
1044 5295 1098 5340 et
1137 5285 1309 5353 reipsa
1359 5284 1582 5351 implere
1622 5284 1842 5337 visionis
1878 5292 2148 5337 eventum.

562 5378 786 5444 Quando
814 5379 957 5431 enim
986 5378 1218 5430 narravit
1239 5375 1437 5444 .loseph
1462 5374 1745 5434 visionem,
1774 5374 1933 5439 Dixit,
1960 5373 2147 5443 inquit,

564 5469 829 5538 Numquid
858 5487 948 5539 ego
976 5480 1020 5522 et
1053 5480 1208 5522 muter
1227 5460 1323 5520 'tua
1352 5467 1602 5521 veniemus
1621 5507 1636 5531 ,
1681 5474 1725 5519 et
1752 5464 2075 5518 adorabimus
2105 5474 2152 5519 te

561 5580 714 5630 super
744 5573 926 5615 terram
952 5563 976 5614 ἲ
1002 5561 1103 5616 Sed
1134 5561 1269 5615 forte
1293 5560 1487 5615 dixerit
1526 5558 1717 5628 aliquis
1746 5576 1760 5613 :
1789 5556 1855 5613 Et
1881 5556 2150 5628 quomodo

567 5658 835 5725 impletum
865 5665 946 5711 est
984 5657 1250 5710 somnium
1292 5654 1343 5707 in
1380 5664 1570 5719 matre,
1615 5668 1735 5723 qua:
1764 5651 1874 5721 jam
1898 5660 2023 5705 ante
2051 5651 2146 5704 de-

567 5752 740 5802 innrta
777 5758 919 5811 crat,
949 5760 997 5803 ct
1038 5751 1200 5803 lilium
1242 5766 1346 5803 non
1373 5748 1657 5802 adoravit?
1686 5747 1980 5815 Perpetuus
2007 5745 2148 5799 Scri-

565 5855 731 5915 ptura:
760 5861 875 5899 nios
901 5853 983 5899 est
1004 5888 1017 5914 ,
1051 5860 1077 5897 a
1118 5844 1284 5914 magis
1310 5842 1584 5916 principali
1628 5852 1791 5899 totum
1822 5840 2138 5909 signiﬁcare.

1287 388 1344 444 S.
1386 367 1666 445 JOANNIS
1688 382 2165 442 ειιιιγευδτυιιι
2208 380 2527 437 ARCIIIEI’.
2569 376 3103 435 CONSTAN'l'INOI’.

3752 374 3856 430 56!

2254 493 2516 559 Quoniam
2572 492 2747 562 igitur,
2792 489 2957 561 Caput
2984 489 3210 543 mulieris
3242 489 3317 542 vir
3338 505 3357 541 .'
3388 484 3550 540 Erunt
3576 486 3744 550 enim,
3775 486 3851 539 in-

2254 587 2386 658 quit,
2418 586 2521 639 duo
2549 587 2600 639 in
2626 600 2830 638 carnem
2858 599 3012 637 uuam
3040 582 3118 651 (1.
3144 580 3265 637 Cor.
3293 582 3377 635 11.
3402 580 3470 645 3;
3499 578 3626 633 Gen.
3650 579 3706 633 2.
3727 577 3825 647 25)

2253 690 2375 732 eum
2422 676 2667 732 adoravit
2707 686 2905 743 caput,
2946 671 3286 727 manifestum
3319 680 3401 727 est
3444 685 3644 741 corpus
3690 680 3862 724 totmn

2255 778 2414 837 caput
2440 776 2735 837 sequutum
2752 781 2894 821 esse.
2925 765 2981 820 Si
3006 765 3151 820 enim
3184 773 3336 836 pater
3368 763 3469 818 boc
3510 760 3656 827 fecit,
3690 760 3865 815 multo

2261 860 2431 931 magis
2457 859 2544 914 illa
2564 899 2581 926 ,
2614 858 2715 913 nisi
2743 873 2811 913 ex
2838 856 2939 912 hac
2964 857 3069 911 vita
3103 864 3366 926 prarrcpta
3398 852 3612 919 luisset,
3644 852 3753 907 hoc
3783 851 3864 905 [ε-

2254 949 2440 1005 cisset.
2489 949 2556 1004 Et
2593 948 2858 1013 adoravit,
2908 946 3119 1017 inquit,
3148 945 3222 1000 ad
3246 945 3510 1017 fastigium
3537 945 3695 1015 uirga
3727 944 3862 1013 ejus.

2256 1038 2546 1109 Propterea
2572 1047 2625 1094 et
2656 1039 2854 1093 Paulus
2879 1037 3089 1093 dicebat
3121 1052 3135 1090 :
3166 1035 3299 1090 Fide
3315 1033 3478 1089 Jacob
3506 1036 3729 1089 moriens
3755 1034 3865 1087 sin-

2258 1131 2408 1199 gulos
2438 1131 2573 1199 ﬁlios
2598 1130 2793 1199 Joseph
2822 1129 3109 1193 benedixit,
3139 1140 3190 1182 et
3230 1127 3458 1180 adoravit
3486 1126 3557 1179 ad
3597 1126 3865 1196 fastigium

2254 1222 2411 1292 rirgtt
2454 1220 2593 1275 illius
2633 1219 3032 1289 (chr.ii.2l
3052 1220 3098 1289 ).
3143 1218 3302 1274 Vides
3344 1232 3465 1272 eum
3497 1216 3635 1272 istud
3686 1216 3865 1285 ipsmu

2258 1312 2363 1369 ﬁde
2389 1321 2594 1367 motum
2623 1312 2837 1376 fecisse,
2868 1311 3282 1382 prawidentem,
3318 1309 3446 1379 regii
3471 1308 3687 1377 generis
3712 1306 3865 1361 iutu-

2256 1422 2373 1461 rum
2400 1420 2522 1461 esse
2557 1420 2680 1461 eum
2723 1404 2811 1474 qui
2843 1419 2909 1460 es
2943 1403 3150 1460 semine
3180 1402 3324 1456 illius
3355 1401 3658 1455 nasciturus
3700 1400 3868 1454 erat?

2262 1498 2443 1568 Itaque
2466 1512 2589 1553 cum
2618 1510 2968 1566 qua'cumque
2994 1494 3210 1548 volebat
3236 1492 3346 1547 ﬁlio
3386 1484 3723 1560 imperasset,
3754 1505 3863 1543 non

2254 1590 2423 1644 nmlto
2454 1599 2572 1659 post
2610 1597 2667 1642 ut
2696 1586 2883 1643 didicit
2919 1584 3120 1656 Joseph
3151 1593 3413 1654 mgrotare
3444 1588 3647 1663 patrem
3678 1592 3863 1641 suum,

2254 1690 2310 1737 et
2332 1680 2445 1751 jam
2483 1679 2536 1734 in
2566 1677 2773 1733 foribus
2810 1691 2932 1732 esse
2960 1686 3222 1741 mortem,
3250 1672 3371 1742 quia
3398 1669 3867 1741 apprOpinqnave-

2254 1779 2372 1826 rant
2402 1769 2520 1825 dies
2549 1768 2739 1825 mortis
2767 1766 2911 1822 illius
2929 1808 2945 1833 ,
2982 1766 3033 1821 Ι.
3058 1763 3294 1831 Acceptis
3335 1760 3534 1815 duobus
3578 1758 3703 1829 ﬁliis
3732 1758 3865 1823 suis,

2254 1862 2385 1917 venit
2415 1862 2483 1915 ad
2503 1858 2692 1914 Iacob.
2721 1858 2778 1913 Ξ.
2804 1857 3175 1912 Anntmtiatum
3201 1862 3275 1909 est
3301 1862 3468 1907 autem
3489 1851 3585 1906 hoc
3601 1848 3793 1913 Jacob,
3816 1860 3868 1903 et

2253 1951 2610 2007 corroboratus
2640 1948 2813 2005 Israel
2842 1948 2971 2004 sedit
2998 1962 3153 2017 super
3180 1944 3365 1999 lectum
3394 1941 3545 2016 (Cap.
3569 1942 3695 2013 ιε).
3732 1940 3870 1995 Vide

2255 2043 2530 2119 quomodo
2558 2057 2711 2101 amor
2738 2056 2865 2112 erga
2898 2039 3065 2095 ﬁlium
3108 2051 3295 2093 senem
3325 2035 3609 2099 ﬁrmabat,
3650 2042 3708 2088 et
3746 2035 3835 2087 ala

2256 2139 2423 2193 eritas
2453 2136 2699 2191 vincebat
2726 2132 3116 2188 inﬁrmitatem.
3152 2128 3346 2184 Audita
3372 2126 3517 2183 enim
3548 2126 3692 2180 illius
3720 2139 3867 2195 pra:-

2254 2228 2426 2283 seutia
2447 2268 2463 2293 ,
2496 2226 2690 2299 inquit,
2735 2224 2884 2282 Sedit
2911 2239 3066 2293 super
3094 2222 3298 2276 lectum.
3328 2218 3397 2274 Et
3427 2227 3483 2273 ut
3516 2218 3647 2273 vidit
3686 2217 3867 2279 illum,

2254 2326 2534 2392 paternam
2576 2315 2923 2373 dilectionem
2953 2314 3003 2371 ei
3031 2312 3291 2377 exhibet,
3332 2318 3389 2366 et
3415 2310 3537 2381 quia
3566 2309 3869 2364 moriturus

2253 2419 2407 2477 erat,
2454 2408 2831 2466 benedictione
2877 2421 2974 2463 sua
3020 2406 3198 2459 ﬁrmat
3241 2402 3403 2469 ﬁlios,
3448 2398 3717 2455 maximas
3765 2399 3869 2455 bas

2256 2501 2537 2556 facultates
2564 2501 2894 2572 relinquens,
2921 2504 2978 2554 et
3000 2494 3217 2552 divitias
3240 2510 3360 2564 qua:
3385 2492 3595 2548 absumi
3627 2506 3736 2547 non
3768 2506 3868 2561 po-

2258 2601 2453 2649 terant.
2487 2593 2557 2649 Et
2587 2591 2709 2647 vide
2738 2590 3010 2662 quomodo
3037 2587 3242 2659 incipit.
3274 2586 3511 2643 Primum
3549 2594 3736 2639 narrat
3765 2585 3867 2640 bc-

2256 2686 2618 2741 nevolentiam
2650 2699 2773 2755 quae
2813 2680 2918 2738 sibi
2958 2697 2992 2737 a
3036 2680 3147 2736 Deo
3186 2692 3441 2735 concessa
3468 2685 3618 2742 erat,
3651 2686 3708 2732 et
3736 2687 3869 2733 tunc

2254 2775 2658 2831 benedictiones
2703 2774 2827 2830 ﬁliis
2869 2772 3141 2843 impertit,
3172 2778 3227 2826 et
3263 2767 3395 2824 dicit
3421 2784 3435 2820 :
3464 2767 3517 2825 5.
3547 2764 3689 2820 Deus
3724 2782 3869 2821 incus

2253 2869 2494 2939 apparuit
2522 2862 2647 2923 mihi
2686 2868 2740 2921 in
2770 2865 2945 2933 Luza,
2976 2866 3031 2919 in
3060 2874 3195 2918 terra
3220 2861 3465 2917 Chanaan
3490 2901 3505 2926 ,
3534 2869 3579 2915 et
3606 2858 3867 2914 benedixit

2253 2960 2400 3026 mihi,
2427 2970 2473 3027 et
2497 2961 2627 3015 dixit
2657 2959 2824 3016 mihi:
2851 2960 2907 3014 4.
2936 2956 3050 3030 Ego
3079 2965 3127 3011 te
3154 2970 3376 3011 crescere
3404 2954 3593 3025 faciam
3616 2995 3630 3019 ,
3657 2961 3704 3008 et
3731 2954 3869 3007 mul-

2255 3053 2495 3128 tiplicabo
2524 3062 2572 3107 ts
2592 3096 2609 3120 ,
2634 3062 2680 3108 et
2706 3052 2897 3123 faciam
2925 3061 2973 3104 te
2997 3050 3051 3105 iu
3080 3046 3498 3119 congregatioues
3523 3045 3751 3119 gentium
3768 3086 3783 3109 ,
3817 3056 3867 3098 et

2254 3144 2388 3199 dabo
2414 3143 2503 3199 tibi
2534 3154 2721 3197 terram
2747 3142 2879 3195 hanc
2899 3182 2915 3208 ,
2940 3149 2990 3196 et
3017 3138 3199 3194 semini
3225 3147 3311 3192 tuo
3343 3145 3458 3206 post
3483 3144 3550 3203 te,
3575 3136 3629 3189 in
3660 3151 3860 3205 posses.

2253 3235 2447 3293 sionem
2474 3245 2736 3290 cateruam.
2767 3231 3021 3288 Promisit
3045 3229 3197 3295 tnihi,
3230 3227 3421 3298 inquit,
3452 3225 3613 3289 Deus,
3643 3227 3869 3289 quando

2254 3327 2313 3383 in
2340 3326 2481 3385 Luza
2522 3342 2552 3383 a
2593 3341 2680 3381 me
2708 3326 2853 3380 visus
2879 3331 2964 3381 est
2987 3363 3001 3387 ,
3050 3329 3253 3377 tantum
3282 3334 3344 3376 se
3382 3319 3869 3391 multiplicaturnm

2252 3433 2443 3478 semen
2464 3434 2665 3487 meum,
2690 3426 2747 3474 ut
2766 3415 3208 3489 congregationes
3227 3414 3466 3484 gentium
3487 3427 3553 3468 ex
3574 3427 3641 3469 eo
3670 3412 3871 3467 mlum:

2253 3511 2383 3577 sint,
2411 3520 2467 3565 et
2506 3520 2703 3570 terram
2742 3509 2873 3564 mibi
2903 3515 2959 3563 et
2984 3506 3178 3563 semini
3205 3520 3327 3561 meo
3361 3518 3423 3560 se
3450 3503 3701 3559 daturum
3734 3519 3868 3573 pro-

2253 3601 2420 3659 misit.
2453 3602 2508 3657 5.
2538 3599 2696 3658 Nunc
2725 3601 2882 3672 igitur
2910 3598 3014 3653 duo
3036 3598 3116 3653 illi
3141 3597 3273 3666 filii,
3299 3595 3386 3664 qui
3406 3597 3518 3655 nati
3547 3604 3667 3649 sunt
3693 3595 3787 3649 tibi
3811 3599 3869 3649 in

2253 3691 2519 3768 Egypto,
2544 3693 2643 3747 mei
2666 3702 2786 3746 sunt
2811 3710 2827 3748 :
2855 3689 3108 3763 Ephraim
3135 3699 3186 3744 et
3214 3687 3502 3752 Manasses,
3527 3689 3659 3742 sicut
3686 3687 3868 3744 Ruben

2254 3794 2304 3840 et
2329 3785 2579 3857 Symeon,
2608 3794 2757 3841 erant
2781 3783 2896 3838 mei.
2926 3782 3057 3849 Bos,
3091 3781 3281 3854 inquit,
3310 3794 3445 3852 quos
3471 3778 3708 3836 habuisti
3738 3792 3872 3838 ante

2255 3879 2543 3937 adventum
2571 3895 2785 3945 meum,
2812 3893 2914 3948 ego
2956 3877 3010 3935 in
3040 3890 3284 3932 meorum
3314 3872 3545 3929 ﬁliorum
3573 3889 3869 3931 numerum

2254 3971 2454 4041 adopto
2474 4012 2489 4037 ,
2515 3980 2572 4027 et
2593 3986 2776 4043 parem
2804 3971 2871 4026 iis
2895 3969 2987 4041 qui
3016 3984 3083 4025 ex
3112 3982 3201 4024 me
3226 3966 3337 4021 nati
3369 3976 3495 4021 sunt
3517 3981 3549 4020 a
3580 3982 3669 4022 me
3694 3968 3870 4024 bene-

2255 4061 2546 4121 dictionem
2571 4062 2856 4134 accipient.
2899 4063 2953 4117 6.
2987 4060 3341 4129 Quoscumque
3367 4066 3535 4114 autem
3565 4068 3743 4127 postea
3774 4074 3869 4129 ge-

2253 4156 2425 4210 nueris
2443 4196 2458 4221 ,
2485 4155 2524 4209 ii
2552 4156 2627 4209 tui
2650 4164 2837 4219 erant;
2887 4153 2942 4210 iu
2971 4153 3175 4207 nomine
3202 4154 3424 4222 fratrum
3463 4165 3676 4204 suorum
3716 4167 3865 4204 rosa-

2253 4246 2439 4301 buntur
2481 4246 2534 4300 in
2578 4246 2785 4299 illorum
2828 4243 3068 4299 sortibus.
3114 4243 3169 4297 7.
3212 4241 3362 4298 Scias
3399 4251 3607 4307 autem,
3648 4240 3791 4311 quod
3818 4252 3871 4296 et

2255 4348 2416 4392 mater
2450 4346 2541 4392 tua
2567 4337 2762 4395 Rachel
2786 4377 2800 4401 ,
2843 4336 3049 4406 quando
3094 4334 3625 4405 appropinquaueram
3649 4330 3869 4389 Bethle-

2255 4428 2403 4497 hem,
2446 4439 2647 4483 mortua
2676 4438 2783 4495 est,
2827 4437 2873 4482 et
2910 4426 3083 4497 defodi
3121 4442 3234 4480 eam
3280 4423 3335 4478 in
3377 4425 3459 4479 ria
3491 4421 3867 4494 Hippodromi.

2256 4524 2312 4579 8.
2343 4522 2409 4577 Et
2438 4524 2609 4581 videns
2636 4523 2761 4577 duos
2802 4522 2937 4591 ﬁlios
2970 4518 3166 4589 Joseph
3190 4560 3205 4585 ,
3248 4517 3378 4570 dixit
3408 4532 3428 4570 :
3462 4515 3563 4581 Qui
3600 4525 3721 4570 sunt
3768 4517 3821 4570 hi
3843 4516 3870 4571 ἲ

2255 4614 2309 4670 9.
2338 4614 2436 4669 Ille
2459 4626 2626 4671 autent
2651 4630 2671 4669 :
2694 4614 2820 4669 Filii
2848 4614 2965 4679 mei,
2993 4628 3119 4682 quos
3140 4610 3278 4664 dedit
3306 4608 3429 4663 mihi
3452 4606 3609 4663 Deus.
3640 4604 3709 4660 Et
3732 4608 3870 4661 dixit

2254 4707 2418 4761 Jacob
2445 4723 2463 4761 :
2486 4708 2664 4764 Adduc
2700 4706 2825 4760 milii
2850 4723 2933 4760 eos
2953 4746 2970 4771 ,
3000 4713 3055 4759 ut
3091 4703 3385 4757 benedicam
3412 4716 3516 4755 eos.
3549 4701 3636 4754 ti}.
3674 4699 3737 4751 Et
3771 4716 3869 4765 ap-

2259 4800 2601 4870 propinquare
2625 4816 2707 4853 eos
2735 4799 2809 4853 illi
2832 4799 2970 4867 fecit.
3000 4795 3066 4853 Et
3092 4794 3349 4850 osculatus
3373 4802 3444 4846 est
3466 4784 3567 4855 eos,
3598 4800 3645 4843 et
3666 4792 3871 4859 ample-

2256 4904 2411 4948 xatus
2439 4902 2511 4945 est
2538 4908 2643 4945 eos.
2672 4891 2824 4953 Vide,
2853 4890 3100 4953 obsecro,
3129 4900 3313 4940 senem
3342 4883 3613 4953 quomodo
3644 4883 3870 4938 festinat

2258 4996 2315 5039 et
2344 4995 2496 5053 urget
2524 4991 2580 5036 ut
2621 4982 2902 5037 benetlicat
2934 4982 3073 5035 ﬁlios
3104 4978 3327 5046 Joseplt.
3360 4976 3424 5030 Et
3448 4977 3873 5047 appmpinquaro

2256 5093 2340 5130 eos
2368 5076 2486 5146 fecit
2516 5075 2614 5137 illi,
2646 5074 2837 5141 inquit.
2865 5071 2933 5125 Et
2956 5072 3215 5125 osculatus
3240 5080 3312 5124 est
3338 5087 3443 5131 eos,
3467 5079 3512 5122 et
3538 5069 3870 5137 amplexatus

2256 5177 2329 5221 est
2354 5184 2459 5233 eos,
2491 5169 2576 5221 11.
2601 5176 2647 5221 et
2677 5167 2807 5219 dixit
2832 5165 2900 5217 ad
2923 5162 3120 5233 Ioseph
3146 5178 3164 5217 :
3191 5162 3321 5216 Ecce
3347 5163 3478 5232 facie
3503 5177 3593 5214 tua
3620 5178 3723 5215 non
3749 5178 3865 5217 sum

2259 5263 2521 5329 priuatus,
2562 5270 2608 5314 et
2651 5275 2766 5313 ecce
2809 5258 3104 5312 monstravit
3144 5256 3268 5308 mihi
3307 5253 3450 5308 Deus
3486 5270 3653 5307 semen
3692 5263 3864 5307 tuum.

2257 5354 2443 5424 Magna
2474 5352 2627 5419 mihi,
2662 5350 2851 5421 inquit,
2879 5350 3131 5419 prmstitit
3161 5349 3253 5402 Dei
3291 5346 3602 5412 clementia,
3627 5356 3682 5399 et
3710 5345 3864 5415 ptum

2257 5463 2416 5518 quam
2459 5444 2762 5515 exspectavi
2788 5462 2802 5509 ;
2848 5446 2956 5498 imo
2987 5452 3041 5497 et
3073 5457 3191 5511 qua:
3220 5455 3506 5509 numquam
3530 5438 3863 5507 exspectavi.

2256 5538 2373 5594 Non
2396 5538 2541 5593 enim
2567 5536 2741 5592 solum
2767 5552 2871 5589 non
2898 5550 3014 5589 smn
3044 5534 3283 5603 privatus
3311 5533 3444 5585 fat-ie
3471 5540 3581 5595 tua,
3610 5530 3703 5584 sed
3732 5546 3865 5585 ecce

2256 5632 2415 5686 etiam
2445 5630 2551 5685 vidi
2580 5644 2673 5683 eos
2702 5629 2790 5697 qui
2821 5643 2883 5681 ex
2924 5637 2974 5681 te
3006 5626 3113 5681 nati
3154 5634 3297 5679 sunt.
3335 5623 3417 5676 l2.
3448 5619 3513 5674 Et
3566 5622 3742 5675 eduxit
3776 5639 3866 5675 eos

2256 5724 2447 5793 Ioseph
2494 5740 2525 5775 a
2570 5720 2776 5791 genibus
2803 5762 2816 5785 ,
2864 5729 2908 5771 ct
2938 5718 3273 5771 udorarerunt
3318 5731 3427 5767 eum
3458 5730 3610 5780 super
3655 5714 3861 5781 faciem,

2259 5834 2409 5888 super
2439 5826 2642 5873 tcrrum.
2678 5814 2806 5871 Vide
2833 5811 3105 5885 quomodo
3134 5821 3186 5868 et
3218 5826 3410 5882 pueros
3452 5808 3631 5864 statim
3661 5806 3728 5862 ab
3760 5803 3859 5860 iui—
