4086 6422
240 413 335 472 509

238 529 310 584 tiu
332 523 570 580 debitum
593 519 710 575 seni
739 518 998 573 honorem
1027 511 1253 567 reddere
1278 511 1481 566 docuit.
1516 508 1579 563 Et
1604 503 1828 574 Ioseph,

242 620 442 685 inquit,
469 611 768 668 secundum
796 607 1108 676 dignitatem
1150 599 1584 674 primogenitum
1613 595 1836 652 adduxit

241 708 532 769 Manassen,
577 713 632 757 et
673 712 802 755 tunc
839 697 1116 767 Epitraim.

307 801 356 855 3.
379 797 541 852 Iacob
567 795 728 849 oculis
755 795 934 846 mentis
959 789 1179 845 uidebat.
1195 817 1266 826 —
1287 785 1420 840 Vide
1455 785 1540 838 hic
1563 780 1836 853 quomodo

241 889 402 962 justus
424 886 671 955 corporis
713 883 903 938 oculos
945 896 1054 950 pra:
1093 886 1370 934 senectute
1411 891 1554 928 nunc
1593 874 1837 928 infirmos

242 982 472 1044 halmret,
499 978 521 1046 (
537 977 616 1031 ιο.
643 974 851 1029 Cravati
881 972 1015 1026 enim
1042 979 1184 1025 erant
1228 967 1362 1022 oculi
1399 968 1510 1036 ejus
1539 979 1647 1036 pra!
1672 965 1836 1028 senio,

238 1082 282 1129 et
306 1088 403 1124 non
429 1078 626 1140 poterat
655 1063 870 1137 sidere),
901 1063 1105 1117 valeret
1130 1067 1308 1114 autem
1334 1058 1506 1112 oculis
1537 1055 1755 1121 mentis,
1783 1063 1839 1108 et

243 1163 342 1216 fide
368 1158 688 1230 pranderet
728 1158 921 1212 futura.
961 1152 1153 1222 Neque
1185 1151 1328 1206 enim
1368 1149 1490 1203 tulit
1511 1146 1712 1216 Ioseph
1743 1159 1837 1200 or-

242 1250 438 1315 dinent,
481 1247 578 1304 sed
617 1247 835 1304 mutatis
857 1244 1103 1299 manibus
1143 1241 1488 1301 benedicens,
1520 1237 1836 1306 dignitatem

235 1342 426 1413 juniori
470 1340 734 1404 contulit,
787 1335 1082 1408 praeferens
1143 1333 1370 1387 Manassi
1419 1330 1678 1400 Ephraim
1725 1345 1738 1381 :
1782 1336 1841 1383 et

241 1431 369 1487 dixit
401 1447 415 1484 :
447 1432 542 1488 I5.
570 1430 702 1483 Deus
727 1470 742 1496 ,
773 1429 854 1482 cui
895 1429 1017 1482 bene
1060 1427 1357 1496 placuerunt
1387 1434 1556 1493 patres
1590 1421 1705 1476 mei.
1739 1423 1837 1474 Αι-

243 1521 397 1576 tende
443 1519 760 1574 modestiam
806 1517 1005 1581 Iacob,
1047 1516 1169 1570 vide
1219 1517 1454 1569 animam
1504 1512 1834 1583 religiosam.

240 1611 350 1666 Non
372 1610 606 1666 audebat
630 1609 833 1673 dicere.
865 1609 1004 1663 Deus
1029 1607 1116 1662 cui
1144 1609 1280 1662 bene
1306 1607 1476 1675 placui
1510 1624 1525 1662 :
1551 1605 1646 1661 sed
1671 1604 1840 1676 quid?

239 1702 331 1760 Cui
355 1701 482 1756 bene
516 1699 816 1769 placuerunt
857 1710 1026 1770 patres
1061 1697 1178 1752 anei.
1216 1685 1406 1752 Vidisti
1445 1696 1678 1750 animam
1719 1712 1842 1765 gra-

238 1793 388 1849 tam?
420 1792 633 1847 tametsi
667 1790 822 1861 paulo
862 1799 1018 1845 antea
1064 1803 1290 1844 narrans
1322 1788 1536 1844 dicebat
1561 1808 1575 1845 :
1603 1786 1671 1842 In
1697 1787 1840 1842 [λειω

236 1883 475 1954 apparuit
517 1882 662 1945 mihi,
697 1890 744 1936 et
774 1882 1006 1950 promisit
1039 1879 1280 1934 daturum
1317 1896 1372 1934 se
1410 1880 1533 1933 mihi
1573 1891 1620 1934 et
1659 1877 1841 1932 semini

238 1991 345 2030 tneo
385 1989 586 2030 enim
631 1983 852 2039 terram,
899 1981 946 2027 et
986 1973 1040 2026 in
1080 1973 1493 2042 congregationes
1522 1972 1746 2043 gentium
1787 1987 1841 2025 se

236 2067 498 2135 facturum
523 2079 690 2117 semen
716 2079 902 2116 meum.
947 2061 1014 2118 Et
1058 2071 1168 2118 tam
1206 2061 1480 2118 evidentia
1510 2062 1716 2118 habens
1755 2061 1840 2117 itt-

235 2153 370 2208 dieia
417 2153 617 2208 divina:
666 2167 792 2222 erga
848 2167 908 2208 se
951 2153 1379 2216 benevolentiae,
1425 2153 1601 2209 adhuc
1660 2163 1840 2209 tamen

230 2243 573 2299 humiliatarn
605 2243 790 2298 habuit
835 2254 1106 2308 mentem,
1137 2252 1192 2298 ct
1228 2244 1400 2298 dicit:
1428 2244 1571 2299 Deus
1601 2247 1684 2299 cui
1719 2247 1844 2301 bene

238 2337 540 2408 placuerunt
579 2347 748 2407 patres
773 2330 869 2392 mei
899 2353 1069 2392 coram
1112 2338 1246 2407 ipso,
1288 2337 1548 2392 Abraham
1584 2347 1633 2393 et
1666 2336 1837 2392 Isaac.

239 2425 440 2481 Deinde
471 2425 665 2481 iterum
691 2443 705 2479 :
735 2427 838 2494 Qui
866 2429 1028 2498 pascit
1049 2445 1128 2482 me
1151 2445 1184 2481 a
1202 2430 1467 2498 iuventute
1489 2445 1620 2482 mea.
1644 2429 1843 2499 Accipe

235 2526 285 2570 et
317 2532 381 2570 ex
420 2515 526 2570 hoc
561 2515 925 2586 gratissimum
948 2517 1064 2586 ejus
1085 2519 1346 2573 auiunun.
1391 2517 1507 2572 Non
1551 2519 1682 2573 dicit
1721 2533 1844 2588 pro-

237 2606 404 2674 priam
429 2606 707 2672 virtutem,
736 2607 833 2661 sed
855 2623 915 2661 ea
957 2624 1076 2677 qua:
1104 2607 1210 2662 sibi
1244 2623 1272 2661 τι
1298 2607 1410 2663 Deo
1434 2608 1650 2662 fuerunt
1681 2608 1840 2664 facta.

238 2697 335 2764 Qui
362 2699 534 2766 pascit
573 2714 652 2752 nte
688 2715 720 2750 o
755 2700 1021 2767 juventus
1068 2715 1179 2756 mea
1223 2715 1380 2769 usque
1416 2701 1470 2753 in
1508 2701 1642 2752 diem
1685 2699 1841 2758 hanc.

235 2787 351 2857 Ipse
379 2788 550 2852 enim,
583 2789 774 2859 inquit.
803 2799 887 2844 cst
913 2790 1004 2859 qui
1035 2789 1103 2844 sb
1133 2789 1288 2843 initio
1313 2806 1482 2859 usque
1508 2789 1574 2844 ad
1604 2805 1844 2860 praesens

235 2893 323 2933 res
352 2893 505 2933 meas
534 2879 897 2949 dispensavit,
929 2889 984 2935 et
1014 2879 1322 2935 moderatus
1346 2889 1449 2936 est.
1498 2881 1576 2935 Ita
1613 2889 1666 2934 et
1697 2880 1846 2949 prius

233 2966 447 3023 diccbat
491 2985 506 3022 :
543 2967 610 3023 In
641 2969 784 3040 uirga
823 2971 958 3024 enim
990 2987 1101 3024 mea
1142 2971 1238 3024 hac
1279 2972 1486 3024 transivi
1511 2971 1794 3026 Iordanem
1823 2986 1842 3025 :

232 3068 277 3113 et
303 3075 418 3113 ecce
442 3075 582 3113 nunc
608 3063 777 3130 factus
823 3077 936 3114 sum
977 3061 1032 3114 in
1070 3060 1173 3115 duo
1211 3070 1381 3115 castra
1408 3059 1562 3132 (Gen.
1594 3062 1689 3120 52.
1718 3062 1841 3132 10).

235 3151 298 3206 Et
341 3166 487 3206 nunc
531 3153 724 3206 iterum
769 3151 895 3207 aliis
918 3152 1098 3207 verbis
1126 3151 1251 3207 dicit
1287 3169 1302 3210 :
1342 3153 1445 3220 Qui
1487 3155 1650 3223 pascit
1691 3170 1772 3207 me
1811 3171 1845 3207 a

228 3244 496 3314 iuuentute
516 3259 626 3298 mea
652 3259 808 3314 usque
833 3243 885 3297 in
909 3244 1041 3297 diem
1068 3245 1226 3308 hunc,
1253 3245 1342 3299 16.
1365 3244 1580 3316 angelus
1604 3245 1693 3316 qui
1719 3245 1845 3300 libe-

233 3335 360 3388 ravit
395 3352 478 3387 me
503 3335 568 3388 de
608 3334 840 3389 omnibus
881 3335 1051 3388 utalis.
1096 3334 1276 3390 Grata:
1302 3337 1493 3390 anime
1525 3351 1590 3391 ac
1619 3338 1717 3407 piae
1743 3379 1758 3401 ,
1789 3346 1844 3393 ct

233 3426 369 3484 bene
408 3427 667 3482 memoris
695 3427 1074 3482 beneficiorum
1107 3426 1220 3492 Dei,
1251 3429 1436 3482 verba.
1487 3429 1618 3497 Ille,
1650 3430 1844 3500 inquit,

231 3519 313 3572 cui
356 3528 541 3587 patres
572 3521 675 3572 mei
706 3517 844 3573 bene
875 3519 1206 3587 placuerunt,
1253 3520 1342 3588 qui
1373 3535 1458 3573 me
1496 3535 1528 3574 a
1564 3521 1843 3592 iuventute

232 3625 348 3665 mea
379 3625 552 3680 usque
592 3611 644 3666 in
689 3621 1009 3680 praesentem
1039 3611 1182 3666 diem
1228 3613 1472 3669 educavit
1495 3655 1515 3679 ,
1541 3615 1633 3684 qui
1661 3629 1749 3669 me
1773 3616 1846 3672 ab

233 3699 384 3754 initio
405 3700 476 3754 ab
500 3700 752 3754 omnibus
779 3701 932 3754 malis
964 3701 1224 3763 liberavit,
1256 3703 1346 3770 qui
1371 3712 1572 3757 tantam
1603 3720 1725 3775 erga
1754 3720 1841 3761 me

230 3791 525 3846 declaravit
565 3791 980 3861 providentiam,
1030 3794 1142 3862 ipse
1168 3793 1440 3850 Benedicet
1477 3797 1571 3850 Iros
1611 3814 1794 3866 pueros
1822 3815 1842 3852 :

230 3891 278 3936 et
315 3882 632 3935 im-ocabitur
661 3881 713 3935 in
745 3884 814 3936 eis
857 3900 1038 3938 nomen
1080 3901 1247 3938 meum
1269 3927 1284 3950 ,
1325 3896 1372 3940 et
1411 3903 1594 3942 nomen
1639 3899 1841 3957 patrum

231 3991 488 4041 sucorum,
528 3975 783 4028 Abraham
809 3987 854 4031 et
888 3975 1061 4043 Isaac,
1107 3986 1152 4031 et
1195 3980 1596 4047 multiplicemur
1621 3983 1672 4035 iu
1704 3981 1840 4036 mul-

232 4067 500 4120 titudinem
531 4084 767 4139 magnam
797 4086 950 4139 super
979 4081 1182 4124 terram.
1208 4070 1393 4125 Vidisti
1420 4073 1578 4127 simul
1607 4085 1658 4128 ct
1687 4075 1844 4130 intel-

234 4155 548 4226 ligentiam,
596 4169 651 4214 et
709 4161 1080 4215 modestiam?
1129 4162 1536 4233 Inlelligcntiam
1585 4167 1836 4235 quidem,

231 4247 353 4314 quia
379 4246 506 4302 fidei
529 4249 700 4302 oculis
720 4251 1020 4318 praevidens
1043 4252 1297 4320 Ephraim
1323 4257 1554 4324 pra‘tulit
1575 4256 1800 4312 Manassi
1825 4277 1839 4313 :

232 4339 558 4396 modestiam
573 4356 722 4405 vero,
736 4343 859 4412 quia
882 4360 1141 4412 nusquam
1157 4359 1267 4400 sua:
1283 4348 1493 4401 virtutis
1509 4351 1838 4406 mentionem

234 4432 394 4498 fecit;
427 4433 524 4488 sed
551 4450 619 4488 ex
649 4435 875 4503 probata
907 4448 1114 4504 patrum
1144 4439 1272 4504 vita,
1306 4450 1361 4494 et
1385 4457 1454 4494 ex
1487 4443 1758 4497 beneficiis
1787 4445 1838 4498 in

232 4538 292 4578 se
319 4525 536 4578 collatis
567 4525 680 4592 ipse
728 4541 912 4595 preces
959 4527 1112 4595 fudit,
1159 4540 1212 4583 et
1243 4531 1671 4588 benedictionem
1717 4535 1840 4591 filiis

232 4627 488 4685 precatus
514 4625 616 4671 est.
653 4616 850 4671 Verum
872 4619 1040 4673 Iacob
1063 4621 1278 4691 quidem
1311 4624 1610 4691 prtuvideus
1639 4624 1838 4693 futura,

233 4703 302 4760 ita
337 4707 444 4761 illis
478 4707 751 4763 benedixit
794 4727 806 4762 :
843 4711 929 4764 17.
967 4710 1162 4781 Ioseph
1209 4729 1324 4767 vero
1368 4716 1543 4769 videns
1578 4719 1842 4786 junioreut

233 4800 508 4867 prclatum
531 4802 740 4866 seniori,
771 4819 924 4874 grave
951 4813 996 4859 et
1020 4805 1284 4875 indignant
1312 4824 1421 4860 esse
1450 4820 1655 4876 putans,
1685 4812 1841 4866 dicit:

235 4891 322 4947 I8.
359 4892 457 4945 llic
479 4903 555 4947 est
595 4895 1002 4966 primogenitus;
1041 4914 1173 4967 pone
1207 4898 1469 4952 dexteram
1512 4912 1649 4954 tuam
1690 4920 1843 4973 super

230 4993 386 5051 caput
413 4985 541 5052 ejus.
572 4984 660 5039 I9.
688 4985 754 5038 Et
778 4989 974 5053 noluit,
1001 4989 1092 5042 sed
1112 4990 1240 5044 dixit
1265 5007 1283 5044 .'
1308 4991 1459 5054 Scio,
1485 4994 1593 5061 ﬁli,
1622 4995 1745 5050 scio.
1777 4995 1842 5048 Et

233 5075 315 5128 hic
339 5075 436 5129 erit
461 5077 512 5128 in
541 5077 815 5144 paparium,
847 5090 892 5133 et
921 5080 1002 5134 hic
1029 5083 1335 5138 excitabitur
1353 5103 1372 5149 ;
1414 5087 1504 5140 sed
1537 5091 1699 5156 frater
1733 5091 1842 5153 ejus

225 5165 407 5235 junior
430 5167 599 5235 major
618 5183 677 5221 eo
707 5171 820 5233 erit,
850 5181 896 5222 ct
919 5190 1086 5226 semen
1114 5176 1224 5244 ejus
1254 5187 1347 5229 ertt
1379 5178 1429 5230 in
1459 5179 1840 5234 multitudinem

231 5259 480 5325 gentimu.
525 5257 603 5312 Nc
637 5269 788 5328 putes
819 5278 937 5327 me,
974 5264 1178 5333 inquit,
1217 5281 1344 5320 casu
1387 5283 1450 5323 ac
1489 5270 1708 5325 fortuito
1741 5273 1843 5330 hoc

235 5346 449 5410 fecisse,
481 5348 565 5403 vel
595 5365 688 5418 per
717 5351 1092 5421 ignorantiam.
1125 5356 1250 5412 Seio
1273 5358 1437 5424 enim,
1463 5373 1517 5415 et
1544 5363 1842 5432 praevidens

233 5439 410 5495 l'utnra
435 5485 451 5505 ,
481 5441 552 5496 ita
584 5444 631 5498 ei
663 5445 1093 5503 benedictionem
1125 5449 1267 5504 dedi.
1314 5452 1442 5507 Nam
1487 5456 1611 5510 licet
1651 5469 1842 5514 natura

233 5536 524 5605 primatum
556 5539 746 5592 habeat
781 5540 1051 5597 Μιιιιδεεες
1073 5584 1086 5607 ,
1117 5543 1211 5598 sed
1242 5543 1451 5601 Iuvenis
1479 5549 1565 5603 ille
1595 5554 1758 5621 major
1785 5571 1843 5608 eo

233 5626 355 5690 erit,
381 5637 428 5679 et
451 5643 620 5682 semen
643 5630 754 5700 ejus
781 5631 834 5684 in
857 5634 1234 5688 multitudinem
1256 5641 1500 5707 gentium.
1528 5640 1639 5696 Iloc
1665 5653 1842 5700 autem

235 5727 405 5774 totum
441 5718 635 5776 factum
667 5735 770 5790 est,
802 5726 924 5795 quia
957 5727 1080 5782 hinc
1111 5745 1332 5799 regnum
1362 5732 1840 5796 detnonstrabatur

235 5813 588 5870 exoriturtun.
641 5816 927 5892 Propterea
982 5823 1278 5894 pncdiceus
1332 5825 1544 5896 murra,
1593 5831 1671 5888 sic
1715 5847 1838 5890 cum

1263 395 1330 453 IN
1371 395 1523 452 CAP.
1558 391 1767 449 XLVIII
1832 388 2079 445 GENES.
2125 383 2354 443 IIOIIIL.
2399 383 2584 440 ιχγι.

3453 373 3562 432 ω

1943 499 2232 556 benedicit.
2262 499 2356 554 20.
2385 498 2451 554 Et
2475 495 2737 552 benedixit
2757 511 2862 559 eos,
2891 493 3064 546 oﬁ'cens
3087 508 3106 546 .·
3133 487 3200 544 ιιι
3227 489 3364 544 vobis
3399 489 3551 543 bene-

1942 589 2112 646 dice»!
2134 589 2322 656 Israel,
2367 590 2592 643 dicentes
2619 603 2639 641 :
2667 585 2847 641 Faciat
2871 595 2918 640 te
2962 583 3099 636 Deus
3141 583 3271 636 sicut
3309 578 3561 650 liparaim

1939 691 1990 736 et
2032 681 2293 736 Manum.
2334 677 2406 736 Et
2448 680 2617 751 posuit
2666 676 2919 748 Epirraim
2957 685 3078 729 ante
3122 673 3419 728 Manassen.
3460 671 3570 738 ιω,

1947 773 2140 843 inquit,
2172 773 2334 828 ambo
2361 780 2524 826 erunt
2549 769 2812 840 gloriosi,
2844 777 2900 821 ut
2927 780 3118 820 esuries
3150 765 3202 819 in
3232 763 3434 834 optatis
3461 761 3563 818 ha-

1943 868 2104 921 beant
2133 865 2200 920 ad
2226 865 2472 920 eamdem
2500 879 2623 918 cum
2666 862 2774 916 illis
2800 862 3026 932 gloriam
3059 858 3344 933 pervenire
3373 873 3387 910 :
3418 865 3564 909 stto-

1944 971 2069 1012 men
2115 956 2266 1027 prior
2311 957 2415 1011 erit
2461 955 2718 1026 Ephraim
2764 953 3030 1007 Ilmrasse.
3083 949 3246 1004 Vides
3289 945 3566 1018 quomodo

1943 1047 2114 1117 gratia
2162 1046 2257 1102 Dei
2309 1044 2758 1116 praemonstrabat
2787 1043 2838 1098 ei
2890 1041 3102 1104 futura,
3149 1054 3214 1094 ac
3245 1037 3566 1110 prolxhctieo

1944 1135 2161 1190 afflatus
2182 1135 2374 1204 spiritu
2407 1135 2530 1190 filiis
2558 1133 2762 1205 Ioseph
2793 1129 3151 1196 benediscsit,
3183 1138 3240 1184 et
3267 1127 3411 1198 quod
3440 1135 3561 1182 tan-

1946 1228 2014 1282 tis
2041 1228 2372 1297 tcutpuribns
2391 1227 2599 1292 aborat,
2631 1236 2902 1296 tamquam
2928 1238 3168 1293 praesens
3192 1231 3250 1278 et
3271 1233 3396 1277 ante
3426 1235 3565 1277 ocu-

1947 1318 2026 1374 los
2049 1319 2210 1372 situm
2239 1317 2475 1372 viderit?
2498 1317 2608 1372 lloc
2629 1317 2773 1371 enim
2791 1314 2952 1368 anulo
2975 1330 3034 1369 sc
3066 1314 3226 1370 habet
3255 1311 3560 1383 prophetia.

2025 1407 2175 1462 Oculi
2199 1409 2320 1478 ﬁdei
2345 1408 2745 1479 perspicaciores
2766 1406 3042 1478 corporeis.
3068 1404 3287 1459 Moralis
3306 1404 3561 1475 epilogus.

1945 1530 2019 1541 —
2041 1500 2172 1555 Nam
2205 1501 2343 1555 sicut
2381 1500 2523 1554 oculi
2566 1499 2880 1571 corporales
2909 1497 3040 1552 nihil
3070 1495 3300 1566 amplius
3331 1505 3558 1565 prteter-

1947 1606 2106 1661 quam
2134 1591 2364 1646 visiban
2401 1599 2648 1661 spectare
2677 1597 2922 1659 possunt,
2953 1589 3022 1643 ita
3052 1598 3108 1643 et
3134 1585 3421 1643 oculifidei
3453 1601 3560 1641 non

1947 1700 2068 1754 qua:
2092 1684 2341 1739 videntur
2357 1691 2626 1756 spectant,
2647 1682 2744 1738 sed
2774 1683 2860 1739 illa
2878 1681 3080 1743 vident,
3105 1695 3225 1750 qua:
3251 1678 3419 1733 multo
3445 1688 3564 1748 past

1949 1773 2124 1829 latura
2151 1784 2296 1829 sunt.
2335 1775 2397 1828 Et
2429 1774 2532 1828 huc
2557 1771 2894 1829 manifestius
2922 1773 3107 1828 scietis
3132 1787 3197 1826 ex
3231 1770 3572 1826 benedictio-

1949 1868 2129 1931 nibus,
2153 1882 2286 1938 quas
2309 1867 2420 1920 suis
2445 1866 2567 1922 filiis
2588 1867 2701 1921 dat.
2730 1866 2999 1922 Caeterum
3024 1881 3092 1919 uo
3113 1866 3333 1933 longum
3359 1878 3569 1918 sertnoo

1948 1974 2073 2014 nem
2104 1958 2363 2014 faciamus
2386 2001 2404 2025 ,
2431 1958 2710 2028 multoque
2736 1971 2832 2011 vos
2856 1971 3148 2012 oneremus
3182 1956 3403 2020 labore,
3435 1969 3567 2010 cou‘

1950 2055 2084 2108 tenti
2125 2051 2323 2118 dictis,
2357 2052 2409 2105 iu
2453 2060 2769 2122 sequentem
2816 2063 3123 2106 sermonem
3165 2047 3569 2103 reservahimns

1951 2145 2183 2199 liliorum
2215 2143 2334 2211 ejus
2364 2143 2816 2199 beticdictionom.
2869 2140 3018 2199 illud.
3040 2151 3218 2195 tamen
3245 2139 3577 2195 olsceraveo.

1950 2237 2051 2292 rim
2079 2247 2311 2292 vestram
2339 2236 2652 2301 caritatem,
2681 2245 2738 2288 ut
2765 2233 3046 2290 imitemini
3073 2233 3277 2303 justum
3310 2233 3482 2294 hunc,
3511 2240 3568 2286 et

1951 2329 2086 2383 tales
2112 2328 2442 2384 hereditates
2471 2327 2594 2381 liliis
2615 2325 2810 2381 vestris
2832 2324 3152 2394 relinquatis
3174 2364 3189 2388 ,
3217 2339 3337 2392 quae
3364 2336 3393 2377 a
3423 2322 3573 2376 nullo

1949 2436 2205 2490 umquam
2226 2419 2484 2474 damnum
2501 2418 2750 2485 accipere
2767 2418 2996 2488 possint.
3023 2416 3228 2471 Divitis:
3247 2415 3388 2472 enim
3412 2424 3559 2482 stupe

1949 2510 2112 2566 etiam
2139 2510 2528 2582 accipientibus
2550 2508 2845 2577 perniciem
2871 2517 3221 2579 pepererunt,
3245 2519 3291 2561 et
3322 2505 3540 2562 insidias

1949 2609 2007 2655 et
2035 2600 2202 2654 multa
2235 2600 2470 2670 pericula
2507 2617 2521 2652 :
2554 2598 2639 2653 hic
2670 2607 2852 2654 autem
2872 2597 3007 2652 nihil
3043 2596 3148 2652 tale
3171 2595 3431 2666 suspicari
3469 2611 3573 2665 pu-

1951 2693 2081 2748 teris
2121 2708 2396 2763 umquam.
2451 2690 2763 2748 Thesaurus
2799 2689 2946 2746 enim
2986 2699 3111 2758 est,
3146 2690 3236 2761 qui
3277 2706 3566 2760 numquat.

1949 2788 2244 2852 exhauriri,
2275 2801 2568 2857 numquam
2598 2793 2776 2856 potest
2803 2785 3084 2844 consumi:
3119 2784 3438 2851 thesaurus,
3472 2785 3563 2855 qui

1950 2895 2057 2936 non
2088 2865 2367 2935 hominum
2388 2879 2552 2947 dolis,
2580 2894 2681 2936 nec
2705 2878 2978 2935 latronum
3003 2877 3233 2944 insidiis,
3259 2891 3366 2931 non
3397 2875 3571 2932 fautu-

1951 2971 2131 3024 lorum
2161 2971 2384 3037 malitia,
2411 2986 2517 3026 non
2546 2969 2654 3027 alio
2679 2969 2932 3042 quopiam
2960 2967 3209 3023 imminui
3240 2977 3414 3038 pOIC>I
3434 3010 3447 3032 ,
3473 2970 3567 3024 sed

1951 3073 2212 3134 perpetuo
2245 3073 2428 3131 manet
2461 3081 2474 3116 :
2503 3062 2799 3132 spiritualis
2837 3061 2984 3116 enim
3017 3070 3100 3115 est
3125 3102 3140 3124 ,
3175 3061 3423 3116 humanis
3461 3077 3572 3117 non

1948 3153 2148 3207 cedens
2189 3152 2397 3208 insidiis
2422 3192 2439 3217 ,
2471 3151 2568 3207 sed
2609 3167 2736 3206 cum
2766 3150 2830 3204 iis
2855 3148 2950 3220 qui
2987 3149 3144 3204 illum
3169 3150 3444 3219 accipiunt
3465 3191 3482 3214 .
3514 3161 3570 3207 et

1948 3242 2115 3297 sobrii
2145 3256 2266 3296 esse
2308 3242 2492 3296 volunt
2535 3253 2598 3298 ac
2640 3240 2972 3311 prudentes,
3017 3236 3072 3293 in
3123 3237 3355 3294 futuram
3401 3240 3571 3297 vitant

1949 3333 2220 3403 migrabit,
2254 3342 2308 3388 ct
2332 3335 2412 3390 eis
2439 3341 2640 3389 tcterna
2669 3331 2996 3403 praeparabit
3017 3333 3390 3390 tabernacula.

2021 3426 2075 3480 l.
2115 3424 2194 3481 Ne
2233 3427 2394 3496 igitur
2431 3439 2650 3496 Operam
2693 3432 2937 3479 nostram
2975 3427 3026 3480 in
3067 3423 3402 3494 colligendas
3433 3439 3569 3496 opes

1947 3518 2278 3574 collocemus
2303 3559 2319 3585 ,
2350 3533 2486 3587 quas
2529 3517 2900 3588 relinquamus
2936 3516 3095 3580 filiis;
3145 3517 3238 3571 sed
3276 3515 3575 3571 doceamus

1949 3625 2045 3666 cos
2073 3611 2347 3676 virtutem,
2373 3619 2428 3664 et
2455 3609 2883 3664 benedictionem
2914 3609 3009 3665 Dei
3043 3609 3150 3664 illis
3178 3623 3560 3679 apprecamur.

1949 3700 2068 3755 Isne
2105 3702 2250 3756 enim
2278 3743 2293 3764 ,
2334 3701 2451 3756 isne
2499 3702 2746 3755 marium
2773 3711 2898 3756 sunt
2929 3700 3210 3756 facultates
3240 3718 3253 3754 :
3288 3701 3406 3754 ista:
3436 3709 3567 3756 sunt

1948 3795 2250 3851 ineffabiles
2275 3792 2474 3849 divitiae
2495 3835 2510 3859 ,
2539 3809 2660 3864 quae
2683 3809 2796 3848 non
2822 3793 3204 3859 absumuntur,
3231 3809 3354 3864 qua:
3385 3797 3566 3864 quotl-

1949 3886 2036 3940 die
2078 3885 2436 3940 substantiam
2479 3895 2717 3939 nostram
2759 3894 2980 3954 augent.
3026 3884 3170 3940 Nihil
3197 3885 3342 3939 enim
3385 3885 3573 3941 virtuti

1950 3993 2045 4047 par
2065 4018 2082 4042 ,
2121 3976 2254 4031 nihil
2282 3977 2479 4030 virtute
2520 3976 2789 4046 potentius
2821 3991 2840 4031 :
2866 3977 3077 4032 etiamsi
3105 3976 3236 4031 mihi
3265 3975 3416 4032 dicas
3441 3992 3569 4032 cum

1947 4071 2036 4140 qui
2064 4085 2288 4140 regnum
2313 4069 2495 4134 habet,
2517 4085 2582 4126 ac
2605 4070 2849 4124 diadema
2875 4070 3030 4141 gerit,
3058 4071 3158 4126 nisi
3187 4069 3323 4125 hanc
3347 4070 3568 4136 haheat,

1947 4164 2138 4233 quovis
2172 4163 2522 4232 panniculoso
2553 4177 2788 4232 paupere
2815 4163 3066 4218 miserior
3094 4163 3217 4218 erit.
3253 4161 3390 4230 Quid
3419 4162 3569 4219 enim

1948 4255 2024 4308 illi
2055 4254 2312 4324 prodesse
2353 4253 2549 4322 poterit
2585 4252 2830 4308 diadema
2862 4264 2954 4308 aut
2981 4269 3236 4323 purpura.
3269 4255 3358 4324 qui
3388 4255 3569 4311 virtu-

1948 4355 2058 4401 tem
2101 4361 2194 4399 sua
2227 4345 2427 4399 desidia
2461 4345 2988 4416 perdit?-Numquid
3019 4347 3279 4401 Dominus
3306 4357 3564 4402 externa-

1950 4456 2066 4494 rum
2099 4439 2416 4508 dignitatum
2445 4439 2760 4492 varietatem
2791 4438 3041 4507 spectat?
3067 4440 3324 4508 numquid
3369 4455 3570 4508 perso-

1949 4549 2138 4588 narum
2166 4533 2334 4604 gloria
2367 4533 2751 4601 permovetur?
2784 4531 2956 4589 Unum
2989 4542 3073 4588 est
3104 4533 3211 4586 illic
3240 4533 3382 4602 quod
3415 4550 3567 4603 qum-

1949 4626 2084 4679 ritur
2107 4668 2120 4690 ,
2155 4638 2212 4680 ut
2260 4641 2355 4694 per
2384 4625 2752 4695 operationem
2786 4625 3043 4680 virtutum
3075 4635 3290 4694 apertas
3323 4625 3575 4682 invenire

1951 4720 2220 4788 possimus
2262 4718 2457 4788 januas
2504 4719 2708 4774 fiducia:
2762 4721 2814 4773 in
2869 4719 3037 4773 Deum
3074 4736 3238 4779 :nam
3287 4722 3376 4790 qui
3431 4721 3572 4776 nihil

1952 4813 2160 4867 fiducia:
2189 4812 2315 4868 hinc
2335 4813 2524 4879 defert,
2556 4813 2696 4869 inter
2724 4813 3110 4884 ign-mriniosos
3134 4824 3187 4868 et
3215 4815 3569 4883 desperantes

1951 4907 2124 4959 iocum
2155 4906 2392 4960 habebit.

2028 4999 2268 5053 Pecunia:
2313 4999 2485 5052 virtuti
2514 4999 2737 5053 obstant.
2779 5027 2851 5040 -—
2879 4998 2991 5053 Hoc
3019 4998 3178 5068 igitur
3209 5014 3400 5054 omnes
3431 5015 3562 5054 cou-

1955 5091 2250 5146 sidcrcmus
2274 5131 2289 5154 ,
2329 5100 2381 5145 ct
2413 5101 2626 5145 nostros
2673 5090 2810 5144 filios
2853 5092 3142 5145 doceamus
3171 5133 3184 5152 ,
3221 5100 3277 5143 ut
3308 5092 3567 5148 virtuten:

1950 5184 2113 5239 rebus
2128 5185 2378 5238 omnibus
2393 5184 2698 5254 prreferant.
2720 5184 2981 5252 nihilique
2996 5183 3184 5238 faciant
3210 5186 3564 5254 pecuniarum

1950 5276 2356 5330 alntndantiam.
2392 5277 2516 5331 llrec
2547 5277 2688 5330 enim
2712 5319 2724 5338 .
2759 5276 2873 5331 lure
2914 5287 2997 5332 est
3037 5295 3156 5347 qui:
3204 5279 3384 5332 virtuti
3426 5296 3572 5349 sa~po

1955 5369 2244 5437 plurimum
2290 5369 2467 5424 obstat
2501 5388 2512 5423 :
2541 5370 2975 5438 quandoquidem
3026 5372 3277 5426 nesciunt
3328 5374 3571 5441 pecuniis

1955 5461 2028 5514 ιιιί
2070 5461 2300 5530 juvenes
2346 5472 2405 5516 ut
2450 5471 2684 5532 oportet.
2721 5463 2788 5520 Et
2831 5465 2973 5518 sicut
3011 5465 3157 5533 parvi
3203 5467 3351 5533 pueri
3383 5482 3572 5536 sa'pe,

1952 5556 2168 5626 quando
2189 5557 2436 5611 cultellos
2457 5569 2506 5612 et
2531 5558 2735 5627 gLidios
2759 5561 3043 5628 arripiunt,
3068 5575 3134 5612 eo
3156 5560 3297 5630 quod
3325 5563 3570 5618 nesciunt

1953 5649 2090 5704 bene
2121 5648 2226 5704 illis
2255 5650 2349 5712 uti,
2385 5651 2775 5718 periclitantur,
2812 5652 2953 5707 unde
2985 5663 3186 5707 matres
3211 5670 3317 5707 non
3347 5655 3568 5724 permit-

1953 5753 2074 5800 tum
2105 5743 2208 5798 illis
2240 5759 2334 5798 cos
2372 5745 2590 5812 impune
2619 5748 2930 5817 attingere:
2961 5749 3028 5802 ita
3059 5747 3302 5818 profecto
3333 5760 3386 5802 et
3415 5753 3572 5818 juve-

1955 5849 2072 5902 nes,
2104 5833 2196 5907 qui
2252 5837 2598 5908 pecuniarum
2641 5838 3023 5895 abundantiam
3063 5841 3402 5913 susceperint
3445 5857 3575 5900 cum
