4086 6450
528 411 621 465 571

529 522 712 575 nolunt
742 523 820 576 cls
851 521 982 578 bene
1009 523 1103 587 uti,
1136 521 1187 575 in
1221 524 1507 592 periculum
1537 533 1742 578 certum
1773 538 1832 576 se
1860 521 2106 590 pra-cipi-

533 621 679 678 tant,
708 612 967 665 sarcinam
995 623 1330 680 peccatorum
1357 612 1455 666 sibi
1485 613 1604 667 inde
1631 612 1966 681 colligentes.
2009 610 2108 664 Na-

530 712 750 756 scuntur
778 704 917 755 enim
947 701 1070 757 inde
1100 705 1250 756 luxus
1277 744 1290 767 ,
1321 703 1523 757 delicia
1548 745 1562 768 ,
1591 713 1646 763 et
1683 703 1926 758 absurda:
1954 702 2109 755 volu-

537 801 706 859 ptates
745 800 798 844 et
841 793 1038 845 inlinita
1080 793 1213 846 mala
1251 812 1264 845 ε
1298 809 1401 847 non
1448 793 1762 862 simpliciter
1798 807 1827 845 a
1875 791 2111 861 pecuniis

532 881 674 944 dico,
705 896 745 933 ει
765 881 796 933 d
832 881 951 935 ideo
979 883 1100 951 quia
1128 883 1215 952 qui
1247 883 1361 937 illas
1389 893 1704 952 receperunt
1723 924 1738 945 ,
1764 884 1842 938 eis
1870 883 2113 936 nesciunt

534 978 680 1024 recte
708 972 800 1023 uti.
834 971 1116 1038 Propterea
1139 982 1192 1026 et
1212 973 1426 1041 sapiens
1451 973 1662 1042 quidam
1686 972 1894 1027 dicebat
1919 990 1932 1026 :
1957 971 2113 1025 Bona:

528 1061 736 1125 diuitiw,
763 1062 940 1129 quibus
967 1077 1065 1114 non
1086 1070 1157 1114 est
1174 1062 1498 1131 conjunctum
1524 1073 1782 1131 peccatum
1805 1062 1992 1131 (Eccli.
2026 1064 2108 1118 l5.

530 1149 645 1218 50).
675 1149 807 1216 Quia
837 1159 890 1204 et
919 1151 1184 1204 Abraham
1209 1149 1358 1205 dives
1383 1161 1500 1206 erat
1523 1194 1538 1216 ,
1567 1161 1623 1206 et
1647 1151 1748 1207 Job
1771 1153 1920 1208 dives
1947 1161 2063 1207 erat
2090 1191 2110 1218 ,

531 1246 588 1291 et
616 1253 720 1291 non
749 1240 920 1292 solum
946 1238 1073 1294 nihil
1104 1240 1280 1295 damni
1311 1243 1388 1296 eis
1413 1242 1604 1296 accidit
1631 1258 1660 1297 a
1691 1243 1908 1307 divitiis,
1941 1243 2032 1298 sed
2060 1252 2114 1298 et

531 1329 781 1382 clariores
823 1329 1056 1382 fuerunt.
1102 1331 1315 1396 Quare?
1357 1332 1490 1398 Quia
1529 1349 1634 1386 non
1677 1335 1730 1388 in
1763 1349 1915 1387 usum
1955 1351 2110 1388 suum

539 1427 744 1472 tantum
787 1419 878 1473 has
920 1421 1298 1490 possidebant,
1337 1423 1432 1478 sed
1472 1434 1526 1478 ut
1568 1425 1632 1479 iis
1666 1425 1914 1493 juvat-ent
1952 1428 2112 1480 etiam

534 1509 671 1563 alios
695 1551 710 1574 ,
742 1526 969 1580 quorum
1010 1524 1383 1568 succurrerent
1422 1515 1612 1584 in0piie
1637 1557 1649 1580 ,
1676 1525 1733 1570 et
1755 1527 1896 1570 esset
1923 1517 2114 1570 damus

533 1617 718 1655 corum
747 1612 929 1671 aperta
967 1606 1259 1674 peregrinis
1283 1606 1550 1660 omnibus.
1600 1607 1738 1660 Audi
1780 1609 1921 1661 enim
1952 1623 2110 1661 unum

533 1705 719 1743 eorum
749 1690 1012 1746 dicentem
1045 1709 1059 1744 :
1089 1693 1150 1747 Si
1184 1704 1351 1745 autem
1384 1711 1611 1762 egressus
1645 1706 1716 1748 est
1735 1697 1845 1764 quis
1875 1696 1936 1749 de
1965 1697 2113 1749 domo

534 1798 644 1834 mea
669 1782 782 1833 sinu
805 1798 958 1835 vacuo
982 1799 1000 1834 :
1021 1793 1250 1836 acturum
1268 1794 1314 1836 et
1339 1787 1630 1854 impotentes
1654 1787 1834 1838 viribus
1849 1826 1864 1850 ,
1889 1787 1932 1840 si
1954 1804 2114 1856 quan-

534 1871 603 1922 do
632 1869 918 1940 indigebant
946 1871 1167 1924 subsidio
1187 1910 1201 1933 ,
1234 1889 1333 1925 non
1366 1874 1690 1942 privabantur
1716 1875 1853 1942 (Job.
1884 1877 1972 1930 51.
2002 1877 2112 1945 16).

537 1961 600 2016 Et
644 1976 747 2014 non
788 1963 957 2015 solum
999 1978 1094 2031 per
1140 1965 1389 2032 pecunias
1428 1965 1719 2021 subsidium
1761 1967 2115 2036 indigentibus

537 2047 809 2117 ferebant,
851 2051 944 2105 sed
986 2063 1040 2107 et
1081 2054 1486 2110 sollicitudinem
1517 2072 1700 2110 eorum
1739 2059 2012 2127 gerebant.
2049 2057 2116 2111 Et

536 2156 676 2192 eram
699 2181 714 2203 ,
746 2141 952 2208 inquit,
996 2159 1082 2210 pes
1119 2143 1347 2209 claudis,
1393 2145 1569 2198 oculus
1609 2147 1754 2200 cacis
1776 2186 1792 2212 ,
1823 2158 1870 2201 et
1899 2164 1926 2200 e
1954 2149 2117 2202 medio

535 2230 762 2283 dentium
788 2231 951 2298 eripui
979 2233 1203 2301 predum
1231 2233 1372 2307 (Job.
1399 2235 1488 2290 ‘39.
1523 2238 1606 2292 15.
1640 2238 1748 2308 17).
1781 2238 1940 2294 Vides
1958 2240 2117 2307 Lillutn

535 2329 596 2373 et
619 2335 799 2373 curam
826 2335 984 2390 agere
1008 2337 1195 2378 eorum
1222 2327 1312 2394 qui
1340 2327 1530 2396 injuria
1551 2327 1872 2392 amciuntur,
1897 2341 1951 2383 et
1971 2331 2121 2385 debi-

540 2408 678 2464 libus
720 2410 1076 2464 membrorum
1119 2413 1287 2467 vicem
1332 2430 1426 2483 per
1469 2418 1645 2471 omnia
1695 2399 2119 2488 reprmsentare?

540 2498 692 2552 llunc
717 2514 902 2554 omnes
927 2511 1136 2570 oportet
1165 2504 1387 2569 imitari,
1421 2505 1583 2572 hunc,
1616 2507 1851 2577 inquam,
1880 2511 1966 2578 qui
1996 2521 2120 2565 ante

541 2587 710 2657 legem
740 2587 865 2653 fuit,
896 2599 949 2642 ct
973 2599 1095 2645 ante
1119 2593 1339 2661 gratiam
1373 2604 1480 2649 tam
1505 2596 1643 2650 bene
1673 2610 1929 2652 moratam
1961 2600 2121 2654 vitam

537 2677 702 2746 gessit
731 2695 746 2731 :
778 2679 934 2748 idque
963 2695 1082 2734 cum
1116 2698 1213 2736 nec
1245 2695 1621 2754 praeceptorem
1651 2687 1922 2752 habuerit,
1953 2705 2123 2760 neque

542 2769 906 2836 progenitores
945 2771 1137 2825 virtute
1181 2773 1429 2840 prieditos
1451 2815 1466 2840 ,
1495 2776 1588 2830 sed
1627 2791 1655 2829 a
1695 2779 1984 2847 semetipso
2008 2789 2060 2834 et
2089 2796 2118 2832 a

543 2859 806 2911 sententia
847 2867 989 2912 recta
1030 2860 1080 2912 in
1111 2861 1302 2915 bonam
1334 2863 1468 2916 hanc
1499 2866 1654 2918 vitam
1685 2867 1960 2936 prodit-rit.
1988 2869 2118 2922 Nam

549 2950 910 3018 unus-quisque
953 2959 1192 3006 nostrum
1237 2953 1288 3005 in
1336 2965 1523 3008 natura
1566 2970 1659 3010 sua
1706 2957 1864 3012 habet
1909 2960 2118 3013 insitam

539 3037 816 3091 scientiam
870 3040 1079 3094 virtutis
1123 3059 1136 3095 :
1185 3052 1238 3096 et
1286 3044 1387 3098 nisi
1434 3046 1552 3115 quis
1595 3062 1714 3103 eam
1761 3049 1984 3103 voluerit
2032 3066 2124 3119 per

544 3129 800 3197 ignaviam
828 3145 974 3185 suam
1009 3133 1231 3212 perdere
1262 3138 1672 3205 generositatem
1698 3180 1711 3204 ,
1745 3157 2030 3210 numquam
2062 3158 2124 3197 ea

543 3221 854 3289 privabitur.
896 3221 1106 3278 Utinam
1141 3233 1317 3280 autem
1345 3241 1464 3280 eam
1491 3243 1680 3284 omnes
1707 3247 1806 3284 nos
1829 3232 2084 3301 eligamus
2107 3274 2124 3299 ,

542 3320 598 3365 et
625 3327 744 3366 cum
770 3313 1038 3383 diligentia
1081 3329 1425 3372 exerceamus
1449 3359 1462 3380 ,
1497 3320 1564 3372 ita
1596 3329 1652 3373 ut
1686 3321 1821 3374 bona
1857 3339 1974 3390 qum
2006 3323 2126 3378 dili-

543 3401 787 3470 gentibus
817 3403 979 3456 Deum
1009 3406 1264 3472 promissa
1293 3417 1417 3460 sunt
1442 3423 1847 3478 consequamur,
1874 3414 2040 3481 gratia
2071 3423 2125 3468 et

545 3493 907 3547 misericordia
937 3495 1142 3549 Domini
1175 3497 1338 3550 nostri
1363 3497 1486 3552 Jesu
1515 3497 1733 3566 Christi,
1765 3502 1849 3555 cui
1877 3515 1996 3555 cum
2028 3503 2123 3556 Pa-

545 3592 626 3636 tre
662 3593 715 3638 et
757 3596 942 3640 sancto
979 3587 1178 3656 Spiritu
1217 3589 1286 3642 sit
1318 3591 1523 3658 gloria,
1556 3591 1836 3660 imperium
1863 3635 1876 3658 ,
1913 3595 2080 3649 honor
2103 3635 2120 3662 ,

545 3689 686 3728 nunc
713 3685 766 3729 et
791 3690 1001 3745 semper
1026 3719 1040 3740 ,
1071 3688 1121 3732 et
1149 3677 1201 3732 in
1232 3681 1425 3733 sarcula
1451 3682 1787 3736 seculorum.
1822 3685 2011 3738 Anien.

1077 3790 1351 3847 llOMlLlA
1390 3793 1597 3849 LXVll.

545 3875 689 3930 Dixit
733 3888 897 3931 autem
923 3879 1082 3933 Israel
1109 3882 1176 3934 ad
1194 3881 1386 3953 Ioseph
1413 3899 1564 3938 :ecce
1591 3901 1680 3955 ego
1708 3889 1912 3948 morior,
1937 3899 1984 3940 et
2031 3891 2126 3943 erit

616 3969 756 4023 Deus
787 3975 1032 4024 uobiscum
1053 4015 1067 4036 ,
1095 3983 1140 4026 et
1174 3976 1375 4028 reducet
1402 3991 1485 4029 vos
1520 3976 1656 4030 Deus
1686 3995 1747 4031 ea:
1777 3989 1907 4032 terra
1945 3981 2039 4032 hac
2072 3982 2125 4034 in

617 4071 800 4112 terram
827 4071 1026 4130 patrum
1052 4074 1346 4116 vestrorum.
1393 4065 1501 4135 Ego
1528 4078 1692 4120 autem
1715 4069 1782 4121 do
1808 4071 1893 4121 tibi
1925 4071 2126 4125 Secima

613 4151 768 4202 electa
797 4168 901 4218 prce
927 4153 1166 4220 fratribus
1197 4155 1293 4204 tuis
1316 4196 1330 4217 ,
1370 4172 1484 4223 qua:
1510 4158 1619 4224 cepi
1645 4158 1698 4209 in
1729 4159 1905 4227 gladio
1939 4176 2046 4212 meo
2078 4171 2124 4213 et

617 4257 737 4291 arcu
767 4240 920 4308 (Gen.
949 4243 1036 4296 48.
1062 4244 1150 4298 21.
1181 4244 1297 4314 99.).

596 4329 646 4382 1.
661 4327 838 4381 Jacobi
859 4331 1116 4382 historiam
1134 4334 1290 4401 pergit
1310 4329 1710 4403 Chrysostomus,
1729 4348 1773 4389 et
1791 4338 1850 4390 iis
1870 4356 1982 4405 qua:
1993 4357 2127 4410 prat-

542 4419 793 4472 ccdentem
811 4421 1067 4473 ltomiliam
1085 4423 1432 4475 concluserunt
1458 4424 1662 4478 breviter
1678 4429 1962 4494 resumptis,
1981 4429 2125 4481 iden-

544 4509 694 4561 tidem
721 4508 968 4563 Jacobum
997 4511 1186 4565 inducit
1217 4529 1292 4566 res
1323 4519 1517 4582 futuras
1551 4517 1901 4584 pra’diccntem
1933 4519 2049 4582 [iliis
2077 4531 2124 4573 et

545 4599 608 4652 de
635 4610 791 4651 morte
817 4617 911 4652 sua
941 4603 1169 4670 proxima
1199 4603 1333 4672 ipsos
1360 4606 1728 4671 admonentem,
1759 4623 1820 4660 ex
1849 4610 2004 4661 verbis
2029 4609 2122 4661 Ja-

547 4689 657 4740 cobi
675 4691 902 4752 quwdum
922 4693 1130 4743 moralia
1154 4694 1397 4761 principia
1414 4711 1608 4758 eruens,
1627 4696 1760 4749 verbi
1776 4699 1939 4764 gratia
1959 4713 1976 4750 :
1995 4700 2122 4752 nihil

552 4781 790 4847 prodesse
840 4780 972 4832 dona
1012 4783 1266 4834 naturalia
1305 4784 1400 4834 nisi
1453 4801 1612 4837 mores
1668 4787 1807 4853 probi
1861 4788 2117 4840 accedant.

548 4871 1021 4924 —-I’ollicvbamur
1070 4889 1239 4940 nuper
1295 4861 1452 4927 linem
1496 4889 1592 4928 nos
1657 4877 1994 4944 imposituros
2042 4879 2120 4932 lii-

541 4961 720 5014 stori.e
749 4958 928 5020 Iacob,
953 4977 1301 5032 sermoneque.
1330 4965 1581 5032 prolixius
1607 4981 1664 5019 se
1686 4971 2024 5032 extendente,
2053 4970 2119 5022 ad

544 5053 698 5105 linem
736 5052 875 5119 quod
917 5056 1351 5120 promittebamus
1384 5057 1672 5124 perducere
1703 5073 1807 5111 non
1838 5061 2118 5114 valuimus.

541 5139 665 5196 Ideo
698 5144 817 5196 volo
843 5162 957 5212 qua:
989 5147 1189 5214 pridem
1219 5148 1396 5201 relicta
1428 5148 1639 5202 fuerunt
1665 5151 1712 5202 in
1743 5151 1973 5204 medium
2005 5168 2121 5219 pro-

542 5251 758 5300 ponet'c,
793 5245 847 5288 ut
877 5252 1013 5289 nunc
1040 5237 1246 5300 saltem,
1278 5239 1319 5292 si
1350 5239 1486 5291 Deus
1511 5239 1734 5302 dederit,
1767 5243 1919 5294 linem
1953 5243 2121 5309 impo-

542 5344 749 5384 namus.
783 5330 969 5397 Operzn
993 5334 1215 5398 prrtiunt
1240 5343 1410 5384 autem
1445 5333 1617 5395 fuerit,
1645 5337 1866 5401 primum
1891 5345 2117 5388 vestram

539 5422 994 5473 commonefacere
1016 5424 1306 5483 unitatem,
1333 5432 1382 5475 et
1406 5424 1686 5476 ostendere
1710 5424 1794 5477 ubi
1816 5440 2117 5477 sermonem

543 5526 708 5574 nziper
739 5511 953 5562 missum
989 5511 1014 5564 Γ·
1040 5515 1286 5565 terimus.
1321 5514 1475 5567 Scitis
1516 5515 1695 5583 utique
1720 5556 1731 5577 ,
1767 5528 1817 5568 et
1855 5530 2121 5569 memores

539 5605 666 5652 eatis
692 5641 703 5662 ,
736 5618 852 5652 cum
897 5603 1056 5655 Jacob
1105 5607 1472 5660 benedicturus
1516 5619 1660 5661 esset
1707 5609 1841 5662 ﬁlios
1876 5609 2072 5676 Inst-ph
2100 5651 2114 5674 ,

539 5693 705 5756 ipsum
743 5692 989 5760 liphraiut
1021 5697 1240 5750 Manassi
1275 5701 1633 5766 proposuisse,
1662 5701 1815 5766 idque
1839 5701 1996 5752 etiam
2027 5715 2117 5767 pa-

544 5795 620 5841 tre
646 5787 761 5856 ejus
789 5803 890 5842 non
947 5789 1198 5856 probante
1229 5808 1240 5843 :
1275 5793 1355 5846 cui
1387 5802 1438 5845 ct
1469 5793 1599 5846 dixit
1635 5810 1648 5846 :
1689 5793 1807 5847 Scio
1830 5833 1844 5860 ,
1876 5794 2000 5861 ﬁlii;
2032 5808 2110 5846 ve-

1267 410 1322 467 S.
1346 409 1622 467 JUANNIS
1660 409 2129 466 CHRYSOSTOMI
2153 406 2466 472 AHCHEP.
2497 406 3028 463 CONSTANTINOP.

3701 407 3765 461 57
3775 408 3805 460 3

2218 531 2495 572 cumtamen
2519 529 2565 572 et
2590 518 2669 571 hic
2695 519 2788 572 erit
2817 521 2868 571 in
2892 519 3152 587 populum,
3181 527 3227 570 et
3249 517 3328 570 hic
3355 516 3656 570 cxaltabitur
3673 535 3692 570 :
3717 523 3804 571 sed

2217 611 2374 678 frater
2401 613 2510 681 ejus
2539 611 2715 679 junior
2745 611 2911 681 major
2937 626 2995 662 eo
3042 610 3134 662 erit
3156 649 3170 673 ,
3208 618 3253 661 et
3289 623 3456 662 semen
3482 609 3590 673 eius
3625 611 3718 662 ait
3754 610 3809 663 in

2218 700 2586 768 multitudinem
2616 701 2855 770 gentium.
2903 699 2968 752 Et
2997 699 3256 752 benedirit
3283 715 3364 752 eos
3391 700 3442 751 in
3465 698 3548 752 die
3573 699 3661 752 illa
3680 740 3695 764 ,
3729 701 3813 752 di-

2217 807 2332 844 cens
2369 809 2388 846 ε
2424 791 2488 843 In
2520 793 2655 845 vobis
2683 791 2971 844 benedicent
3001 789 3203 853 Israel,
3236 790 3458 844 dicentes
3495 805 3513 843 :
3550 788 3737 843 Faciat
3766 800 3812 843 te

2218 880 2360 938 Deus
2400 883 2528 935 sicut
2565 881 2815 950 Ephraim
2855 891 2900 934 et
2931 879 3247 943 Manassen;
3289 890 3334 934 et
3364 881 3528 948 posuit
3556 878 3810 949 Ephraim

2217 986 2333 1028 ante
2367 973 2657 1027 Manassen.
2688 973 2754 1026 Et
2777 973 3047 1042 hucusque
3079 972 3464 1040 processimus,
3492 987 3554 1026 ac
3585 986 3656 1026 ne
3683 986 3804 1026 ser-

2219 1083 2435 1122 monum
2463 1067 2619 1121 nimia
2644 1067 2795 1134 copia
2822 1073 3050 1120 vestram
3077 1065 3427 1118 obrueremus
3453 1067 3768 1117 memoriam
3794 1105 3810 1126 ,

2219 1159 2546 1213 cessavimus
2566 1173 2592 1211 a
2625 1157 2866 1210 doctrina
2895 1173 2908 1207 :
2939 1155 3032 1210 sed
3064 1156 3108 1209 si
3138 1154 3364 1220 videtur,
3399 1152 3557 1207 hodie
3581 1167 3816 1221 sequen-

2221 1249 2290 1303 tia
2317 1249 2612 1304 videamus.
2640 1247 2730 1300 21.
2764 1248 2902 1300 Dixit
2927 1257 3093 1301 autem
3122 1244 3294 1299 Israel
3319 1246 3386 1298 ad
3412 1243 3604 1313 Ioseph
3631 1260 3650 1297 :
3683 1244 3818 1298 Ecce

2218 1355 2309 1410 ego
2331 1339 2536 1400 morior,
2566 1347 2609 1392 ct
2627 1339 2720 1390 erit
2745 1336 2882 1391 Deus
2903 1335 3174 1401 vobiscum,
3199 1345 3243 1390 et
3263 1335 3462 1389 reducet
3484 1350 3567 1388 vos
3592 1333 3729 1387 Dens
3750 1350 3817 1387 cx

2217 1439 2350 1482 terra
2380 1429 2474 1481 hac
2500 1429 2551 1480 in
2577 1437 2759 1480 terram
2789 1433 2987 1497 patrum
3013 1441 3256 1480 meorum.
3284 1423 3374 1478 32.
3414 1422 3525 1494 Ego
3547 1433 3718 1476 autem
3751 1423 3816 1475 :lo

2217 1518 2306 1570 tibi
2332 1518 2536 1572 Secima
2565 1517 2719 1570 electa
2748 1531 2854 1585 pra:
2880 1516 3120 1585 fratribus
3142 1515 3260 1579 tuis,
3283 1529 3399 1583 qua:
3424 1515 3533 1584 cepi
3558 1514 3610 1565 in
3635 1513 3814 1582 gladio

2219 1624 2328 1660 meo
2354 1617 2398 1661 et
2420 1623 2564 1660 arcu.
2600 1607 2884 1675 Postquam
2915 1604 3052 1658 illius
3083 1603 3371 1668 benedixit,
3399 1612 3452 1657 et
3473 1605 3646 1657 futura
3676 1618 3817 1672 pra:-

2229 1697 2416 1752 videns
2432 1698 2697 1766 juniorem
2721 1695 3006 1764 przeposuit
3027 1693 3223 1747 seniori
3245 1710 3257 1746 :
3278 1695 3458 1747 volens
3481 1692 3812 1762 persuadere

2222 1789 2477 1859 Joscpho,
2501 1803 2559 1843 sc
2581 1802 2684 1843 non
2708 1787 3039 1856 simpliciter,
3059 1799 3231 1854 neque
3249 1795 3448 1840 temere
3469 1784 3574 1839 hoc
3592 1783 3811 1845 iecisse,

2219 1881 2314 1936 sed
2340 1879 2715 1950 praedicentem
2744 1878 2916 1932 futura
2947 1895 2959 1930 :
2986 1875 3227 1946 przedicit
3249 1876 3408 1928 etiam
3430 1877 3478 1929 ei
3502 1890 3652 1929 suam
3677 1889 3822 1929 mor-

2220 1982 2348 2038 tem,
2370 1982 2424 2028 et
2448 1970 2588 2041 quod
2616 1970 2838 2026 redituri
2864 1970 2973 2024 sint
2996 1984 3062 2024 ex
3089 1968 3259 2022 aliena
3288 1968 3505 2022 terrain
3527 1967 3811 2031 Chanaan,

2221 2066 2276 2121 in
2305 2076 2500 2121 terram
2526 2075 2738 2135 patrum
2765 2078 2983 2118 suorum
3013 2079 3026 2115 :
3054 2071 3109 2116 et
3135 2062 3328 2116 bonam
3352 2061 3430 2115 eis
3455 2074 3605 2129 Spem
3629 2070 3817 2130 auget,

2223 2158 2291 2212 ita
2311 2166 2368 2211 ut
2385 2156 2780 2226 exspectatione
2797 2154 3041 2210 solatium
3061 2152 3309 2208 habeant.
3337 2150 3468 2206 Nam
3495 2165 3620 2222 spes
3648 2151 3821 2206 bono~

2223 2263 2339 2302 rum
2355 2247 2510 2317 hujus
2529 2247 2649 2301 vitze
2663 2247 2872 2301 labores
2889 2259 3099 2315 semper
3121 2245 3400 2298 imminuit.
3423 2243 3488 2298 Et
3508 2253 3824 2300 monstrans

2224 2339 2384 2391 etiam
2415 2346 2656 2407 tempore
2685 2337 2892 2404 mortis,
2915 2351 3074 2406 quam
3099 2335 3438 2390 dilectionem
3464 2348 3589 2405 erga
3613 2333 3820 2403 Ioseph

2224 2428 2447 2496 habent,
2479 2428 2607 2483 dicit
2633 2428 2682 2483 ei
2713 2448 2725 2482 :
2760 2428 2868 2498 Ego
2895 2436 3062 2480 autem
3087 2428 3153 2481 do
3180 2427 3266 2480 tibi
3296 2426 3497 2482 Secima
3523 2428 3683 2480 electa
3710 2441 3824 2495 pra:

2225 2519 2465 2588 fratribus
2495 2520 2594 2574 tuis
2620 2535 2640 2573 :
2669 2518 2820 2590 quasi
2853 2534 2947 2588 per
2977 2519 3076 2573 hoc
3105 2518 3382 2574 declarans
3403 2558 3422 2584 ,
3455 2517 3568 2573 Hoc
3595 2517 3825 2571 omnino

2225 2612 2350 2675 erit,
2389 2620 2443 2664 ct
2479 2610 2772 2677 secundum
2815 2623 2987 2663 meam
3029 2608 3425 2677 praedictionem
3455 2607 3734 2672 redibitis,
3765 2618 3824 2661 ct

2227 2700 2279 2755 in
2303 2699 2651 2756 hereditatem
2675 2699 3015 2771 possidebitis
3039 2708 3234 2754 terram
3257 2708 3462 2768 patrum
3484 2708 3819 2755 vestrorum:

2226 2801 2279 2846 et
2308 2791 2640 2846 Secimorum
2670 2792 2936 2845 civitatem
2969 2790 3062 2844 tibi
3101 2789 3171 2844 do
3209 2789 3558 2874 hereditatem
3585 2790 3820 2846 electam

2229 2881 2348 2936 Pra:
2377 2883 2619 2948 fratribus
2650 2884 2749 2936 tuis
2773 2923 2791 2948 ,
2816 2899 2968 2952 quam
2997 2882 3106 2951 cepi
3131 2883 3195 2935 de
3231 2899 3383 2936 manu
3409 2882 3823 2935 Amorrhamrum

2226 2975 2278 3028 in
2321 2976 2491 3046 gladio
2521 2990 2631 3028 meo
2657 2984 2703 3027 et
2741 2991 2886 3028 arcu.
2918 2974 3182 3040 Quidnam
3222 2977 3321 3029 hoc
3345 2974 3467 3028 est!
3495 2973 3625 3040 Quze
3653 2990 3684 3028 a
3714 2974 3820 3044 Sy-

2229 3081 2420 3120 meone
2455 3073 2509 3120 et
2549 3065 2672 3120 Levi
2713 3065 2847 3120 facta
2875 3073 2998 3120 sunt
3024 3075 3207 3120 contra
3235 3063 3514 3120 Secimitas
3545 3065 3596 3118 in
3630 3079 3822 3134 perso-

2229 3172 2348 3209 nam
2381 3157 2647 3225 propriam
2687 3156 2938 3212 transfert
2978 3175 2992 3211 :
3031 3167 3084 3211 et
3124 3167 3339 3227 pmpter
3367 3157 3468 3211 hoc
3491 3157 3660 3220 dicit,
3691 3157 3824 3223 Qua:

2229 3248 2337 3315 cepi
2366 3249 2418 3300 in
2443 3247 2614 3318 gladio
2646 3264 2754 3300 meo
2781 3259 2827 3301 et
2854 3264 2997 3302 arcu.
3045 3247 3153 3302 Sed
3184 3247 3270 3302 hic
3294 3256 3594 3316 opportune
3618 3249 3822 3316 (ιυωεί-

2229 3337 2364 3391 verit
2387 3337 2649 3406 quispiam
2678 3359 2692 3392 :
2718 3337 2786 3391 Et
2811 3354 2974 3407 quare
2995 3338 3096 3392 hoc
3120 3337 3324 3392 facinus
3346 3352 3500 3392 suum
3527 3337 3672 3402 facit,
3696 3353 3821 3393 cum

2231 3436 2410 3495 postea
2438 3435 2816 3482 testamentum
2839 3428 3076 3482 editurus
3099 3428 3436 3482 accusatione
3454 3428 3598 3483 clare
3621 3430 3824 3498 scripta

2227 3531 2320 3570 eos
2357 3517 2578 3586 arguat?
2621 3517 2736 3572 Non
2767 3531 2948 3572 secum
2993 3526 3190 3588 pugnat
3221 3519 3419 3586 justus,
3454 3519 3547 3572 sed
3579 3519 3824 3574 declarat

2230 3607 2690 3662 mansuetudinem
2733 3609 2930 3664 mentis
2966 3623 3076 3662 sua:
3100 3649 3116 3675 ,
3143 3618 3197 3662 et
3242 3617 3435 3678 praeter
3478 3625 3589 3665 sua:
3624 3613 3825 3667 mentis

2229 3699 2542 3751 sententiam
2587 3697 2689 3754 hoc
2725 3698 2922 3753 factum
2951 3713 3070 3754 esse
3104 3715 3117 3752 :
3149 3713 3256 3754 non
3298 3700 3468 3754 solum
3515 3701 3660 3756 enim
3707 3717 3821 3758 non

2231 3788 2474 3856 probavit
2504 3787 2696 3844 factum
2717 3831 2732 3854 ,
2761 3790 2855 3844 sed
2887 3799 2943 3844 et
2981 3790 3193 3860 arguit,
3225 3799 3507 3861 postquam
3537 3792 3587 3846 id
3621 3792 3822 3848 factum

2230 3878 2425 3930 fuerat.
2459 3877 2742 3947 Propterea
2770 3880 2952 3933 volens
2975 3889 3274 3936 monstrare
3293 3897 3441 3935 suam
3468 3899 3592 3952 erga
3618 3883 3823 3954 Ioseph

2229 3965 2565 4022 dilectionem
2589 4009 2603 4033 ,
2635 3969 2682 4022 ci
2708 3969 2954 4023 concedit
2981 3971 3186 4024 Secima
3211 4011 3225 4035 ,
3263 3979 3319 4026 et
3345 3972 3473 4026 dicit
3505 3991 3518 4028 :
3550 3974 3682 4039 Qua:
3710 3977 3824 4045 cepi

2229 4058 2281 4109 in
2307 4059 2478 4126 gladio
2510 4075 2616 4112 meo
2641 4068 2688 4112 et
2717 4075 2859 4111 arcu.
2894 4059 3024 4112 Nam
3069 4060 3192 4114 licet
3221 4061 3431 4115 illorum
3459 4061 3616 4116 fuerit
3641 4078 3781 4133 Opus
3805 4106 3820 4128 ,

2232 4146 2282 4198 in
2312 4164 2426 4200 mea
2457 4157 2629 4202 tamen
2653 4157 2915 4217 potestate
2943 4149 3173 4220 positum
3204 4161 3305 4206 est.
3341 4152 3394 4207 Si
3421 4154 3563 4208 enim
3588 4153 3821 4208 liliorum

2227 4235 2475 4290 dominus
2507 4248 2656 4306 pater
2681 4279 2695 4301 ,
2730 4239 2898 4292 multo
2925 4240 3092 4308 magis
3119 4255 3305 4295 eorum
3336 4257 3454 4311 qua:
3481 4257 3510 4296 a
3544 4243 3664 4297 liliis
3694 4259 3822 4312 pos-

2227 4328 2467 4382 sidentur
2496 4348 2508 4380 :
2541 4329 2586 4383 si
2617 4340 2790 4384 autem
2823 4331 3111 4395 dominus,
3152 4341 3206 4387 et
3234 4333 3377 4402 quod
3422 4335 3653 4389 voluerit
3690 4336 3822 4391 dare

2228 4419 2412 4486 possit.
2445 4419 2627 4488 Itaque
2652 4420 2925 4474 declarare
2951 4421 3137 4476 volens
3164 4437 3314 4475 suam
3339 4437 3462 4492 erga
3489 4422 3689 4492 Ioseph
3721 4425 3819 4479 be-

2229 4509 2603 4577 nevolcntiam,
2635 4525 2738 4564 non
2767 4512 2940 4564 soluat
2969 4511 3225 4580 Ephraim
3252 4522 3305 4567 et
3334 4513 3610 4568 Manassen
3647 4516 3815 4569 benc-

2229 4601 2393 4664 dicit,
2440 4603 2531 4657 sed
2575 4611 2631 4658 et
2670 4603 2875 4657 Secima
2907 4604 3130 4658 electam
3173 4604 3520 4658 hereditatem
3563 4607 3823 4677 relinquit

2232 4693 2358 4744 lilio.
2386 4695 2433 4746 1.
2465 4693 2526 4745 Et
2554 4694 2772 4757 vocavit,
2808 4694 3010 4763 inquit,
3040 4693 3203 4747 Iacob
3230 4695 3364 4762 ﬁlios
3390 4713 3506 4750 suos
3525 4738 3538 4760 ,
3573 4708 3620 4749 et
3645 4699 3776 4751 dixit
3803 4716 3822 4753 :

2229 4781 2609 4851 Congregamini
2633 4825 2646 4847 ,
2689 4792 2742 4836 ut
2779 4785 3074 4838 annuntiem
3109 4785 3243 4838 vobis
3281 4786 3402 4853 quid
3430 4797 3725 4839 eventurum
3759 4791 3823 4840 sit

2227 4872 2360 4924 vobis
2387 4875 2438 4924 in
2468 4875 2746 4928 novissimis
2782 4875 2976 4928 diebus.
3015 4874 3068 4927 2.
3091 4873 3480 4945 Congregamini
3503 4917 3516 4942 ,
3557 4887 3608 4929 et
3647 4879 3824 4930 audite

2227 4967 2394 5020 Israel
2421 4977 2611 5035 patrem
2633 4980 2848 5020 restrum
2872 4966 3055 5038 (Caput
3077 4968 3196 5038 49).
3217 4969 3346 5022 Vide
3363 4969 3493 5036 justi
3521 4969 3824 5037 intelligen-

2228 5059 2374 5109 tiam.
2418 5059 2548 5122 Quia
2585 5059 2893 5126 przesciebat
2923 5059 3106 5111 mortis
3150 5071 3359 5129 tempus
3385 5102 3397 5123 ,
3431 5061 3646 5112 vocavit
3681 5060 3822 5116 lilios

2229 5164 2354 5201 Suos
2377 5148 2442 5200 ad
2470 5164 2548 5213 se,
2585 5159 2637 5202 et
2661 5150 2786 5204 dicit
2816 5166 2826 5200 :
2857 5150 3240 5219 Congrcgamitti
3263 5160 3360 5223 “ut
3387 5150 3520 5203 vobis
3543 5151 3649 5216 iam
3679 5167 3820 5218 pra:-

2225 5242 2390 5294 dicam
2419 5242 2538 5308 quid
2580 5242 2713 5294 vobis
2740 5252 3022 5294 eventurum
3051 5244 3110 5293 sit
3139 5244 3190 5292 in
3221 5242 3410 5293 ultimis
3438 5242 3631 5293 diebus.
3675 5243 3816 5295 Cou-

2227 5335 2528 5408 gregamini,
2550 5344 2594 5385 et
2618 5335 2784 5385 audite
2812 5333 2977 5386 Israel
3007 5345 3198 5401 patrem
3229 5345 3458 5386 vestrum.
3497 5333 3703 5395 Venite,
3733 5338 3818 5387 itt-

2226 5430 2337 5498 quit
2364 5470 2376 5491 ,
2406 5436 2459 5479 et
2487 5426 2673 5478 discite
2702 5443 2729 5476 a
2763 5440 2846 5479 me
2872 5466 2886 5488 ,
2918 5440 3020 5477 non
3054 5428 3332 5492 przesentia
3358 5466 3372 5488 ,
3405 5439 3507 5477 non
3545 5442 3665 5493 qua:
3699 5440 3820 5496 pmt

2226 5536 2444 5589 parvum
2481 5531 2685 5586 tempus
2711 5528 2987 5580 eventura,
3016 5518 3108 5570 scd
3137 5517 3274 5585 quod
3304 5517 3504 5570 accidet
3531 5518 3581 5570 in
3614 5518 3820 5573 ultimis

2225 5610 2430 5662 diebus.
2465 5610 2525 5660 Et
2551 5607 2660 5661 haec
2691 5607 2839 5660 vobis
2866 5621 2967 5660 non
2996 5621 3024 5658 a
3053 5608 3364 5673 mcmetipso
3392 5607 3649 5658 annuntio
3672 5647 3688 5669 ,
3721 5610 3816 5662 sed

2224 5701 2434 5752 afﬂatus
2461 5714 2489 5751 a
2515 5697 2712 5764 Spiritu
2743 5713 2753 5748 :
2785 5707 2836 5751 ct
2866 5697 3061 5749 idcirco
3092 5712 3209 5761 qua:
3239 5695 3413 5748 niultis
3443 5706 3621 5763 postea
3654 5711 3822 5763 gene-

2230 5790 2523 5846 rationibus
2577 5789 2885 5859 contingcnt
2933 5790 3180 5860 praedicet
3234 5788 3439 5842 liteniin
3485 5801 3517 5842 c
3573 5790 3680 5845 vita
3719 5792 3821 5847 hac
