4086 6422
214 388 313 446 διδ

211 519 562 583 mtgraturus,
583 509 704 563 volo
724 505 1023 576 unicuique
1039 509 1283 560 vestrum
1311 499 1469 571 quasi
1489 497 1546 553 in
1565 493 1730 550 titulo
1747 500 1802 549 et

209 604 457 661 columna
467 614 606 656 :rrea
622 596 940 654 memoriam
954 595 1284 664 insculpere.
1299 589 1598 646 Considera
1615 592 1797 640 autem

205 696 434 768 justum.
457 691 735 764 quomodo
758 689 1112 760 congregatis
1135 684 1351 749 liberis,
1372 681 1637 744 natalium
1678 692 1800 733 ser-

209 795 330 841 vato
351 785 569 844 ordine,
594 781 898 850 unicuique
916 785 1313 850 congruentem
1348 775 1439 829 det
1457 773 1540 828 vel
1561 769 1796 825 maledi-

209 877 442 932 ctionem
457 874 538 928 vel
566 869 1004 926 benedictionem
1027 877 1114 924 :et
1137 868 1191 922 in
1212 867 1316 921 hoc
1339 873 1657 920 monstrans
1685 859 1799 916 suae

209 967 425 1022 virtutis
447 959 1085 1030 eminentiam,incipiat
1112 973 1142 1012 a
1176 958 1372 1028 primo.
1405 955 1457 1010 '5.
1484 952 1683 1012 Ruben,
1713 952 1769 1004 in

207 1059 340 1131 quit,
359 1056 763 1128 primogcttitus.
793 1052 1056 1124 fortitudo
1080 1055 1278 1111 mea,“
1294 1046 1618 1117 principium
1653 1045 1799 1114 ﬁlio-

207 1165 322 1204 rum
350 1147 811 1203 mcorum:durus
845 1144 915 1198 ad
931 1142 1230 1212 ferendum,
1255 1140 1424 1195 durus
1455 1148 1504 1194 et
1524 1140 1794 1207 pervicax.

208 1240 342 1297 Vide
356 1248 568 1312 quanta
597 1238 872 1309 sapientia
890 1237 1050 1307 justi.
1081 1235 1284 1289 Volens
1310 1232 1457 1288 enim
1483 1228 1799 1286 accusatio-

205 1347 326 1389 nem
353 1331 529 1402 magis
562 1328 791 1392 intendi,
815 1329 968 1399 prius
988 1328 1126 1383 dixit
1148 1325 1432 1396 privilegia
1460 1324 1510 1380 ei
1537 1338 1567 1378 ιι
1601 1329 1798 1377 natura

206 1437 493 1485 concessa,
524 1432 576 1477 et
610 1421 936 1493 d'gnitatem
969 1433 1137 1490 quam
1163 1418 1407 1480 tenebat,
1443 1431 1570 1472 eum
1600 1428 1799 1485 nempe

203 1515 535 1586 principium
558 1513 875 1574 filiorutn,et
896 1511 1568 1583 primogenitumbonore
1583 1513 1797 1562 clarum

205 1621 357 1661 esse:
388 1615 444 1660 et
467 1615 655 1676 postea
679 1613 905 1675 peccata
935 1604 1082 1659 illius
1105 1602 1263 1674 quasi
1287 1603 1343 1656 in
1366 1615 1506 1656 terea
1537 1599 1795 1653 columna

202 1693 499 1749 inscribit:
534 1703 854 1749 monstrans
886 1693 1021 1747 nihil
1053 1691 1343 1763 profutura
1373 1690 1533 1745 nobis
1569 1703 1692 1745 esse
1726 1702 1794 1742 ca

205 1799 325 1855 qua
354 1799 386 1839 a
421 1793 618 1838 natura
643 1785 854 1846 insunt,
887 1782 994 1837 nisi
1029 1791 1085 1837 et
1117 1781 1421 1836 voluntatis
1453 1779 1596 1834 bona
1627 1790 1797 1848 opera

205 1883 510 1947 sequantur
546 1893 558 1929 :
585 1875 701 1929 haec
725 1873 871 1928 enim
894 1879 1024 1929 sunt
1048 1886 1170 1943 qua:
1189 1879 1242 1925 et
1269 1871 1485 1925 laudem
1511 1869 1713 1924 habent
1744 1875 1798 1921 et

205 1967 564 2040 vituperium.
606 1966 810 2029 Durus,
848 1965 1049 2034 inquit,
1104 1963 1173 2018 ad
1207 1961 1508 2033 ferendum,
1538 1960 1708 2014 durus
1743 1966 1795 2013 et

199 2056 720 2127 persiruﬂatum,
755 2056 954 2127 inquit,
979 2054 1302 2126 dignitatem
1329 2053 1428 2107 tibi
1451 2052 1635 2107 datam
1658 2049 1796 2106 ami-

203 2149 322 2205 sisti
347 2151 571 2220 propria
595 2155 689 2202 tua
723 2146 1057 2202 temeritate.
1083 2145 1291 2200 Deinde
1322 2152 1379 2199 tt
1409 2143 1651 2215 speciem
1679 2156 1798 2210 peo-

203 2241 308 2296 cati
341 2242 483 2297 bene
513 2241 779 2312 scriptam
805 2239 1090 2310 relinquit,
1126 2239 1199 2292 ita
1233 2245 1292 2292 ut
1319 2235 1466 2308 quod
1498 2236 1590 2291 ille
1630 2249 1823 2290 accu-.

202 2339 358 2386 satus
380 2333 861 2400 reprehensusque
893 2329 988 2393 sit,
1016 2329 1254 2398 posteris
1278 2342 1474 2396 magna
1505 2326 1578 2381 sit
1601 2325 1793 2381 erudi-

201 2420 298 2485 tio,
322 2437 394 2475 ηε
426 2419 629 2476 similia
644 2427 935 2474 attenteut.
976 2419 1033 2474 4.
1068 2417 1407 2474 Contumelia
1442 2417 1694 2486 effecisti,
1726 2417 1794 2470 si-

199 2520 286 2564 cut
319 2527 466 2580 aqua
493 2528 598 2565 non
623 2511 952 2580 effervescat.
976 2510 1449 2574 Ascendistienim,
1477 2507 1677 2579 inquit,
1699 2523 1794 2561 su—

194 2615 289 2669 per
331 2601 539 2656 lectum
559 2603 731 2671 patris
768 2601 847 2654 tui
883 2616 903 2655 :
954 2611 1079 2654 tunc
1123 2600 1366 2669 polluisti
1392 2610 1621 2654 stratum
1649 2598 1789 2669 quod

196 2693 509 2747 ascendisti.
549 2692 834 2763 Signiﬁcat
863 2693 1222 2748 concubitum
1247 2691 1369 2760 ejus
1403 2706 1526 2746 cum
1564 2689 1734 2765 Balla.

264 2779 320 2834 2.
362 2779 494 2834 Vide
532 2778 798 2849 quomodo
829 2793 926 2848 per
951 2778 1267 2847 sapientiam
1298 2793 1329 2832 ιι
1369 2776 1568 2847 Spiritu
1609 2772 1796 2830 sancto

197 2871 293 2926 sibi
323 2871 528 2938 datam,
555 2871 698 2940 prius
718 2871 850 2925 dixit
877 2869 927 2924 id
961 2869 1100 2939 quod
1132 2878 1315 2939 postea
1348 2867 1523 2922 Muses
1554 2867 1693 2922 inter
1724 2868 1796 2922 lc-

203 2978 297 3032 gcs
326 2963 691 3017 l't‘CCltalllll‘US
717 2971 854 3029 erat,
885 2977 988 3016 non
1023 2961 1180 3016 licere
1207 2976 1326 3013 cum
1358 2959 1542 3014 cadem
1572 2959 1795 3014 muliere

197 3064 402 3122 patrem
452 3061 510 3108 el.
556 3051 720 3106 lilium
771 3067 882 3107 rem
913 3051 1110 3106 habere
1153 3049 1296 3121 (Leo.
1333 3050 1410 3104 18.
1447 3050 1522 3120 8).
1561 3050 1626 3103 Et
1657 3064 1796 3102 nunc

196 3145 335 3199 istud
361 3145 501 3215 ipse,
534 3143 698 3198 filium
729 3159 884 3199 suum
909 3143 1252 3212 increpando,
1282 3143 1358 3197 sic
1382 3143 1644 3211 prohibet.
1677 3140 1798 3195 Pol-

198 3236 358 3302 luisti,
392 3236 584 3305 inquit,
615 3245 850 3302 stratum,
892 3233 1190 3290 ascendens
1216 3249 1379 3304 super
1407 3233 1601 3288 lectum
1631 3233 1797 3303 patris

199 3331 293 3383 tui.
329 3330 468 3384 Rem
490 3343 796 3400 pervecsatu
825 3329 1009 3382 fecisti.
1036 3328 1260 3396 Propter
1281 3326 1384 3381 hoc
1409 3325 1546 3392 quod
1577 3325 1799 3380 ita'Con—

204 3421 416 3476 tutnelia
454 3435 541 3476 me
583 3419 819 3488 eiecisti,
850 3421 978 3474 sicut
1019 3435 1149 3488 aqua
1179 3434 1279 3471 non
1320 3416 1633 3484 eﬂ'ervescas.
1679 3415 1796 3471 luu-

200 3516 304 3572 tilis
323 3515 452 3582 erit,
483 3515 670 3586 inquit,
697 3514 786 3570 ille
811 3522 1031 3568 conatus
1054 3521 1171 3566 tuus
1197 3529 1210 3564 :
1234 3511 1374 3581 quod
1404 3525 1574 3579 nequ
1596 3519 1796 3578 patrem

201 3610 484 3674 reveritus,
513 3607 751 3677 polluere
775 3606 893 3674 ejus
916 3606 1110 3659 lectum
1139 3617 1301 3657 ausus
1328 3601 1510 3656 fueris.
1545 3599 1612 3661 Ut
1639 3599 1800 3669 igitur

201 3713 341 3754 nunc.
383 3699 438 3752 in
469 3697 814 3767 sequentibus
851 3694 1287 3766 generationibus
1319 3692 1440 3746 talia
1485 3705 1644 3757 nemo
1673 3689 1798 3742 imi-

201 3797 370 3855 tetur,
409 3797 613 3859 proptet
629 3803 691 3842 ea
720 3786 953 3858 Spiritus
981 3795 1198 3841 sanctus
1226 3784 1511 3847 ordinavit,
1543 3791 1601 3840 ut
1632 3782 1800 3838 literis

199 3880 607 3937 commendetur
644 3878 759 3933 lucc
787 3880 1054 3933 accusatio
1080 3895 1092 3930 :
1139 3886 1194 3932 et
1223 3887 1411 3931 omnes
1439 3875 1529 3944 qui
1578 3875 1801 3929 audiunt

200 3971 516 4026 erudiantur
539 4009 554 4033 ,
587 3969 864 4040 sciantque
893 3966 1176 4023 manifeste
1197 4009 1212 4031 ,
1246 3964 1378 4022 nihil
1422 3965 1675 4036 prodesse
1714 3966 1798 4020 di-

203 4062 467 4132 gnitatem
487 4070 690 4124 natura:
703 4075 1034 4127 concessam,
1053 4059 1154 4114 nisi
1175 4068 1224 4114 et
1243 4059 1532 4113 voluntatis
1547 4057 1800 4114 accedant

203 4161 546 4207 ornamenta.
572 4151 772 4214 Deinde
791 4151 912 4222 quia
937 4153 1067 4206 satis
1089 4149 1395 4214 traduxerat
1417 4149 1676 4204 nefarium
1702 4149 1802 4202 hoc

202 4258 362 4313 opus,
399 4244 546 4298 venit
570 4242 636 4296 ad
662 4244 982 4313 Symeonem
1010 4252 1064 4298 et
1089 4243 1239 4298 Levi.
1269 4243 1322 4298 5.
1358 4243 1580 4313 Symcon
1610 4252 1656 4295 ct
1682 4240 1803 4294 Leti

202 4337 582 4406 compleverunt
607 4319 910 4407 inbstitiam
931 4333 1203 4389 voluntatis
1229 4349 1356 4388 sum.
1389 4334 1676 4388 Couteutio
1703 4348 1801 4388 ιο-

205 4441 347 4492 rum,
380 4441 541 4496 quam
590 4435 806 4496 propter
847 4441 1087 4483 sororem
1120 4440 1271 4481 suam
1303 4426 1662 4493 declararunt,
1709 4441 1805 4481 eos

206 4517 256 4571 itt
285 4518 601 4588 iniustitiam
633 4517 778 4573 illam
808 4519 1044 4588 impulit.
1081 4519 1283 4575 Deinde
1312 4517 1590 4574 declarans
1623 4534 1716 4574 eos
1747 4534 1805 4574 se

206 4610 392 4680 ignaro
422 4624 535 4664 rem
565 4608 771 4674 fecisse,
800 4609 966 4687 dicit:
1007 4610 1062 4664 6.
1100 4608 1166 4663 In
1203 4611 1470 4664 consilium
1503 4627 1677 4664 eorum
1705 4627 1806 4663 non

207 4701 370 4753 leniat
396 4700 571 4754 anima
595 4717 728 4765 mea,
756 4710 802 4753 et
836 4703 888 4754 in
928 4712 1056 4755 ctetu
1083 4718 1258 4754 eorum
1293 4718 1393 4754 non
1433 4703 1702 4770 ﬁrmentur
1718 4701 1804 4773 je-

206 4805 326 4845 cora
363 4807 494 4845 mea.
523 4791 696 4855 Absit,
729 4793 918 4862 inquit,
949 4804 1005 4846 ut
1032 4795 1421 4848 communicem
1453 4808 1638 4848 eorum
1677 4809 1808 4848 sen-

209 4883 412 4948 tentize,
446 4891 502 4936 et
536 4882 801 4953 obsequar
843 4885 921 4938 eis
960 4884 1012 4939 in
1063 4886 1127 4938 iis
1166 4900 1287 4956 qua:
1330 4884 1524 4954 injuste
1559 4895 1803 4956 egerunt.

210 4971 344 5036 Quia
378 4973 429 5024 iu
461 4975 637 5042 furore
663 4989 754 5026 suo
781 4975 1076 5028 occiderunt
1108 4976 1354 5030 homines.
1393 4975 1806 5041 lrrationahilis,

189 5061 406 5132 .inquit,
436 5061 534 5116 fuit
557 5053 742 5117 eorum
765 5062 1078 5132 indignatio.
1109 5065 1239 5119 Nam
1269 5065 1392 5119 licet
1421 5078 1695 5135 peccasset
1719 5068 1812 5138 Sy-

210 5155 368 5211 rhctu
389 5197 408 5223 ,
439 5165 677 5212 attamen
706 5171 811 5211 non
837 5158 1118 5226 Oportebat
1145 5169 1344 5213 tantam
1373 5170 1604 5230 stragem
1636 5159 1813 5214 facere

211 5257 266 5302 et
284 5261 480 5302 omnes
504 5246 751 5316 perdere.
786 5245 850 5300 Et
880 5249 930 5301 in
956 5249 1360 5316 concupiscentia
1397 5267 1492 5303 sua
1535 5251 1812 5306 subncrra-

213 5349 392 5392 verunt
435 5339 700 5391 taurum‘.
741 5337 929 5392 Filium
973 5337 1192 5392 Etnmor
1238 5339 1323 5393 hic
1365 5341 1647 5410 significat.
1681 5340 1812 5395 Nam

215 5428 336 5498 quia
377 5430 432 5483 in
471 5427 681 5483 ﬂorenti
712 5440 868 5484 :etate
903 5437 1050 5494 erat,
1084 5439 1292 5484 taurum
1331 5447 1453 5485 eum
1503 5433 1814 5486 nominavit.

220 5519 423 5577 Deinde
450 5532 507 5575 ut
529 5521 663 5576 dixit
688 5537 750 5576 ea
780 5537 896 5592 qua:
919 5521 1173 5586 fect-rant,
1196 5522 1355 5576 etiam
1387 5523 1814 5578 maledictionem

217 5614 441 5682 apponit
464 5621 521 5667 et
541 5612 703 5667 dicit:
733 5613 785 5668 7.
818 5596 1120 5667 Maledictus
1150 5617 1293 5684 furor
1318 5631 1490 5668 eorum
1513 5657 1525 5678 ,
1557 5619 1675 5685 quia
1702 5634 1817 5686 pcr-

287 5715 306 5750 ί
336 5712 456 5774 Alii,
479 5715 780 5772 statuerunt
821 5728 1053 5780 murum;
1093 5717 1166 5767 sic
1201 5718 1417 5780 Vulgata.
1457 5718 1557 5768 \‘lJ.
1603 5719 1821 5781 ttexapla

222 5789 409 5833 nostra.

1179 378 1248 437 lN
1289 377 1443 436 CAP.
1487 371 1646 432 XLIX
1707 365 1948 428 GENES.
1990 366 2218 426 llOlllL.
2261 366 2479 427 LXVII.

3403 365 3509 426 δτι

1905 487 2051 541 rima:
2088 502 2106 540 :
2132 499 2178 540 et
2205 487 2284 540 ira
2308 501 2506 552 eorum,
2537 484 2658 556 quia
2687 481 2938 538 obdurato
2961 493 3056 540 est.
3093 483 3282 540 Dolum
3307 481 3512 554 signiti-

1902 588 2010 636 cat.
2056 591 2163 646 quo
2209 577 2328 630 illos
2370 575 2872 639 circumvenerunt,
2918 589 2983 629 ac
3018 589 3139 629 cum
3187 573 3315 628 dolo
3360 573 3508 644 ipsos

1901 668 2073 723 adorti
2104 675 2247 721 sunt.
2278 665 2532 720 Pervicax
2561 665 2705 720 enim
2728 704 2745 732 ,
2780 665 2970 735 inquit,
3003 663 3155 720 furor
3183 680 3393 732 eorum,
3424 673 3506 721 to-

1903 761 2184 817 mcrarius.
2215 760 2566 829 impetuosus,
2595 758 2802 814 ratione
2829 774 3038 814 carens.
3074 757 3141 813 Et
3189 760 3267 814 ira
3304 775 3504 825 eorum.

1901 851 2021 921 quia
2055 850 2304 903 obdurato
2337 858 2431 904 est.
2460 848 2688 915 Quando
2717 850 2860 904 enim
2885 848 3152 904 Secituita:
3178 861 3502 918 putaverunt

1900 957 1995 997 eos
2025 940 2125 995 sibi
2155 940 2307 995 valde
2336 941 2560 1005 amicos,
2594 949 2720 994 tunc
2749 942 2895 1009 gravi
2930 941 3086 996 ira'et
3118 941 3258 996 bello
3284 956 3379 997 eos
3403 957 3506 1011 op-

1900 1039 2234 1102 presserunt.
2279 1031 2342 1086 Et
2366 1030 2510 1085 dicto
2538 1045 2725 1086 eorum
2767 1042 3009 1102 peccato,
3054 1033 3186 1088 dicit
3214 1044 3268 1089 et
3293 1035 3505 1104 suppli-

1899 1121 2040 1175 cium
2071 1121 2210 1189 quod
2241 1114 2420 1175 luituri
2449 1129 2603 1175 erant
2654 1121 2866 1176 Partiur
2893 1141 2977 1177 eos
3005 1125 3057 1177 in
3087 1123 3270 1186 Iacob,
3311 1135 3360 1179 et
3394 1125 3506 1180 dis-

1899 1211 2155 1265 seminabo
2183 1227 2269 1267 eos
2297 1212 2350 1264 in
2372 1211 2558 1266 Israel.
2592 1211 2818 1282 UbiqttP,
2848 1215 3036 1284 inquit,
3065 1215 3292 1286 dispersi
3324 1228 3503 1284 erunt,

1903 1312 1958 1356 ιιι
1984 1302 2124 1359 istud
2154 1304 2326 1373 ipsum
2359 1306 2538 1358 manili
2557 1315 2697 1359 stum
2739 1305 2862 1371 fiat,
2911 1323 3005 1362 eos
3043 1321 3261 1377 propter
3302 1310 3507 1366 facinus

1899 1396 2243 1449 commissum
2276 1396 2325 1451 id
2354 1411 2543 1468 passos
2587 1397 2770 1452 fuis<e.
2803 1400 2856 1454 8.
2883 1398 3045 1462 Juda,
3081 1411 3130 1453 te
3154 1401 3364 1455 laudent
3393 1402 3506 1471 [ra-

1901 1495 2000 1540 tres
2026 1486 2118 1538 tui.
2144 1486 2453 1541 Benedictio
2480 1485 2633 1542 Juda:
2653 1489 2772 1543 data
2803 1491 3024 1560 mystica
3046 1501 3149 1558 εει,
3175 1493 3506 1563 ρτωείειιιιιι

1898 1577 2075 1629 omnia
2103 1592 2221 1645 qua:
2247 1577 2314 1631 ad
2345 1576 2615 1632 Christum
2637 1580 2887 1633 attinent.
2911 1581 3074 1645 Inda,
3099 1581 3288 1651 inquit,
3317 1594 3366 1638 te
3388 1583 3508 1638 lau-

1899 1664 2018 1719 dent
2063 1665 2387 1736 fratrestui.
2438 1668 2569 1734 Quia
2619 1683 2683 1723 ex
2733 1668 2832 1724 hac
2862 1670 2999 1723 tribu
3030 1673 3334 1727 exet-iturus
3383 1686 3501 1730 erat

1897 1753 2144 1811 Cbrisuts
2173 1757 2464 1812 secundum
2497 1757 2914 1826 dispensationis
2931 1763 3214 1826 rationem,
3246 1773 3498 1833 propter-

1897 1860 1960 1901 ea
1988 1845 2185 1915 Spiritu
2217 1857 2404 1902 sancto
2427 1847 2639 1903 afflatus
2665 1849 2852 1916 Iacob,
2875 1851 3118 1921 prmdicit
3148 1867 3241 1920 per
3268 1850 3351 1912 ea.
3380 1869 3501 1923 qua:

1900 1936 1950 1990 in
1980 1936 2171 1993 Judam
2198 1938 2471 2006 dicuntur,
2502 1954 2605 1995 non
2638 1940 2809 1994 solum
2842 1940 3162 1997 descensum
3199 1944 3410 1998 Domini
3431 1943 3500 2000 ad

1899 2026 2164 2092 homines,
2189 2030 2280 2084 sed
2305 2039 2356 2092 et
2380 2031 2712 2100 mysterium,
2744 2040 2795 2087 et
2817 2047 3052 2099 crucem,
3075 2043 3129 2089 et
3149 2036 3503 2106 sepulturam,

1899 2128 1953 2174 et
1983 2121 2457 2187 resurrectionem,
2498 2130 2640 2176 etut
2680 2122 2847 2178 semel
2884 2123 3082 2190 dicam,
3116 2127 3315 2181 omnia.
3363 2125 3507 2181 Juda

1898 2210 2062 2270 enim,
2094 2210 2286 2280 ittquil,
2314 2219 2361 2264 te
2386 2213 2595 2266 laudent
2617 2217 2801 2284 fratres
2821 2215 2893 2266 tui
2914 2229 2934 2268 :
2958 2231 3140 2268 manus
3165 2229 3265 2271 tua:
3286 2218 3338 2271 in
3363 2228 3506 2289 tergo

1898 2299 2219 2352 inimicorum
2266 2309 2472 2356 tuorum
2505 2318 2523 2356 :
2565 2313 2614 2370 ct
2654 2304 2941 2359 adorabunt
2986 2315 3034 2360 te
3077 2306 3176 2376 ﬁlii
3204 2311 3364 2376 patris
3407 2309 3504 2363 tui.

1898 2388 2100 2456 Quibus
2128 2389 2381 2454 declamt,
2413 2407 2508 2448 eos
2539 2394 2901 2463 subjiciendos
2929 2397 3002 2450 illi
3210 2398 3262 2453 9.
3290 2398 3504 2454 Catulus

1899 2480 2057 2533 leonis
2082 2479 2243 2536 Juda.
2287 2481 2367 2536 De
2413 2485 2657 2555 germine,
2690 2485 2768 2552 ﬁli
2810 2488 2900 2550 mi,
2932 2489 3223 2542 ascendisti.
3260 2488 3502 2560 Regnum

1899 2571 2017 2637 ejus
2058 2571 2315 2638 prmdicit.
2347 2573 2573 2643 Semper
2605 2576 2748 2630 enim
2790 2573 3082 2647 Scriptum
3111 2593 3228 2632 mos
3265 2590 3376 2642 est,
3412 2595 3507 2650 per

1901 2658 2123 2730 ﬁguram
2155 2661 2314 2740 hujus
2338 2664 2586 2720 animalis
2617 2667 2819 2736 regiam
2850 2672 3220 2726 auctoritatem
3266 2671 3503 2726 insinua-

1899 2765 1977 2804 re.
2012 2751 2324 2807 Ilecumbens
2348 2753 2627 2810 dor-misisti
2665 2769 2718 2811 ut
2747 2759 2845 2825 leo,
2877 2770 2924 2814 et
2964 2761 3094 2815 sicut
3120 2764 3341 2817 catulus.
3372 2763 3501 2828 Quis

1901 2839 2135 2894 excitabit
2179 2844 2336 2897 eum?
2393 2845 2618 2901 Crucem
2684 2857 2740 2903 et
2801 2850 3132 2920 sepulturam
3198 2851 3283 2907 hic
3330 2854 3502 2924 signi-

1901 2929 2040 2983 ﬁcat.
2099 2930 2223 2997 Quis
2267 2934 2522 3001 excitabit,
2574 2938 2777 3006 inquit,
2815 2942 2977 2994 eum?
3023 2941 3168 2997 Sicut
3200 2943 3343 2997 enim
3390 2945 3503 3000 leo-

1901 3013 2024 3073 nem
2052 3022 2134 3076 vel
2163 3024 2395 3078 catulum
2438 3026 2792 3084 dormientem
2827 3033 3002 3086 nullus
3031 3035 3192 3088 audet
3231 3037 3500 3104 excitare,

1903 3111 1972 3165 ita
2005 3111 2300 3169 Dormiristi
2329 3126 2382 3169 ut
2409 3117 2507 3184 leo,
2540 3127 2587 3172 ct
2614 3132 2666 3174 ut
2687 3122 2907 3178 catulus.
2936 3123 3062 3190 Quis
3088 3128 3324 3180 excitabit
3354 3129 3508 3188 cum!

1901 3202 2023 3288 ipse
2070 3208 2212 3261 enim
2267 3218 2345 3263 est
2387 3212 2475 3280 qui
2523 3212 2693 3268 dicit:
2744 3213 3052 3270 I’otcstatcm
3092 3220 3250 3273 habeo
3289 3222 3512 3288 ponendi

1902 3298 2124 3352 animam
2157 3316 2341 3362 meam,
2389 3310 2436 3354 ct
2480 3312 2773 3371 potestatem
2819 3308 2977 3361 Imbeo
3006 3309 3185 3363 iterum
3233 3312 3510 3376 rcciptendi

1903 3403 2010 3440 eam
2040 3387 2218 3451 (Joau.
2253 3389 2334 3444 lO.
2383 3390 2495 3463 l8).
2518 3392 2706 3448 Postea
2745 3405 2798 3449 ct
2829 3406 3038 3466 tempus
3078 3415 3290 3470 quoque
3334 3401 3511 3457 matti-

1906 3475 2039 3531 feste
2067 3478 2303 3534 declarat
2327 3522 2340 3544 ,
2371 3497 2476 3549 quo
2496 3483 2821 3542 adventurus
2843 3487 2907 3540 sit
2939 3487 3184 3544 Christus
3213 3492 3509 3549 secundum

1903 3565 2316 3636 dispenSationis
2375 3573 2656 3628 rationem.
2717 3575 2798 3631 l0.
2832 3574 2955 3630 Non
3010 3578 3239 3647 deﬁciet,
3295 3583 3506 3653 inquit,

1905 3659 2139 3730 princeps
2165 3660 2229 3715 de
2253 3659 2416 3728 Juda,
2452 3680 2610 3733 neque
2645 3665 2751 3720 dua:
2787 3667 2849 3720 de
2877 3670 3152 3739 femoribus
3183 3673 3312 3741 ejus,
3345 3673 3508 3737 donec

1908 3753 2097 3817 veniat,
2128 3753 2207 3805 cui
2233 3755 2510 3823 repositum
2537 3767 2608 3810 cst
2636 3773 2655 3812 :
2684 3769 2732 3812 et
2756 3758 2867 3828 ipse
2910 3761 3005 3814 erit
3042 3767 3348 3833 exspectatio
3385 3782 3512 3838 gen-

1906 3843 2055 3900 tium.
2089 3845 2335 3914 Tamdiu,
2368 3848 2538 3918 inquit
2556 3891 2569 3914 ,
2597 3849 2863 3914 durabunt
2891 3851 3130 3922 Judaica,
3159 3864 3214 3912 et
3236 3859 3505 3929 principes

1904 3934 2232 4004 Juda‘ortnn,
2259 3938 2430 3994 donec
2454 3941 2540 3994 ille
2566 3943 2787 3996 venerit.
2811 3943 2874 3997 Et
2900 3943 3038 4001 bene
3054 3945 3205 4014 dixit,
3230 3947 3398 4003 Donec
3420 3949 3508 4006 ille

1905 4028 2115 4094 venerit,
2147 4031 2228 4082 cui
2248 4030 2522 4098 repositum
2550 4047 2622 4084 est
2645 4048 2664 4084 :
2690 4033 2837 4101 quasi
2865 4033 3025 4100 dicat,
3062 4035 3156 4091 Ille
3182 4038 3266 4091 cui
3300 4055 3508 4109 prama-

1908 4125 2080 4172 ratum
2107 4128 2188 4173 est
2214 4136 2434 4190 regnum
2461 4139 2474 4174 :
2511 4133 2790 4192 propterea
2819 4126 2938 4193 Ipse
2965 4135 3039 4180 est
3064 4131 3368 4198 exspectatio
3393 4148 3517 4201 gsn-

1908 4210 2052 4262 tium.
2087 4210 2219 4266 Vide
2247 4213 2515 4281 quomodo
2538 4215 2647 4283 jam
2672 4215 2800 4270 dicit
2819 4216 2980 4271 etiam
2999 4228 3187 4289 gentes
3215 4221 3388 4277 salute
3416 4221 3515 4277 do-

1909 4303 2131 4357 nandus.
2161 4302 2224 4356 Et
2251 4305 2358 4372 ipse
2381 4306 2493 4372 erit,
2521 4307 2690 4376 inquit
2717 4312 3026 4377 exspectatio
3056 4312 3303 4381 gentium.
3337 4313 3508 4384 "Itth

1908 4396 2193 4452 adventum
2221 4408 2406 4468 gentes
2431 4408 2766 4470 esspectaat.
2796 4403 2882 4455 ll.
2907 4400 3097 4472 Ligans
3127 4405 3194 4456 ad
3225 4406 3369 4457 vitem
3402 4408 3519 4474 pul-

1911 4486 2018 4540 lunt
2043 4504 2212 4554 suum,
2243 4498 2288 4542 ct
2311 4491 2379 4542 ad
2408 4490 2665 4559 palmitem
2695 4493 2892 4560 pullum
2921 4495 3081 4546 asina:
3108 4511 3234 4548 stur.
3263 4495 3364 4550 l‘er
3393 4496 3517 4567 pul-

1915 4581 2023 4634 lum
2049 4581 2238 4634 iterum
2267 4583 2504 4651 gentium
2527 4583 2791 4654 signiﬁcat
2816 4583 3209 4638 adductionetn.
3239 4585 3372 4640 Nam
3396 4587 3519 4657 quia

1912 4674 2095 4729 asinus
2125 4674 2454 4728 immundum
2496 4661 2612 4729 erat
2641 4675 2861 4740 animal,
2896 4686 3179 4745 propterea
3210 4677 3377 4734 dicit:
3413 4678 3520 4736 Illa:

1916 4765 2204 4819 immundae
2249 4775 2435 4834 gentes
2477 4779 2598 4819 cum
2655 4774 2798 4820 tanta
2843 4763 3098 4821 facilitate
3146 4766 3481 4824 adducentur
3511 4811 3526 4834 ,

1913 4857 2064 4925 quasi
2103 4856 2224 4926 quis
2265 4855 2330 4910 ad
2378 4854 2648 4925 pdmitem
2692 4855 2818 4909 vitis
2847 4857 3056 4910 asinum
3096 4857 3314 4927 alliget:
3355 4860 3517 4914 simul

1917 4946 2192 5002 insinuans
2230 4956 2283 5001 et
2328 4946 2608 5015 potestatis
2631 4946 3005 5001 excellentiam
3033 4957 3087 5001 et
3123 4949 3363 5018 gentium
3392 4950 3525 5004 obc-

1918 5039 2193 5096 dieutiatn.
2213 5040 2413 5110 Magna:
2430 5039 2572 5094 enim
2597 5037 3020 5094 mansuetudinis
3047 5050 3150 5104 eSI,
3176 5039 3318 5109 quod
3340 5042 3525 5096 asinus

1926 5135 2157 5204 patiatur
2181 5147 2240 5188 se
2268 5133 2332 5186 ad
2367 5133 2637 5200 palmitem
2676 5131 2796 5184 vitis
2825 5131 2995 5201 ligari.
3029 5131 3134 5186 Viti
3167 5138 3345 5187 autem
3375 5147 3527 5188 suam

1921 5224 2219 5278 doctrinam
2236 5232 2512 5292 comparat
2531 5238 2547 5276 :
2569 5222 2678 5293 Ego
2704 5221 2846 5278 enim
2869 5239 3002 5288 sum,
3027 5223 3218 5292 inquit,
3242 5225 3356 5278 sitis
3384 5239 3521 5289 vera,

1922 5327 1968 5370 et
1996 5327 2138 5387 pater
2157 5333 2298 5370 meus
2327 5316 2554 5386 agricola
2584 5326 2656 5368 est
2702 5313 2886 5385 (Joan.
2916 5315 3002 5370 15.
3040 5316 3116 5384 1).
3153 5313 3406 5370 Palrnites
3433 5331 3528 5369 au-

1925 5415 2031 5462 tem
2061 5408 2275 5460 vocavit
2306 5405 2719 5462 teneritudinem
2765 5416 3176 5476 przcceptorum,
3211 5417 3268 5462 et
3305 5403 3532 5462 facilita~

1926 5506 2032 5551 tem
2078 5497 2209 5567 legis
2250 5495 2486 5550 ferenda:
2519 5513 2533 5550 :
2574 5507 2632 5550 ut
2673 5495 2784 5564 jam
2830 5497 3116 5565 pta-signet
3145 5507 3333 5565 gentes
3365 5499 3533 5560 magis

1926 5589 2169 5643 credulas
2212 5587 2344 5650 fore,
2390 5602 2550 5656 quam
2581 5586 2818 5642 Judmos.
2850 5585 3058 5641 Laeabit
3101 5588 3154 5641 in
3193 5589 3307 5642 vino
3349 5576 3534 5643 stolam

1929 5699 2095 5747 suam,
2128 5691 2177 5734 et
2208 5683 2259 5733 in
2290 5682 2538 5751 sanguine
2565 5696 2676 5735 nec
2705 5681 2944 5733 amictum
2977 5697 3143 5735 suum.

2003 5775 2057 5830 '5.
2089 5770 2389 5845 Hysterium
2419 5769 2759 5826 Eucharistia:
2781 5771 3141 5844 prarsignatur.
3161 5800 3230 5812 -—
3252 5767 3382 5825 Vide
3404 5782 3525 5841 quo
