4086 6482
591 378 697 436 875

590 515 749 572 modo
787 513 937 569 nobis
973 522 1138 568 totum
1180 513 1489 583 mysterium
1534 512 1831 566 insinuavit.
1864 510 2049 565 Sciunt
2079 511 2168 580 qni

591 611 779 665 initiati
810 618 953 673 sunt,
982 606 1122 677 quod
1155 605 1353 661 dictum
1380 616 1463 661 est
1489 623 1503 659 :
1536 604 1746 659 Lauabit
1773 606 1823 658 in
1848 605 1961 659 riuo
1986 605 2171 658 stolam

588 719 753 757 suam.
777 701 976 757 Stolam
1006 708 1132 770 puto
1158 713 1352 769 corpus
1376 696 1503 761 dici,
1533 698 1673 767 quod
1704 705 1921 766 propter
1947 696 2171 764 disnen-

588 794 847 848 sationem
886 791 1027 846 ferre
1057 790 1301 861 dignatus
1324 797 1426 844 est.
1459 788 1659 842 Deinde
1704 798 1761 840 ut
1786 788 2067 857 diligenter
2089 786 2171 840 di-

584 900 700 938 scas
718 884 895 937 vinum
916 883 1042 952 quid
1069 882 1370 953 appellavit,
1398 880 1573 934 subdit
1597 897 1611 933 :
1641 879 1770 933 Etin
1793 883 2039 950 sanguine
2062 894 2170 933 una:

580 975 822 1026 amictum
851 991 1019 1026 suum.
1053 972 1181 1026 Vide
1206 970 1474 1040 quomodo
1504 970 1774 1039 sanguinis
1801 971 2013 1025 nomine
2042 985 2168 1024 cru-

580 1079 697 1120 cem
725 1065 879 1118 nobis
904 1073 957 1118 et
982 1062 1301 1116 occisionem
1332 1061 1611 1130 signiticet,
1644 1071 1698 1115 et
1722 1076 1935 1114 onmem
1962 1070 2168 1131 inyste‘

584 1157 783 1210 riorum
834 1154 1303 1224 dispensationem.
1358 1152 1442 1207 η.
1487 1152 1825 1207 Jucuutliores
1872 1155 2005 1208 oculi
2055 1155 2167 1225 ejus

581 1249 693 1301 uino
714 1264 732 1312 ;
752 1246 1132 1301 etcandidiores
1156 1247 1328 1299 dentes
1346 1245 1452 1315 ejus
1469 1245 1615 1298 lacte.
1639 1246 1734 1299 llic
1761 1246 1983 1315 gloriam
2013 1245 2167 1301 nobis

578 1337 946 1390 demonstrare
982 1336 1094 1389 vult
1120 1352 1216 1406 per
1243 1336 1608 1405 metaphoram
1648 1336 1753 1389 vini
1784 1347 1837 1390 et
1865 1337 2162 1391 oculorum.

584 1427 649 1481 Et
693 1427 1011 1481 candidiores
1040 1426 1211 1480 dentes
1253 1427 1363 1495 ejus
1405 1427 1553 1480 lacte.
1598 1425 1863 1480 Justitiam
1899 1426 2071 1496 signat
2112 1434 2168 1480 et

578 1524 875 1579 claritatem
907 1523 1117 1591 jutlicis.
1163 1521 1292 1576 Nam
1327 1538 1419 1590 per
1447 1522 1638 1575 dentes
1662 1530 1716 1575 et
1745 1521 1825 1574 lac
1852 1519 1980 1573 nihil
2018 1518 2162 1572 aliud

581 1613 879 1683 signiﬁcare
909 1614 1017 1665 vult
1060 1626 1215 1680 quam
1245 1613 1357 1665 fore
1398 1610 1684 1666 candidum
1728 1620 1784 1665 et
1824 1609 2160 1663 manifestum

576 1703 827 1773 judicium
848 1710 999 1755 utest
1017 1702 1165 1754 lactis
1184 1710 1237 1755 et
1260 1701 1497 1755 dentium
1519 1700 1771 1755 conditio.
1799 1700 1882 1754 13.
1908 1698 2160 1761 Zubulon,

577 1794 764 1861 inquit,
809 1794 859 1845 iu
886 1794 1135 1845 maritimo
1172 1792 1431 1859 habitabit,
1474 1803 1521 1845 et
1561 1794 1671 1862 ipse
1713 1792 1854 1861 apud
1895 1791 2161 1844 stationem

575 1885 798 1946 navium,
844 1894 887 1935 et
930 1883 1221 1936 extendetur
1264 1898 1420 1951 usque
1452 1882 1520 1934 ad
1562 1882 1825 1935 Sidonem.
1855 1880 1984 1935 Vide
2024 1895 2159 1950 quo-

581 1973 740 2027 modo
768 1982 821 2026 et
851 1973 973 2027 huic
1014 1972 1251 2042 prtedicit
1280 1972 1368 2026 ubi
1400 1972 1724 2026 domicilium
1755 1972 2031 2026 habiturus
2060 1972 2158 2037 sit,

576 2075 626 2118 et
658 2063 799 2132 quod
831 2078 997 2132 usque
1034 2062 1097 2116 ad
1137 2062 1389 2117 Sidonem
1428 2062 1760 2117 extendetur.
1793 2062 1880 2116 H.
1921 2059 2162 2115 lssacltar

574 2154 755 2207 bonum
782 2154 1098 2215 desiderauit,
1127 2153 1419 2207 recumbens
1442 2154 1569 2206 inter
1594 2164 1751 2207 sortes
1769 2168 1787 2205 :
1813 2152 1898 2207 15.
1922 2161 1967 2206 et
1990 2152 2160 2205 videns

573 2247 789 2315 requiem
826 2244 960 2314 quod
985 2244 1136 2308 bona,
1170 2254 1217 2297 et
1253 2255 1438 2296 terram
1475 2242 1612 2312 quod
1641 2243 1863 2313 pinguis,
1893 2243 2159 2311 supposuit

574 2340 836 2391 lauacrum
865 2356 1009 2391 suum
1037 2340 1105 2391 ad
1136 2337 1494 2403 laborandum,
1534 2346 1581 2389 et
1619 2336 1784 2405 [actus
1812 2346 1883 2388 est
1912 2336 1987 2387 uir
2015 2334 2156 2404 agri-

571 2430 702 2482 cola.
734 2430 937 2484 Laudat
974 2430 1117 2483 hunc
1144 2428 1282 2496 quod
1312 2427 1676 2497 operationem
1712 2438 1866 2481 terra:
1900 2427 2151 2496 elegerit,

571 2532 625 2574 et
655 2521 794 2574 lianc
832 2520 1079 2574 onmibus
1114 2520 1234 2573 aliis
1277 2519 1585 2588 prmtulerit.
1628 2520 1716 2572 16.
1758 2516 1871 2570 Dan
1901 2518 2156 2588 judicabit

572 2613 811 2679 populum
852 2627 1019 2675 suum,
1066 2610 1195 2663 sicut
1233 2618 1279 2663 et
1306 2626 1408 2661 una
1451 2607 1608 2661 tribus
1646 2609 1699 2660 in
1730 2606 1913 2661 Israel.
1956 2610 2040 2663 17.
2086 2608 2156 2663 Et

572 2706 662 2770 [int
695 2702 808 2755 Dan
833 2719 1037 2771 serpens
1061 2702 1110 2754 in
1133 2702 1232 2768 via,
1258 2702 1479 2755 insidens
1504 2702 1555 2754 in
1583 2702 1780 2767 semita,
1807 2702 2043 2756 mordens
2060 2720 2155 2757 un-

569 2794 742 2863 gulam
783 2793 932 2863 equi:
962 2803 1009 2846 et
1028 2793 1175 2845 cadet
1204 2808 1348 2862 eques
1375 2801 1672 2857 retrorsum,
1707 2791 1793 2846 18.
1830 2793 2044 2847 salutem
2072 2812 2155 2849 ea:-

566 2896 795 2953 spectans
821 2884 1043 2938 Domini.
1078 2885 1300 2953 Dignum
1327 2892 1385 2937 ut
1412 2884 1528 2953 quis
1556 2882 1851 2939 admiretur
1880 2894 1933 2939 ct
1961 2886 2151 2942 obstu-

565 2986 763 3046 pescat,
788 2976 1052 3047 quomodo
1077 2976 1249 3045 justus
1270 2976 1356 3031 ille
1377 2976 1541 3032 ocnlfs
1567 2978 1788 3048 spiritus
1808 2981 1983 3034 omnia
2011 2997 2147 3050 ρι-ω.

565 3069 770 3132 videns,
802 3070 924 3123 liliis
950 3069 1059 3122 suis
1081 3069 1457 3138 przcnuntiivei
1470 3068 1512 3123 it
1535 3071 1660 3139 quid
1685 3073 1965 3141 unicuique
1989 3090 2155 3129 even-

565 3170 737 3213 turum
765 3161 868 3213 sit:
901 3176 1019 3213 nam
1043 3158 1200 3215 etiam
1231 3160 1317 3213 illa
1347 3176 1464 3228 qua:
1495 3172 1613 3229 post
1642 3164 1865 3217 multum
1897 3168 2150 3235 temporis

564 3253 736 3305 l'utura
768 3260 891 3303 sunt
936 3250 1193 3320 praedicit.
1226 3250 1311 3307 19.
1354 3250 1486 3315 Gud,
1528 3256 1733 3306 tentatio
1764 3255 1970 3307 tentabit
2000 3273 2149 3321 cum;

562 3344 670 3411 ipse
709 3352 873 3394 autem
900 3344 1104 3395 tentabit
1143 3343 1287 3396 illaut
1327 3343 1395 3394 ad
1434 3342 1603 3411 pedes.
1631 3342 1701 3397 '20
1754 3344 1896 3406 Aser,
1946 3347 2149 3415 pinguis

558 3438 665 3504 ejus
690 3436 856 3503 panis,
887 3444 931 3487 et
970 3434 1074 3503 ipse
1109 3434 1247 3487 dabit
1275 3434 1439 3487 cibum
1477 3435 1812 3503 principibus.
1842 3436 1929 3491 2L
1964 3437 2147 3508 Neph-

559 3525 756 3590 tuatim,
791 3524 1062 3596 virgultum
1094 3526 1392 3590 resolutum,
1423 3527 1550 3578 dans
1578 3527 1631 3579 in
1660 3529 1883 3596 germine
1915 3531 2146 3598 pulchri-

559 3618 802 3669 tudinem.
852 3617 917 3669 Et
958 3618 1079 3685 quia
1127 3618 1304 3685 paucis
1351 3618 1543 3671 transit
1586 3619 1733 3683 illos,
1768 3622 1912 3673 venit
1952 3636 2144 3676 consc-

559 3720 779 3776 qucntcr
806 3708 870 3762 ad
904 3708 1124 3777 Joseplt,
1166 3718 1218 3763 et
1243 3710 1315 3762 ait
1346 3728 1358 3763 :
1404 3710 1494 3762 22.
1537 3710 1729 3779 Joseph
1770 3713 1909 3779 [ilius
1944 3725 2141 3775 auctus,

558 3801 831 3852 invidiosus
851 3815 871 3851 :
896 3798 1087 3867 Joseplt
1115 3800 1253 3866 ﬁlius
1278 3810 1472 3863 auctus,
1501 3802 1636 3869 (ilius
1676 3820 1813 3856 utens
1827 3805 2027 3873 junior.
2064 3806 2147 3859 lu-

560 3893 814 3957 vidiosus,
841 3892 1025 3959 inquit,
1051 3892 1217 3946 fartus
1237 3908 1294 3945 es
1306 3894 1372 3945 ab
1391 3895 1517 3961 ipsis
1535 3893 1713 3949 initiis.
1732 3896 1818 3950 25.
1846 3897 2003 3961 Quem
2025 3916 2143 3952 cott-

554 3984 667 4035 silio
696 3984 1064 4035 communicato
1086 3984 1324 4036 coneiciis
1352 3986 1677 4037 incesserunt.
1710 3986 1950 4041 Fratrum
1981 3990 2144 4059 signi-

559 4072 677 4125 lieat
714 4072 1160 4140 conspirationem
1200 4082 1383 4127 contra
1424 4090 1567 4127 cum.
1615 4076 1677 4129 Et
1711 4076 1761 4129 id
1802 4078 1941 4145 quod
1980 4095 2138 4150 supra

554 4164 759 4217 dicebat
788 4164 1082 4234 Scriptura,
1113 4182 1204 4219 cos
1232 4168 1453 4221 crimine
1486 4172 1623 4222 malo
1657 4171 1706 4225 d.
1728 4173 1909 4226 tulisse
1938 4174 2136 4243 Jnseplt

552 4253 689 4320 apud
718 4262 918 4321 patrem
951 4269 1103 4307 suum
1133 4256 1279 4324 (lien.
1313 4257 1401 4308 57.
1433 4258 1510 4325 εὶ),
1539 4260 1637 4312 hoc
1662 4262 1757 4313 iste
1782 4261 1904 4314 dicit
1933 4281 1945 4314 :
1975 4263 2134 4326 Quem

552 4346 911 4398 communicato
948 4348 1158 4399 consilio
1195 4348 1429 4401 conviciis
1457 4350 1781 4417 incesserunt,
1832 4365 1873 4405 et
1910 4354 2139 4408 intende-

549 4435 667 4488 bant
702 4439 753 4488 iu
790 4455 899 4490 eum
931 4440 1121 4491 domini
1159 4441 1556 4511 sagittationum.
1581 4442 1987 4514 Sanguiuat‘itttn
2019 4446 2136 4500 illo-

551 4542 666 4581 rum
692 4530 950 4599 signiﬁcat
977 4533 1230 4584 animum.
1258 4533 1344 4587 9-1.
1378 4532 1444 4585 Ει
1470 4536 1669 4588 contriti
1698 4547 1814 4589 sunt
1840 4554 1953 4591 cum
1985 4541 2132 4610 forti-

555 4619 723 4671 tudine
752 4637 897 4671 arcus
924 4637 1114 4673 carum.
1150 4622 1278 4677 \‘idc
1306 4626 1571 4693 quomodo
1602 4637 1879 4697 postquam
1913 4630 2045 4684 dixit
2070 4648 2131 4686 ea

551 4727 667 4778 qme
704 4721 889 4765 contra
924 4711 1122 4781 ,Ιυετιιιιι
1164 4724 1511 4781 attentarunt,
1556 4718 1681 4773 dicit
1721 4732 1775 4774 et
1809 4738 1869 4775 ea
1900 4738 2016 4791 quin
2054 4725 2132 4779 eis

551 4805 899 4870 contigerunt.
932 4805 1325 4872 Contriticnim,
1357 4810 1545 4876 inquit,
1574 4827 1721 4865 arcus
1741 4828 1931 4874 eorum,
1957 4824 2001 4867 et
2028 4817 2129 4870 dis-

547 4896 695 4947 soluti
725 4905 841 4947 sunt
883 4898 1016 4949 nerei
1046 4899 1360 4952 brachiorum
1391 4918 1629 4955 manuum
1659 4905 1981 4973 eorum-Ipsi
2006 4907 2125 4974 qui-

546 4984 664 5037 dem
688 4986 929 5040 oceiderc
961 4998 1009 5041 te
1039 4990 1209 5042 COuati
1239 5000 1378 5052 sunt,
1404 5002 1457 5046 et
1482 5002 1733 5060 quantum
1757 5011 1818 5047 ex
1850 4996 1978 5063 ipsis
2003 5012 2131 5065 pen-

547 5077 724 5141 tit-bat,
754 5094 912 5146 opere
942 5082 1299 5148 complessent
1333 5100 1345 5135 :
1387 5083 1477 5135 sed
1518 5094 1570 5138 et
1596 5100 1748 5139 arcus
1779 5101 1963 5139 eorum
1992 5102 2125 5141 con-

548 5170 653 5221 triti
687 5183 827 5231 sum,
854 5180 903 5224 et
935 5172 1172 5225 dissoluti
1205 5184 1326 5226 sunt
1354 5190 1534 5228 eorum
1569 5178 1733 5230 nervi.
1765 5177 1851 5232 Sic
1877 5180 2019 5232 enim
2047 5181 2125 5234 eis

543 5262 748 5321 accidit,
785 5264 993 5329 quando
1017 5263 1297 5317 audierant
1326 5265 1520 5333 Joseplt
1552 5268 1814 5322 dicentem
1845 5287 1856 5322 :
1884 5269 1993 5338 Ego
2013 5289 2122 5324 sum

544 5355 695 5415 frater
739 5363 893 5404 tester
929 5352 1150 5423 Joseplt,
1200 5372 1343 5425 quem
1389 5358 1673 5410 vendidisti;
1721 5361 1769 5411 in
1840 5362 2122 5431 .vifggptam

541 5444 692 5503 (Gen.
744 5445 832 5497 45.
876 5447 954 5509 5,).
983 5447 1129 5501 Tunc
1164 5448 1328 5513 enim,
1366 5459 1489 5502 tunc
1534 5452 1761 5505 maxime
1800 5454 1954 5506 soluti
1996 5467 2119 5508 sunt

540 5533 683 5584 n-rt‘i
730 5552 946 5601 eorum,
1000 5537 1095 5589 Per
1137 5558 1339 5591 manum
1371 5542 1585 5608 potentis
1626 5540 1803 5595 Jacob.
1850 5544 1936 5597 Elii.
1989 5544 2119 5600 lude

539 5622 621 5679 qui
648 5624 983 5677 corroborari!
1026 5626 1186 5681 Israel
1214 5646 1243 5681 a
1272 5629 1380 5683 Deo
1421 5632 1577 5699 patris
1612 5635 1713 5689 tui.
1748 5645 1794 5685 et
1833 5637 2027 5704 adjuvit
2070 5650 2116 5692 te

541 5709 672 5763 Deus
693 5729 847 5767 meus.
874 5718 969 5780 Qui
996 5717 1232 5771 dissolvit
1255 5735 1437 5774 eorum
1471 5737 1679 5784 nervos,
1709 5725 1897 5793 inquit,
1926 5737 2114 5794 potens

532 5813 630 5856 est.
652 5801 673 5855 1
684 5822 766 5873 pse
781 5810 907 5860 enim
926 5810 1113 5879 adjurit
1128 5821 1174 5865 te
1189 5810 1325 5866 Deus
1344 5829 1497 5868 meus.
1520 5813 1649 5869 Vide
1666 5832 1969 5887 germanam
1984 5821 2112 5889 justi

1328 377 1386 434 S.
1426 375 1701 434 JOANNIS
1738 375 2211 434 CIIRYSOSTOMI
2250 376 2573 437 ARClllEP.
2614 380 3154 446 CONSTANTINOP.

3776 399 3887 458 575

2282 503 2406 560 erga
2439 492 2719 549 Dominum
2748 496 3108 565 dilectionem,
3131 502 3400 572 quomodo
3425 504 3571 561 orbis
3599 505 3891 565 Dominum

2278 594 2433 635 suum
2456 598 2578 639 esse
2602 585 2764 640 Deum
2782 587 2942 655 dicat,
2965 605 3069 645 non
3089 592 3413 651 concludens
3433 596 3550 666 ejus
3561 598 3890 669 dominium,

2281 688 2451 743 neque
2470 679 2683 745 privatis
2697 693 2818 734 eum
2838 692 3096 750 potestate
3112 687 3527 757 universali,sed
3542 707 3698 747 suum
3710 694 3891 750 decla-

2279 782 2404 821 rans
2420 785 2679 827 atuorem.
2702 772 2766 826 Et
2796 775 3047 830 benedixit
3062 779 3153 832 tibi
3164 780 3509 837 benedictione
3526 786 3638 839 creti
3656 803 3685 839 e
3701 803 3892 856 super-

2276 857 2375 911 nis.
2396 858 2509 913 Non
2528 861 2721 928 solum,
2749 863 2936 935 inquit,
2958 866 3157 937 adjuvit
3178 877 3251 936 te,
3268 870 3363 925 sed
3376 882 3427 927 et
3448 871 3715 928 Benedixit
3733 887 3784 930 te
3799 873 3892 931 bo-

2276 949 2557 1004 nctlietione
2572 961 2720 1007 terra:
2738 957 2910 1009 omnia
2924 959 3243 1023 continentis,
3265 972 3471 1029 propter
3485 963 3885 1021 benedictionem

2275 1038 2483 1093 uberum
2512 1052 2559 1096 et
2586 1044 2769 1113 valeat,
2796 1047 2886 1102 26.
2914 1048 3307 1105 benedictionem
3335 1054 3494 1121 patris
3521 1057 3598 1108 tui
3624 1067 3673 1109 et
3702 1062 3887 1114 matris

2275 1141 2392 1185 tute.
2419 1131 2693 1188 Pra'ualuit
2720 1138 3146 1195 benedictionibus
3164 1145 3405 1197 montium
3424 1146 3713 1216 ﬁrmarunt,
3731 1161 3780 1201 et
3802 1150 3850 1201 d.
3872 1181 3902 1192 -

2272 1225 2472 1279 sideriis
2497 1230 2703 1282 collium
2734 1242 3056 1287 «ternorum.
3082 1234 3185 1290 Per
3200 1238 3368 1293 colles
3387 1249 3621 1295 attentos
3648 1244 3882 1313 gloriam

2272 1325 2326 1368 et
2373 1318 2727 1386 nmjestatem,
2771 1332 2827 1375 et
2873 1338 3095 1392 regnum
3136 1326 3353 1397 Egypti
3392 1344 3529 1399 :per
3564 1343 3782 1390 montes
3823 1347 3877 1390 et

2212 1418 2219 1423 '
2272 1413 2457 1476 calles,
2500 1417 2880 1474 sublimitatem
2926 1429 2979 1474 et
3018 1420 3381 1477 fortitudinem
3418 1424 3683 1497 designat.
3726 1438 3782 1484 et
3823 1430 3887 1484 iu

2270 1519 2539 1561 sutnmnm
2570 1511 2834 1579 fastigium
2861 1514 3185 1581 principatus
3212 1527 3453 1570 evectum
3479 1533 3601 1572 esse
3629 1519 3718 1574 ltic
3745 1522 3873 1575 insi.

2271 1608 2416 1651 nunt.
2456 1598 2553 1653 Ila:
2584 1604 2740 1666 enim,
2780 1604 2968 1672 inquit,
3003 1608 3373 1661 benedictioues
3400 1622 3545 1662 erunt
3587 1628 3745 1681 super
3788 1629 3877 1665 ca-

2270 1701 2358 1756 put
2392 1689 2606 1759 Joseplt,
2637 1703 2684 1745 et
2718 1694 2768 1747 in
2790 1695 2980 1747 uertice
3006 1698 3244 1763 fratrum,
3276 1714 3488 1767 quorum
3519 1703 3627 1755 duo:
3652 1713 3747 1755 est.
3781 1702 3877 1757 lla;

2266 1779 2490 1844 scilicet,
2517 1782 2705 1851 inquit,
2732 1782 3131 1839 bcnedictiones
3157 1796 3311 1840 erunt
3331 1802 3495 1856 super
3514 1800 3673 1860 caput
3696 1802 3873 1847 tit-im.

2265 1869 2355 1922 ‘27.
2383 1870 2655 1940 Bcnjamin
2684 1876 2835 1944 lupus
2863 1892 3049 1945 rapax,
3082 1895 3230 1932 mane
3252 1881 3495 1945 comedet,
3531 1895 3577 1935 et
3601 1884 3671 1935 ad
3692 1900 3874 1953 vespeo

2266 1982 2374 2018 ram
2414 1968 2675 2021 distribuet
2712 1985 2897 2023 escam.
2928 1971 2993 2025 Et
3022 1970 3107 2025 ltic
3143 1972 3429 2041 prtesignat
3454 1975 3502 2028 ei
3534 1975 3676 2045 quod
3709 1976 3876 2043 longo

2266 2066 2387 2124 pust
2418 2064 2657 2127 tempore
2683 2058 2919 2114 futurum
2946 2071 3080 2125 erat,
3115 2072 3166 2117 et
3190 2064 3328 2133 quod
3357 2078 3695 2134 grassnturus
3723 2080 3877 2127 esset

2265 2147 2403 2200 sicut
2446 2148 2601 2218 lupus
2642 2150 2876 2219 rapiens,
2908 2152 3162 2208 occidens
3193 2162 3246 2207 et
3290 2154 3571 2210 innumera
3603 2158 3745 2211 mala
3790 2164 3877 2214 ta-

2264 2240 2431 2293 ciens.
2454 2240 2717 2307 Quoniam
2739 2251 2917 2299 autem
2945 2243 3192 2297 omnibus
3222 2244 3344 2299 tiliis
3379 2258 3742 2317 congruentes
3776 2250 3881 2306 be-

2263 2330 2593 2385 nedictiones
2618 2334 2976 2402 prtesignavit,
3006 2333 3097 2389 28.
3135 2334 3197 2387 Et
3229 2335 3500 2403 benedixit,
3533 2337 3726 2408 inquit,
3753 2339 3876 2395 siu-

2262 2424 2394 2491 gulis
2412 2422 2567 2491 juxta
2605 2422 2995 2478 benedictionem
3034 2442 3199 2487 suam,
3242 2445 3341 2495 qua
3383 2427 3710 2484 benedixerat
3751 2433 3870 2488 eis:

2266 2515 2365 2569 hoc
2391 2526 2491 2581 est,
2526 2516 2809 2587 unicuique
2836 2518 3156 2587 praedicebat
3175 2535 3294 2589 quae
3314 2520 3557 2587 decebat,
3590 2532 3644 2577 et
3664 2539 3787 2593 qua:
3811 2525 3867 2581 in

2262 2622 2577 2678 unaquaque
2610 2608 2749 2662 tribu
2778 2620 3035 2664 eventura
3065 2620 3244 2665 essent
3274 2614 3538 2681 pra-dixit.
3570 2615 3864 2685 POStquatn

2260 2710 2438 2754 autem
2466 2700 2731 2754 ordinavit
2757 2715 2817 2755 ea
2842 2716 2961 2770 qua:
2984 2715 3015 2754 a
3043 2701 3245 2771 Spiritu
3269 2704 3366 2773 ipsi
3396 2705 3712 2775 pra-signata
3740 2708 3866 2765 fue-

2261 2802 2401 2855 rant,
2433 2792 2564 2845 dicit
2600 2793 2715 2846 eis:
2760 2791 2846 2846 9.9.
2881 2792 2990 2861 Ego
3028 2810 3261 2863 apponor
3286 2795 3357 2848 ad
3381 2798 3629 2866 popula»;
3667 2815 3863 2866 ineunt,

2256 2894 2303 2937 et
2340 2884 2589 2953 scpelietis
2617 2901 2694 2937 me
2722 2901 2836 2937 cum
2860 2884 3087 2953 patribus
3110 2887 3253 2939 meis.

2326 2977 2380 3030 4.
2416 2974 2545 3029 Vide
2574 2976 2843 3045 quomodo
2871 2992 2965 3045 per
2995 2976 3302 3031 mandatum
3333 2977 3434 3031 hoc
3464 2979 3749 3032 maximam
3774 2980 3857 3035 cis

2254 3067 2678 3121 consolationem
2720 3066 2927 3121 all’erat.
2977 3066 3403 3122 Considerabant
3444 3070 3623 3135 enim,
3649 3072 3859 3140 jnstunt

2258 3157 2360 3211 hoc
2386 3172 2491 3211 non
2537 3158 2911 3213 mandaturum
2959 3159 3154 3221 fuisse,
3203 3158 3305 3213 nisi
3344 3162 3565 3216 omnino
3605 3164 3862 3218 SciviSset

2256 3248 2485 3302 reditum
2519 3247 2755 3319 ipsarum
2782 3248 3017 3301 futurum
3042 3289 3057 3312 ,
3090 3259 3144 3303 et
3179 3250 3485 3305 liberandos
3528 3266 3587 3307 se
3624 3268 3656 3307 a
3688 3254 3862 3309 servi-

2254 3348 2365 3392 tute
2398 3338 2634 3409 A‘Igypti.
2673 3339 2859 3392 Postea
2892 3354 3103 3409 quoque
3128 3342 3299 3393 locum
3331 3343 3573 3398 nominat
3602 3360 3615 3393 :
3646 3342 3713 3395 In
3740 3361 3863 3414 spe-

2251 3430 2424 3492 lstnca,
2464 3430 2628 3499 inquit
2651 3470 2665 3493 ,
2690 3445 2804 3495 qua:
2830 3440 2901 3482 est
2926 3432 2980 3482 iu
3006 3448 3131 3499 agro
3159 3428 3372 3501 Ephron
3395 3433 3626 3486 Cltetta'i.
3660 3434 3751 3489 33.
3790 3434 3859 3489 Et

2251 3531 2305 3574 ut
2334 3522 2438 3574 Ιηιό
2468 3522 2625 3586 dixit,
2656 3522 2865 3575 cessarit
2909 3523 3159 3591 imperare
3189 3526 3309 3592 [iliis
3333 3528 3457 3579 suis.
3484 3524 3551 3579 Et
3574 3527 3860 3583 sublevavit

2249 3614 2410 3667 Jacob
2440 3616 2590 3682 pedes
2619 3632 2737 3668 suos
2767 3631 2917 3681 super
2940 3616 3155 3679 lectum,
3190 3628 3235 3669 ct
3267 3619 3480 3685 defecit,
3508 3630 3555 3672 et
3583 3622 3857 3690 appositus

2250 3716 2321 3759 est
2350 3706 2418 3759 ad
2444 3708 2689 3775 populant
2714 3724 2883 3760 suum.
2906 3708 3034 3761 Vide
3061 3720 3288 3762 martem
3307 3710 3434 3776 justi
3463 3711 3625 3764 etiam
3654 3727 3857 3783 magno

2251 3798 2507 3851 miraculo
2556 3800 2787 3867 plenam.
2840 3798 2972 3853 Nam
3020 3812 3298 3869 postquam
3345 3802 3628 3871 imperavit
3668 3806 3857 3874 pueris

2249 3890 2381 3954 suis,
2418 3888 2704 3943 Sublcvavit
2732 3891 2882 3960 pedes
2908 3893 2958 3944 in
2985 3893 3169 3945 lectum
3205 3909 3377 3961 suum,
3409 3895 3560 3964 quasi
3588 3912 3715 3952 cum
3750 3914 3853 3953 vo-

2250 3983 2450 4051 luptate
2482 4000 2595 4037 rem
2623 3986 2902 4053 reciperet.
2955 3984 3028 4040 ιω
3080 3986 3313 4054 impletis
3354 3989 3635 4054 omnibus,
3679 3990 3855 4047 Pedes

2245 4078 2449 4129 sustulit
2479 4092 2497 4129 :
2530 4077 2631 4131 lioc
2658 4088 2761 4143 est,
2794 4078 2981 4147 planos
3009 4089 3062 4133 et
3092 4089 3266 4133 rectos
3295 4079 3439 4140 fecit.
3471 4092 3525 4135 et
3552 4083 3800 4138 extendit
3832 4102 3848 4139 :

2245 4160 2465 4237 Defecit,
2500 4169 2599 4222 lioc
2623 4179 2724 4232 est,
2760 4169 2931 4223 ﬁnivit
2955 4170 3137 4235 vitam,
3178 4170 3239 4223 Et
3268 4173 3531 4240 appositus
3557 4185 3631 4227 est
3661 4176 3733 4227 ad
3754 4194 3853 4247 po-

2243 4260 2421 4327 pulum
2449 4276 2615 4313 sumn.
2650 4263 2701 4315 1.
2737 4260 2800 4313 Et
2842 4263 3016 4316 recidit
3053 4263 3244 4333 Joseph
3287 4281 3441 4333 super
3469 4265 3651 4333 facient
3681 4272 3853 4337 patris

2242 4352 2340 4414 sui,
2366 4361 2411 4405 et
2439 4353 2574 4421 ﬂevit
2595 4370 2747 4419 super
2767 4371 2896 4415 eum,
2919 4364 2965 4407 ct
2991 4356 3246 4408 osculatus
3269 4366 3341 4409 est
3358 4372 3469 4408 eum
3502 4357 3692 4429 (Caput
3722 4361 3847 4419 50).

2244 4443 2435 4498 Vidisti
2479 4444 2571 4499 lilii
2599 4446 2988 4501 dilectionem?
3038 4447 3210 4501 vidisti
3260 4448 3477 4517 ignitum
3513 4453 3800 4511 caritatem
3823 4457 3849 4510 ἲ

2239 4536 2306 4590 Et
2334 4547 2454 4605 post
2483 4539 2676 4592 anima:
2703 4554 2971 4594 recessum
3014 4540 3214 4595 Recidit
3241 4541 3434 4612 Ioseph
3475 4560 3629 4615 super
3654 4550 3848 4617 facient

2236 4631 2348 4699 ejus
2371 4672 2386 4697 ,
2419 4641 2465 4685 et
2493 4633 2746 4686 osculatus
2771 4643 2843 4686 est
2864 4675 2878 4698 ,
2916 4643 2961 4687 et
2994 4635 3131 4703 ﬂet-it
3160 4651 3311 4703 super
3336 4652 3413 4690 eo.
3444 4636 3537 4691 llis
3566 4638 3723 4695 lactis
3743 4642 3843 4696 .ln-

2237 4727 2366 4794 sepli
2398 4742 2517 4795 qua:
2560 4742 2588 4778 a
2636 4736 2785 4795 patre
2816 4726 3062 4780 mandata
3095 4738 3249 4782 erant
3274 4732 3491 4798 exsequi
3522 4735 3753 4789 curavit.
3782 4740 3841 4791 Ξ.

2238 4815 2303 4868 Et
2331 4832 2452 4870 mox
2484 4818 2740 4871 mandavit
2766 4818 3150 4889 pollinctoribns
3175 4860 3189 4883 ,
3233 4831 3287 4873 ut
3332 4824 3600 4890 sepelirent
3639 4838 3842 4895 patrem

2234 4922 2397 4959 suum
2431 4909 2481 4961 5.
2518 4906 2582 4959 Et
2609 4909 2715 4974 ipse
2738 4909 2937 4978 quidem
2961 4912 3295 4980 quadraginta
3326 4913 3497 4967 diebus
3517 4954 3532 4978 ,
3569 4915 3841 4988 (Egyptus

2235 5011 2402 5052 autem
2427 5003 2748 5069 septuaginta
2778 5001 2951 5054 diebus
2971 5018 3084 5055 eum
3107 5004 3255 5056 luxit.
3293 5005 3354 5058 Et
3382 5018 3668 5077 postquam
3689 5012 3836 5080 jttSta
3868 4992 3877 4995 Ἴ

2234 5094 2409 5145 omnia
2440 5094 2706 5161 persoluta
2739 5103 2881 5157 sunt,
2914 5095 3230 5163 SigniﬁCuVit
3254 5097 3541 5159 Pharaoni,
3571 5112 3626 5156 et
3654 5104 3721 5157 iis
3744 5108 3834 5174 qtti

2230 5198 2348 5237 cum
2377 5199 2443 5237 eo
2470 5191 2655 5246 erant,
2696 5200 2814 5253 qua}
2859 5186 2928 5239 illi
2962 5197 3113 5255 pater
3138 5188 3312 5243 adhuc
3350 5192 3500 5245 vivus
3530 5192 3833 5248 demanda-

2232 5285 2328 5335 rat,
2359 5284 2412 5327 et
2436 5273 2569 5327 dixit
2602 5292 2613 5327 :
2648 5276 2700 5329 5.
2732 5276 2997 5341 Adjnrm-it
3026 5295 3104 5331 me
3133 5290 3275 5343 pater
3300 5298 3436 5333 meus
3462 5324 3475 5345 ,
3510 5285 3689 5339 dicens
3715 5304 3734 5340 :
3766 5288 3831 5341 In

2227 5364 2488 5430 sepulcro,
2518 5364 2651 5433 quod
2678 5368 2784 5434 [odi
2809 5368 2933 5420 mihi
2961 5368 3011 5421 in
3039 5380 3170 5422 terra
3200 5371 3479 5437 Chanaan,
3514 5376 3621 5427 illic
3646 5396 3726 5430 me
3743 5396 3830 5433 se-

2228 5458 2397 5525 pelies.
2419 5455 2573 5508 Nunc
2598 5457 2749 5526 igitur
2772 5462 3060 5525 ascendam,
3086 5472 3129 5511 et
3152 5461 3391 5529 sepeliant
3416 5474 3608 5530 patrem
3635 5486 3822 5534 nteunt,

2225 5561 2270 5602 et
2300 5550 2488 5602 redibo.
2520 5548 2749 5619 .‘Eqnum
2774 5566 2803 5604 c
2836 5561 2885 5610 ι.
2933 5554 3120 5620 inquit,
3150 5564 3203 5606 ttt
3226 5571 3344 5623 qum
3371 5556 3436 5609 :Il)
3463 5573 3527 5611 en
3558 5575 3827 5632 |il‘;t‘(:t'pl:|

2223 5650 2367 5703 Sunt,
2401 5643 2648 5711 impleam
2708 5642 2802 5697 L‘bi
2837 5645 2994 5707 igitur
3019 5660 3078 5698 ea
3113 5646 3289 5699 fecero
3320 5664 3437 5717 qna-
3460 5650 3700 5715 jusserit.
3736 5672 3822 5709 re-

2224 5731 2365 5786 dibo.
2398 5731 2518 5785 11ιιις
2544 5744 2597 5785 ttt
2619 5734 2784 5787 audiit
2807 5773 2821 5798 ,
2857 5736 3096 5803 permisit
3129 5736 3351 5790 l’liarao.
3385 5739 3433 5791 7.
3467 5738 3531 5791 Et
3562 5746 3819 5809 ascendit,

2222 5822 2411 5892 inquit,
2439 5824 2627 5894 Joseplt
2658 5838 2708 5880 ut
2736 5844 2807 5897 se,
2826 5829 2965 5882 eliret
2991 5841 3182 5899 patrem
3206 5847 3373 5888 suum.
3399 5843 3441 5885 et
3469 5834 3622 5887 simul
3644 5853 3813 5893 ascea-
