4086 6422
222 461 330 520 577

203 575 386 630 derunt
409 591 528 627 cum
563 588 624 628 eo
664 587 840 628 omnes
884 571 1015 627 serti
1063 569 1374 624 Pharaonis.
1405 568 1460 625 8.
1505 564 1586 642 Et,
1609 582 1805 636 cogna-

204 664 386 718 tionem
411 706 426 730 ,
457 675 504 720 et
533 665 679 721 boues
708 675 753 720 et
783 682 898 719 oves
921 665 1263 735 reliquerunt,
1297 663 1350 719 9.
1381 671 1430 717 et
1449 661 1601 716 sintul
1626 675 1806 714 ascen-

201 753 382 809 derunt
405 772 524 809 cum
564 773 625 811 eo
660 773 844 810 currus
883 765 931 810 et
957 756 1148 827 equites
1165 795 1180 817 .
1227 764 1274 810 et
1303 753 1442 824 facta
1477 762 1599 807 sunt
1640 760 1809 806 castra

190 862 388 916 magna
413 847 576 901 valde.
609 846 743 903 Vide
765 859 1025 918 quantum
1063 846 1296 902 officium
1320 843 1604 900 declarent
1640 841 1810 914 Egy-

201 936 290 1004 ptii
321 939 374 991 in
402 937 662 993 honorem
691 938 916 1009 Ioseph,
944 947 1000 994 et
1027 947 1290 994 venerunt
1313 953 1436 992 cum
1463 935 1663 1005 Ioseph
1686 977 1702 1001 ,
1735 934 1806 988 ita

200 1037 254 1082 ut
287 1027 477 1081 tierent
506 1037 684 1084 castra
710 1046 924 1101 magna.
965 1031 1054 1086 10.
1081 1028 1152 1084 Et
1177 1040 1231 1084 ut
1269 1037 1512 1083 uenerunt
1541 1029 1610 1082 ad
1634 1026 1808 1082 locum

198 1117 490 1187 quemdam,
519 1120 830 1190 planxerunt
859 1137 973 1175 eunt
996 1122 1206 1193 planctu
1234 1136 1450 1192 magno,
1483 1128 1530 1174 et
1552 1119 1699 1174 valde
1725 1133 1808 1173 ve-

199 1209 434 1264 hementi.
461 1211 529 1266 Et
555 1213 675 1282 fecit
697 1214 956 1282 planctum
983 1215 1120 1286 patri
1141 1230 1234 1270 suo
1253 1223 1444 1284 septem
1464 1213 1592 1268 dies.
1617 1213 1706 1268 ll.
1736 1211 1808 1266 Et

198 1300 431 1355 siderant
470 1303 778 1359 habitatores
816 1304 1064 1360 Chanaan
1086 1345 1102 1370 ,
1143 1315 1192 1360 et
1239 1306 1478 1365 dixerunt
1507 1320 1528 1358 :
1561 1302 1807 1358 Planctus

196 1409 413 1462 magnus
451 1403 527 1449 est
558 1394 849 1466 Egyptiis.
879 1395 1102 1467 Propter
1126 1397 1222 1452 hoc
1245 1397 1439 1451 vocavit
1463 1413 1649 1451 nomen
1674 1396 1803 1464 loci,

199 1483 450 1540 Planctus
474 1485 694 1559 ﬁgypti
711 1529 726 1553 ,
754 1489 847 1560 qui
873 1497 946 1544 est
969 1498 1113 1544 trans
1139 1489 1442 1543 Iordanem.

267 1577 376 1632 Cur
394 1594 612 1650 magnus
641 1582 878 1651 planctus
897 1582 952 1635 in
989 1580 1158 1637 Veteri
1182 1580 1804 1638 Testamento.—Verum

198 1669 387 1726 tnbtec
409 1671 661 1743 audiens,
673 1657 964 1741 dilecteme
977 1675 1293 1746 simpliciter
1313 1683 1686 1746 prcetercurre,
1709 1673 1805 1730 sed

198 1771 409 1830 tempus
434 1764 628 1834 cogita,
646 1779 755 1834 quo
775 1764 911 1821 facta
932 1777 1076 1833 sunt,
1102 1777 1156 1822 et
1179 1768 1249 1824 ab
1277 1768 1422 1823 omni
1451 1767 1606 1838 culpa
1633 1767 1805 1823 libera

194 1850 417 1922 Iosepb.
450 1853 696 1909 Nondum
724 1856 868 1911 enim
896 1855 1109 1918 fuerant
1139 1868 1308 1929 porta:
1353 1858 1547 1915 inferni
1591 1858 1806 1914 confra-

195 1953 315 2009 rtre,
341 1959 520 2016 neque
541 1947 731 2004 mortis
755 1949 967 2004 vincula
987 1949 1268 2018 dissoluta,
1288 1967 1462 2023 neque
1483 1967 1630 2008 mors
1651 1953 1808 2009 dice—

198 2034 354 2090 batur
381 2037 654 2093 dormitio.
695 2039 764 2095 Et
791 2040 996 2097 idcirco
1036 2043 1159 2114 quia
1206 2045 1500 2101 timuerunt
1523 2055 1751 2103 mortem
1784 2089 1801 2116 ,

197 2125 314 2181 hsce
341 2125 616 2185 faciebant
648 2151 662 2188 :
696 2147 837 2188 nunc
863 2143 1042 2189 autem
1072 2143 1290 2206 propter
1310 2138 1539 2207 gratiam
1569 2137 1801 2206 Christi,

193 2218 317 2286 quia
349 2234 498 2274 mors
525 2221 658 2276 facta
692 2233 774 2278 est
803 2239 1026 2280 somnus
1047 2267 1064 2294 ,
1095 2228 1493 2283 consummatio
1518 2237 1575 2284 et
1604 2230 1758 2301 quies
1781 2273 1800 2298 ,

192 2323 256 2364 ac
280 2320 429 2367 certa
460 2312 740 2384 multaque
769 2323 896 2371 sunt
919 2319 1337 2374 resurrectionis
1366 2318 1560 2375 indicia
1585 2361 1601 2385 ,
1648 2321 1801 2390 quasi

193 2399 261 2454 de
280 2400 391 2454 vita
419 2401 471 2454 in
493 2401 657 2457 vitam
689 2404 1088 2474 transferendi,
1118 2407 1197 2464 sic
1218 2409 1552 2464 essultamus
1577 2419 1635 2466 et
1654 2411 1804 2466 lzeta-

192 2507 334 2546 mur.
367 2492 438 2546 Et
461 2493 588 2562 quid
623 2494 746 2549 dico
775 2495 843 2552 de
870 2497 976 2552 vita
1006 2499 1057 2552 in
1086 2500 1290 2554 vitam?
1321 2502 1398 2557 De
1437 2503 1692 2580 deteriori
1733 2503 1802 2560 ad

190 2581 473 2636 meliorem
496 2625 511 2649 ,
544 2584 612 2639 de
640 2589 920 2657 temporali
947 2588 1013 2643 ad
1044 2599 1306 2646 :etcrnam
1339 2635 1353 2657 ,
1382 2593 1451 2648 de
1491 2603 1701 2649 terrena
1734 2595 1801 2650 ad

189 2670 487 2726 crelestcm.
515 2674 603 2728 ιι.
632 2674 702 2729 Et
731 2679 961 2745 peractis
1005 2682 1254 2736 omnibus
1283 2723 1298 2748 ,
1331 2683 1502 2754 inquit
1526 2725 1539 2749 ,
1573 2702 1802 2742 reversus

189 2771 260 2815 est
284 2761 488 2834 Ioseph
507 2766 558 2819 in
607 2765 897 2838 Egyptum
930 2811 945 2835 ,
969 2771 1081 2840 ipse
1108 2783 1156 2825 et
1182 2777 1368 2842 fratres
1395 2777 1524 2846 ejus,
1555 2787 1600 2830 et
1629 2793 1801 2832 omnes

186 2853 276 2921 qui
314 2869 436 2907 cum
466 2872 523 2908 eo
563 2859 917 2915 ascenderant.
968 2860 1076 2917 Sed
1109 2863 1230 2919 vide
1265 2869 1802 2939 consequenter‘fra-

189 2951 330 2996 trum
359 2942 561 3014 Ioseph
594 2947 840 3004 timorem
863 2949 969 3017 ltic,
994 2962 1048 3008 et
1069 2962 1329 3012 terrorem
1350 2973 1537 3014 eorum
1562 2972 1799 3018 mentem

187 3036 615 3092 concutientcm.
661 3039 749 3094 15.
796 3040 864 3095 Ut
895 3044 1126 3099 viderunt
1152 3057 1321 3101 autent
1346 3049 1532 3118 fratres
1558 3051 1755 3124 Ioseph
1781 3096 1796 3120 ,

185 3127 323 3194 quod
344 3137 580 3182 mortuus
610 3138 736 3182 esset
765 3141 910 3200 pater
934 3150 1076 3199 suus,
1108 3137 1344 3191 dixerunt
1375 3155 1394 3192 :
1426 3139 1510 3194 Ne
1534 3146 1666 3212 forte
1696 3161 1800 3198 me-

184 3232 298 3269 mor
323 3216 394 3270 sit
424 3217 630 3287 injuritz
655 3229 840 3275 nostra:
861 3220 1059 3294 Ioseph
1088 3268 1104 3290 ,
1136 3236 1184 3280 et
1225 3229 1468 3283 retribuat
1507 3232 1801 3287 retributio-

189 3323 302 3359 nem
337 3307 486 3363 nobis
517 3351 530 3376 ,
575 3320 622 3364 et
669 3313 840 3367 omnia
868 3317 1005 3370 mala
1034 3334 1148 3388 qua:
1189 3322 1242 3374 in
1279 3338 1391 3375 eum
1433 3326 1796 3382 commisimus.

185 3395 394 3452 Terror
420 3400 627 3454 validus
654 3417 838 3457 eorum
871 3418 1103 3464 mentem
1137 3413 1440 3479 perculerat
1479 3457 1494 3479 ,
1524 3425 1576 3470 et
1603 3434 1629 3469 ιι
1663 3433 1798 3473 θηη-

183 3487 414 3542 scientia
430 3490 710 3561 stimulati,
727 3496 1038 3551 nesciebant
1061 3501 1186 3569 quid
1210 3502 1463 3559 facerent.
1483 3505 1796 3576 Propterea,

185 3580 337 3644 dicit,
373 3597 498 3636 cum
527 3583 782 3641 vidissent
814 3591 979 3658 patris
1007 3601 1234 3649 mortem
1262 3638 1275 3658 ,
1306 3599 1461 3652 veriti
1491 3615 1558 3656 ne
1582 3602 1795 3670 dignam

183 3670 251 3726 de
274 3687 338 3726 se
370 3689 584 3743 partiam
632 3691 870 3736 sumeret
895 3682 1094 3755 Ioseph
1124 3728 1137 3754 ,
1185 3689 1255 3744 ob
1288 3707 1348 3745 ca
1395 3708 1517 3763 qua:
1560 3696 1610 3748 iu
1645 3698 1792 3750 illum

185 3776 569 3834 peccaverant,
601 3770 689 3824 16.
721 3773 1051 3832 Advenientes
1075 3780 1145 3832 ad
1168 3797 1283 3836 eum
1321 3784 1561 3842 dixerunt
1589 3805 1606 3842 :
1635 3789 1796 3845 Pater

185 3863 302 3907 tuus
342 3858 604 3928 adjuraoit
634 3879 728 3918 nos
756 3867 896 3934 prius
923 3886 1074 3939 quam
1106 3888 1388 3931 moreretur
1415 3923 1429 3946 ,
1454 3880 1626 3937 dicens
1654 3901 1673 3938 :
1701 3885 1795 3940 Di-

182 3945 280 3997 cite
305 3942 508 4015 Ioseph
539 3990 553 4015 ,
583 3950 778 4008 dimitte
822 3958 894 4010 eis
946 3960 1250 4030 injustitiam
1287 3968 1420 4023 hanc
1455 3981 1504 4027 et
1529 3986 1793 4045 peccatum

179 4049 379 4090 eorum.
434 4037 564 4095 Vide
610 4043 800 4098 iterum
832 4089 846 4114 ,
880 4053 1151 4118 quomodo
1187 4057 1285 4125 ipsi
1327 4073 1668 4118 accusatores
1710 4067 1791 4121 sui

181 4125 424 4193 ipsorum
454 4129 582 4184 sint.
618 4133 750 4190 Vide
775 4149 972 4205 quanta
1007 4153 1090 4197 est
1111 4149 1454 4206 conscientia:
1492 4155 1791 4225 reprehen-

181 4218 283 4271 sio.
303 4218 541 4276 Omnino
567 4226 734 4294 scitis,
761 4244 860 4284 vos
882 4232 1191 4302 injustitiam
1221 4249 1274 4294 et
1302 4254 1578 4312 peceatum
1606 4263 1794 4317 opera-

182 4317 261 4361 tos
286 4325 431 4376 esse,
460 4316 705 4387 malaque
731 4321 780 4374 ei
805 4323 1132 4383 exhibuisse.
1171 4331 1240 4384 Et
1260 4351 1394 4389 nunc
1421 4341 1598 4408 accipe
1640 4342 1786 4410 inju-

179 4401 373 4454 stitiam
405 4419 665 4462 servorum
694 4410 790 4465 Dei
819 4417 979 4484 patris
1006 4421 1097 4473 tui.
1129 4421 1290 4479 Vides
1338 4432 1609 4498 quomodo
1640 4435 1789 4490 nullo

173 4488 410 4561 cogente
436 4497 516 4550 sui
546 4504 751 4566 peccati
783 4517 909 4562 sunt
936 4518 1099 4567 testes
1130 4554 1142 4578 ,
1176 4524 1232 4570 et
1257 4488 1442 4574 dicunt
1478 4540 1490 4574 :
1520 4522 1665 4577 Dixit
1690 4543 1786 4596 pa-

180 4589 261 4635 ter
284 4593 433 4651 tuus,
466 4586 675 4645 Dimitte
703 4595 775 4648 eis
803 4637 822 4662 ,
868 4600 990 4667 quia
1029 4603 1167 4658 mala
1193 4608 1283 4660 tibi
1325 4612 1663 4669 exhibuerunt
1739 4631 1787 4673 et

175 4674 354 4742 accipe
390 4679 696 4744 iniustitiam
721 4702 981 4743 servorum
1021 4691 1112 4748 Dei
1139 4701 1298 4765 patris
1335 4705 1428 4757 tui.
1460 4706 1563 4760 Sed
1595 4708 1785 4764 beatus

175 4761 262 4818 hic
285 4776 342 4819 et
365 4775 510 4822 totus
539 4771 823 4830 virtutibus
849 4781 1024 4837 clarus
1053 4825 1064 4848 ,
1105 4761 1309 4842 tantum
1350 4793 1567 4862 aberat,
1597 4809 1652 4852 ut
1682 4803 1783 4854 alio

171 4869 336 4924 quam
371 4865 686 4919 memoriam
715 4871 972 4928 retineret
993 4890 1179 4932 eorum
1208 4897 1326 4951 qua:
1353 4885 1402 4938 in
1433 4901 1493 4942 se
1521 4888 1779 4960 fecerant,

172 4957 231 5001 ut
251 4952 422 5006 etiam
454 4955 631 5011 verbis
651 4974 835 5016 eorum
864 4966 1062 5022 auditis
1086 4977 1434 5033 conturbatus
1461 4982 1552 5046 sit,
1584 4983 1650 5036 Et
1680 4987 1778 5053 [7e-

166 5036 278 5105 eit,
314 5041 507 5111 inquit,
531 5046 745 5120 Ioseph,
770 5055 1082 5124 loquentibus
1107 5063 1210 5116 illis
1237 5084 1423 5122 secum.
1484 5036 1571 5127 id.
1602 5036 1780 5131 Ειύξε-

162 5139 378 5197 ncrunt,
407 5142 456 5186 et
482 5135 723 5194 dixerunt
747 5184 761 5206 ,
808 5145 939 5200 Ecce
975 5168 1065 5204 nos
1096 5157 1225 5208 servi
1258 5161 1492 5218 tui.\’ide
1519 5179 1776 5234 quantum

169 5221 348 5274 valeat
377 5223 545 5279 virtus
567 5267 583 5291 ,
616 5245 774 5299 quam
804 5238 978 5291 valida
1026 5254 1081 5296 et
1116 5221 1555 5320 inexpugnabilis
1583 5261 1650 5312 sit
1677 5302 1691 5326 ,
1725 5272 1779 5316 et

161 5318 368 5372 quanta
396 5314 612 5372 malitia:
653 5321 954 5382 infirmitas.
999 5331 1136 5388 Ecce
1163 5314 1349 5402 extim:
1383 5344 1472 5399 ille
1498 5389 1510 5406 ,
1545 5353 1631 5417 qui
1664 5314 1777 5407 limc

157 5400 388 5498 quidem
417 5417 610 5472 passus
627 5422 732 5476 est,
765 5429 987 5488 regnat:
1020 5427 1106 5492 qui
1135 5439 1313 5485 autem
1342 5436 1409 5489 ita
1462 5400 1774 5498 afflixerunt

169 5489 416 5550 fratrem.
451 5498 632 5553 famuli
664 5504 781 5572 ejus
808 5524 928 5564 esse
958 5525 1113 5569 erant
1135 5558 1149 5583 ,
1182 5535 1339 5589 quem
1372 5527 1423 5580 in
1453 5532 1767 5590 servitutem

159 5593 547 5650 exposuerant.

229 5667 285 5721 5.
323 5668 470 5775 inis
484 5677 709 5735 historice
733 5683 948 5758 Iosephi
969 5711 988 5758 ;
1014 5699 1198 5763 fratres
1223 5718 1334 5755 cum
1361 5707 1608 5775 ineﬂabili
1635 5732 1771 5770 man-

158 5761 431 5862 s'uetudine
453 5773 749 5827 consolatur
769 5791 816 5831 et
843 5781 984 5839 bonis
1011 5793 1276 5858 cumulat;
1304 5801 1522 5855 moriens
1551 5806 1767 5862 reditum

1133 5840 1235 5846 me-
1258 5840 1270 5858 ,
1305 5840 1522 5855 ...-......
1551 5840 1766 5862 ,ιιιυηυι

167 5840 460 5908 Ιιιάανοι-ιιηι
498 5863 1024 5930 prauum—Verum
1061 5890 1113 5934 tu
1143 5885 1262 5939 audi
1295 5890 1633 5950 clementiam
1675 5899 1766 5951 Jo-

1292 456 1360 513 lN
1398 455 1555 512 CAP.
1598 454 1660 510 L.
1701 451 1952 510 GENES.
1997 449 2232 507 ιιοιιιι.
2273 450 2483 508 LXVII.

1924 563 2056 633 scpb
2081 563 2134 617 in
2165 562 2355 619 fratres
2379 604 2395 629 ,
2428 578 2533 616 non
2562 559 2894 618 recordantis
2922 558 3255 634 injuriarum
3281 600 3295 623 .
3317 570 3371 616 et
3395 575 3538 632 quo-

1920 655 2082 710 modo
2102 655 2355 710 omnibus
2381 653 2555 709 modis
2584 669 2680 710 eos
2708 653 2980 710 consulari
3009 654 3133 710 velit
3161 695 3177 720 ,
3209 663 3266 722 et
3303 654 3385 710 eis
3410 667 3539 725 per-

1919 745 2155 803 suadere
2183 787 2199 811 ,
2232 747 2385 818 quasi
2413 746 2546 801 nibil
2587 749 2639 800 in
2687 761 2747 802 se
2779 745 3142 817 peccaverint.
3174 744 3316 799 Dicit
3343 741 3492 800 enim
3519 763 3536 801 :

1920 839 2008 896 19.
2047 838 2128 894 Ne
2157 841 2421 902 timeatis;
2450 836 2552 893 Dei
2580 839 2715 894 enim
2745 855 2861 892 sum
2899 854 3014 908 ego.
3056 837 3152 894 ΩΟ.
3201 834 3307 893 Vos
3342 837 3543 909 cogita.

1918 932 2012 985 stis
2056 943 2234 986 contra
2253 947 2353 998 ‘me
2391 932 2532 985 mala
2561 946 2579 995 ;
2609 930 2751 986 Deus
2779 941 2950 986 autem
2989 931 3230 1004 cogitavit
3253 948 3348 1002 pro
3374 947 3457 984 me
3485 931 3542 986 in

1918 1023 2052 1076 bona
2073 1065 2086 1088 ,
2112 1023 2369 1094 quomodo
2395 1027 2609 1093 factum,
2641 1023 2774 1077 sicut
2805 1023 2958 1077 hodie
2977 1022 3173 1088 videtis,
3209 1033 3264 1076 ut
3295 1032 3542 1093 pascatur

1918 1115 2140 1185 populus
2171 1114 2378 1169 multus.
2399 1113 2477 1169 Ne
2500 1115 2755 1183 timeatis,
2786 1115 2979 1185 inquit,
3012 1129 3188 1185 neque
3214 1115 3362 1170 anxii
3387 1114 3533 1174 sitis:

1921 1205 2017 1260 Dei
2041 1208 2175 1262 enim
2199 1224 2314 1262 sum
2337 1224 2452 1278 ego,
2481 1216 2536 1263 et
2560 1207 2842 1263 Dominum
2875 1223 3053 1264 meum
3083 1208 3267 1264 imitor
3289 1250 3306 1277 ,
3337 1224 3403 1264 ac
3439 1209 3542 1267 beo

1917 1299 2110 1355 nefieia
2155 1300 2456 1370 rependere
2498 1299 2692 1356 studeo
2736 1299 2803 1356 iis
2838 1300 2930 1371 qui
2959 1316 3066 1354 non
3096 1300 3318 1358 ferenda
3347 1311 3540 1362 contra

1916 1408 2006 1449 me
2035 1392 2317 1448 fecerunt:
2346 1392 2443 1447 Dei
2483 1394 2619 1448 enim
2655 1409 2772 1448 sum
2812 1409 2924 1465 ego.
2971 1393 3180 1450 Deinde
3208 1409 3334 1450 cum
3377 1411 3539 1452 mon-

1915 1494 2140 1541 strasset
2165 1494 2366 1558 quanta
2391 1501 2514 1541 eum
2544 1485 2923 1542 benevolentia
2949 1496 3312 1557 prosequutus
3339 1498 3488 1546 esset
3515 1530 3533 1554 ,

1915 1575 2072 1631 dicit:
2103 1576 2208 1632 Vos
2238 1576 2375 1632 mala
2406 1588 2589 1633 mente
2608 1576 2726 1632 lucc
2749 1586 2939 1632 contra
2975 1592 3062 1633 me
3106 1577 3309 1635 fecistis
3337 1622 3352 1645 ,
3381 1580 3526 1638 Deus

1915 1677 2099 1724 autem
2126 1669 2180 1724 in
2219 1669 2418 1726 bonum
2451 1669 2582 1724 mihi
2609 1669 2790 1725 omnia
2817 1668 2996 1725 vertit.
3025 1668 3233 1725 Idcirco
3261 1679 3318 1726 et
3338 1670 3538 1728 Paulus

1914 1761 2160 1817 dicebat:
2188 1760 2534 1834 Diligentibus
2574 1761 2742 1816 Deum
2767 1761 2944 1817 omnia
2969 1773 3316 1834 cooperantur
3358 1765 3412 1819 in
3441 1767 3533 1822 bo-

1915 1871 2036 1908 num
2065 1854 2244 1924 (Rom.
2273 1858 2329 1911 8.
2361 1855 2477 1927 28).
2510 1855 2721 1922 Omnia,
2756 1856 2951 1927 inquit.
2981 1856 3119 1925 Quid
3149 1867 3254 1922 est,
3287 1858 3479 1914 Omnia
3509 1861 3538 1915 .’

1914 1947 1983 2003 Et
2009 1947 2260 2016 adversa,
2287 1959 2342 2004 et
2367 1965 2487 2020 quae
2506 1949 2829 2006 contristare
2859 1949 3133 2018 videntur,
3163 1952 3326 2007 etiam
3356 1954 3456 2010 ista
3480 1955 3538 2012 in

1913 2036 2113 2093 bonum
2141 2049 2329 2095 mutat.
2375 2040 2488 2096 Hoc
2527 2042 2712 2111 utique
2737 2049 2793 2097 et
2816 2041 2870 2095 in
2898 2040 3003 2098 boc
3023 2041 3171 2113 justo
3199 2042 3398 2100 factum
3426 2057 3533 2104 est.

1913 2129 2045 2186 Nam
2073 2149 2192 2204 quae
2233 2149 2265 2189 a
2307 2133 2564 2194 fratribus
2589 2135 2728 2192 facta
2755 2146 2922 2206 sunt,
2953 2153 3016 2194 ea
3043 2139 3279 2196 maxime
3305 2156 3536 2212 regnum

1911 2223 1963 2278 ei
2005 2225 2366 2281 conciliarunt
2411 2237 2632 2298 propter
2659 2229 2753 2301 Det
2785 2231 3105 2301 sapientiam
3138 2273 3155 2298 ,
3195 2249 3319 2304 quae
3346 2233 3530 2290 omnia

1912 2313 2051 2370 mala
2082 2315 2134 2370 in
2159 2315 2358 2372 bonum
2385 2328 2704 2375 commutat.
2736 2319 2804 2376 (It
2833 2332 3096 2392 pascatur,
3129 2325 3320 2395 inquit,
3359 2342 3532 2396 popu-

1910 2408 1992 2462 lus
2019 2410 2233 2466 multns.
2277 2411 2395 2468 Non
2431 2413 2606 2470 solum
2659 2426 2837 2472 vestra
2867 2433 3028 2475 causa
3060 2419 3176 2475 lucc
3220 2421 3273 2476 in
3329 2421 3533 2479 bonum

1853 2569 1862 2574 ν
1909 2501 2069 2556 vertit
2099 2543 2114 2568 ,
2156 2502 2252 2559 sed
2281 2513 2339 2559 ut
2364 2514 2418 2560 et
2442 2507 2621 2562 omnis
2648 2507 2738 2563 ille
2765 2509 2996 2580 populus
3026 2511 3176 2583 pasci
3204 2513 3398 2583 possit.
3431 2513 3529 2570 2|.

1911 2590 1979 2644 Et
2000 2593 2130 2647 dixit
2155 2595 2227 2648 eis
2253 2612 2272 2649 :
2288 2595 2374 2651 Ne
2394 2598 2613 2654 timeatis
2635 2615 2652 2653 :
2673 2617 2766 2672 ego
2789 2617 2997 2670 pascant
3027 2618 3134 2669 vos,
3160 2615 3206 2658 et
3235 2605 3418 2660 domus
3444 2622 3532 2662 tte-

1908 2691 2062 2738 stras.
2094 2683 2164 2737 Et
2179 2687 2474 2743 consolatus
2494 2701 2566 2744 est
2591 2707 2696 2756 eos,
2723 2703 2770 2747 et
2794 2693 3035 2760 loquutus
3055 2704 3129 2748 est
3150 2696 3202 2749 in
3225 2712 3314 2749 cor
3333 2714 3529 2754 eorum.

1909 2775 2046 2844 Quid
2071 2778 2251 2849 igitur,
2279 2779 2468 2852 inquit,
2499 2783 2702 2838 timetis
2726 2783 2749 2837 ἳ
2779 2785 2892 2856 Ego
2921 2785 3280 2856 suppeditabo
3296 2789 3531 2846 alimen-

1911 2875 1962 2922 ta
1992 2870 2146 2924 vobis
2179 2913 2196 2938 ,
2227 2880 2282 2926 et
2301 2873 2554 2929 omnibus
2585 2875 2673 2944 qui
2705 2876 2982 2932 vobiscum
3006 2887 3150 2933 sunt.
3178 2877 3248 2933 Et
3279 2883 3526 2936 consola-

1911 2967 1992 3013 tus
2015 2969 2090 3014 est
2115 2977 2219 3025 eos,
2253 2971 2300 3016 et
2329 2961 2570 3034 loquutus
2591 2976 2666 3020 est
2692 2967 2746 3021 in
2772 2983 2862 3022 cor
2882 2985 3081 3023 eorum.
3110 2969 3227 3026 Non
3261 2971 3528 3045 simplici-

1909 3052 2045 3107 citer
2076 3068 2172 3109 eos
2197 3057 2508 3113 censolatus
2531 3068 2632 3126 est,
2659 3060 2754 3115 sed
2791 3071 2938 3118 tanto
2963 3080 3094 3120 usus
3120 3075 3204 3120 est
3228 3066 3433 3134 officio,
3465 3078 3526 3125 ut

1909 3145 1988 3200 eis
2013 3161 2229 3202 omnem
2269 3150 2546 3204 tristitiam
2571 3167 2602 3207 e
2629 3153 2795 3210 corde
2821 3155 3107 3214 eximeret.
3153 3159 3247 3214 22.
3284 3159 3352 3214 Et
3382 3164 3532 3218 habi-

1885 3237 2034 3294 ctavit
2060 3238 2256 3309 Ioseph
2283 3241 2336 3293 in
2366 3239 2625 3314 zEgypto;
2654 3244 2764 3316 ipse
2791 3254 2839 3299 et
2869 3246 3056 3316 fratres
3082 3251 3214 3320 ejus,
3241 3269 3358 3307 cum
3385 3257 3529 3310 omni

1907 3327 2060 3383 domo
2107 3331 2269 3401 patris
2301 3333 2400 3386 sui.
2443 3334 2534 3389 23.
2575 3333 2646 3389 Et
2684 3335 2809 3390 vidit
2864 3338 3061 3411 Ioseph
3102 3341 3239 3410 filios
3274 3344 3531 3417 Ephraim

1908 3439 2066 3492 usque
2119 3424 2174 3477 in
2222 3427 2421 3479 tertiam
2462 3431 2861 3498 generationem.
2907 3430 3002 3488 ει.
3048 3433 3114 3488 Et
3155 3437 3399 3508 loquutus
3450 3452 3525 3497 est

1905 3515 2101 3585 Ioseph
2135 3519 2382 3587 fratribus
2402 3521 2529 3588 suis,
2558 3523 2730 3578 dicens
2759 3539 2778 3576 .'
2806 3522 2940 3580 Ecce
2969 3527 3176 3583 morior.
3213 3529 3521 3590 Visitatione

1908 3619 2081 3664 autem
2113 3613 2334 3667 visitabit
2363 3631 2448 3670 vos
2478 3616 2752 3687 Dominus,
2784 3629 2832 3674 et
2856 3621 3013 3675 simul
3041 3623 3376 3694 deportabitis
3405 3646 3525 3684 ossa

1906 3692 2018 3754 mea
2068 3705 2206 3757 hinc.
2263 3705 2396 3762 Vide
2439 3709 2712 3779 quomodo
2741 3719 2796 3765 et
2839 3712 2927 3768 ille
2956 3692 3148 3769 eadem
3193 3733 3314 3788 qua:
3373 3732 3527 3790 pater

1905 3800 2085 3845 curat:
2116 3795 2303 3850 volens
2360 3805 2418 3850 ut
2461 3800 2622 3853 simul
2649 3800 2992 3859 auferrentur
3024 3805 3147 3861 inde
3179 3809 3347 3878 ipsius
3373 3827 3522 3878 ossa,

1904 3899 2009 3953 quo
2025 3886 2196 3955 magis
2217 3903 2405 3944 eorum
2425 3891 2842 3949 continuaretur
2863 3908 3119 3963 mens,.ct
3141 3900 3340 3957 bonam
3364 3920 3524 3975 spent

1905 3975 2165 4032 baberent
2184 3978 2251 4033 de
2277 3981 2452 4036 reditu
2473 3997 2595 4051 suo,
2628 3985 2857 4054 primum
2882 3987 2986 4043 hoc
3013 3991 3276 4060 pra-dicit,
3313 3997 3524 4052 reditu-

1902 4081 1994 4119 ros
2019 4066 2141 4122 illos
2175 4083 2299 4125 esse
2323 4112 2338 4137 ,
2368 4084 2421 4125 et
2452 4081 2578 4128 tunc
2623 4075 2754 4132 dicit
2787 4094 2801 4133 :
2846 4077 3025 4133 Simul
3070 4083 3242 4152 feretis
3268 4102 3384 4140 ossa
3411 4106 3524 4145 mea

1902 4158 2020 4212 hinc
2063 4161 2336 4216 vobiscum.
2371 4163 2487 4221 Hoc
2512 4175 2696 4222 autem
2725 4183 2834 4223 non
2869 4179 3076 4228 temere
3103 4190 3279 4245 neque
3311 4177 3515 4236 frustra

1902 4249 2129 4306 faciebat
2163 4273 2177 4308 ι
2211 4255 2318 4310 duo
2347 4259 2494 4312 enim
2512 4260 2700 4330 agebat
2728 4279 2742 4316 :
2778 4279 2944 4318 unum
2975 4307 2990 4330 ,
3027 4282 3095 4322 ne
3117 4267 3362 4342 Egyptii
3394 4291 3515 4331 me-

1897 4357 2080 4398 mores
2110 4346 2488 4403 beneficiorum
2519 4351 2656 4421 ejus,
2681 4368 2805 4408 cum
2835 4370 2932 4424 pro
2961 4372 3112 4414 more
3139 4375 3238 4416 suo
3271 4365 3422 4422 facile
3450 4383 3518 4424 ex

1899 4433 2207 4493 hominibus
2235 4439 2368 4496 deos
2397 4444 2748 4512 appellarent,
2778 4462 2980 4520 corpus
2998 4450 3131 4520 justi
3163 4454 3428 4514 baberent
3461 4463 3512 4516 in

1899 4527 2189 4597 impietatis
2229 4535 2609 4590 occasionem:
2641 4539 2874 4593 alterum
2904 4581 2918 4605 ,
2963 4550 3023 4596 ut
3059 4547 3235 4601 securi
3278 4559 3331 4602 ct
3375 4554 3514 4607 certi

1896 4621 2118 4674 omnino
2162 4633 2347 4680 essent
2393 4641 2453 4680 se
2502 4627 2793 4683 redituros.
2829 4629 2964 4686 Nam
3009 4635 3112 4688 nisi
3161 4635 3262 4692 hoc
3304 4650 3512 4699 certum

1896 4709 2103 4780 fuisset,
2133 4729 2236 4768 non
2259 4715 2506 4784 jussisset
2538 4734 2719 4774 secum
2754 4729 3033 4791 reportare
3061 4741 3203 4785 ossa.
3237 4730 3302 4786 Et
3326 4734 3511 4795 videre

1897 4800 2091 4858 licebat
2124 4821 2236 4860 rem
2274 4823 2468 4862 novam
2500 4819 2552 4864 et
2578 4811 2952 4872 admirabilem
2976 4859 2990 4882 ,
3018 4833 3146 4874 eum
3168 4823 3256 4890 qui
3284 4839 3507 4884 omnem

1893 4891 2144 4950 lsraelent
2170 4897 2219 4950 in
2243 4897 2481 4972 Egypto
2500 4904 2772 4971 pascebat,
2800 4905 2949 4964 illum
2979 4919 3031 4963 et
3056 4911 3251 4969 ducem
3280 4919 3508 4982 reditus,

1891 4993 1945 5038 et
1987 4987 2038 5039 in
2073 4997 2270 5044 terram
2305 4994 2684 5061 promissionis
2725 4997 2873 5065 ipsos
2921 4999 3375 5064 introduceutem.
3410 5013 3506 5069 25.

1891 5073 1958 5127 Et
1989 5088 2217 5133 mortuus
2244 5091 2317 5134 est
2346 5082 2543 5152 Ioseph
2572 5102 2736 5141 annos
2776 5089 2967 5146 habens
2994 5105 3198 5150 centum
3227 5110 3275 5153 et
3305 5103 3503 5160 decem.

1889 5167 2068 5232 Quare
2112 5171 2270 5228 nobis
2313 5185 2367 5228 et
2415 5174 2556 5232 illius
2591 5193 2765 5234 annos
2811 5183 3134 5252 significavit
3172 5190 3196 5242 ?
3228 5192 3294 5247 Ut
3325 5193 3505 5250 discas

1888 5269 2018 5327 quot
2059 5263 2216 5317 annis
2263 5263 2481 5336 .‘Egypti
2522 5268 2881 5339 principatum
2913 5279 3410 5355 tenuerit.Septem
3450 5296 3505 5341 et

1885 5350 2074 5406 decem
2103 5369 2368 5411 annorum
2399 5368 2514 5412 erat
2540 5403 2554 5425 ,
2584 5375 2706 5415 cum
2734 5366 2948 5421 veniret
2995 5369 3046 5422 in
3089 5350 3382 5444 Egyptlim
3408 5395 3422 5435 :
3447 5392 3503 5435 et

1887 5444 2100 5513 triginta
2128 5461 2390 5504 annorum
2421 5450 2590 5508 factus
2620 5459 2923 5526 comparuit
2952 5475 3133 5518 coram
3164 5465 3448 5526 Pharaone
3477 5515 3491 5536 ,

1883 5545 1937 5589 rt
1969 5537 2350 5606 interpretatus
2395 5551 2477 5597 est
2517 5547 2747 5600 somnia.
2792 5549 2992 5607 Deinde
3035 5560 3306 5628 octoginta
3339 5564 3495 5619 annis

1885 5626 2094 5693 pnefuit
2134 5631 2228 5684 toti
2284 5643 2440 5688 terra:
2466 5635 2705 5705 Egypti.
2753 5638 2946 5697 Vidisti
2987 5626 3261 5715 quomodo
3290 5653 3494 5720 majora

1881 5719 1991 5771 sint
2037 5723 2251 5788 prremia
2298 5739 2458 5794 quam
2489 5725 2702 5784 labores
2730 5772 2743 5788 .
2776 5735 3270 5808 retributionesque
3310 5719 3496 5801 multi-

1881 5809 2046 5878 plices
2075 5811 2099 5864 ?
2126 5813 2407 5870 Tredecim
2433 5819 2589 5873 annis
2616 5828 2841 5876 certavit
2875 5823 2926 5878 in
2962 5830 3348 5888 teutationibus
3367 5876 3382 5898 ,
3411 5835 3492 5891 fe-

1881 5918 2002 5955 rens
2028 5907 2339 5962 servitutem
2362 5951 2375 5978 ,
2407 5922 2458 5964 et
2491 5913 2816 5969 calumniam
2841 5919 2982 5974 illam
3009 5922 3266 5997 iniquam,
3285 5938 3340 5984 et
3359 5929 3494 5986 affli-
