4086 6460
685 486 788 542 579
1349 481 1406 538 S.
1446 477 1722 537 JOANNIS
1758 472 2220 532 CilRYSOSTOMl
2261 472 2577 530 ARCHTEP.
2619 470 3151 528 CONSTANTINOP.
3835 473 3940 529 δεῇ

678 601 912 656 ctionem
933 600 982 652 in
1006 608 1238 658 carcere,
1252 602 1305 648 et
1319 593 1441 663 quia
1468 605 1722 664 generose
1742 598 1934 646 etcum
1961 589 2246 659 gratiarum
2357 587 2589 656 adjicere
2612 628 2628 654 ,
2657 597 2714 641 ut
2749 587 2953 642 scilicet
2975 586 3239 642 dictorum
3263 585 3616 641 recordemini
3637 627 3653 652 ,
3679 597 3735 642 et
3765 588 3948 644 imite-

682 690 890 743 actione
917 687 1032 742 tulit
1064 684 1239 739 omnia
1265 723 1282 746 ,
1311 693 1589 753 propterea
1631 682 1775 752 larga
1801 680 2017 752 praemia
2043 678 2248 750 accepit
2349 695 2470 736 mur
2489 680 2750 750 iustorum
2772 678 2985 734 illorum
3011 679 3280 745 virtutem,
3303 686 3357 733 ct
3378 677 3693 748 iniuriarum
3717 679 3947 735 oblivio-

681 781 912 835 etiamin
936 777 1031 831 hac
1059 775 1183 830 vita.
1205 774 1496 830 Considera
1516 773 1678 840 enim,
1707 787 1828 829 cum
1854 786 1951 843 pro
1976 770 2124 826 brevi
2155 769 2246 824 illo
2343 788 2475 830 nem
2503 787 2629 844 erga
2656 787 2750 829 eos
2778 771 2867 842 qui
2890 785 2987 826 nos
3012 770 3210 826 damno
3229 768 3520 824 aiTecerunt
3551 810 3569 835 ,
3596 771 3942 838 patientia“.

681 881 940 939 tempore,
970 883 1075 937 quo
1103 869 1408 922 servitutem
1437 873 1490 920 et
1513 879 1784 920 carcerem
1807 863 2076 929 sustinuit,
2098 869 2246 915 octo-
2346 879 2451 935 que
2471 878 2597 934 erga
2619 849 2716 921 eos
2741 863 2831 934 qui
2861 862 3015 917 nobis
3038 861 3339 916 molestiam
3362 860 3616 923 inferunt,
3642 860 3936 914 intemera.

682 961 820 1029 ginta
863 951 1018 1012 annis
1056 971 1278 1028 regnum
1308 954 1780 1012 administravisse.
1816 951 1967 1020 Quod
1992 963 2120 1006 vero
2140 947 2245 1004 ﬁde
2349 963 2560 1025 tamque
2587 953 2989 1009 continentiam.
3031 951 3166 1005 Hinc
3213 951 3357 1005 enim
3383 949 3562 1019 justus
3589 956 3792 1004 tantam
3822 949 3928 1004 sibi

679 1050 853 1104 omnia
893 1048 1229 1116 disposuerit,
1253 1055 1306 1100 et
1333 1053 1548 1116 propter
1575 1044 1676 1100 hoc
1701 1046 1859 1098 etiam
1906 1039 1975 1095 de
2004 1047 2246 1095 transve-
2351 1043 2442 1098 Dei
2479 1043 2701 1112 gratiam
2726 1042 3045 1096 conciliavit.
3088 1038 3146 1096 Si
3173 1054 3302 1109 ergo
3326 1039 3572 1094 volumus
3600 1053 3701 1093 nos
3726 1052 3946 1108 quoque

677 1140 853 1193 ctione
870 1139 1074 1192 ossium
1102 1135 1384 1201 mandarit,
1401 1135 1521 1190 audi
1546 1133 1768 1188 Paulum
1793 1130 2058 1186 dicentem
2079 1145 2094 1186 :
2115 1127 2246 1182 Fide
2350 1133 2567 1189 caeleste
2607 1132 2863 1188 auxilium
2908 1132 3184 1196 obtinere,
3214 1145 3478 1185 summam
3506 1130 3721 1184 virtutis
3748 1128 3940 1184 haben.

671 1231 862 1300 Ioseph
885 1230 1130 1293 moriens,
1159 1229 1221 1281 de
1255 1226 1538 1297 egressione
1563 1223 1789 1293 ﬁliorum
1816 1221 1983 1276 Israel
2021 1219 2244 1273 meminit
2346 1237 2466 1278 mus
2509 1222 2792 1277 rationem.
2839 1221 2929 1276 Sic
2959 1220 3102 1276 enim
3147 1229 3202 1275 et
3245 1219 3474 1291 Spiritus
3515 1221 3744 1291 grauiam
3785 1219 3943 1274 nobis

679 1318 967 1387 (Habuit.
991 1315 1106 1388 ἢ).
1137 1317 1203 1370 Et
1228 1330 1332 1370 non
1361 1315 1456 1368 fuit
1483 1313 1565 1367 his
1588 1318 1910 1376 contentus,
1931 1308 2025 1365 sed
2069 1316 2127 1363 ut
2163 1307 2247 1362 di-
2345 1311 2696 1378 attra‘hemus,
2730 1320 2785 1367 et
2823 1320 3140 1381 presentem
3180 1311 3342 1365 vitam
3379 1325 3568 1382 magna
3601 1309 3944 1380 iucunditate

675 1422 796 1461 scas
825 1421 1060 1472 causam,
1085 1414 1301 1474 propter
1327 1418 1484 1473 quant
1525 1401 1814 1471 injunxerit
1844 1401 2043 1455 ossium
2069 1407 2242 1454 trans-
2347 1403 2721 1474 transigemus,
2744 1411 2802 1457 et
2827 1403 2998 1458 futura
3020 1402 3158 1458 bona
3178 1416 3603 1472 consequemur:
3632 1415 3757 1471 qua:
3783 1399 3946 1455 nobis

673 1497 965 1551 rectionem
995 1535 1011 1561 ,
1038 1495 1218 1559 addit,
1252 1491 1320 1547 Et
1349 1493 1412 1547 de
1439 1492 1632 1546 ossibus
1657 1490 1765 1546 suis
1783 1489 2058 1544 mandavit.

2346 1493 2596 1550 omnibus
2636 1492 2894 1549 concedat
2941 1493 3195 1549 Dominus
3232 1503 3413 1548 noster
3449 1491 3607 1548 .lesus
3635 1491 3895 1549 Christus
3926 1531 3942 1554 ,

743 1585 1012 1640 Conclusio
1038 1601 1150 1638 cum
1178 1582 1358 1638 morali
1383 1578 1988 1637 exhortatione.—Foﬂe
2004 1575 2244 1648 pluribus
2346 1583 2558 1652 quicum
2587 1583 2729 1639 Patri
2758 1592 2814 1638 et
2837 1591 3023 1638 sancto
3051 1583 3268 1652 Spiritui
3309 1582 3379 1638 sit
3419 1582 3588 1652 gloria
3609 1620 3624 1644 ,
3655 1575 3949 1649 imperium

674 1677 789 1730 hinc
808 1676 944 1730 dicta
966 1683 1109 1742 sunt,
1134 1673 1226 1729 sed
1259 1673 1527 1742 ignoscite.
1557 1670 1687 1725 Nam
1708 1670 1956 1740 quoniam
1985 1667 2051 1722 ad
2081 1667 2241 1722 linem
2346 1683 2401 1726 et.
2427 1672 2600 1727 honor
2618 1713 2633 1738 ,
2665 1688 2806 1728 nunc
2828 1683 2886 1728 et
2911 1686 3158 1742 semper,
3202 1679 3257 1726 et
3286 1673 3338 1724 in
3370 1671 3562 1725 macula
3593 1671 3947 1724 graculorum.

677 1767 797 1821 libri
827 1766 1163 1836 pervenimus
1184 1806 1199 1831 ,
1233 1764 1492 1819 voluimus
1521 1777 1642 1818 cum
1669 1762 1782 1831 ejus
1812 1759 1918 1816 ﬁne
1940 1759 2083 1813 hunc
2111 1772 2244 1827 quo-
2354 1766 2546 1820 Amen,

674 1873 778 1928 que
799 1871 1096 1912 sermonem
1123 1854 1280 1911 hodie
1301 1854 1474 1921 linire,
1497 1862 1551 1910 et
1579 1853 1788 1908 solitam
1817 1849 2242 1904 exhortationem

1673 2005 1888 2061 FINIS
1932 1999 2414 2058 ΗοιιιιιΑιίυΜ
2457 1998 2543 2053 ΙΝ
2582 1997 2942 2054 GENESUI.

1646 2893 1745 2952 AD
1790 2891 2193 2953 SERMONES
2248 2891 2444 2951 OCTO
2489 2891 2568 2951 IN
2617 2889 2953 2953 GENESIM

733 3218 950 3290 Optime
970 3217 1202 3291 coniicit
1226 3216 1632 3284 Tillemontius,
1665 3231 1790 3274 cum
1815 3217 1893 3272 ait
1919 3217 2137 3289 cpinari
2165 3231 2226 3274 se
2271 3219 2496 3276 ineunte
2539 3219 2965 3292 Quadragestma
3021 3220 3152 3276 anui
3202 3217 3310 3274 586
3355 3219 3817 3294 Cbrysostomum
3845 3223 3954 3279 bos

670 3358 932 3417 habuisse
963 3356 1288 3428 Sermones;
1320 3357 1468 3429 quod
1509 3366 1692 3414 autem
1735 3355 1941 3428 adjicit,
1990 3354 2231 3425 primum
2286 3354 2608 3412 Sermonem
2641 3356 2848 3412 dictum
2895 3355 3068 3413 fuisse
3104 3356 3282 3428 prima
3327 3356 3779 3428 Quadragesima:
3829 3359 3956 3424 die,

664 3495 798 3551 feria
827 3509 1023 3567 nempe
1053 3493 1315 3561 secunda,
1348 3507 1456 3565 qua
1495 3491 1860 3564 incipiebatur
1889 3491 2194 3547 Antiochia:
2222 3489 2673 3562 Quadragesima,
2700 3500 2756 3549 et
2787 3492 2894 3548 hoc
2939 3506 3084 3570 anno
3127 3459 3402 3549 incidein
3433 3492 3490 3548 in
3527 3489 3595 3547 l6
3629 3491 3954 3559 Februarii,

662 3636 816 3706 illud,
849 3637 1095 3709 inquam,
1121 3646 1352 3695 eatenus
1380 3637 1722 3710 exploratum
1747 3650 1871 3694 esse
1899 3643 2104 3706 potest,
2130 3641 2402 3703 quatenus
2450 3633 2677 3691 Tabulis
2708 3634 3071 3692 Paschalibus
3116 3637 3285 3692 ﬁdere
3319 3649 3632 3707 possumus,
3676 3650 3805 3707 qua:
3846 3636 3960 3692 hoc

663 3792 808 3833 anno
834 3775 1048 3835 Pascha
1079 3777 1136 3834 in
1161 3778 1408 3849 quintam
1438 3778 1642 3852 Aprilis
1673 3777 1916 3836 incidere
1935 3775 2318 3834 testiﬁcantur.
2346 3775 2453 3833 Sed
2487 3790 2612 3833 cum
2640 3775 2749 3834 illae
2774 3774 2996 3834 Tabula
3027 3774 3321 3835 Paschales
3346 3791 3458 3834 non
3489 3777 3722 3834 omnino
3752 3787 3963 3835 vacent

663 3914 1000 3985 suspicione,
1033 3923 1097 3971 ut
1124 3915 1372 3986 pluribus
1399 3915 1639 3972 diximus
1672 3914 1726 3972 in
1756 3914 1964 3972 Monito
2000 3915 2068 3971 ad
2107 3912 2400 3972 Orationes
2440 3922 2630 3971 contra
2664 3911 2882 3972 Iudaeos
2907 3913 3081 3971 Temo
3119 3914 3336 3988 primo:
3369 3915 3438 3973 iis
3475 3930 3585 3972 non
3628 3918 3965 3977 omnimoda

665 4056 800 4113 iides
831 4054 1101 4111 habenda.
1131 4053 1321 4127 Itaque
1345 4064 1560 4113 eertum
1589 4053 1932 4128 estrimum
1956 4063 2010 4114 in
2038 4055 2296 4113 Genesim
2328 4055 2650 4113 Sermonem
2685 4056 2931 4112 habitum
2960 4054 3130 4112 fuisse
3155 4055 3332 4127 prima
3352 4055 3442 4112 die
3475 4053 3966 4127 Quadragesima,

663 4207 788 4266 qua
826 4188 962 4248 feria
993 4187 1255 4254 secunda,
1284 4184 1455 4242 biduo
1485 4200 1681 4258 nempe
1714 4197 1843 4244 ante
1875 4189 2362 4259 Quadragesimam
2409 4201 2672 4251 nostram.
2703 4204 2919 4261 semper
2948 4191 3260 4262 Antiochiae
3283 4191 3621 4264 incipiebat;
3669 4209 3782 4251 non
3834 4211 3971 4269 per-

667 4330 793 4385 inde
817 4342 948 4384 vero
982 4335 1191 4384 certum
1220 4334 1306 4384 est
1330 4341 1436 4398 qua
1468 4327 1673 4385 mensis
1697 4327 1808 4394 die,
1835 4335 1900 4383 ut
1933 4327 1990 4384 in
2023 4328 2215 4386 eodem
2250 4328 2456 4384 Monito
2486 4327 2692 4384 videas.

738 4464 970 4521 Habitus
997 4473 1179 4522 autem
1217 4478 1364 4521 anno
1403 4464 1507 4521 386
1551 4465 1669 4537 ipse
1715 4467 2000 4538 perspicue
2047 4479 2446 4526 commonstrat
2488 4470 2922 4542 Chrysostomus
2964 4486 3090 4526 cum
3140 4471 3442 4528 secundum
3497 4469 3826 4530 Sermonem
3875 4476 3967 4533 bis

667 4601 850 4660 verbis
887 4600 1101 4656 orditur
1129 4617 1144 4656 :
1173 4595 1325 4670 Ἆρα
1352 4598 1636 4669 μέμνησθε
1657 4602 1768 4655 τῶν
1791 4601 2129 4672 ζητημάτων
2155 4603 2266 4657 τῶν
2319 4603 2514 4676 πρώην
2562 4605 2941 4678 προτεθέντων
2989 4605 3120 4676 ὑμῖν
3166 4625 3181 4674 ;
3214 4608 3306 4672 Εἰς
3363 4605 3619 4663 τοσοῦτον
3651 4609 3764 4682 γὰρ
3792 4613 3958 4685 ἡμᾶς

667 4745 927 4808 ἀπονοίας
957 4745 1051 4798 καὶ
1079 4745 1286 4815 τόλμης
1315 4745 1580 4815 ὲπήρατε,
1615 4745 1692 4808 ὼς
1714 4745 1809 4799 καὶ
1834 4745 2163 4814 ζητημάτων
2193 4746 2295 4816 ἥδη
2327 4745 2675 4816 κατατολμᾷν
2693 4759 2706 4774 ·
2743 4745 2946 4816 μᾶλλον
2972 4746 3030 4800 δὲ
3059 4747 3160 4801 οὐκ
3191 4747 3258 4801 ἂν
3287 4749 3376 4819 ein
3403 4748 3612 4821 τόλμης
3639 4749 3764 4806 οὐδὲ
3813 4753 3968 4808 ἀπυ-

668 4885 816 4950 νοίας
844 4884 1022 4939 τοῦτο.
1054 4882 1130 4937 οὐ
1160 4880 1270 4952 γὰρ
1299 4862 1480 4954 uinci;
1507 4881 1735 4952 δυνάμει
1774 4856 2171 4954 σαρῤἠσαντες,
2202 4881 2342 4936 ἀλλὰ
2381 4884 2504 4946 sai;
2533 4883 2717 4956 εὐχαῖς
2754 4883 2868 4937 τῶν
2926 4885 3210 4956 προέδρων
3246 4885 3343 4938 καὶ
3369 4887 3494 4949 ταῖς
3531 4887 3841 4959 ὑμετέραις
3903 4894 3972 4944 τὸ

670 5021 778 5073 πᾶν
806 5017 1217 5091 ὲπιρῤίψαντες.
1254 5016 1646 5087 ἀπεδυσάμεθικ
1677 5017 1814 5089 πρὸς
1841 5016 1903 5068 τὸ
1935 5015 2166 5071 στάδιον.
2201 5018 2252 5074 Id
2277 5041 2283 5069 ‹

2360 5060 2362 5070 ι
2395 5039 2407 5074 :
2433 5017 2704 5090 Numquid
2737 5021 3049 5075 meministis
3079 5022 3450 5090 quaestionum,
3474 5037 3592 5094 qua:
3621 5022 3767 5078 vobis
3793 5042 3973 5093 numer

670 5167 794 5213 sunt
823 5158 1147 5228 proposita?
1188 5155 1249 5210 In
1280 5166 1486 5212 tantam
1509 5159 1648 5211 enim
1679 5159 2046 5227 arrogantiam
2078 5170 2125 5211 et
2152 5161 2433 5214 audaciam
2465 5177 2558 5214 nos
2610 5161 2946 5230 provexislis,
2998 5171 3054 5214 ut
3098 5163 3415 5232 questiones
3458 5163 3721 5232 intrepide
3776 5183 3973 5236 aggre-

677 5300 892 5351 diamur
918 5314 936 5352 :
968 5298 1076 5352 s'mo
1104 5313 1194 5352 nec
1219 5297 1461 5352 audaciae
1492 5314 1582 5352 nec
1613 5301 1935 5369 arrogantiae
1971 5299 2024 5352 id
2059 5300 2267 5367 facinus
2295 5311 2391 5355 est.
2423 5300 2547 5356 Non
2579 5302 2715 5356 enim
2751 5301 2953 5354 viribus
2993 5300 3188 5354 nostris
3231 5301 3574 5368 conﬁdentes,
3613 5301 3708 5355 sed
3745 5304 3973 5356 antisti-

672 5445 781 5487 tum
811 5435 1049 5504 precibus
1080 5450 1142 5489 ac
1171 5438 1358 5490 vestris
1391 5438 1571 5491 omnia
1605 5441 2003 5506 committentes,
2038 5442 2105 5492 ad
2141 5439 2379 5493 stadium
2431 5457 2524 5496 nos
2578 5444 2933 5498 accinximus.
2982 5442 3082 5499 Hic
3122 5443 3268 5500 clare
3312 5445 3466 5499 vides
3501 5442 3975 5511 Cbrysostomum

675 5577 740 5632 ad
767 5579 1001 5635 stadium
1039 5593 1100 5636 se
1127 5583 1523 5652 acc-ingentem,
1552 5591 1605 5636 et
1639 5579 2077 5651 Quadragesimre
2109 5595 2391 5637 sermones
2426 5586 2661 5654 primum
2705 5585 3004 5652 ineuntem,
3035 5601 3202 5655 seque
3237 5601 3378 5657 pene
3423 5584 3668 5641 audacia
3704 5585 3980 5642 incusan-

679 5729 810 5783 tem,
833 5719 976 5790 quod
1011 5734 1125 5775 rem
1153 5730 1359 5776 tantam
1384 5720 1767 5791 aggrederetur
1798 5738 1809 5786 ;
1839 5737 1958 5792 quae
1991 5731 2136 5776 certe
2165 5721 2346 5776 omnia
2375 5721 2878 5795 quadragesimales
2905 5737 3189 5779 sermones
3234 5721 3408 5792 prima
3437 5721 3555 5776 vice
3607 5721 3976 5792 incipientem

679 5859 922 5917 indicant
949 5915 955 5919 ,
986 5877 1094 5920 non
1122 5863 1267 5922 enim
1304 5877 1366 5921 ea
1389 5877 1522 5922 usus
1554 5873 1638 5921 est
1670 5862 1918 5920 ordiendi
1943 5863 2154 5920 ratione
2184 5879 2329 5920 anno
2364 5864 2682 5935 insequente
2711 5865 2841 5933 387,
2871 5879 2994 5922 cum
3036 5864 3331 5926 Sermones
3367 5863 3434 5922 de
3472 5865 3684 5921 Statuis
3736 5882 3835 5936 per
3887 5879 3976 5921 to-
