4086 6428
631 361 729 423 581

1082 477 1365 555 [644-645]
1403 482 1621 538 ΛΟΓΟΣ
1655 484 1733 542 Αι.

731 625 874 695 εσείς
900 625 970 678 ἐν
1001 622 1160 694 ἀρχῇ
1204 623 1313 690 τῆς
1345 624 1844 694 τεσσαρακοστῆς
1872 625 2076 695 εῖςίτὸ,
2104 624 2207 695 ,Ἐν

737 693 837 766 pm
884 693 1138 766 ἐποίησεν
1177 697 1206 766 6
1247 695 1498 766 8:6;16v
1535 695 1763 766 οὐρανὸν
1793 693 1888 749 καὶ
1929 694 2026 766 τήν
2061 693 2197 764 γῆνο

693 763 960 832 κὶιίᾶτερί
986 763 1269 830 νηστείας
1309 764 1406 818 καὶ
1433 763 1873 834 ἐλετυλοσύνης.

699 908 915 967 α’.Ἥδὺ
947 906 1045 979 μὶν
1073 909 1296 972 ναύταις
1318 908 1378 962 16
1401 908 1520 980 ἔαρ,
1554 909 1649 980 ήδὺ
1689 909 1746 962 δέ
1785 909 1880 961 καὶ
1903 904 2161 978 γηπόνοις
2184 921 2198 934 ·

622 994 741 1049 ἀλλ’
769 991 897 1046 οὔτε
935 991 1184 1055 ναύταις,
1214 990 1338 1045 οὔτε
1363 991 1620 1061 γηπόνοις
1659 991 1835 1056 οὕτως
1860 991 1960 1062 ήδὺ
1986 988 2047 1044 16
2077 987 2200 1061 ἔαρ,

620 1075 700 1142 ὥς
727 1077 841 1139 τοῖς
872 1073 1217 1144 βουλομένοις
1248 1072 1558 1142 φιλοσοφεῖν
1586 1073 1717 1145 ήδὺς
1756 1075 1786 1126 ό
1820 1073 1920 1144 τῆς
1949 1073 2204 1144 νηστείας

620 1157 834 1229 καιρὸς,
860 1156 939 1222 ,τὸ
983 1156 1353 1227 πνευματικὸν
1384 1155 1495 1209 τῶν
1531 1155 1718 1227 ψυχῶν
1763 1156 1881 1226 ἔαρ,
1918 1155 1952 1226 ή
1997 1154 2204 1228 ἀληθὴς

617 1240 730 1294 τῶν
760 1239 1038 1311 λογισμῶν
1075 1237 1310 1310 γαλήνη.
1357 1237 1621 1308 Γηπόνοις
1646 1245 1673 1274 ⁸
1705 1239 1804 1309 μὲν
1849 1238 1959 1310 γὰρ
2002 1238 2100 1309 ήδὺ
2141 1239 2202 1291 16

618 1320 742 1394 ἔαρ,
772 1323 857 1376 δτι
880 1325 995 1385 τοῖς
1025 1321 1212 1377 ἀνθεσι
1250 1320 1372 1373 τότε
1410 1322 1851 1392 στεφανουμένην
1884 1320 2053 1391 όρῶσι
2100 1323 2200 1389 τὴν

619 1407 746 1475 γῆν,
771 1406 864 1460 καὶ
884 1404 1137 1475 καθάπερ
1164 1403 1382 1473 ίμάτιον
1404 1403 1646 1456 ποικίλον
1669 1401 2078 1472 ἐφαπλούμενον
2101 1400 2200 1455 αὖ-

618 1491 690 1559 τῇ
722 1487 1003 1559 πάντοθεν,
1034 1485 1134 1557 τὴν
1186 1483 1481 1554 βλάστησιν
1511 1483 1611 1553 τὴν
1650 1484 1758 1537 ἀπὺ
1798 1483 1906 1538 τῶν
1931 1482 2196 1553 βοτανῶνο

619 1558 846 1632 ναύταίς
870 1569 928 1622 δέ
956 1567 1056 1640 ήδὺ
1089 1567 1148 1619 16
1179 1565 1302 1637 ἔαρ,
1336 1565 1418 1618 ὅτι
1455 1566 1524 1618 τά
1563 1565 1826 1620 θαλάττια
1862 1564 2009 1619 νῶτα
2061 1564 2200 1636 μετά

620 1651 922 1722 ἀσφαλείας
979 1649 1163 1720 ἔχουσι
1209 1648 1396 1711 πλεῖν,
1443 1648 1703 1718 κυμάτων
1753 1648 2193 1719 ἐστορεσμένων.

617 1733 881 1802 δελφίνων
916 1734 976 1786 ἐν
1004 1729 1172 1802 πολλῇ
1214 1729 1519 1795 παιζόντων
1563 1730 1770 1800 γαλήνῃ
1807 1731 1901 1783 καὶ
1939 1732 2068 1800 παρ’
2096 1732 2196 1784 αὐ-

616 1817 744 1878 τοὺς
771 1815 870 1878 τῆς
898 1814 1026 1882 νηὸς
1056 1815 1182 1876 τοὺς
1212 1813 1423 1883 τοίχους
1451 1810 1831 1866 κυϐιστώντων
1854 1812 1884 1855 δ
1913 1812 2193 1874 πολλάκις.

627 1900 792 1968 Ἡμῖν
821 1899 878 1951 δέ
905 1897 1001 1969 ήδῦ
1030 1896 1092 1950 16
1118 1897 1216 1966 της
1247 1896 1496 1967 νηστείας
1525 1895 1644 1965 ἔαρ,
1680 1895 1762 1949 ὅτι
1801 1893 2021 1965 κύματα
2044 1896 2194 1964 ήμίν,

617 1981 716 2050 οὐχ
769 1979 1013 2043 ὑδάτων,
1064 1977 1178 2031 ἀλλ’
1226 1977 1531 2049 ἐπιθυμιῶν
1563 1977 1773 2046 ἀλόγων
1815 1976 2196 2030 καταστέλλειν

618 2063 798 2127 εἴωθε,
829 2061 924 2115 καὶ
966 2061 1229 2129 στέφανον
1271 2062 1402 2131 ήμῖν
1435 2061 1497 2114 οὐ
1542 2059 1634 2113 16v
1655 2060 1778 2113 ’ἀπὸ
1827 2059 1936 2113 τῶν
1967 2058 2194 2123 ἀνθέων,

615 2145 755 2200 ἀλλά
780 2145 871 2198 τὸν
906 2144 1014 2197 ἀπὸ
1041 2143 1151 2196 τῶν
1182 2142 1422 2213 χαρίτων
1467 2142 1779 2214 περιτίθησι
1806 2142 1915 2196 τῶν
1947 2158 2195 2211 πνευμαο

611 2228 814 2282 τικῶνο
867 2225 1174 2296 Στέφανον
1219 2224 1326 2296 γὰρ
1366 2225 1655 2294 χαρίτων,
1699 2225 1868 2294 φησὶ.
1918 2223 2066 2292 δέξῃ
2111 2223 2196 2292 σῆ

573 2310 874 2381 ’κορυφῇ
924 2311 1035 2382 Ούχ
1077 2309 1221 2364 οὕτω
1270 2309 1492 2381 χελιδὼν
1548 2311 1776 2378 φανεῖσα
1821 2309 1911 2362 16v
1953 2307 2194 2379 χειμῶνα

614 2394 941 2448 ἀπελαύνειν
966 2392 1178 2456 είωθεν,
1213 2393 1289 2456 ὡς
1320 2391 1542 2462 νηστεία
1576 2393 1807 2460 φανεῖσα
1835 2391 1926 2444 τὸν
1951 2389 2195 2462 χειμῶνα

611 2478 721 2530 τῶν
746 2475 934 2529 παθῶν
961 2476 1062 2545 τῆς
1092 2475 1332 2538 διανοίας
1361 2473 1612 2528 ἐκϐάλλει
1641 2472 1743 2542 τῆς
1771 2473 2067 2544 ήμετέρας.
2094 2473 2198 2525 Οὐ-

613 2560 735 2611 κέτι
761 2559 910 2628 μάχη
938 2561 1006 2628 τῇ
1043 2556 1188 2628 ψυχῇ
1217 2558 1353 2627 πρὸς
1383 2556 1482 2627 τὴν
1519 2554 1730 2626 σάρκα,
1772 2553 1892 2607 οὐδὲ
1929 2553 2194 2619 κατεξαν-

619 2641 836 2693 ίσταται
864 2639 964 2708 τῆς
984 2639 1176 2711 κυρίας
1199 2641 1233 2709 ή
1258 2637 1440 2706 δούλη.
1474 2637 1609 2691 ἀλλά
1653 2639 1760 2700 πᾶς
1789 2629 1944 2698 οὗτος
1971 2634 2064 2688 τοῦ
2091 2633 2196 2687 σώ-

618 2739 785 2790 ματος
815 2724 842 2774 6
874 2722 1107 2792 πόλεμος
1135 2721 1374 2775 λέλυται.
1416 2721 1566 2773 Ἐπεὶ
1598 2714 1691 2773 οῦν
1739 2716 1909 2788 πολλή
1939 2717 2040 2786 μὲν
2065 2719 2194 2786 παρ’

613 2806 746 2874 ἡμῖν
777 2805 989 2875 είρήνη,
1021 2803 1187 2874 πολλή
1221 2803 1278 2855 δὲ
1309 2802 1400 2856 καὶ
1428 2804 1459 2872 ἠ
1493 2801 1720 2873 γαλήνη.
1749 2800 1882 2872 φέρε
1907 2801 2002 2853 καὶ
2032 2802 2193 2870 ἡμεῖς

611 2888 676 2940 16
710 2887 914 2956 σκάφος
939 2885 1041 2956 τῆς
1071 2884 1419 2948 διδασκαλίας
1452 2883 1790 2954 ἑλκύσωμεν,
1826 2882 1935 2936 ἀπὸ
1977 2883 2195 2952 λιμένος

612 2971 695 3033 εἰς
715 2970 909 3041 λιμένα
948 2967 1408 3039 παραπέμποντες
1436 2965 1545 3020 τῶν
1576 2967 1856 3037 ὑμετέρων
1887 2966 2064 3019 ἀκοῶν
2098 2966 2194 3036 τὴν

612 3053 951 3123 ἡμερότητα.
985 3052 1142 3120 Φέρε,
1170 3049 1514 3120 λεπτοτέρων
1547 3049 2053 3119 κατατολμήσωμεν
2081 3064 2198 3118 νοηο

618 3136 824 3204 μάτων,
858 3135 986 3204 περὶ
1009 3132 1240 3202 ούρανοῦ
1283 3133 1375 3185 καὶ
1408 3132 1512 3201 γῆς
1545 3131 1640 3184 καὶ
1669 3131 1939 3202 θαλάττης
1973 3131 2064 3184 καὶ
2100 3130 2195 3183 τοῦ

611 3217 800 3272 λοιποῦ
829 3217 928 3286 τῆς
971 3217 1200 3277 κτίσεως
1231 3213 1650 3284 φιλοσοφοῦντες
1696 3214 1980 3284 σώματος·
2021 3211 2198 3267 ταῦτα

611 3299 724 3370 7&9
755 3301 886 3370 ήμῖν
930 3297 1246 3368 ἀνεγνώσθη
1281 3298 1541 3367 σήμερον.
1579 3295 1692 3350 ’Καὶ
1730 3297 1783 3349 τί
1841 3296 1979 3368 πρὸς
2022 3300 2192 3368 ἡμᾶς,

611 3383 802 3452 φησὶν,
839 3384 868 3435 ὀ
917 3382 1044 3450 περὶ
1075 3379 1304 3442 κτίσεως
1336 3379 1525 3446 λόγος;
1584 3379 1727 3448 Πρὸς
1760 3379 1908 3448 ἡμᾶς
1955 3379 2054 3448 μὲν
2078 3375 2191 3442 οὖν,

613 3464 906 3534 ἀγαπητοί.
931 3464 992 3516 El
1024 3463 1132 3536 7&9
1157 3464 1220 3514 ὲκ
1245 3461 1507 3531 μεγέθους
1536 3462 1628 3515 καὶ
1663 3460 1924 3531 καλλονῆς
1961 3462 2196 3532 κτισμά-

612 3565 722 3603 των
755 3547 1030 3614 ἀναλόγως
1066 3549 1095 3599 ὁ
1123 3545 1502 3617 γενεσιουργδς
1535 3545 1841 3616 θεωρεῖται,
1877 3546 2097 3617 ὅσῳπερ
2127 3545 2194 3600 ἂν

613 3630 694 3703 τῷ
718 3629 938 3702 μεγέθει
954 3630 1057 3699 τῆς
1077 3627 1341 3697 καλλονῆς
1365 3627 1476 3680 τῶν
1505 3627 1817 3698 κτισμάτων
1840 3627 2163 3699 ὲνδιατρίιζρω
2179 3659 2193 3670 -

616 3733 737 3786 μεν,
753 3712 1004 3767 τοσοῦτον
1024 3712 1158 3783 πρὸς
1177 3711 1269 3765 16v
1289 3711 1666 3783 γενεσιουργὸν
1685 3712 2025 3783 χειραγωγοῦ
2033 3712 2190 3782 μεθα.

683 3797 841 3866 Μέγα
889 3796 1093 3864 ἀγαθὸν
1135 3797 1369 3861 ειδέναι,
1406 3795 1459 3848 τί
1493 3795 1593 3864 μέν
1614 3795 1732 3848 ἐστι
1779 3795 2020 3864 κτίσμα,
2055 3795 2108 3848 τί
2135 3794 2193 3848 δέ

611 3883 840 3951 κτιστής
856 3898 868 3912 ·
890 3881 942 3933 τί
972 3879 1068 3950 μέν
1084 3878 1262 3949 ἔργον,
1279 3878 1407 3931 τίδὲ
1429 3880 1680 3948 ποιητής.
1697 3878 1805 3929 Καὶ
1826 3877 1934 3948 7&9
1955 3878 2002 3929 εί
2021 3877 2193 3930 ταῦτα

610 3963 830 4036 ⁴εἱδεισαν
857 3961 1100 4034 ἀκριϐῶς
1122 3960 1351 4032 διαιρεῖν
1378 3961 1428 4013 οί
1457 3961 1561 4029 τῆς
1579 3959 1837 4030 ἀληθείας
1856 3959 2060 4030 ἐχθροὶ.
2092 3961 2194 4014 οὐκ

611 4044 681 4100 ἂν
710 4046 890 4098 πάντα
917 4044 1190 4113 συνέχεον,
1213 4044 1285 4096 τά
1315 4045 1425 4097 ἀνω
1457 4041 1609 4095 κάτω
1643 4041 1951 4104 ποιοῦντεςο
1980 4042 2080 4111 οὐχ
2108 4042 2190 4095 ὅτι

611 4126 684 4182 τά
714 4127 890 4197 ἄστρα
921 4126 1017 4179 καὶ
1059 4125 1150 4177 16v
1197 4124 1425 4195 οὐρανὸν
1463 4124 1827 4194 κατήνεγκαν,
1855 4123 1955 4194 τὴν
1991 4124 2047 4177 δὲ
2087 4126 2190 4196 γῆν

611 4210 952 4282 ἀνήνεγκαν·
985 4206 1099 4261 ἀλλ’
1135 4207 1216 4260 ὅτι
1246 4205 1338 4260 16v
1379 4204 1489 4258 τῶν
1539 4205 1782 4276 οὐρανῶν
1817 4204 2040 4275 βασιλέα
2082 4208 2191 4260 ἀπὸ

608 4292 718 4347 τῶν
741 4293 945 4364 θρόνων
969 4288 1434 4352 καταϐιϐάσαντες
1457 4287 1566 4341 τῶν
1593 4287 1911 4358 βασιλικῶν,
1937 4290 2074 4357 μετά
2094 4291 2192 4362 τῆς

609 4375 841 4439 κτίσεως
878 4373 1114 4445 ἔστησαν
1135 4411 1150 4436 ,
1183 4371 1282 4442 τὴν
1328 4371 1385 4424 δέ
1433 4370 1612 4424 κτίσιν
1660 4373 1775 4434 τοῖς
1805 4371 1906 4441 τῆς
1941 4372 2192 4444 θεότητος

610 4457 919 4531 προεδρίοις
950 4459 1237 4527 ἐτίμησαν.
1269 4455 1332 4508 Et
1375 4454 1504 4524 περὶ
1532 4453 1764 4518 κτίσεως
1793 4453 2014 4525 ᾔδεισαν
2043 4455 2192 4524 φιλο-

613 4545 798 4613 σοφεῖν
832 4541 1120 4611 Μανιχαῖοι
1154 4537 1334 4600 καλῶς
1355 4576 1370 4600 ,
1403 4537 1504 4590 οὐκ
1543 4536 1609 4590 ἀν
1641 4537 1738 4607 τὴν
1771 4538 1830 4604 ἐξ
1867 4539 1967 4592 οὐκ
1996 4539 2187 4604 ὄντων,

609 4625 710 4696 τὴν
735 4623 1120 4695 φθειρομένην,
1139 4620 1239 4691 τὴν
1270 4620 1520 4691 ῥέουσαν,
1544 4620 1643 4689 τήν
1673 4619 2059 4693 ἀλλοιουμένην
2077 4626 2191 4687 τοῖς

607 4704 710 4776 τῆς
737 4707 1062 4776 ἀγεννησίας
1107 4703 1420 4774 πρεσϐείοις
1445 4699 1602 4774 [646]
1638 4702 1921 4774 ἐτίμησαν.
1953 4705 2014 4758 Ei
2060 4707 2188 4776 περὶ

608 4792 840 4854 κτίσεως
865 4789 1086 4861 ᾔδεισαν
1124 4786 1385 4856 Ἕλληνες
1413 4784 1725 4854 φιλοσοφεῖν
1766 4784 1972 4853 καλῶς,
1993 4789 2093 4840 οὐκ
2119 4787 2187 4842 ἂν

608 4873 1069 4942 ἀπεπλανήθησαν
1098 4869 1199 4940 τῆς
1214 4868 1490 4940 ἀληθείας,
1503 4868 1604 4920 οὐκ
1621 4868 1687 4921 ἂν
1703 4867 2076 4939 ἐσεϐάσθησαν
2093 4872 2185 4925 καὶ

609 4955 940 5026 ἐλάτρευσαν
967 4956 1033 5025 τῇ
1055 4954 1231 5006 κτίσει
1251 4952 1402 5024 παρά
1430 4951 1521 5004 τὸν
1542 4951 1828 5005 κτίσαντα.
1850 4951 2031 5016 Καλὸς
2052 4955 2080 5006 6
2105 4955 2186 5007 ούο

611 5037 792 5106 ρανδς,
805 5036 940 5090 ἀλλά
961 5036 1051 5090 διὰ
1068 5034 1226 5089 τοῦτο
1241 5034 1331 5103 ὲδη
1342 5033 1668 5103 μιουργήθη,
1688 5033 1776 5086 ἵνα
1801 5035 2188 5107 προσκυνήσῃς

608 5118 701 5171 16v
725 5120 1053 5190 ποιήσαντα·
1079 5117 1302 5188 φαιδρὸς
1335 5118 1364 5169 6
1389 5115 1557 5185 ἥλιος,
1582 5115 1696 5168 ἀλλ’
1727 5117 1813 5170 ἵνα
1842 5115 2188 5190 θεραπεύσης

607 5201 700 5253 16v
737 5202 1138 5273 ἐργασάμενον·
1171 5202 1220 5254 εί
1251 5200 1307 5253 δὲ
1344 5198 1558 5270 μέλλεις
1595 5199 1948 5270 ἐναπομένειν
1981 5198 2059 5269 τῷ
2087 5201 2186 5270 τῆς

608 5284 838 5350 κτίσεως
866 5285 1125 5355 θαύματι,
1158 5284 1251 5336 καὶ
1282 5281 1358 5352 τῷ
1393 5281 1585 5335 κάλλει
1634 5280 1743 5333 τῶν
1798 5281 1977 5351 ἔργων
2009 5298 2188 5352 παρα-

607 5367 899 5439 καθῆσθαι,
912 5368 971 5421 16
993 5368 1108 5438 φῶς
1122 5385 1206 5422 σοι
1217 5367 1408 5436 γέγονε
1438 5365 1647 5430 σκότος,
1657 5365 1857 5436 μᾶλλον
1880 5364 1937 5418 δὲ
1948 5364 2026 5435 τῷ
2049 5366 2185 5434 φωτὶ

671 5617 698 5646 ⁸
730 5613 857 5688 Βεε;
879 5613 1075 5688 γαλήνη.
1100 5615 1132 5671 ή
1154 5611 1336 5676 ἄγκυρα
1374 5611 1470 5658 τῶν
1489 5608 1693 5667 πιστῶν,
1713 5607 1928 5670 καὶπρὸς
1963 5605 2084 5655 Θεὸν
2103 5605 2183 5666 7i-

607 5693 744 5780 φυεα.
767 5679 860 5727 Καὶ
879 5679 1114 5752 γενητόνοῖις.
1949 5729 1958 5738 .
1991 5731 1998 5737 .

721 5741 842 5780 ιιρρ-
866 5739 1215 5780 mem-mnam-
1238 5736 1410 5780 sicque
1436 5730 1702 5780 legendum
1735 5734 1827 5778 εει.
1872 5726 1998 5777 Edm

721 5726 842 5800 Reg.
866 5726 1215 5800 ιίοζιστώντων,
1238 5736 1410 5796 sicque
1436 5730 1702 5794 legendum
1735 5734 1827 5778 εει.
1872 5726 2003 5777 Edili
2046 5728 2181 5775 κυϐι-

605 5798 865 5858 στούντών,
887 5798 1050 5848 minus
1071 5804 1228 5847 recte.

1297 365 1356 424 S.
1392 366 1680 425 JOANNIS
1710 365 2193 425 οιιιιῖευετωιι

2295 365 2565 425 RCIIIEP.
2603 366 3152 427 CONSTANTINOP.

3788 370 3899 431 532

2307 482 2444 553 πρὸς
2475 484 2668 550 σκότος
2693 485 2929 557 ἐχρήσω.
2955 479 3110 546 Εἶδες
3137 484 3263 538 ὅσον
3291 482 3497 552 ἀγαθόν
3528 483 3645 536 ἔστι
3665 482 3727 535 16
3753 482 3895 541 εἰδέο

2305 580 2391 617 ναι
2430 565 2558 631 τοὺς
2584 568 2713 638 περὶ
2753 568 2982 630 κτίσεως
3020 566 3244 636 λόγουςς
3272 564 3362 634 Μὴ
3399 565 3579 618 τοίνυν
3609 563 3876 636 παραδρά

2306 662 2416 718 μῃς
2444 648 2505 701 16
2537 649 2747 720 κέρδος,
2802 649 2939 703 ἀλλά
2988 649 3128 719 μετά
3167 646 3460 718 ἀκριϐείας
3497 647 3734 718 πρόσεχε
3781 650 3896 710 τοῖς

2301 727 2648 799 λεγομένοιςο
2683 731 2746 784 οὐ
2780 732 2890 804 γὰρ
2921 731 2986 803 δή
3020 730 3152 803 περὶ
3179 729 3410 802 οὐρανοῦ
3445 729 3604 800 μόνον
3633 730 3896 801 ἐροῦμεν,

2302 813 2398 866 καὶ
2427 813 2549 884 γῆς,
2581 815 2676 868 καὶ
2705 813 2998 884 θαλάττης,
3023 813 3159 870 ἀλλά
3181 814 3277 868 καὶ
3303 815 3431 884 περ)⁵
3458 813 3560 881 τῆς
3579 815 3896 886 γεννήσεως

2301 893 2402 964 τῆς
2433 895 2731 967 ἡμετέρας,
2753 899 2849 952 καῖ
2879 897 3043 951 πόθεν
3072 899 3102 951 6
3129 897 3380 960 θάνατος,
3401 895 3496 950 καὶ
3526 896 3689 950 πόθεν
3710 897 3745 966 ή
3777 897 3895 948 ἐπι

2305 977 2506 1050 μόχθος
2533 977 2668 1052 ζωὴ,
2689 981 2786 1035 καὶ
2815 981 2978 1035 πόθεν
3000 983 3056 1035 αί
3077 980 3308 1051 ἀθυμίαι
3338 981 3434 1034 καὶ
3461 979 3762 1051 φροντίδες.
3782 979 3895 1032 Καὶ

2301 1059 2412 1133 γὰρ
2442 1059 2585 1132 ὑπὲρ
2611 1061 2817 1116 τούτων
2848 1065 2944 1117 καὶ
2974 1064 3114 1136 ὑπὲρ
3161 1060 3427 1117 πλειόνων
3459 1062 3664 1134 ἐτέρων
3693 1059 3895 1114 ἀπολο-

2300 1143 2428 1210 γίαν
2477 1143 2692 1207 συνθεὶς
2721 1147 2751 1198 6
2792 1144 2955 1210 Θεὸς,
3004 1146 3065 1200 16
3105 1145 3311 1216 βιϐλίον
3341 1144 3500 1199 τοῦτο
3549 1144 3688 1215 1:96;
3739 1143 3896 1214 iud;

2303 1225 2576 1296 ἔπεμψενε
2615 1227 2736 1282 οὑδὲ
2773 1230 2883 1301 7&9
2940 1229 3324 1299 ἀπολογεῖσθαι
3373 1221 3724 1301 παραιτεῖται
3776 1228 3897 1291 τοῖς

2300 1308 2610 1380 ἀνθρώποις
2636 1311 2665 1363 6
2693 1310 2847 1376 Θεὸς,
2892 1311 3028 1366 ἀλλά
3078 1312 3180 1384 βοᾷ
3224 1311 3314 1366 διά
3345 1309 3440 1364 τοῦ
3483 1311 3770 1382 προφήτου
3798 1307 3894 1363 λέ·-

2300 1406 2445 1458 γων·
2478 1392 2677 1457 Δεῦτε,
2701 1394 2800 1447 καί
2846 1393 3275 1465 διαλεχθῶμεν,
3310 1394 3472 1462 λέγει
3504 1393 3740 1460 Κύριος.
3776 1391 3900 1444 οὐκ

2299 1476 2648 1546 ἀπολογεῖται
2684 1479 2741 1533 δὲ
2778 1480 2938 1550 μόνον
2969 1481 3063 1533 καί⁸
3093 1479 3396 1544 δικάζεται,
3438 1479 3576 1533 ἀλλά
3616 1480 3711 1531 καὶ
3737 1479 3897 1541 ὅπως

2297 1564 2648 1636 διαφύγωμεν
2679 1566 2780 1637 τήν
2825 1567 3122 1638 καταδίκην
3157 1568 3402 1622 διδάσκει
3421 1587 3433 1599 ·
3463 1569 3525 1620 ού
3556 1566 3665 1638 γὰρ
3698 1565 3894 1629 cium»;

2298 1644 2441 1715 εἷπε,
2477 1653 2677 1716 Δεῦτε,
2701 1653 2799 1707 καί
2832 1653 3244 1724 διαλεχθῶμεν
3261 1671 3274 1684 ·
3299 1655 3433 1708 ἀλλά
3454 1654 3721 1724 πρότερον
3743 1653 3900 1707 διδά-

2299 1738 2397 1805 ξας
2425 1738 2478 1791 τί
2506 1740 2605 1809 μὲν
2635 1742 2832 1807 εἰπεῖν,
2866 1741 2920 1794 τί
2947 1741 3001 1793 δέ
3063 1740 3285 1811 ποιῆσαι
3315 1742 3441 1813 χρὴ,
3477 1741 3622 1795 οῦτω
3659 1741 3800 1810 πρὸς
3830 1742 3901 1794 τὸ

2296 1824 2646 1897 δικαστήριον
2675 1827 2946 1882 εἵλκυσεν.
2979 1830 3250 1882 Ἄκουσον
3269 1825 3362 1882 οὖν
3393 1828 3600 1882 ἀνωθεν
3625 1828 3720 1882 τοῦ
3758 1845 3898 1898 προσ

2298 1913 2530 1982 φητικοῦ
2555 1915 2823 1985 ῥήματος.
2843 1916 3183 1980 Λούσασθε,
3225 1917 3469 1984 καθαροί
3491 1918 3755 1985 γίνεσθε,
3778 1915 3896 1985 ἀρ-

2296 1999 2465 2054 έλετε
2479 2000 2585 2067 τὰς
2611 2002 2905 2071 πονηρίας
2926 2001 3045 2057 ἀπὸ
3071 2003 3193 2056 τῶν
3213 2003 3429 2072 ψυχῶν
3451 2002 3618 2073 ὑμῶν
3637 2020 3651 2033 ο
3667 2003 3896 2072 μάθετε

2297 2087 2491 2142 καλὸν
2511 2089 2727 2156 ποιεῖν,
2765 2089 3006 2157 κρίνατε
3055 2089 3295 2160 ὀρφανῷ
3318 2129 3333 2153 ,
3391 2091 3489 2144 καί
3528 2089 3896 2147 δικαιώσατε

2296 2175 2523 2244 χήρανο
2571 2178 2665 2230 καὶ
2698 2177 2819 2229 τότε
2867 2178 3031 2246 φησί’
3088 2177 3288 2244 Δεῦτε,
3330 2178 3428 2232 καὶ
3457 2178 3892 2251 διαλεχθῶμεν,

2294 2262 2458 2334 λέγει
2490 2265 2725 2333 Κύριος.
2754 2265 2827 2317 Οὐ
2855 2263 3116 2335 βούλομαι
3146 2267 3408 2336 γυμνοὺς,
3441 2267 3597 2336 φησὶ,
3627 2269 3725 2322 καὶ
3756 2270 3895 2339 ἐρή-

2299 2369 2434 2422 μους
2454 2352 2562 2404 τῶν
2587 2351 2974 2422 δικαιωμάτων
2996 2351 3203 2415 λαϐεῖν,
3227 2352 3362 2406 ἀλλά
3386 2353 3719 2418 καθοπλίσας
3742 2355 3896 2426 ὑμᾶς

2295 2437 2414 2499 ταῖς
2444 2435 2785 2503 ἀπολογίαις,
2818 2435 2994 2499 οὕτως
3027 2437 3121 2489 ἐπὶ
3156 2436 3254 2499 τὰς
3305 2435 3534 2499 εὐθύνας
3576 2437 3758 2490 καλῶ’
3794 2441 3892 2491 καὶ

2296 2523 2403 2594 7&9
2444 2521 2761 2586 δικάζεσθαι
2794 2521 3054 2593 βούλομαι
3089 2522 3226 2593 πρὸς
3255 2523 3422 2592 ὑμᾶς,
3455 2524 3553 2592 οὐχ
3595 2523 3682 2576 ἵνα
3716 2540 3894 2577 κατα-

2297 2609 2488 2678 κρίνω,
2522 2609 2638 2662 ἀλλ⁹
2667 2611 2754 2663 ἵνα
2789 2610 3087 2678 φείσωμαι.
3116 2609 3272 2662 Οῦτω
3303 2609 3403 2662 καὶ·
3448 2608 3679 2679 ἀλλαχοῦ
3716 2626 3890 2681 φησιο

2296 2696 2445 2768 Λέγε
2477 2697 2559 2752 σὺ
2597 2697 2832 2767 πρῶτον
2853 2709 2876 2736 ε
2910 2701 3019 2762 τὰς
3051 2697 3295 2766 ἀνομίας
3334 2713 3470 2758 σου,
3505 2697 3606 2750 ἵνα
3651 2697 3890 2755 δικαιω-

2296 2782 2428 2851 θῇς.
2466 2784 2649 2854 Ἔχεις
2705 2785 3011 2855 κατήγορον
3058 2783 3255 2854 πικρδν
3285 2783 3380 2836 καὶ
3417 2785 3715 2855 ἀνήμερον,
3753 2802 3891 2858 προ·

2296 2870 2477 2924 λαϐὼν
2505 2870 2752 2943 ἀρπασον
2777 2870 2985 2925 ἐκείνου
3004 2869 3102 2943 τὴν
3130 2870 3304 2937 τάξιν,
3337 2869 3613 2941 ἔμφραξον
3638 2872 3703 2925 16
3729 2873 3891 2927 ἀναίο

2299 2975 2525 3030 σχυντον
2556 2959 2753 3028 στόμα.

2369 3045 2434 3116 β’.
2465 3045 2626 3116 Παρά
2664 3045 2761 3115 μὲν
2791 3039 2884 3098 οῦν
2901 3045 3000 3115 τὴν
3017 3045 3192 3117 ἀρχὴν
3227 3045 3294 3099 δι’
3312 3046 3506 3098 ἑαυτοῦ
3521 3049 3635 3108 τοῖς
3665 3046 3889 3119 ἀνθρώ-

2297 3151 2421 3198 ποις
2443 3136 2471 3186 ὁ
2509 3134 2643 3197 Θεὸς
2675 3132 2894 3202 ὡμίλει,
2927 3132 3002 3196 ώς
3031 3132 3340 3204 ἀνθρώποις
3369 3133 3601 3188 ἀκοῦσαι
3635 3133 3887 3192 δυνατόν.

2297 3221 2454 3276 υῦτω
2488 3222 2626 3294 πρὸς
2659 3221 2752 3274 τὸν
2805 3220 2978 3291 Ἀδάμ
3015 3217 3206 3292 ἦλθεν·
3239 3221 3414 3286 οὓτως
3461 3221 3766 3294 ἐπετίμησε
3805 3222 3892 3295 τῷ

2297 3309 2438 3363 Κάῖν
2461 3326 2475 3340 ’
2502 3309 2646 3363 οὕτω
2675 3308 2924 3380 διελέχθη
2956 3308 3030 3378 τῷ
3065 3307 3190 3361 Νῶε
3207 3313 3230 3339 ·’
3252 3308 3426 3373 οῦτως
3465 3309 3778 3382 ἐπεξενώθη
3809 3310 3890 3382 τῷ

2309 3397 2579 3470 Ἀϐραάμ.
2613 3396 2836 3468 Ἐπειδὴ
2859 3398 2916 3450 δὲ
2937 3397 3074 3466 πρὸς
3104 3398 3356 3467 κακίανή
3383 3398 3544 3467 φύσις
3569 3398 3730 3468 ήμῶν
3776 3415 3893 3453 απ-

2295 3485 2600 3552 έκλινε,καὶ
2611 3484 2864 3554 καθάπερ
2883 3486 2962 3548 είς
2985 3486 3280 3556 ὑπερορίαν
3299 3485 3420 3538 τινά
3447 3485 3666 3557 μακράν
3685 3487 3890 3558 ἑαυτήν

2293 3573 2569 3645 διέστησε,
2591 3573 2895 3642 τηνικαῦτα
2921 3571 3129 3638 λοιπὸν,
3163 3573 3415 3644 καθάπερ
3443 3575 3500 3627 ὲν
3529 3577 3724 3646 μακρᾷ
3749 3577 3891 3630 καο-

2293 3660 2525 3715 εστῶσιν
2554 3659 2856 3732 ἀποδημίᾳ,
2917 3662 3224 3731 γράμματα
3276 3661 3507 3732 πέμπει,
3559 3661 3753 3736 ῶσπερ
3796 3663 3893 3720 διά

2294 3767 2439 3814 τινος
2486 3750 2778 3819 ἐπιπολῆς
2815 3749 2914 3819 τὴν
2965 3749 3207 3804 παλαιὰν
3253 3750 3391 3820 πρὸς
3429 3752 3582 3822 ἡμᾶς
3621 3753 3892 3807 ἀνανεού-

2299 3853 2459 3907 μενος
2501 3835 2706 3904 φιλίαν.
2735 3837 2845 3890 Καί⁵
2871 3837 2940 3890 τὰ
2976 3838 3074 3908 μὲν
3096 3840 3402 3908 γράμματα
3431 3837 3608 3892 ταῦτα
3633 3839 3893 3912 ἔπεμψεν

2293 3926 2321 3978 6
2342 3923 2496 3989 Θεὸς,
2522 3923 2745 3994 ἐκόμισε
2772 3923 2829 3976 δὲ
2860 3926 2889 3975 6
2911 3924 3174 3994 Μωῦσῆς.
3207 3925 3273 3976 Τί
3303 3921 3394 3979 οὖν
3427 3925 3575 3994 λέγει
3608 3926 3678 3980 1&
3696 3931 3890 4000 γράμ-

2297 4011 2617 4081 ματα;·Ἐν
2654 4009 2815 4079 ἀρχῇ
2862 4011 3157 4079 ἐποίησεν
3194 4015 3228 4066 ό
3278 4011 3426 4078 Θεὸς
3464 4013 3572 4066 τὸν
3615 4015 3894 4082 οὐρανὸν

2292 4095 2391 4150 καί
2412 4094 2527 4163 τὴν
2549 4095 2687 4165 γῆν.
2711 4097 2867 4160 Τίνος
2884 4096 3070 4150 ἔνεκεν
3097 4097 3159 4149 οὐ
3186 4097 3312 4170 περὶ
3335 4097 3445 4152 τῶν
3471 4097 3721 4166 ἀγγέλων
3750 4101 3891 4170 ήμῖν

2291 4183 2619 4252 διαλέγεται,
2655 4185 2718 4236 οὐ
2761 4184 2893 4254 περὶ
2923 4184 3032 4236 τῶν
3085 4183 3480 4256 ἀρχαγγέλων;
3520 4185 3584 4239 Εἰ
3615 4184 3727 4256 γὰρ
3772 4188 3891 4241 ἀπὸ

2291 4270 2398 4324 τῶν
2429 4273 2745 4342 κτισμάτων
2777 4271 2808 4324 6
2835 4271 3172 4342 δημιουργὸς
3196 4272 3501 4344 θεωρεῖται,
3533 4271 3714 4344 πολλῷ
3745 4276 3892 4344 μᾶλ-

2291 4357 2380 4412 λον
2406 4360 2502 4413 ἀπ’
2524 4359 2752 4412 ἐκείνων
2786 4359 3059 4429 φαίνεται.
3095 4360 3276 4424 Καλὸς
3305 4361 3334 4413 6
3360 4360 3609 4431 οὐρανὸς,
3632 4360 3752 4416 ἀλλ’
3780 4363 3889 4434 οὐχ

2291 4446 2434 4501 οὕτω
2459 4447 2644 4510 καλὸς,
2670 4447 2748 4512 ὡς
2787 4447 3044 4517 ἀγγελος’
3093 4449 3319 4522 φαιδρὸς
3361 4451 3391 4502 ό
3426 4448 3600 4519 ἥλιος,
3627 4449 3745 4504 ἀλλ’
3785 4451 3890 4522 οὐχ

2292 4536 2433 4590 οὕτω
2463 4538 2706 4609 φαιδρὸς,
2735 4538 2812 4602 ὡς
2838 4541 2867 4592 6
2888 4539 3250 4610 ἀρχάγγελος.
3273 4539 3430 4604 Τίνος
3448 4537 3543 4595 οὖν
3565 4540 3754 4595 ἔνεκεν
3780 4541 3887 4612 τὴν

2294 4625 2630 4696 ὑψηλοτέραν
2671 4627 2830 4694 ἀφεὶς
2872 4626 3010 4694 666v,
3036 4627 3124 4682 διά
3165 4627 3268 4698 τῆς
3305 4628 3691 4698 ταπεινοτέρας
3729 4631 3886 4700 ἡμᾶς

2290 4713 2502 4783 όδηγεῖ”;
2538 4713 2663 4766 Ὀτι
2696 4712 2972 4777 Ἰουδαίοις
3012 4714 3318 4784 διαλέγεται
3340 4757 3354 4781 ,
3384 4717 3499 4779 τοῖς
3537 4715 3884 4786 ἀλογώτερον

2288 4799 2676 4870 διακειμένοις,
2694 4803 2809 4864 τοῖς
2839 4801 2976 4872 πρὸς
3001 4801 3071 4854 τὰ
3097 4802 3333 4874 αἰσθητά
3356 4803 3735 4872 ἐπτοημένοις,
3762 4807 3884 4869 τοῖς

2288 4887 2349 4953 ἐξ
2369 4887 2644 4957 Αἰγύπτου
2669 4886 2820 4960 [647]
2846 4887 2943 4942 νῦν
2970 4888 3306 4955 ἐπανιοῦσιν,
3342 4888 3471 4943 ἔνθα
3498 4889 3884 4963 κροκοδείλους

2286 4977 2381 5030 καὶ
2429 4975 2598 5041 κύνας
2646 4976 2741 5030 καὶ
2779 4976 3048 5044 πιθήκους
3083 4975 3418 5049 ἐθεράπευον
3456 4979 3506 5031 οί
3556 4977 3879 5049 ἀνθρώποιο

2286 5063 2381 5118 καὶ
2409 5063 2510 5117 οὐκ
2542 5063 2669 5133 ἐνῆν
2699 5063 2789 5117 διὰ
2817 5067 2918 5135 τῆς
2956 5063 3298 5135 ὑψηλοτέρας
3349 5065 3546 5128 αὐτοὺς
3571 5066 3692 5120 όδοῦ
3724 5084 3882 5138 χειρ‹

2285 5151 2576 5222 αγωγῆσαι
2599 5150 2736 5224 πρὸς
2770 5151 2862 5204 τὸν
2891 5153 3246 5224 δημιουργόν.
3265 5152 3604 5222 ’Υψηλοτέρα
3639 5155 3738 5224 μὲν
3768 5156 3884 5227 7&9

2285 5240 2401 5303 ὁδός
2431 5242 2579 5294 ἐστιν
2616 5240 2823 5310 ἐκείνη,
2867 5240 3002 5294 ἀλλά
3044 5242 3380 5312 τραχυτέρα,
3412 5242 3507 5294 καὶ
3538 5242 3880 5312 προσάντης,

2286 5329 2382 5382 καὶ
2409 5327 2608 5398 μᾶλλον
2641 5326 2824 5398 δρθιος
2851 5330 2966 5391 τοῖς
2995 5329 3422 5400 ἀσθενεστέροις.
3443 5327 3545 5382 Διά
3583 5328 3745 5384 τοῦτο
3780 5332 3882 5385 αῦ·

2285 5417 2410 5480 τοὺς
2437 5416 2525 5470 διὰ
2564 5416 2666 5485 τῆς
2691 5415 3066 5485 εύκολωτὲρας
3099 5417 3243 5486 ἄγει,
3278 5417 3345 5470 δι’
3373 5416 3606 5489 ούρανοῦ
3640 5419 3737 5472 καὶ
3775 5419 3881 5490 γῆς

2286 5504 2381 5557 καὶ
2411 5504 2713 5575 θαλάττης,
2748 5503 2843 5556 καὶ
2887 5505 2985 5573 τῆς
3023 5504 3308 5575 ὀρωμένης
3362 5505 3595 5569 κτίσεως
3615 5505 3877 5577 ἀπάσης.

2290 5591 2409 5645 Ὀτι
2439 5592 2536 5660 μὲν
2567 5591 2678 5664 7&9
2709 5591 2871 5645 τοῦτο
2909 5592 2971 5645 16
3000 5593 3191 5661 αἴτιον,
3222 5593 3310 5646 ὅτε
3337 5594 3534 5666 μικρὸν
3567 5593 3878 5662 ἐπέδωκαν,

2349 5787 2369 5811 ⁸⁵
2401 5784 2525 5847 Krg-
2552 5785 2747 5848 πρῶτος.
