4086 6464
149 407 242 468 581

660 513 890 574 5εῆΜο
944 509 1222 579 ιιιιιιιυδ,

157 656 369 712 Habitus
398 647 470 711 in,
498 653 756 726 principio
791 644 1219 720 Quadragesima
1253 646 1309 699 in
1333 641 1488 707 illud,
1521 640 1578 696 In
1607 638 1754 708 prin-

215 746 359 820 cipio
389 742 690 800 fecit-Deus
725 740 920 797 osclum
947 747 1005 794 et
1041 745 1239 794 terram
1264 732 1416 808 (Gen.
1469 733 1522 788 i.
1553 729 1650 801 i);
1693 743 1753 782 ac

216 839 281 893 de
293 836 577 911 μίυηεοςσι
606 835 924 903 ιιιοιηοιςηα
957 828 1055 902 (ι).

224 970 278 1026 ι’.
305 966 580 1040 Jejuniuns
625 964 730 1020 aeri
756 969 1107 1034 comparatur.
1153 990 1226 1002 —
1249 953 1554 1016 Iucundum
1581 953 1758 1010 nautis

152 1070 344 1118 est'vcr
371 1100 388 1127 ,
411 1055 710 1129 jucundum
741 1054 1028 1126 agricolis;
1053 1051 1150 1109 sed
1180 1066 1355 1122 neque
1383 1049 1560 1105 nautis
1585 1060 1760 1116 neque

152 1149 396 1223 agri¢olis
417 1151 490 1204 ita
513 1145 811 1217 jucundum
837 1160 932 1200 ver
968 1152 1074 1212 est,
1098 1151 1158 1198 ut
1181 1141 1487 1198 volentibus
1514 1137 1759 1209 philoso-

155 1243 302 1314 phari
340 1241 640 1313 jucundum
686 1250 770 1295 est
807 1237 998 1309 jejunii
1051 1244 1286 1307 tempus,
1324 1233 1626 1290 animarum
1670 1245 1764 1281 ver

153 1334 470 1406 spirituale,
526 1331 915 1404 cogitationum
960 1345 1088 1386 vera
1136 1325 1566 1398 tranquillitas“.
1625 1320 1758 1376 Nam

152 1426 401 1498 agricolis
429 1439 525 1481 rer
574 1423 698 1479 ideo
717 1421 1018 1494 jucundum
1061 1429 1166 1484 est,
1220 1419 1344 1490 quia
1375 1425 1504 1472 tunc
1531 1427 1762 1470 corona-

155 1527 260 1574 tam
280 1517 468 1574 vident
496 1513 722 1571 naribus
749 1524 991 1579 terram;
1014 1521 1072 1568 et
1100 1510 1390 1567 herbarum
1427 1506 1600 1563 comis
1623 1503 1768 1559 velut

157 1609 350 1664 amictu
383 1605 622 1677 undique
645 1613 894 1661 ornatam
925 1620 939 1657 :
972 1602 1149 1658 nautis
1170 1601 1297 1656 item
1327 1615 1425 1655 ver
1446 1594 1764 1668 jucundum,

156 1698 275 1771 quia
305 1698 537 1752 marium
576 1695 734 1752 darsa
763 1703 878 1751 tuto
907 1700 1132 1764 possunt
1161 1688 1387 1746 navibus
1416 1688 1648 1750 sulcare,
1678 1699 1769 1739 se-

155 1790 301 1850 datis,
320 1803 519 1858 nempe
545 1786 812 1852 ﬂuctibus,
838 1784 1108 1855 delphinis
1130 1781 1417 1853 tranquille
1437 1778 1769 1844 ludentibus,

155 1892 212 1938 et
231 1882 298 1937 ad
343 1882 462 1952 ipsa
492 1882 644 1936 navis
686 1879 854 1935 latera
886 1877 1204 1947 plerumque
1233 1871 1632 1929 exsilientibus.
1665 1867 1772 1924 No-

158 1971 244 2029 bis
269 1981 454 2026 autem
485 1969 784 2040 jucundum
810 1966 1107 2039 estjejunii
1148 1980 1262 2028 ver,
1291 1963 1418 2035 quia
1448 1960 1644 2016 fluctus
1686 1973 1774 2012 no-

158 2061 264 2128 bis,
295 2077 406 2116 non
443 2060 728 2124 undarum,
774 2057 872 2113 sed
903 2056 1263 2111 absurdorum
1296 2062 1540 2107 motuum
1571 2065 1773 2106 concu-

163 2154 660 2226 piscentiarumque
694 2151 907 2214 sedare,
941 2160 995 2204 et
1025 2162 1282 2204 coronam
1326 2144 1504 2211 nobis,
1535 2157 1641 2198 non
1673 2141 1774 2195 llo-

165 2264 305 2315 rum,
354 2247 452 2303 sed
485 2245 782 2317 spiritualis
829 2244 1017 2315 gratia:
1075 2255 1258 2296 texere
1304 2240 1487 2295 solet:
1518 2237 1772 2293 Coronam

169 2341 456 2411 gratiarum
484 2382 498 2404 ,
548 2340 740 2410 inquit,
780 2337 999 2408 accipies
1053 2336 1209 2408 capiti
1263 2345 1352 2389 tuo
1403 2334 1584 2406 (Prov.
1614 2335 1663 2387 l.
1695 2333 1777 2402 6).

165 2430 281 2487 Non
312 2433 394 2486 sic
419 2431 724 2486 adventans
750 2430 982 2484 hirundo
1013 2428 1247 2483 hiemem
1273 2427 1416 2481 solet
1459 2426 1733 2496 depellere
1763 2465 1779 2489 ,

167 2531 236 2578 ut=
249 2522 554 2578 adventans
582 2521 848 2591 jejunium
877 2519 1310 2574 turbulentorum
1340 2516 1505 2572 animi
1540 2527 1782 2571 motuum

169 2613 408 2668 hiemem
436 2627 466 2665 a
496 2612 655 2667 nobis
705 2609 872 2680 ejicit.
915 2609 1032 2663 Non
1060 2608 1199 2664 ultra
1231 2623 1405 2679 pugna
1437 2607 1632 2662 animae
1661 2619 1785 2661 cum

167 2717 357 2768 carne,
393 2718 506 2758 non
551 2703 782 2773 insurgit
808 2703 1070 2757 adversus
1114 2701 1389 2757 dominam
1419 2697 1657 2764 ancilla;
1689 2695 1787 2754 sed

171 2793 485 2871 hujusmodi
517 2794 569 2847 in
617 2807 847 2862 corpore
872 2802 1076 2848 motum
1103 2792 1302 2848 bellum
1330 2801 1500 2850 totum
1537 2792 1786 2861 solvitur.

169 2883 624 2954 Quandoquidem
654 2883 818 2954 igitur
872 2897 1065 2954 magna
1095 2881 1325 2937 fruimur
1352 2896 1483 2953 pace
1507 2923 1523 2950 ,
1553 2881 1790 2952 ingenti-

171 2993 279 3048 que
331 2976 766 3047 tranquillitate,
820 2990 960 3046 age,
1011 2986 1067 3030 et
1123 2990 1222 3030 nos
1273 2991 1487 3044 quoque
1529 2974 1793 3029 doctrina:

172 3071 436 3142 scapham
469 3069 746 3126 trabamus
773 3113 789 3138 ,
843 3078 1006 3139 atque
1031 3084 1098 3124 ex
1130 3078 1290 3137 portu
1318 3068 1374 3122 in
1403 3068 1540 3122 bene
1573 3066 1791 3122 affecta.

175 3179 298 3220 rum
331 3163 545 3218 aurium
569 3171 872 3215 vestrarum
902 3169 1119 3230 portum
1143 3157 1597 3212 tmnsmittamus.
1645 3157 1793 3227 Age,

176 3256 461 3312 subtiliora
503 3254 797 3322 Scriptura:
828 3267 985 3308 sensa
1013 3250 1413 3321 aggrediamur,
1463 3265 1525 3304 ac
1544 3248 1613 3304 de
1637 3247 1793 3313 czelo,

177 3347 250 3403 de
278 3359 462 3412 terra,
494 3346 563 3400 de
592 3345 751 3409 mari,
775 3343 951 3413 deque
975 3349 1082 3396 tota
1106 3356 1288 3397 rerum
1334 3350 1528 3394 natura
1553 3340 1797 3410 philosoo

183 3441 457 3512 phemur:
489 3437 606 3493 bmc
652 3437 850 3506 quippe
899 3433 1059 3490 nobis
1107 3432 1270 3488 hodie
1321 3434 1465 3488 lecta
1513 3440 1662 3486 sunt.
1690 3430 1798 3487 Sed

180 3531 315 3604 quid
341 3529 410 3584 ad
442 3543 562 3591 nos,
596 3526 830 3597 inquies,
854 3524 1145 3580 creationis
1169 3523 1349 3578 ratio?
1375 3524 1457 3578 Ad
1488 3538 1589 3578 nos
1616 3523 1801 3593 utique

185 3623 443 3694 pertinet,
469 3621 673 3676 dilecti.
704 3618 836 3673 Nam
866 3619 912 3674 si
933 3634 998 3674 ex
1032 3618 1400 3687 magnitudine
1424 3627 1478 3672 et
1501 3617 1803 3687 pulchritu-

183 3715 317 3771 dine
345 3723 716 3770 creaturarum
751 3712 1102 3783 proportione
1123 3710 1359 3782 quadam
1379 3709 1608 3766 Creator
1638 3724 1808 3781 agno-

186 3809 383 3872 scitur,
417 3798 620 3876 quanto
649 3805 823 3876 magis
851 3813 1155 3860 creatarum
1207 3818 1390 3859 rerum
1445 3803 1807 3873 pulchritudi-

189 3913 318 3955 nem
361 3896 895 3968 magnitudinemque
920 3895 1432 3967 contemplahimur,
1463 3896 1808 3967 tantomagis

187 3990 259 4046 ad
289 3991 464 4060 ipsius
483 3989 708 4060 Opiﬁeis
738 3988 984 4042 notitiam
1007 3986 1361 4043 addueemur.

268 4082 687 4138 Manichcorum
709 4089 756 4135 et
777 4078 1056 4134 Gentilium
1086 4095 1302 4133 errores.
1333 4109 1407 4118 —
1434 4077 1682 4148 Magnum
1711 4078 1809 4130 ho-

193 4190 328 4232 num
349 4183 433 4229 est
459 4185 624 4228 nosse
667 4171 793 4242 quid
822 4171 898 4226 sit
914 4180 1182 4236 creatura,
1211 4168 1342 4240 quid
1372 4169 1635 4234 Creator;
1682 4169 1809 4238 quid

191 4281 360 4339 opus,
395 4262 525 4335 quid
542 4261 757 4334 Opifex.
785 4260 921 4318 Nam
947 4262 993 4317 si
1025 4261 1141 4316 huc
1189 4270 1440 4317 accurate
1476 4261 1810 4332 distinguere

193 4359 410 4416 scirent
438 4356 680 4413 veritatis
707 4355 894 4412 hostes
914 4398 929 4423 ,
962 4369 1068 4410 non
1097 4356 1280 4409 omnia
1309 4354 1729 4420 confunderent,
1751 4370 1814 4408 ac

193 4467 295 4509 sus
315 4443 502 4521 deque
525 4457 801 4504 verterent
832 4466 845 4501 :
875 4463 982 4502 non
1011 4447 1158 4518 quod
1185 4448 1373 4504 stellas
1398 4456 1452 4503 et
1495 4446 1687 4502 cadum
1713 4445 1812 4501 de-

191 4541 484 4608 duxerint,
508 4549 564 4596 et
592 4547 791 4596 terrain
817 4539 1109 4595 sublimem
1141 4539 1398 4603 fecerint;
1424 4537 1518 4594 sed
1555 4539 1813 4594 czelorum

194 4638 407 4710 Regem
454 4650 498 4690 a-
517 4635 668 4705 regio
715 4632 858 4689 solio
891 4633 1235 4688 deturbatum
1261 4648 1383 4687 cum
1409 4631 1608 4687 creatis
1653 4630 1817 4687 rebus

196 4714 616 4790 collocaverint,
647 4735 958 4780 creaturam
979 4739 1108 4780 vero
1132 4723 1432 4780 divinitatis
1462 4723 1682 4777 sedibus
1721 4721 1816 4776 ho.

198 4820 470 4875 norat-int.
500 4818 559 4873 Si
604 4817 674 4873 de
701 4825 888 4872 natura
911 4832 1093 4873 rerum
1122 4825 1271 4872 recte
1312 4815 1546 4872 scissent
1575 4814 1817 4887 philoso-

198 4910 363 4982 phari
393 4911 678 4966 Manichtei
707 4951 723 4978 ,
770 4925 1066 4981 numquam
1105 4924 1246 4970 eam.
1276 4925 1401 4981 qum
1431 4925 1499 4964 ex
1543 4909 1716 4964 nihilo
1745 4908 1822 4962 fa-

197 5013 311 5070 cta,
344 5002 656 5073 coruptioni
683 5003 939 5070 obnoxia,
968 5001 1110 5058 ﬂuxa
1138 5011 1193 5057 et
1211 5001 1487 5056 mutabilis
1512 5008 1649 5068 erat,
1669 4999 1820 5071 quasi

196 5113 319 5154 non.
357 5095 556 5152 factam
599 5096 984 5151 bonorassent.
1015 5095 1072 5150 Si
1107 5094 1177 5150 de
1236 5109 1418 5148 rerum
1453 5104 1644 5148 natura
1674 5102 1823 5149 recte

199 5192 446 5248 scissent
477 5188 789 5244 ratiocinari
816 5187 1067 5258 gentiles,
1095 5202 1201 5241 non
1229 5201 1259 5240 a
1290 5201 1420 5242 vero
1451 5186 1823 5242 aberrassrnt.

199 5298 385 5354 neque
405 5280 703 5338 coluissent
717 5280 1138 5350 adorassentque
1153 5288 1452 5335 creaturam
1472 5279 1649 5349 potius
1663 5295 1824 5350 quam

201 5376 546 5432 Creatorem.
591 5373 880 5429 Pulchrum
911 5381 995 5428 est
1021 5372 1234 5439 emittm,
1293 5373 1388 5428 sed
1432 5373 1554 5429 ideo
1580 5385 1824 5428 creatum

204 5477 296 5528 est
321 5478 383 5524 ut
412 5468 675 5525 adorares
702 5466 963 5540 Opiﬁeem
997 5487 1011 5521 :
1042 5466 1270 5538 pulcher
1294 5466 1397 5532 sol,
1426 5467 1522 5523 sed
1555 5467 1678 5523 ideo
1719 5468 1825 5538 pul-

275 5645 295 5679 ι
333 5651 475 5716 Reg,
498 5644 861 5708 tranquillitas,
882 5658 1064 5697 ancora
1085 5642 1325 5710 ﬁdelium,
1351 5650 1396 5697 et
1419 5659 1538 5709 pons
1561 5645 1631 5698 ad
1657 5654 1823 5702 neunt.

206 5713 270 5759 tit
289 5706 540 5767 uncatis.
569 5716 667 5760 etc.
809 5723 820 5732 ο

205 5768 367 5884 mg):
591 5778 709 5823 sunt
752 5770 802 5822 lii
839 5778 1104 5822 Sermones
1145 5784 1255 5821 cum
1293 5769 1488 5866 codice,
1512 5772 1658 5836 Regio
1692 5771 1818 5824 25ιὲ

1417 391 1487 451 IN
1523 387 1828 452 GBNESH
1863 384 2094 446 88ῐῦιο
2135 385 2174 441 Ι.

3371 378 3484 436 581

1870 501 2002 560 cher
2032 509 2091 556 ut
2114 498 2265 556 colas
2287 495 2572 555 Factorem
2600 514 2614 552 :
2640 494 2736 552 sed
2763 493 2809 551 si
2840 495 2894 550 in
2925 491 3062 550 mira
3096 507 3280 548 rerum
3304 488 3476 547 forma

1863 591 2152 658 consistas,
2192 599 2248 647 et
2278 603 2468 645 earum
2517 583 2911 660 pulchritudini
2939 585 3234 650 inhazreas,
3267 582 3357 639 lux
3385 580 3481 638 tibi

1864 695 2024 738 versa
2053 689 2139 736 est
2182 679 2237 735 in
2265 678 2517 735 tenebras
2537 719 2554 743 ,
2583 678 2696 733 imo
2741 674 2926 748 potius
2967 673 3089 730 luce
3116 671 3187 729 ad
3221 672 3477 728 tenebras

1866 789 1999 830 usus
2017 788 2100 830 es.
2124 771 2296 829 Vides
2325 779 2588 842 quantum
2617 770 2820 826 bonum
2860 769 2934 823 sit
2958 782 3145 824 rerum
3171 774 3480 822 ereatarum

1868 881 2034 924 nosse
2094 865 2374 922 raucaest
2409 864 2490 920 Ne
2554 865 2738 934 itaque
2783 862 2992 918 lucrum
3026 869 3321 931 praetereas
3343 900 3361 926 ,
3386 859 3492 915 sed

1867 960 2030 1016 dictis
2059 965 2315 1014 accurate
2334 957 2580 1012 animum
2629 953 2830 1011 adhibe
2854 971 2869 1008 :
2904 969 3012 1009 non
3038 953 3184 1009 enim
3205 951 3274 1008 de
3304 952 3442 1008 caelo
3463 993 3486 1017 ,

1866 1051 1935 1106 de
1965 1060 2128 1116 terra,
2155 1051 2224 1106 de
2248 1048 2392 1105 mari
2410 1055 2618 1104 tantum
2645 1045 2842 1103 dicturi
2869 1058 3078 1110 sumus,
3107 1043 3206 1101 sed
3231 1043 3394 1099 etiam
3421 1042 3496 1098 de

1868 1143 2079 1214 origine
2127 1151 2335 1206 nostra,
2366 1148 2530 1212 atque
2557 1138 2703 1195 unde
2730 1152 2881 1193 mors
2907 1148 3028 1192 orta
3058 1137 3168 1204 sit,
3199 1135 3345 1191 unde
3379 1134 3489 1189 vita

1873 1227 2164 1299 laboriosa,
2196 1233 2342 1289 unde
2373 1231 2590 1288 tristitia
2623 1241 2679 1288 et
2704 1229 3119 1288 sollicitudines.
3154 1227 3289 1284 Nam
3318 1239 3376 1284 ut
3421 1226 3492 1283 de

1874 1327 1962 1383 his
1988 1327 2162 1398 deque
2205 1326 2391 1382 multis
2427 1325 2550 1380 aliis
2579 1337 2701 1380 sese
2730 1331 2981 1394 purgaret
3019 1322 3182 1385 Deus,
3225 1320 3372 1376 hunc
3419 1319 3488 1374 ad

1875 1434 1975 1475 nos
2005 1419 2200 1474 librum
2227 1419 2375 1475 misit
2403 1435 2417 1474 :
2445 1433 2621 1488 neque
2651 1416 2798 1472 enim
2846 1426 2967 1471 sese
2993 1413 3291 1471 defendere
3341 1413 3486 1468 Dens

1874 1510 2216 1584 dedignatur.
2239 1511 2332 1566 sed
2355 1526 2453 1582 per
2470 1510 2788 1584 prophetam
2818 1509 3015 1564 clamat
3041 1528 3054 1563 :
3089 1507 3288 1574 Venite,
3316 1517 3363 1563 et
3386 1507 3467 1563 dis

1877 1619 2132 1678 putemus,
2162 1607 2287 1660 dicit
2313 1604 2566 1660 botninus
2611 1603 2763 1678 (lsai.
2791 1606 2843 1660 i.
2891 1604 3000 1674 i8).
3038 1603 3148 1658 Nec
3188 1601 3352 1657 modo
3367 1615 3494 1657 sese

1878 1698 2122 1755 defendit
2149 1714 2214 1754 ac
2261 1696 2468 1768 judicio
2505 1695 2821 1762 contendit,
2855 1694 2950 1751 sed
3000 1696 3162 1750 etiam
3209 1692 3506 1765 quomodu-
3554 1726 3557 1727 ν

1878 1791 2387 1848 condemnationem
2421 1788 2607 1860 fugere
2635 1787 2906 1859 possimus
2932 1786 3094 1842 docet
3127 1804 3140 1840 :
3190 1800 3300 1841 non
3345 1784 3509 1840 enim.

1883 1885 2056 1940 solum
2083 1883 2240 1946 dixit,
2277 1881 2474 1948 Venite,
2500 1893 2548 1938 et
2582 1883 2919 1955 disputemus,
2954 1879 3049 1935 sed
3081 1890 3366 1951 postquam
3389 1877 3494 1932 dn-

1882 1979 1995 2033 cuit
2021 1977 2147 2048 quid
2175 1975 2496 2042 dicendum,
2527 1975 2655 2046 quid
2705 1973 2975 2046 agendum
3003 1980 3170 2039 esset,
3196 1972 3275 2027 sic
3300 1970 3368 2026 ad
3399 1972 3500 2027 tri-

1883 2069 2049 2125 bunal
2085 2071 2264 2124 traxit.
2289 2068 2429 2124 Audi
2454 2069 2635 2139 itaque
2669 2067 3046 2138 propheticum
3073 2080 3380 2120 sermonem
3407 2077 3502 2118 su-

1885 2161 2069 2231 perius
2109 2160 2377 2230 prolatum
2407 2177 2421 2212 :
2450 2153 2742 2224 Lavamini,
2778 2158 2956 2213 mundi
2976 2166 3150 2221 estote,
3184 2160 3388 2228 auferte
3413 2173 3477 2211 ne

1887 2252 2078 2322 quitias
2121 2254 2183 2306 ab
2210 2251 2479 2307 animabus
2519 2252 2700 2307 vestris
2723 2267 2742 2304 :
2766 2251 2948 2304 discite
2977 2251 3100 2329 tene
3133 2248 3303 2321 facere
3323 2291 3337 2313 ,
3363 2249 3510 2319 iudi-

1889 2357 2001 2402 cate
2027 2347 2226 2417 pupillo
2251 2390 2265 2412 ,
2318 2355 2368 2401 et
2385 2346 2675 2418 justi/irate
2724 2345 2932 2399 viduam
2971 2342 3134 2416 (Ibid.
3185 2359 3235 2397 υ.
3278 2341 3414 2411 16);
3455 2351 3513 2396 et

1893 2448 2022 2493 tunc
2047 2439 2161 2492 ait:
2201 2435 2400 2505 Venite,
2439 2445 2486 2491 et
2511 2438 2831 2507 disputemus
2855 2477 2869 2501 ,
2900 2436 3023 2490 dicit
3055 2433 3330 2489 Dominus.
3372 2432 3512 2488 Nolo

1893 2546 2013 2596 vos,
2057 2530 2250 2599 inquit,
2283 2528 2458 2584 nudos
2487 2537 2545 2584 et
2574 2526 2895 2584 defensione
2913 2541 3115 2582 vacuos
3136 2539 3378 2592 sumere,
3405 2524 3510 2582 sed

1896 2621 2189 2675 instructos
2212 2619 2498 2674 ratiocinio
2523 2627 2579 2674 et
2604 2617 2922 2674 defensione
2960 2617 3030 2672 ad
3065 2617 3335 2672 rationem
3389 2616 3518 2670 red-

1897 2713 2129 2770 dendam
2157 2727 2290 2768 voco
2323 2730 2336 2767 :
2371 2711 2640 2783 siquidem
2691 2710 2973 2767 vobiscum
3002 2709 3312 2779 disceptare
3353 2707 3478 2760 volo
3499 2750 3514 2772 ,

1899 2824 2008 2862 non
2041 2815 2096 2861 ut
2120 2806 2502 2871 condemnem,
2537 2803 2632 2859 sed
2667 2812 2726 2860 ut
2753 2817 2992 2874 parcam.
3024 2801 3116 2858 Sic
3160 2811 3215 2858 et
3244 2801 3354 2856 ali‘o
3393 2801 3527 2856 loro.-

1900 2898 2030 2954 dieit
2061 2916 2075 2952 :
2107 2895 2206 2951 Dic
2253 2907 2309 2950 tu
2372 2898 2515 2968 prior
2567 2896 2858 2965 iniquitates
2909 2905 3058 2960 tuas,
3104 2903 3163 2949 ut
3217 2892 3525 2966 justiﬁccris

1902 2989 2066 3060 (Ibid.
2104 2991 2194 3044 45.
2236 2987 2351 3060 26).
2408 2989 2586 3043 [labes
2614 2988 2879 3045 acerbum
2904 2997 2958 3043 et
3011 2987 3274 3043 immitem
3305 3000 3530 3042 accusi-

1905 3089 2076 3134 torem
2106 3096 2119 3132 :
2153 3077 2392 3148 praeverti
2419 3092 2565 3144 eum,
2597 3077 2773 3134 locum
2806 3078 2955 3148 prius
2985 3091 3215 3148 occupa,
3248 3089 3313 3131 os
3340 3075 3516 3150 iinpu~

1907 3171 2046 3228 deus
2083 3171 2297 3226 obtura.

1977 3265 2035 3319 2.
2059 3263 2201 3320 Dens
2227 3281 2317 3334 per
2340 3265 2513 3319 literas
2530 3265 2633 3336 agit
2656 3280 2770 3319 cum
2791 3263 3174 3334 frontiue—(9)
3194 3261 3352 3318 luitio
3374 3271 3526 3320 certe

1912 3360 2055 3416 Deus
2094 3375 2191 3430 per
2230 3373 2287 3413 se
2316 3358 2630 3412 hominibus
2660 3357 3004 3428 loquebatur,
3038 3367 3297 3428 quantum
3317 3358 3528 3413 scilicet
3595 3366 3600 3378 ’

1913 3451 2223 3508 hominibus
2243 3449 2431 3504 audire
2464 3447 2544 3503 fas
2572 3457 2675 3503 est.
2706 3448 2794 3503 Sic
2821 3449 3088 3504 Adamum
3117 3448 3269 3513 adiit,
3296 3449 3376 3504 sic
3399 3449 3526 3505 Cai-

1913 3558 2040 3598 num
2091 3541 2422 3612 increpavit;
2456 3541 2536 3596 sic
2566 3557 2692 3596 cum
2733 3541 2845 3598 Noe
2889 3541 3144 3611 loquutus
3171 3549 3297 3607 est;
3331 3543 3410 3597 sic
3456 3542 3528 3597 ab

1913 3637 2225 3690 Ahrabamo
2270 3634 2508 3705 hospitio
2555 3644 2859 3706 susceptus.
2895 3633 3096 3689 Verum
3147 3635 3273 3705 quia
3335 3645 3540 3690 natura.

1915 3735 2098 3781 nostra
2122 3726 2189 3781 ad
2215 3728 2411 3780 malum
2439 3725 2750 3793 declinavit,
2781 3735 2837 3781 et
2881 3725 3037 3798 quasi
3067 3726 3122 3780 in
3174 3725 3530 3797 longinquum

1915 3818 2168 3874 exsilium
2188 3818 2427 3888 seipsam
2460 3819 2739 3876 transtulit
2767 3835 2783 3883 ;
2813 3816 3032 3873 demum
3056 3816 3148 3873 ille
3175 3817 3355 3884 nobis,
3380 3817 3538 3886 quasi

1916 3909 2132 3981 longam
2162 3903 2659 3981 peregrinationem
2681 3908 3105 3978 susceperimus,
3137 3909 3324 3965 literas
3349 3911 3535 3972 mittit,
3559 3955 3580 3972 .

1919 4002 2073 4072 quasi
2100 4017 2200 4072 per
2223 4000 2512 4072 epistolam
2543 4001 2825 4056 nobiscum
2852 4011 3090 4057 veterem
3115 4016 3384 4056 renovans
3408 4002 3543 4056 ami-

1918 4093 2124 4148 citiam.
2153 4092 2470 4162 liujusmodi
2505 4093 2690 4148 literas
2714 4093 2861 4146 misit
2894 4093 3058 4155 Deus,
3091 4092 3270 4147 attulit
3299 4093 3517 4166 Moyses

1920 4185 2061 4252 Quid
2092 4185 2273 4240 ferunt
2321 4185 2536 4240 literae?
2560 4183 2628 4239 In
2650 4186 2904 4257 principio
2958 4186 3078 4256 fecit
3111 4184 3249 4240 Deus
3270 4187 3457 4241 caelum
3495 4198 3543 4241 et

1922 4287 2112 4332 terram
2168 4276 2336 4352 (Gen.
2393 4279 2444 4333 1.
2481 4278 2579 4348 1).
2623 4277 2735 4333 Cur
2788 4293 2895 4333 non
2954 4278 3023 4334 de
3071 4279 3279 4350 angelis
3336 4280 3423 4334 vel
3472 4280 3544 4335 de

1924 4372 2269 4444 archangelis
2318 4371 2557 4443 loquitur
2604 4370 2808 4427 nobis?
2856 4370 2993 4427 Nam
3048 4373 3093 4426 si
3148 4389 3212 4427 ex
3272 4374 3542 4428 creaturis

1925 4464 2154 4522 Creator
2211 4466 2584 4538 conspicitur,
2643 4465 2814 4521 multo
2869 4466 3041 4538 magis
3097 4481 3164 4522 ex
3220 4466 3327 4522 illis
3387 4469 3540 4524 nosci

1931 4558 2124 4629 potuit.
2155 4558 2450 4615 Pulchrum
2482 4568 2567 4614 est
2591 4560 2806 4626 ctelum,
2833 4559 2930 4613 sed
2968 4575 3076 4614 non
3131 4559 3204 4614 ita
3251 4561 3542 4630 pulchrum

1931 4659 1987 4706 ut
2015 4652 2274 4721 angelus;
2304 4651 2624 4721 splendidus
2657 4652 2761 4719 sol,
2788 4651 2884 4708 sed
2908 4667 3016 4707 non
3046 4653 3115 4706 ita
3148 4653 3469 4724 Splendidus
3492 4667 3552 4710 ut

1930 4747 2312 4818 arebangelus.
2337 4747 2447 4802 Cur
2499 4748 2677 4817 itaque
2696 4747 3019 4804 sublimiore
3044 4746 3279 4804 dimissa
3302 4746 3383 4802 via
3402 4790 3420 4816 ,
3454 4765 3556 4819 per

1933 4839 2275 4893 humiliorem
2308 4853 2407 4895 nos
2437 4841 2605 4894 ducit.
2629 4839 2762 4906 Quia
2789 4855 2914 4894 cum
2941 4838 3145 4895 Judmis
3176 4841 3435 4912 loquitur,
3455 4844 3548 4912 qui

1933 4931 2212 4988 intellbctu
2243 4932 2422 4987 minus
2453 4931 2702 4987 instructi
2729 4939 2905 4997 erant,
2929 4933 3020 5003 qui
3053 4933 3347 4988 sensilibus
3378 4934 3551 4990 lucro-

1931 5026 2091 5092 bant,
2120 5026 2213 5097 qui
2259 5040 2325 5081 ex
2369 5024 2609 5098 .‘Egypto
2641 5041 2816 5096 nuper
2841 5024 3085 5098 egressi,
3123 5025 3214 5081 ubi
3243 5027 3510 5083 crocodili
3536 5071 3551 5094 ,

1932 5135 2120 5186 canes,
2165 5120 2335 5175 simia:
2362 5121 2431 5177 ab
2471 5119 2783 5176 hominibus
2834 5119 3173 5186 colebantur,
3209 5135 3311 5175 nec
3357 5120 3557 5177 licebat

1934 5213 2252 5269 sublimiore
2305 5216 2390 5268 via
2435 5214 2558 5270 illus
2621 5213 2688 5269 ad
2729 5213 3047 5269 Creatorem
3100 5212 3323 5269 ducere.
3365 5213 3553 5270 Subli-

1936 5305 2077 5359 mior
2131 5305 2317 5376 utique
2367 5306 2450 5359 via
2493 5305 2583 5360 illa
2625 5314 2764 5371 erat,
2816 5306 2912 5361 sed
2962 5306 3249 5375 aSperior,
3284 5321 3558 5378 praerupta

1933 5407 1990 5453 et
2011 5397 2176 5452 ardua
2206 5397 2616 5452 infirmioribus.
2645 5396 2769 5452 Ideo
2798 5398 2917 5452 illos
2939 5413 3034 5467 per
3058 5396 3354 5452 faciliorem
3388 5398 3536 5453 durit

1938 5505 2035 5560 per
2063 5491 2253 5545 cwlum
2325 5500 2744 5556 terram,,mare,
2774 5501 3078 5560 exural-(ue
3106 5489 3336 5544 visibilia
3355 5502 3556 5545 creata.

2000 5644 2076 5706 (τι)
2111 5650 2222 5708 Haec
2239 5642 2413 5708 iisdem
2435 5655 2566 5706 pene
2593 5645 2760 5694 verbis
2779 5643 2936 5708 habes
2951 5657 3099 5708 supra
3125 5643 3327 5695 Humilia
3345 5645 3378 5693 2
3397 5644 3447 5691 in
3464 5645 3559 5694 Ge-

1936 5704 2097 5756 neSiiu
2118 5705 2212 5770 col.
2239 5704 2301 5754 ‘28
2335 5712 2386 5754 et
2407 5704 2551 5770 seqq.
2578 5719 2590 5754 :
2617 5715 2733 5770 sunt
2759 5707 2908 5770 etiam
2932 5704 3026 5757 alia
3043 5709 3194 5758 multa
3211 5709 3390 5770 tussim
3419 5708 3473 5756 in
3488 5712 3563 5756 bis

1935 5768 2269 5822 sermonibus.
2294 5781 2407 5830 qua:
2447 5768 2623 5820 eadem
2641 5769 2746 5832 item
2779 5768 3029 5821 habentur
3070 5771 3118 5821 iu
3153 5768 3389 5820 nemus.
3443 5771 3566 5820 \le'e

1940 5832 2168 5883 Mutilum
2190 5843 2354 5895 supra.
