4086 6432
552 580 709 653 Quod
738 586 920 634 autem
945 574 1060 630 haec
1084 585 1210 628 vera
1231 570 1302 625 sit
1327 582 1515 635 causa,
1536 564 1664 621 audi
1684 560 1978 653 quomodo,
2008 568 2147 631 post-

554 649 718 748 quam
755 666 970 740 paulum
1007 662 1350 733 profecerant
1373 661 1415 726 ',
1457 656 1716 748 propheta
1741 654 1810 710 de
1836 649 1943 748 illis
1964 665 2153 748 super-

560 739 644 822 uis
673 739 956 817 virtutibus
982 757 1250 826 loquatur.
1279 750 1512 806 Laudate
1541 745 1843 811 Dominum,
1866 742 2058 814 inquit,
2088 739 2154 795 de

558 853 699 912 stetis
721 892 738 918 ,
768 851 973 907 (“dats
1024 863 1138 903 eum
1178 844 1233 899 in
1283 841 1495 898 excelsis
1516 856 1536 895 :
1571 837 1780 894 laudate
1824 851 1941 891 eum
1982 848 2155 890 omnes

554 944 724 1015 armati
763 944 897 1010 eius,
927 939 1134 996 laudate
1160 952 1275 993 sunt
1302 950 1473 989 omnes
1501 931 1711 987 virtutes
1731 930 1843 1000 ejus
1868 945 1887 983 :
1916 926 2157 997 quoniam

556 1039 667 1107 ipse
694 1035 846 1097 disit.
872 1042 919 1089 et
947 1035 1084 1104 facta
1108 1036 1225 1084 sunt
1247 1044 1267 1093 ;
1290 1026 1396 1097 ipse
1424 1023 1685 1078 mandauit
1706 1062 1722 1087 ,
1751 1030 1800 1075 et
1841 1028 2012 1075 creata
2038 1025 2157 1074 sunt

558 1106 588 1198 (ί
609 1126 759 1184 Psal.
785 1125 909 1181 us.
942 1123 995 1179 l.
1018 1119 1076 1175 ε.
1108 1120 1143 1176 s
1163 1118 1206 1193 ).
1236 1117 1306 1173 Et
1322 1115 1450 1187 quid
1473 1114 1668 1171 mirum
1690 1112 1735 1167 si
1764 1112 1817 1165 iu
1848 1108 2031 1167 Veteri
2055 1106 2159 1165 Te-

559 1226 829 1277 stamento
862 1215 950 1271 hic
973 1213 1239 1270 doctrina:
1287 1208 1482 1269 modus
1508 1206 1777 1278 reperitur
1801 1246 1815 1270 ,
1844 1218 1970 1259 cum
1994 1202 2155 1257 etiam

559 1314 615 1368 in
638 1309 790 1367 Novo
817 1348 835 1374 ,
857 1305 1074 1378 quando
1098 1301 1475 1360 sublimiorem
1503 1299 1945 1355 documentorum
1963 1295 1987 1327 ¹
2018 1300 2158 1348 tem-

560 1416 661 1472 pus
689 1409 829 1467 erat,
855 1412 982 1455 cum
1017 1392 1439 1453 Atheniensibus
1484 1390 1711 1461 loquens
1735 1386 1936 1443 Paulus
1959 1425 1976 1451 ,
2005 1398 2156 1440 eam-

559 1499 684 1551 dem
716 1491 947 1550 tenuerit
970 1489 1138 1553 viam,
1162 1500 1329 1557 quam
1365 1480 1582 1557 Moyses
1609 1493 1730 1536 cum
1761 1476 1977 1533 Judmos
2010 1473 2160 1530 insti-

563 1585 783 1643 tueret?
812 1583 996 1652 Neque
1026 1578 1172 1636 enim
1215 1576 1284 1632 de
1337 1572 1541 1646 angelis
1596 1571 1773 1642 deque
1823 1565 2159 1637 arcltangelis

562 1690 866 1735 sermonem
892 1671 1048 1729 fecit:
1075 1668 1173 1725 sed
1190 1667 1260 1725 dc
1286 1666 1441 1730 cmlo,
1462 1664 1532 1720 de
1562 1671 1725 1727 terra,
1742 1658 1883 1717 etde
1905 1657 2060 1723 mari,
2087 1656 2159 1710 ita

563 1767 912 1828 concionatus
936 1782 951 1820 :
982 1761 1126 1817 Deus
1153 1759 1241 1831 qui
1262 1756 1384 1828 fecit
1412 1753 1679 1818 mundum,
1705 1761 1754 1806 et
1782 1749 1955 1805 omnia
1974 1761 2089 1818 qua
2106 1746 2163 1801 in

562 1875 621 1912 eo
648 1863 805 1911 sunt:
828 1854 911 1909 hic
939 1850 1051 1907 cteli
1076 1859 1123 1906 et
1147 1860 1295 1905 terrm
1313 1862 1433 1902 cum
1457 1845 1523 1900 sit
1546 1842 1815 1909 Dominus,
1838 1856 1941 1894 non
1962 1840 2018 1893 in
2046 1853 2161 1890 nia-

565 1948 791 2023 nufestis
816 1944 1016 2016 templis
1043 1942 1236 1998 habitat
1292 1940 1313 2012 (
1345 1939 1459 1993 Act.
1489 1937 1577 1992 17.
1605 1934 1678 1991 24
1698 1934 1741 2005 ).
1791 1933 1860 1988 At
1887 1945 2009 2023 cum
2039 1930 2165 2023 Phi-

565 2020 839 2111 lippenscs
859 2036 939 2107 (a)
965 2032 1339 2105 alloquebatur
1360 2070 1376 2096 ,
1422 2044 1530 2084 non
1562 2026 1666 2082 hac
1706 2025 1828 2079 illos
1858 2023 1941 2077 via
1968 2020 2121 2076 duxit
2145 2038 2162 2087 ;

564 2130 661 2188 sed
681 2120 753 2188 ad
780 2128 1150 2186 sublimiorem
1178 2124 1298 2180 illos
1324 2121 1642 2177 concionem
1665 2114 1919 2188 provehit
1948 2112 2032 2168 his
2046 2127 2169 2168 ver-

565 2222 647 2278 bis
675 2237 692 2276 :
729 2220 986 2290 Quoniam
1008 2218 1065 2272 in
1086 2216 1201 2287 ipso
1218 2222 1391 2269 creata
1439 2218 1556 2265 sunt
1580 2207 1813 2262 universa
1837 2218 1954 2273 qua:
1978 2208 2034 2257 tn
2061 2218 2167 2257 cae-

569 2313 634 2367 lis
656 2320 703 2366 et
725 2326 838 2382 quis
859 2310 913 2364 in
934 2317 1067 2364 terra
1086 2348 1101 2373 ,
1126 2306 1229 2361 sive
1252 2302 1423 2359 throni
1447 2342 1462 2368 ,
1491 2301 1596 2355 sive
1634 2296 2029 2363 dominationes,
2065 2294 2169 2348 sive

569 2402 909 2473 principatus,
932 2400 1035 2453 sive
1061 2404 1365 2469 potestates:
1385 2391 1561 2447 omnia
1588 2404 1678 2461 per
1703 2390 1870 2457 ipsum
1898 2394 1947 2440 et
1976 2386 2031 2439 in
2054 2385 2167 2455 ipso

565 2502 739 2547 creata
762 2501 883 2546 sunt
909 2487 929 2561 (
956 2488 1153 2561 Cotoss.
1187 2488 1242 2542 1.
1262 2484 1330 2541 16
1356 2484 1400 2556 ).
1434 2482 1525 2538 Sic
1548 2489 1603 2536 et
1626 2478 1862 2536 Joannes
1891 2477 2015 2547 quia
2041 2491 2167 2547 per-

578 2582 831 2638 fectiores
858 2553 1046 2636 habuit
1086 2553 1398 2647 discipulos,
1419 2574 1723 2628 universam
1753 2568 1915 2624 simul
1940 2567 2172 2623 creatio-

576 2680 700 2729 nem
722 2669 1185 2728 commemoravit.
1239 2666 1360 2722 Non
1388 2664 1534 2720 enim
1563 2661 1720 2728 dixit,
1745 2661 1937 2716 ctelum
1965 2666 2022 2716 et
2063 2668 2170 2714 ter-

573 2775 681 2819 tam
707 2774 763 2819 et
783 2776 953 2830 mare,
982 2761 1104 2827 sed,
1130 2757 1318 2815 Omnia
1343 2773 1433 2827 per
1456 2755 1627 2824 ipsum
1653 2756 1792 2824 facta
1812 2760 1932 2805 sunt
1949 2793 1965 2818 ,
1994 2759 2043 2804 et
2063 2750 2174 2804 sine

573 2857 687 2923 ipso
735 2853 931 2924 factum
975 2860 1049 2907 est
1092 2850 1227 2906 nihil
1255 2846 1392 2919 quod
1418 2850 1611 2918 factum
1639 2852 1713 2898 est
1730 2842 1749 2914 (
1774 2841 1937 2897 Joan.
1962 2841 2013 2895 1.
2040 2841 2075 2896 5
2099 2839 2118 2911 )
2146 2858 2161 2905 ;

577 2946 694 3005 sive
723 2943 936 2998 visibile
961 2983 977 3009 ,
1002 2940 1211 3012 inquit,
1253 2939 1324 2995 sit
1350 2978 1368 3003 ,
1394 2938 1508 2993 sive
1535 2934 1824 2991 invisibile.
1851 2932 2002 2989 Sicut
2026 2933 2172 2988 enim

578 3034 721 3109 apud
745 3033 1168 3106 ludimagistros,
1190 3031 1337 3086 alius
1361 3028 1599 3101 puellum
1626 3042 1658 3082 a
1683 3034 1855 3083 matre
1884 3024 2173 3095 accipiens,

578 3127 749 3197 prima
788 3126 961 3196 ipsum
985 3124 1147 3179 docet
1168 3121 1471 3184 elementa;
1499 3119 1639 3174 alius
1662 3116 1859 3175 deinde
1878 3115 2174 3187 excipiens,

573 3215 897 3288 discipulum
921 3214 991 3270 ad
1011 3213 1327 3274 sublimiora
1353 3212 1676 3268 documenta
1719 3208 1965 3280 provehit
1991 3225 2007 3263 :
2050 3208 2122 3263 ita
2144 3223 2177 3263 a

580 3310 761 3381 Moyse
789 3306 1029 3363 etPaulo
1061 3314 1117 3362 et
1142 3305 1349 3361 Joanne
1396 3312 1572 3358 actum
1615 3312 1717 3357 est.
1774 3300 1982 3372 Moyses
2032 3298 2176 3353 enim

581 3408 823 3475 ignaram
851 3402 1089 3459 omnium
1120 3409 1177 3457 et
1214 3414 1386 3470 nuper
1428 3388 1747 3453 ablactaiam
1787 3404 2029 3450 naturam
2076 3408 2177 3448 no-

576 3507 742 3556 stram
769 3495 941 3567 prima
960 3492 1156 3549 divinae
1172 3489 1495 3563 cognitionis
1511 3489 1775 3545 elementa
1790 3485 1989 3542 docuit.
2011 3484 2175 3540 Joan-

579 3602 675 3643 nes
694 3594 875 3641 autem
905 3594 961 3641 et
995 3584 1213 3651 Paulos,
1237 3582 1389 3653 quasi
1416 3596 1447 3635 a
1477 3580 1847 3651 ludimagistro
1876 3588 2125 3647 acceptos
2146 3592 2175 3631 a

579 3677 779 3751 Moyse,
811 3675 1060 3731 homines
1083 3674 1149 3729 ad
1179 3673 1488 3730 sublimiora
1516 3671 1834 3727 documenta
1883 3668 2174 3735 deducunt,

585 3771 759 3843 priora
806 3778 987 3823 tamen
1042 3769 1224 3838 paucis
1257 3774 1762 3822 commemorantes.
1804 3762 1995 3818 Vidisti
2043 3763 2178 3815 utri-

584 3878 752 3933 usque
776 3861 1113 3917 Testamenti
1163 3860 1480 3916 afﬁnitatem
1506 3859 1531 3912 l
1566 3857 1745 3912 vidisti
1772 3869 2093 3910 consensum
2124 3854 2177 3909 in

585 3954 968 4015 documentis?
1020 3952 1229 4008 Audisti
1283 3951 1337 4006 in
1391 3950 1574 4009 Vcteni
1628 3949 1957 4006 sensibilium
2000 3962 2179 4002 rerum

581 4050 935 4114 creationem,
964 4054 1021 4102 et
1048 4044 1116 4101 de
1161 4041 1531 4115 spiritualibus
1574 4040 1828 4095 Davidem
1869 4039 2176 4093 dicentem:

586 4140 708 4209 Ipse
728 4140 886 4202 dixit,
916 4148 963 4191 et
996 4140 1130 4208 facta
1157 4144 1274 4190 sunt
1303 4134 1323 4203 (
1359 4131 1505 4209 Psai.
1537 4132 1625 4188 52.
1654 4130 1689 4186 9
1715 4132 1732 4199 )
1755 4130 1779 4183 ἲ
1799 4129 1889 4185 Sic
1915 4131 2105 4185 iterum
2128 4134 2179 4185 in

586 4232 758 4298 Novo,
789 4239 1071 4300 postquam
1091 4227 1290 4282 dictum
1319 4234 1400 4281 est
1428 4208 1870 4281 de'invisibilibus
1897 4225 2182 4293 potestati-

584 4326 705 4389 bus,
738 4324 899 4379 etiam
928 4320 996 4377 de
1027 4329 1272 4377 creatura
1321 4316 1561 4373 sensibili
1615 4331 1797 4371 sermo
1836 4315 2083 4371 habetur.
2115 4316 2183 4371 In

586 4414 838 4488 principio
873 4412 989 4483 fecit
1031 4409 1166 4465 Deus
1192 4409 1375 4464 caelum
1409 4417 1457 4463 et
1497 4392 1705 4467 terram.
1738 4406 1928 4462 Sermo
1968 4407 2181 4476 quidem

587 4505 772 4561 brevis
796 4514 852 4558 et
872 4502 1123 4573 simplex,
1145 4516 1210 4556 ac
1238 4500 1436 4557 dictum
1467 4513 1629 4553 unum
1657 4537 1674 4564 ,
1704 4498 1798 4552 sed
1829 4498 1968 4567 quod
1990 4512 2183 4573 omnes

592 4596 1022 4653 adversariorum
1064 4605 1237 4649 turres
1290 4593 1606 4648 subvertere
1644 4593 1842 4662 possit.
1898 4591 1994 4647 llic
2024 4608 2179 4651 men-

594 4700 701 4746 tem
730 4688 946 4744 adhibe.

663 4779 940 4836 Παιήεήιεὶ
987 4778 1245 4831 veritatem
1274 4775 1523 4829 mendacii
1562 4784 1825 4827 accusant.
1853 4803 1925 4813 ——
1954 4774 2176 4829 Accedit

591 4872 919 4929 Manichacus
944 4870 1150 4933 dicens,
1181 4868 1395 4921 Materia
1432 4882 1538 4920 non
1574 4864 1714 4919 facta
1760 4864 1888 4917 fuit:
1913 4864 2181 4933 responde

595 4962 671 5016 illi
703 4980 715 5019 :
748 4960 813 5014 In
846 4960 1095 5030 principio
1128 4959 1243 5028 fecit
1272 4957 1409 5010 Deus
1456 4957 1636 5011 castum
1678 4966 1724 5009 et
1768 4965 1953 5009 terram
1981 4972 1999 5007 :
2031 4964 2082 5009 ct
2105 4963 2185 5007 to-

594 5065 699 5108 tam
743 5051 861 5121 ejns
902 5049 1257 5120 arrogantiam
1308 5047 1487 5101 statim
1540 5045 1865 5100 subvenisti.
1920 5044 2026 5100 Sed
2082 5061 2186 5101 non

593 5143 763 5200 credit
785 5142 1079 5209 Scriptura;
1101 5139 1280 5205 dictis,
1304 5137 1495 5208 inquit.
1521 5137 1660 5206 Ergo
1676 5152 1735 5190 ea
1765 5136 1832 5191 de
1854 5152 2013 5190 causa
2037 5138 2185 5206 quasi

593 5234 939 5290 furibundum
992 5229 1144 5286 illum
1169 5230 1373 5300 repelle
1400 5238 1457 5284 et
1498 5244 1768 5283 aversare.
1792 5228 1921 5282 Nam
1951 5229 2043 5299 qui
2079 5229 2189 5283 Deo

593 5340 700 5379 non
739 5324 911 5379 credit
946 5322 1123 5391 palam
1173 5320 1455 5390 loquenti,
1497 5328 1552 5373 et
1592 5320 1681 5389 qui
1708 5320 1990 5375 veritatem
2033 5335 2186 5374 meu-

593 5414 733 5472 dacii
763 5414 1003 5479 accusat,
1050 5428 1155 5484 quo
1204 5423 1362 5482 pacto
1417 5410 1638 5465 insania:
1668 5422 2036 5480 argumentum
2082 5428 2186 5465 non

595 5505 752 5569 ierat,
783 5520 979 5573 nempe
1004 5500 1479 5559 incredulitatem?
1504 5503 1571 5555 At
1589 5503 1879 5571 quomodo,
1909 5504 2097 5573 inquit,
2122 5519 2188 5561 ex

597 5597 770 5657 nihilo
788 5596 901 5651 ﬁeri
932 5596 1059 5666 quid
1094 5596 1300 5666 possit?
1330 5594 1412 5650 Tu
1444 5610 1572 5649 vero
1600 5594 1729 5647 mibi
1765 5595 1933 5660 dicas,
1962 5611 2187 5665 quomoe

659 5688 677 5750 ξ
712 5694 850 5750 Beg.,
874 5694 1123 5750 postquam
1146 5686 1343 5749 paulum
1365 5700 1415 5737 se
1438 5684 1605 5746 pietati
1626 5684 1936 5737 addixerunt.

660 5748 683 5820 ξ
714 5747 851 5820 tes.»
876 5747 1261 5820 rllﬂowphdrlem
1284 5754 1650 5820 praemortuu-

662 5808 738 5869 (α)
772 5808 853 5858 Hic
876 5808 1107 5859 memoria
1154 5808 1326 5860 labitur
1350 5808 1723 5869 Chrysostomtts.
1768 5817 1915 5859 Locus
1939 5810 2067 5858 enim
2091 5826 2184 5861 non

610 5880 659 5927 tt:
677 5868 877 5936 apistoia
901 5872 957 5925 ad
984 5870 1331 5937 Pbilippcnses,
1358 5868 1458 5923 sed
1470 5872 1529 5925 ad
1552 5872 1867 5925 colossenscs
1888 5872 2082 5936 legitur.

1316 434 1373 491 S.
1414 429 1693 489 JOANNIS
1726 417 2208 485 CllllYSOSTOMI
2247 414 2568 476 ARCHIEP.
2609 412 3146 473 CONS‘I'ANTINOP.

3753 410 3868 467 584

2260 548 2332 605 do
2360 566 2424 607 ex
2451 551 2601 623 prius
2620 549 3007 607 exsistentibus
3033 547 3150 605 ﬁeri
3170 547 3298 620 quid
3326 547 3538 619 possit?
3561 547 3695 605 Nam
3718 549 3869 621 quod

2259 657 2476 715 ssnon
2505 642 2890 700 exsistentibus
2943 651 3090 698 terra
3131 640 3269 697 facta
3311 642 3405 709 sit,
3436 657 3538 714 ego
3564 641 3769 707 credo,
3810 652 3870 699 tu

2259 742 2441 790 autem
2467 734 2716 801 dubitas;
2744 733 2887 806 quod
2912 742 3093 789 autem
3114 748 3183 790 ex
3211 742 3351 788 terra
3379 732 3554 788 factus
3573 733 3645 788 sit
3674 731 3871 796 homo,

2259 824 2421 880 ambo
2440 824 2782 883 conﬁtemur.
2818 824 2912 880 Dic
2958 824 3121 895 igitur
3163 823 3297 879 illud
3326 823 3469 894 quod
3518 825 3572 880 in
3611 822 3875 879 confesso

2260 922 2318 971 et
2345 914 2557 971 facilius
2576 924 2683 985 est,
2715 914 2990 987 quomodo
3012 929 3081 972 ex
3103 922 3249 971 terra
3273 914 3414 973 facta
3441 915 3515 969 sit
3549 914 3736 970 carnis
3772 928 3877 969 na-

2264 1016 2407 1063 tura.
2450 1006 2531 1062 Ex
2561 1019 2705 1064 terra
2731 1008 2880 1065 enim
2906 1007 3099 1075 lutum,
3145 1006 3282 1063 later
3303 1048 3321 1075 ,
3354 1020 3452 1062 vas
3486 1006 3674 1073 ﬁctile,
3700 1015 3761 1062 et
3784 1016 3872 1062 te-

2263 1109 2345 1155 sta
2373 1098 2489 1157 ﬁeri
2548 1101 2686 1157 solet
2714 1115 2972 1157 :carnem
3000 1115 3135 1158 vero
3162 1116 3231 1156 ex
3281 1108 3422 1156 terra
3468 1099 3664 1156 factam
3706 1114 3878 1157 nemo

2264 1205 2519 1262 umquam
2538 1190 2755 1248 viderit.
2777 1191 3066 1262 Quomodo
3092 1192 3256 1264 igitur
3277 1191 3417 1249 facta
3437 1201 3522 1248 est
3548 1192 3737 1247 carnis
3764 1207 3875 1247 na-

2266 1281 2426 1337 tura?
2451 1280 2725 1353 quomodo
2746 1296 2872 1338 ossa
2894 1281 3175 1339 eﬁ'ormata
3202 1282 3363 1339 sunt?
3387 1282 3663 1354 quomodo
3691 1282 3878 1349 nervi,

2265 1390 2419 1430 vente
2438 1383 2494 1431 et
2509 1374 2766 1431 arterias?
2793 1373 3075 1446 quomodo
3119 1374 3476 1441 membranas,
3507 1372 3701 1445 adeps,
3749 1387 3882 1430 car-

2264 1482 2385 1533 nes,
2418 1467 2579 1534 cutis,
2603 1481 2834 1540 ungues,
2867 1466 3071 1536 capilli,
3101 1474 3157 1523 et
3188 1474 3332 1521 tanta
3366 1464 3657 1521 diversitas
3693 1465 3882 1521 varia-

2263 1571 2385 1612 rum
2417 1558 2844 1613 substantiarum
2870 1572 2937 1612 ex
2963 1571 3069 1611 una
3104 1555 3421 1626 subjacente
3441 1565 3586 1611 terra
3604 1557 3631 1613 ?
3669 1556 3880 1615 Verum

2268 1647 2384 1703 hmo
2406 1649 2590 1706 dicere
2616 1650 2841 1707 minime
2876 1650 3070 1721 possis.
3099 1650 3385 1719 Quomodo
3411 1666 3542 1723 ergo
3570 1650 3878 1710 absurdum

2270 1755 2376 1794 non
2416 1739 2577 1797 fuerit
2611 1756 2735 1796 eum
2764 1741 2857 1811 qui
2900 1741 2953 1797 id
2996 1741 3143 1813 quod
3196 1742 3396 1797 clarius
3448 1752 3505 1799 ct
3548 1741 3766 1799 facilius
3794 1751 3886 1800 est

2270 1830 2498 1902 ignorat,
2528 1830 2832 1888 difﬁciliora
2863 1842 2919 1888 et
2941 1845 3140 1888 arcana
3170 1832 3385 1888 curiose
3416 1834 3645 1888 scrutari
3670 1836 3697 1888 τ

2341 1949 2395 2002 5.
2438 1945 2630 2003 Rerum
2682 1948 2996 2003 naturalium
3044 1949 3294 2003 rationem
3346 1965 3449 2003 non
3493 1949 3840 2020 intelligimus
3862 1992 3880 2015 ,

2271 2047 2460 2111 quanto
2487 2039 2655 2094 minus
2674 2038 2866 2094 divina.
2899 2070 2972 2081 —-
2996 2038 3089 2096 Vis
3121 2048 3173 2095 te
3196 2039 3374 2095 adhuc
3401 2040 3469 2094 ad
3501 2040 3746 2096 faciliora
3778 2041 3885 2098 du-

2272 2146 2414 2199 cam,
2440 2147 2561 2202 qua:
2585 2132 2825 2205 quotidie
2861 2132 2976 2189 ﬁeri
3018 2132 3235 2190 solent?
3266 2134 3518 2188 Attamen
3564 2149 3635 2189 ne
3679 2134 3752 2190 de
3797 2134 3886 2192 bis

2273 2224 2489 2294 quidem
2516 2225 2777 2281 rationem
2800 2224 3014 2281 reddes.
3034 2224 3233 2280 Panem
3259 2224 3497 2296 quOtidie
3516 2226 3882 2286 comedimus.

2273 2312 2559 2381 Quomodo
2587 2314 2766 2387 igitur.
2799 2330 3004 2388 quaso,
3035 2315 3191 2386 panis
3220 2315 3336 2387 ipsa
3364 2325 3553 2371 natura
3583 2318 3636 2371 in
3659 2319 3886 2387 sangui-

2275 2419 2399 2460 nem
2426 2407 2671 2473 vertitur,
2702 2407 2756 2461 in
2787 2407 3053 2476 pituitam,
3092 2407 3146 2461 in
3168 2407 3330 2464 bilem
3352 2416 3408 2463 et
3426 2408 3479 2463 in
3508 2409 3751 2481 reliquos
3779 2411 3886 2466 bu-

2276 2496 2494 2551 mores?
2551 2497 2684 2552 Nam
2728 2497 2883 2568 panis
2925 2496 3144 2569 quidem
3193 2498 3398 2554 densus
3443 2497 3725 2571 durusque
3776 2511 3883 2564 est.

2278 2587 2494 2659 sanguis
2518 2603 2647 2644 vero
2671 2589 2849 2644 mollis
2874 2598 2929 2644 et
2956 2587 3188 2655 liuidus;
3217 2591 3373 2663 panis
3400 2592 3482 2647 vel
3506 2592 3775 2647 candidus
3802 2595 3887 2648 vel

2281 2676 2529 2734 frumenti
2555 2679 2761 2746 colore,
2794 2680 3013 2751 sanguis
3042 2681 3206 2737 ruber
3227 2690 3283 2737 et
3321 2681 3497 2752 niger.
3543 2681 3887 2740 Cateramm

2278 2768 2408 2824 item
2462 2771 2777 2841 qualitatum
2826 2772 3185 2828 differentiam
3227 2775 3274 2829 si
3328 2776 3451 2846 quis
3491 2778 3885 2849 persequatur,

2278 2859 2505 2931 multum
2543 2862 2776 2919 inveniet
2817 2878 3011 2935 panem
3053 2864 3196 2921 inter
3237 2874 3295 2921 et
3330 2868 3647 2939 sanguinem
3692 2869 3893 2928 discri~

2280 2965 2424 3007 men.
2465 2950 2747 3019 Quomodo
2770 2954 2932 3025 igitur
2951 2954 3069 3011 haec
3097 2953 3257 3020 ﬁunt,
3280 2958 3542 3014 rationem
3564 2960 3763 3019 reddas
3790 2977 3889 3019 ve-

2281 3042 2394 3097 lim.
2421 3042 2526 3099 Sed
2549 3059 2841 3114 numquam
2869 3047 3061 3117 possis.
3082 3046 3297 3119 Ergone
3319 3059 3374 3104 tu
3394 3050 3486 3121 qui
3510 3052 3616 3108 cibi
3642 3054 3892 3123 quotidie

2284 3136 2548 3191 immutati
2596 3139 2860 3194 rationem
2887 3139 3119 3197 reddere
3165 3144 3385 3214 nequis,
3416 3158 3449 3199 a
3498 3144 3610 3201 Deo
3653 3157 3893 3218 peracta:

2283 3227 2572 3285 creationis
2594 3228 2831 3286 rationes
2851 3245 2882 3285 a
2903 3245 2991 3287 me
3015 3234 3266 3303 repetes?
3284 3234 3479 3291 Annon
3499 3234 3602 3292 hoc
3626 3250 3893 3295 extrema;

2283 3316 2568 3374 dementiae
2597 3319 2797 3375 fuerit?
2824 3320 2880 3375 Si
2907 3322 3078 3378 nostri
3105 3324 3299 3380 similis
3314 3334 3397 3380 est
3423 3325 3583 3396 Deus,
3618 3331 3892 3391 rationem

2282 3412 2435 3482 exige
2461 3427 2721 3482 operum;
2756 3413 2863 3468 imo
2892 3430 2958 3469 ne
2985 3415 3036 3468 id
3063 3415 3281 3487 quidem
3307 3418 3639 3475 concedatur
3668 3398 3892 3479 {multa

2281 3505 2482 3575 quippe
2509 3505 2738 3561 lnnnana
2766 3513 2913 3561 certe
2941 3504 3076 3561 facta
3121 3506 3212 3577 qui
3242 3507 3375 3563 ﬁant
3417 3508 3599 3567 dicere
3628 3528 3737 3568 non
3768 3528 3896 3583 pos-

2284 3610 2504 3659 sumus;
2536 3597 2770 3667 exempli
2800 3612 2983 3664 causa,
3032 3598 3302 3670 quomodo
3349 3616 3415 3657 ex
3448 3604 3713 3661 metallica
3745 3614 3895 3664 terra

2284 3700 2474 3741 aurum
2504 3687 2624 3753 ﬁat;
2655 3688 2926 3757 quomodo
2946 3704 3110 3746 arena
3142 3689 3197 3745 in
3223 3692 3346 3747 vitri
3374 3694 3661 3763 puritatem
3711 3708 3899 3755 mute-

2288 3788 2392 3832 tur.
2420 3777 2689 3849 Multoque
2714 3780 2865 3851 plura
2896 3781 3002 3839 dici
3043 3792 3265 3852 possent
3296 3785 3532 3841 humano
3554 3787 3787 3844 artiﬁcio
3814 3792 3900 3847 fa-

2285 3879 2391 3938 cta,
2429 3887 2656 3942 quorum
2709 3872 2973 3928 rationem
3027 3873 3355 3944 ignoramus.
3406 3875 3798 3935 Verumtamen
3849 3884 3899 3939 si

2288 3962 2455 4015 nostri
2483 3963 2672 4017 similis
2689 3964 2760 4018 sit
2784 3965 2945 4030 Deus,
2975 3979 3071 4035 per
3094 3980 3180 4019 me
3201 3965 3328 4023 licet
3348 3967 3611 4023 rationem
3634 3980 3858 4039 repetas
3879 3990 3898 4039 ;

2287 4053 2369 4107 sin
2400 4054 2662 4108 immenso
2689 4055 2863 4123 spatio
2898 4070 2929 4109 a
2966 4056 3120 4110 nobis
3162 4056 3349 4125 distat,
3378 4067 3431 4114 et
3456 4075 3620 4129 supra
3669 4062 3899 4119 modum

2286 4142 2580 4211 antecellit,
2617 4153 3083 4201 annonextremw
3134 4146 3292 4202 fuerit
3339 4148 3565 4205 insanize
3618 4164 3739 4218 eos,
3800 4154 3901 4223 qui

2288 4238 2606 4293 immensam
2634 4238 2775 4294 illius
2801 4240 3119 4310 sapientiam
3149 4249 3205 4296 et
3241 4242 3497 4297 virtutem
3536 4244 3898 4310 conﬁtentur,

2287 4346 2515 4401 eamque
2562 4332 2793 4387 divinam
2838 4342 2893 4386 et
2936 4332 3557 4402 incomprehensibilem.
3613 4337 3774 4405 quasi
3826 4338 3903 4393 de

2291 4425 2523 4480 humana
2552 4425 2780 4495 quadam
2813 4432 2928 4479 arte
2953 4466 2968 4491 ,
3005 4425 3083 4478 sic
3109 4439 3208 4494 per
3244 4425 3453 4495 singula
3501 4425 3769 4482 factorum
3809 4444 3905 4485 ra-

2290 4522 2490 4577 tionem
2533 4520 2828 4591 expetere?
2860 4518 3060 4575 Verum
3110 4519 3195 4573 his
3237 4520 3416 4575 missis
3456 4520 3778 4588 ratiociniis,
3829 4523 3902 4579 ad

2289 4622 2497 4683 petram
2525 4614 2671 4667 illam
2707 4612 2934 4668 solidam
2980 4611 3300 4667 redeamus:
3353 4611 3422 4665 In
3470 4613 3725 4683 principio
3777 4618 3904 4684 fecit

2290 4707 2431 4761 Deus
2461 4708 2641 4761 etclam
2668 4717 2714 4760 et
2742 4718 2947 4759 terram.
2980 4705 3153 4775 Supra
3194 4705 3325 4760 illud
3348 4704 3756 4760 fundamentum
3789 4718 3899 4774 sta,

2292 4813 2360 4852 ne
2390 4800 2508 4867 quis
2536 4798 2587 4853 in
2622 4808 2674 4853 te
2701 4798 3055 4852 humanarum
3096 4797 3481 4866 cogitationum
3530 4796 3726 4853 ﬂuctus
3778 4816 3903 4856 mo-

2293 4900 2416 4945 veat
2449 4908 2462 4943 :
2496 4890 2834 4960 Cogitationes
2869 4890 3003 4943 enim
3046 4890 3339 4944 mortalium
3367 4890 3580 4954 timida,
3613 4900 3661 4945 et
3688 4892 3902 4950 incerta:

2293 4984 2669 5037 adinventiones
2697 4999 2869 5036 eorum
2904 4980 3174 5057 (Sap._g9,
3206 4979 3331 5051 14).
3364 4979 3443 5036 Ne
3486 4981 3643 5051 igitur
3671 4983 3723 5037 id
3754 4985 3900 5053 quod

2295 5079 2503 5132 ﬁrmum
2532 5087 2615 5133 est
2646 5077 2885 5141 deseras,
2917 5085 2973 5130 ut
3014 5053 3208 5128 atiimte
3232 5084 3339 5129 tum
3386 5075 3616 5131 salutem
3668 5078 3902 5135 infirmis

2292 5179 2345 5224 ct
2393 5169 2669 5224 fallacibus
2706 5167 3000 5222 ratiociniis
3035 5165 3344 5221 committas
3374 5182 3386 5218 :
3419 5166 3515 5221 sed
3546 5182 3707 5222 mane
3750 5170 3803 5223 in
3838 5170 3900 5225 iis

2293 5277 2412 5329 qua:
2441 5260 2693 5324 didicisti,
2722 5270 2777 5313 et
2815 5274 2933 5327 qute
2965 5258 3056 5313 tibi
3080 5258 3386 5313 concredita
3412 5267 3557 5323 sunt,
3589 5269 3643 5314 et
3667 5260 3758 5327 dic
3789 5281 3803 5317 :
3833 5261 3894 5315 In

2302 5356 2553 5425 principio
2583 5355 2699 5425 fecit
2724 5352 2860 5407 Deus
2881 5354 3064 5407 caelum
3085 5364 3127 5407 et
3156 5361 3360 5415 terram.
3386 5353 3439 5407 Si
3474 5352 3804 5410 Manicha‘us
3825 5355 3904 5429 (η)

2294 5447 2599 5511 accesserit,
2630 5446 2675 5498 si
2702 5444 2956 5507 Marcion,
2986 5447 3030 5499 si
3058 5444 3321 5500 Valentini
3350 5446 3537 5499 morbo
3561 5446 3900 5518 laborantes,

2297 5542 2339 5597 si
2368 5540 2547 5615 quivis
2579 5540 2742 5605 alius,
2777 5539 2879 5595 hoc
2906 5539 3107 5595 dictum
3138 5539 3347 5609 objice;
3378 5539 3422 5594 si
3451 5538 3720 5595 ridentem
3748 5537 3904 5597 vidc—

2354 5744 2428 5803 (ιι)
2446 5744 2749 5798 Μξιιιίεῒιωυδ,
2769 5742 2988 5799 Marcion,
3008 5739 3291 5791 Valentinus
3307 5750 3458 5789 Deum
3478 5752 3757 5791 creatorem
3786 5754 3901 5790 esse

2292 5807 2559 5869 negabant.
2584 5806 2980 5869 uanichmussive
2994 5810 3161 5869 stantes
3177 5804 3639 5869 diccbatmatertam
3652 5814 3899 5869 alternam

2298 5861 2428 5921 esge.
2452 5869 2697 5931 Ejuslibcr
2720 5870 2787 5918 sic
2812 5865 3091 5927 incipiebat.
3114 5873 3244 5915 taste
3265 5871 3311 5926 F1
3328 5866 3539 5928 iphuuio,
3575 5880 3619 5927 υ
3646 5862 3765 5911 63’):
3794 5861 3912 5909 [fiat
