4086 6462
247 420 362 482 585

246 539 350 605 ris,
379 544 439 592 tu
471 548 596 591 eum
625 542 685 588 ut
720 530 988 588 furentem
1017 525 1263 597 deplora.
1296 523 1540 578 Buxeum
1568 521 1644 576 illi
1670 519 1872 589 habent

245 629 494 685 colorem
521 668 538 696 ,
593 625 890 682 demissum
922 618 1300 692 supercilium,
1344 615 1631 672 verborum
1678 611 1865 667 mode-

243 720 412 776 etiam
458 715 796 790 praeferunt:
829 724 886 770 tu
915 713 1038 784 fuge
1081 710 1367 767 illecebras
1391 749 1408 775 ,
1437 718 1493 764 et
1541 706 1725 777 lupum
1769 703 1871 758 sub

242 811 372 866 ovis
427 809 570 880 pelle
619 806 892 864 occultum
939 801 1313 874 deprehendo.
1366 800 1662 869 Propterea
1715 797 1865 851 iitum

241 901 489 958 maxime
529 898 657 955 odio
691 897 914 962 habeas,
941 897 1066 967 quia
1105 895 1232 950 dum
1277 907 1402 964 erga
1444 901 1498 947 te
1543 902 1868 946 conservum

240 992 397 1049 mitis
424 1000 477 1047 et
506 999 816 1046 mansuetus
837 1003 964 1044 esse
979 986 1217 1049 videtur,
1239 982 1501 1039 adversus
1521 994 1867 1037 communem

239 1095 494 1143 mtrum
521 1084 766 1140 omnium
787 1082 1073 1139 Dominum
1108 1094 1243 1136 cane
1274 1077 1461 1134 rabido
1502 1075 1734 1132 ferocior
1758 1081 1864 1139 est,

241 1176 589 1249 implacabile
609 1174 813 1230 bellum
841 1171 1172 1242 et‘prmlium
1198 1182 1394 1240 gerens
1413 1177 1605 1222 contra
1650 1165 1865 1228 ca'lum,

237 1275 302 1323 et
325 1275 649 1338 potestatem
689 1262 978 1335 quamdam
1025 1261 1138 1316 Deo
1186 1273 1491 1330 opponens.
1537 1256 1686 1326 Fuge
1717 1255 1868 1310 virus

236 1357 572 1430 iniquitatis,
604 1356 906 1428 perniciosa
933 1353 1218 1423 pbarmaca
1251 1351 1377 1407 odio
1406 1347 1545 1404 habe
1577 1366 1592 1402 :
1623 1355 1679 1402 et
1705 1360 1865 1416 quam

235 1463 272 1504 ι
318 1449 564 1520 patribus
617 1447 869 1517 accepisti
926 1443 1331 1507 hereditatem,
1387 1454 1587 1509 nempe
1656 1437 1868 1492 divina-

236 1559 363 1600 rum
389 1542 789 1611 Scripturarum
831 1537 1168 1606 fldematque
1195 1533 1498 1589 doctrinam
1519 1571 1534 1594 .
1567 1530 1706 1584 hanc
1741 1543 1864 1582 cum

237 1635 410 1690 multa
449 1633 664 1690 cautela
695 1632 890 1686 retine.
930 1628 994 1683 In
1017 1627 1270 1698 principio
1296 1626 1414 1696 fecit
1441 1621 1586 1678 Detts
1609 1621 1794 1676 calum
1815 1628 1866 1674 et

236 1737 451 1782 terram.
478 1723 620 1792 Quid
653 1723 758 1778 hoc
783 1728 869 1778 est
891 1722 916 1775 ?
943 1721 1120 1792 primo
1145 1718 1340 1774 omium
1374 1756 1387 1780 ,
1417 1724 1602 1786 postea
1625 1711 1866 1768 terram?

236 1819 419 1889 primo
475 1825 674 1882 tectum
705 1857 720 1879 ,
780 1823 969 1883 postea
1022 1809 1242 1866 solum?
1291 1807 1410 1863 Non
1455 1807 1602 1862 enim
1658 1814 1865 1860 natura:

232 1909 552 1966 necessitati
596 1907 842 1962 subditus
886 1913 1008 1972 est,
1065 1917 1172 1958 non
1230 1902 1367 1957 artis
1426 1899 1626 1971 regulis
1670 1898 1859 1953 servit.

232 2003 450 2060 Etenim
477 2009 534 2056 et
561 2009 767 2055 natura:
796 2007 851 2053 ct
874 1997 1030 2062 artis,
1059 2004 1114 2050 et
1134 2010 1315 2050 rerum
1343 1993 1587 2048 omnium
1613 1991 1864 2046 voluntas

236 2096 334 2152 Dei
363 2094 548 2165 opifex
588 2091 890 2161 artifexque
914 2098 1016 2145 est.
1046 2087 1210 2142 Terra
1262 2093 1434 2141 autem
1463 2093 1570 2139 erat
1595 2083 1864 2138 invisibilis

232 2198 282 2244 et
303 2185 669 2255 incomposita.
700 2182 810 2237 Cur
857 2183 1050 2237 caelum
1105 2179 1402 2250 perfectum
1432 2177 1708 2248 produxit,
1755 2188 1864 2230 ter-

229 2292 350 2333 ram
402 2285 588 2332 autem
639 2274 894 2346 paulatim
945 2270 1273 2326 fabricatum
1328 2284 1452 2324 eum
1500 2283 1624 2324 esse
1672 2274 1860 2322 narrat

227 2367 490 2441 Moyses?
523 2366 596 2424 Ut
619 2377 902 2437 postquam
947 2364 1000 2419 in
1029 2361 1393 2434 pra'stantiori
1425 2347 1696 2415 elemento
1740 2358 1860 2428 ejus

234 2462 497 2517 virtutem
535 2458 806 2515 didiceras
826 2499 842 2523 ,
888 2457 1091 2512 certior
1125 2454 1285 2510 lieres
1314 2452 1466 2508 illum
1511 2449 1737 2521 perinde
1763 2465 1856 2519 po-

228 2553 402 2608 tuisse
444 2561 642 2607 terram
673 2549 962 2620 perfectam
998 2545 1316 2618 producere,
1342 2542 1612 2598 utcmlum
1635 2542 1853 2597 fecerat.

233 2645 342 2702 Sed
375 2643 600 2717 propter
631 2653 682 2698 te
712 2655 764 2697 et
793 2651 1014 2712 propter
1034 2641 1264 2695 salutem
1291 2647 1434 2692 tuam
1455 2651 1562 2691 non
1593 2637 1675 2690 sic
1704 2633 1854 2690 fecit.

226 2737 542 2806 Quomodo,
603 2734 834 2806 inquies,
889 2742 1107 2802 propter
1163 2745 1252 2785 me
1308 2739 1363 2784 et
1404 2738 1624 2798 prepter
1680 2742 1856 2780 meam

222 2832 466 2888 salutem
485 2829 512 2884 τ
538 2827 856 2884 Communis
881 2840 1066 2879 mensa
1099 2833 1152 2878 et
1179 2823 1351 2894 patria
1378 2831 1433 2876 et
1463 2822 1642 2875 nutrix
1668 2830 1720 2874 et
1744 2834 1858 2874 ma-

223 2933 311 2979 ter
353 2921 600 2977 omnittm
630 2928 715 2974 est
741 2929 902 2978 terra.
937 2917 1068 2971 urbs
1095 2926 1150 2970 et
1202 2915 1512 2984 sepulcrum
1541 2926 1850 2968 commune.

221 3013 440 3070 Etenim
475 3025 706 3079 corpora
746 3018 929 3064 nostra
975 3021 1043 3062 ex
1071 3007 1184 3077 ipsa
1221 3045 1237 3069 ,
1271 3005 1503 3074 indeque
1531 3003 1854 3072 corporibus

220 3107 430 3163 nostris
456 3104 692 3160 sumitur
706 3103 1044 3166 alimentum,
1077 3100 1131 3154 in
1167 3100 1280 3168 ipsa
1310 3097 1618 3152 habitamus
1643 3107 1698 3151 et
1729 3110 1853 3150 vero

219 3213 436 3264 samur,
463 3206 518 3253 et
551 3204 675 3267 post
699 3203 929 3250 mortem
970 3193 1167 3247 iterum
1214 3190 1268 3245 in
1301 3191 1474 3260 ipsam
1503 3188 1848 3244 revertimur.

218 3289 304 3346 Ne
355 3291 541 3360 itaque
580 3303 646 3344 ex
689 3285 1013 3340 necessariis
1064 3283 1249 3338 usibus
1296 3283 1466 3351 ipsam
1516 3281 1636 3350 plus
1688 3296 1850 3350 quatn

221 3397 328 3454 par
355 3388 478 3437 erat
523 3379 824 3442 mirareris,
872 3391 1010 3430 neve
1059 3372 1448 3429 beneficiorum
1499 3373 1656 3442 copia
1712 3382 1763 3426 te
1794 3372 1847 3425 in

219 3472 564 3544 impietatem
599 3467 942 3540 pertraheret
972 3480 1036 3519 ac
1070 3465 1443 3534 supplautaret
1466 3503 1480 3525 .
1520 3462 1694 3531 ipsam
1752 3461 1848 3516 tibi

219 3565 378 3636 prius
401 3560 688 3616 informem
717 3567 773 3614 et
799 3555 1213 3626 incompositam
1239 3553 1498 3619 declarat,
1532 3562 1590 3607 ut
1617 3553 1735 3621 ejus
1766 3554 1850 3606 in-

219 3654 480 3710 firmitate
509 3659 821 3721 conspecta,
874 3648 1090 3702 mireris
1145 3661 1269 3702 eum
1324 3645 1414 3716 qui
1466 3643 1741 3714 produxit,
1793 3655 1849 3700 et

217 3746 363 3803 hanc
393 3746 470 3802 illi
518 3752 686 3800 totam
727 3743 979 3797 virtutem
1033 3740 1249 3806 indidit,
1292 3739 1649 3810 celebresque
1695 3753 1842 3804 cum,

216 3842 311 3912 qui
341 3853 433 3895 res
460 3845 636 3892 tantas
659 3835 727 3890 ad
766 3833 1114 3891 commodum
1164 3841 1411 3888 nostrum
1440 3831 1666 3902 paravit.
1702 3830 1846 3885 Deus

215 3941 403 3988 autem
427 3930 759 4002 glorificatur
783 3944 891 3984 non
924 3925 1087 3981 modo
1143 3941 1239 3996 per
1264 3934 1409 3982 recta
1447 3925 1720 3994 dogmata,
1746 3923 1842 3979 sed

217 4023 390 4080 etiam
419 4037 516 4093 per
544 4022 813 4091 optimum
844 4019 970 4074 vita:
1018 4019 1325 4072 institutum
1377 4034 1392 4070 :
1437 4014 1632 4069 Lttceat
1673 4016 1838 4084 enim,

217 4114 420 4187 inquit,
470 4113 563 4169 lea:
603 4123 770 4168 vestra
797 4127 972 4167 coram
994 4109 1310 4175 hominibus,
1367 4117 1424 4162 ut
1453 4107 1656 4162 videant
1684 4123 1844 4176 opera

216 4216 388 4265 vestra
412 4207 575 4274 bona,
602 4217 648 4262 et
675 4206 960 4279 gloriﬁcent
984 4202 1196 4259 Patrem
1223 4211 1464 4268 oestrum,
1490 4200 1577 4271 qui
1606 4201 1659 4255 in
1701 4199 1842 4254 ralis

216 4313 294 4360 cst
319 4300 544 4375 (Matth.
566 4300 621 4356 5.
652 4298 767 4371 to).

290 4396 350 4452 ι.
384 4393 627 4450 Flaviani
653 4392 882 4465 episcopi
914 4389 1219 4446 Amice/teni
1243 4387 1447 4443 laudes.
1478 4416 1548 4427 —
1575 4383 1837 4442 Volebam

218 4489 290 4547 de
320 4489 673 4560 eleemosyna
717 4498 1027 4541 sermonem
1055 4481 1294 4552 adjicere
1323 4498 1335 4532 :
1365 4489 1422 4534 at
1465 4477 1598 4534 mihi
1647 4492 1840 4548 super-

217 4583 388 4640 ﬂuum
411 4596 534 4638 esse
556 4580 769 4636 videtur
796 4592 892 4633 vos
924 4577 1090 4632 verbo
1119 4576 1318 4631 dooere
1339 4617 1353 4640 ,
1393 4589 1516 4629 cum
1573 4572 1620 4628 is
1647 4571 1738 4642 qui
1783 4572 1837 4627 itt

219 4674 405 4746 audio
431 4672 586 4728 sedet
609 4669 914 4726 communis
957 4676 1110 4737 pater
1135 4679 1191 4721 et
1229 4665 1421 4720 doctor
1460 4673 1644 4719 uoster
1671 4661 1840 4731 possit

219 4782 318 4823 vos
346 4765 604 4837 operibus
628 4772 684 4819 et
731 4761 988 4831 exemplo
1028 4759 1251 4814 erudire
1274 4800 1289 4825 _.
1319 4757 1410 4826 qui
1441 4771 1505 4811 ac
1545 4757 1588 4811 si
1615 4755 1836 4810 domum

219 4870 502 4931 paternam
532 4857 599 4911 ad
639 4857 741 4912 hoc
771 4855 947 4910 solum
1001 4869 1030 4906 a
1061 4851 1360 4922 majoribus
1411 4849 1732 4918 accepisset,
1780 4857 1840 4905 ut

215 4964 339 5006 eam
370 4948 427 5003 Ιι(
495 4947 673 5002 \itibus
694 4944 1027 5016 excipiendis
1043 4945 1336 5016 praeberet,
1361 4941 1441 4996 sic
1467 4956 1588 4994 eam
1619 4955 1839 5010 semper

217 5041 288 5099 iis
317 5040 412 5113 qui
435 5054 532 5109 pro
557 5037 781 5093 veritate
804 5037 1082 5107 pelluntur
1097 5035 1422 5106 recipiendis
1443 5033 1751 5099 destinavit,
1780 5043 1840 5088 ut

218 5149 316 5192 eos
358 5133 611 5189 omnibus
653 5129 828 5186 modis
877 5129 1112 5192 foveret;
1141 5129 1214 5183 ita
1258 5138 1318 5182 ut
1371 5128 1608 5182 nesciam
1649 5135 1833 5181 utrum

218 5241 340 5282 eam
365 5224 506 5296 ejus,
527 5223 594 5278 ad
617 5221 1028 5293 peregrinorum
1055 5219 1277 5275 domum
1305 5217 1579 5289 appellare
1607 5232 1703 5286 par
1728 5218 1832 5286 sit;

220 5318 333 5376 imo
365 5317 546 5390 potius
575 5330 752 5370 annon
779 5328 842 5370 ea
872 5313 1017 5368 illius
1043 5327 1167 5368 esse
1197 5311 1320 5368 ideo
1345 5310 1706 5368 existimanda
1737 5310 1830 5380 sit,

219 5531 350 5576 Deus
367 5526 416 5574 et
437 5521 662 5580 tttateria,
688 5522 778 5572 tua:
799 5526 844 5572 et
867 5520 1097 5572 tenebrat.
1133 5519 1339 5569 Marcion
1364 5517 1464 5567 duo
1489 5518 1727 5581 principia
1750 5517 1837 5581 ad-

217 5585 465 5643 mittebat,
490 5585 672 5633 bonum
697 5592 750 5634 et
771 5583 971 5633 malum.
1019 5589 1201 5632 Bonum
1225 5588 1379 5643 Deum
1404 5580 1535 5643 nihil
1562 5580 1836 5643 in_mundo

215 5639 470 5698 «cavisse
512 5645 736 5705 dicebat,
777 5646 946 5707 Epiph.
984 5660 1032 5707 p.
1071 5643 1185 5694 304.
1222 5639 1550 5707 Valentiniani
1597 5641 1837 5707 genibus

216 5701 764 5771 omuiliadscribebant.
791 5701 936 5771 Paulo
973 5701 1110 5771 post,
1137 5707 1368 5771 buxeum
1394 5701 1572 5771 natm
1591 5704 1680 5771 illi
1703 5703 1836 5771 colo-

217 5783 354 5832 rem;
377 5770 473 5822 hoc
493 5778 572 5832 est
595 5770 789 5828 navum,
817 5765 1046 5831 pallidum
1090 5767 1207 5818 huvi
1249 5768 1432 5832 instar:
1462 5765 1554 5817 hoc
1573 5767 1749 5832 dlcitnr
1767 5767 1834 5818 de

218 5834 278 5884 iis
299 5831 386 5896 qui
418 5831 668 5896 simulate,
694 5839 745 5882 et
768 5832 965 5896 utalios
998 5831 1407 5891 circumveniant,
1447 5831 1829 5889 uiscerationem

218 5902 272 5948 et
289 5890 526 5957 ιιὶηυιιω
551 5891 740 5948 τιιιιυω
763 5893 1011 5946 ςιΠεειίιιιι.

1501 403 1568 467 l.\'
1607 402 1904 464 οεΝεδιιι
1934 401 2170 462 εειιιιυ
2205 403 2273 462 ll.

3491 418 3600 475 58'}

1981 523 2109 589 quia
2139 509 2547 590 peregrinorum
2567 531 2672 579 est.
2703 522 2916 581 Etenim
2933 523 3221 583 facultates
3244 535 3445 597 nostra
3470 540 3604 586 tune

1981 613 2216 666 maxime
2246 619 2446 667 nostra:
2468 612 2623 682 fiunt,
2653 613 2871 684 quando
2898 629 3006 672 non
3033 615 3214 683 nobis,
3231 614 3329 673 sed
3348 619 3605 689 pauperi.

1979 701 2082 757 bus
2107 718 2201 759 cas
2231 703 2573 775 possidemus
2601 715 2658 762 et
2676 707 3075 778 dispensamus.
3107 708 3395 777 Quomodo
3417 720 3600 767 autent

1979 791 2085 849 hoc
2109 794 2202 860 sit,
2231 810 2334 866 ego
2359 795 2561 852 dicam.
2593 797 2650 855 Si
2699 798 2766 855 ad
2804 799 3086 856 dexteram
3119 801 3374 872 pauperis
3399 817 3599 873 argen-

1979 895 2093 942 tum
2123 886 2387 959 deponas,
2423 906 2533 946 non
2578 893 2914 965 symphonia
2948 894 3174 963 invadit,
3222 909 3331 950 non
3384 895 3601 951 invidus

1975 978 2170 1034 oculus
2198 983 2438 1053 respicit,
2472 998 2580 1040 non
2611 984 2718 1052 fur,
2752 1001 2857 1041 non
2899 986 3164 1057 parietum
3195 987 3426 1043 elfossor
3453 988 3602 1043 abri-

1977 1071 2076 1141 pit,
2109 1087 2218 1128 non
2259 1087 2454 1130 servus
2481 1090 2550 1132 eo
2585 1077 2768 1133 ablato
2792 1076 2972 1150 fugam
3003 1077 3169 1135 facit:
3204 1095 3328 1133 nam
3360 1079 3450 1135 illa
3506 1098 3602 1148 pe-

1975 1179 2080 1220 nus
2117 1181 2247 1222 vere
2275 1169 2486 1240 asylum
2524 1177 2630 1226 est.
2672 1169 2730 1226 Si
2774 1179 2955 1226 autem
2987 1170 3136 1227 domi
3164 1170 3434 1240 defudias,
3465 1173 3599 1238 furi,

1974 1271 2254 1312 murorum
2281 1258 2552 1328 eﬂossori,
2571 1261 2776 1330 invi-lo,
2803 1263 3175 1334 sycophantm,
3201 1278 3383 1329 servo,
3407 1273 3462 1320 et
3484 1265 3598 1319 cui-

1975 1348 2109 1405 libet
2151 1352 2409 1421 perniciei
2467 1369 2660 1409 aurum
2706 1364 2858 1411 tuum
2908 1356 3203 1412 Obnoxiunt
3249 1358 3401 1413 facis.
3437 1358 3596 1427 δεῖρε

1973 1441 2192 1510 accidit,
2226 1453 2284 1498 ut
2305 1444 2487 1514 januis
2516 1455 2572 1501 et
2603 1448 2849 1503 vectibus
2893 1449 3082 1504 multis
3107 1450 3376 1520 oppositis
3405 1459 3596 1506 exter-

1972 1547 2166 1586 norum
2215 1533 2411 1588 damna
2459 1538 2704 1606 pecunia:
2759 1540 3002 1605 vitarint,
3053 1540 3150 1595 sed
3207 1541 3594 1611 pennariorum

1973 1640 2167 1680 manus
2200 1642 2307 1681 non
2335 1627 2658 1699 effugerint,
2691 1632 2822 1702 ipsis
2852 1647 2976 1687 cum
3002 1635 3233 1703 pecunia
3267 1634 3595 1706 aufugienti-

1972 1718 2074 1772 bus
2131 1717 2295 1775 Vides
2343 1728 2471 1776 tunc
2502 1737 2604 1778 nos
2645 1739 2774 1779 vere
2811 1722 3128 1784 facultatum
3160 1736 3466 1782 nostrarum
3495 1727 3597 1782 do-

1971 1810 2150 1866 minos
2179 1826 2320 1879 esse,
2346 1827 2467 1867 cum
2500 1828 2596 1869 eas
2624 1815 2767 1886 apud
2815 1831 3082 1887 pauperes
3110 1816 3456 1889 deponimus.
3481 1818 3591 1875 Ne-

1971 1919 2075 1972 que
2102 1904 2365 1959 custodite
2383 1905 2562 1960 solum
2586 1907 2757 1977 gratia
2781 1906 2868 1961 hic
2893 1907 3227 1963 tutiorlocus
3253 1917 3359 1976 est,
3392 1908 3488 1964 sed
3506 1920 3592 1965 est

1969 1995 2132 2049 etiam
2180 1996 2403 2066 majoris
2431 1995 2565 2052 lucri
2611 2006 2666 2052 et
2705 2007 3001 2066 proventus
3039 2013 3221 2054 causa.
3253 1998 3386 2053 Nam
3413 1999 3458 2054 si
3489 2001 3591 2054 ho-

1971 2085 2105 2140 mini
2153 2083 2467 2152 fmuereris,
2501 2089 2857 2142 centesimam
2883 2089 3125 2159 accipis:
3175 2089 3220 2143 si
3263 2097 3446 2144 autem
3477 2089 3592 2145 Deo

1969 2191 2066 2248 per
2090 2192 2381 2248 pauperem
2434 2178 2746 2245 ftenereris,
2774 2181 2887 2248 jam
2921 2196 3029 2235 non
3072 2181 3455 2243 centesimam.
3488 2183 3586 2238 sed

1967 2267 2279 2337 centuplum
2309 2268 2565 2339 accipies.
2599 2268 2654 2325 Si
2679 2269 2732 2324 in
2763 2270 2927 2326 feraci
2968 2285 3118 2326 seras
3150 2286 3281 2343 agro
3302 2313 3316 2334 ,
3359 2281 3413 2327 et
3439 2270 3584 2339 larga

1967 2375 2127 2430 seges
2154 2358 2337 2426 fuerit,
2371 2359 2664 2430 decuplum
2689 2362 2917 2417 seminis
2941 2362 2958 2393 ⁸
3002 2360 3248 2428 referas;
3279 2363 3326 2418 si
3365 2362 3418 2417 in
3449 2363 3588 2420 caelo

1965 2468 2139 2519 seras,
2185 2465 2471 2524 postquam
2497 2456 2839 2526 «centuplum
2896 2457 3196 2526 acceperis,
3231 2457 3395 2522 vitam
3423 2457 3588 2511 etiam

1963 2556 2247 2616 aeternam,
2279 2561 2622 2618 perpetuam,
2656 2549 3020 2604 immortalem
3040 2548 3367 2619 possidebis.
3401 2548 3470 2603 Et
3499 2547 3590 2604 hic

1963 2638 2186 2710 quidem
2229 2640 2434 2696 multus
2463 2642 2618 2696 labor
2656 2642 2723 2696 iis
2763 2639 3079 2696 subeundus
3117 2649 3202 2696 est
3239 2640 3329 2711 qui
3379 2640 3587 2695 semina

1959 2732 2212 2802 jaciunt;
2247 2734 2360 2788 illic
2388 2750 2520 2789 vero
2561 2735 2680 2790 sine
2731 2744 2938 2798 aratro,
2981 2733 3177 2798 bobus,
3209 2733 3484 2804 agricolis,
3531 2742 3588 2788 et

1961 2825 2180 2896 reliquis
2208 2825 2503 2892 laboribus,
2531 2826 2674 2896 jacta
2703 2827 2911 2882 semina
2931 2826 3226 2895 pullulant;
3249 2839 3358 2880 non
3382 2835 3571 2891 :t:stus,

1961 2932 2070 2972 non
2101 2918 2295 2987 pluvia:
2319 2919 2522 2984 nimias,
2548 2935 2656 2973 non
2690 2933 2879 2984 eruca,
2911 2918 2994 2973 vel
3041 2919 3274 2989 grando,
3309 2917 3395 2972 vel
3428 2919 3577 2973 locu-

1959 3019 2166 3064 starum
2197 3025 2414 3080 agmen,
2442 3010 2528 3064 vel
2579 3009 2867 3065 fluviorum
2901 3010 3286 3064 inundationes
3311 3051 3326 3075 ,
3359 3009 3444 3065 vel
3476 3026 3584 3064 ca:-

1961 3111 2073 3156 tcra
2116 3100 2426 3172 hujusmodi
2472 3103 2762 3156 metuenda
2792 3111 2920 3156 sunt
2968 3102 3212 3165 serenti;
3241 3099 3339 3156 sed
3364 3116 3485 3171 qum
3509 3101 3580 3156 ibi

1951 3191 2096 3263 jacta
2125 3203 2253 3248 sunt
2293 3193 2524 3258 semina,
2553 3192 2685 3246 nulli
2717 3191 2977 3262 perniciei
3003 3200 3132 3247 sunt
3159 3191 3413 3247 obnoxia.
3444 3190 3579 3248 Cum

1957 3284 2119 3355 igitur
2147 3300 2247 3340 nec
2279 3285 2430 3339 labor
2456 3327 2471 3352 ,
2498 3299 2598 3340 nec
2627 3285 2947 3354 periculum,
2979 3299 3079 3340 nec
3109 3283 3369 3355 suSpicio,
3404 3299 3580 3355 neque

1949 3373 2160 3445 jactura
2183 3378 2453 3446 qttmpiam
2485 3375 2662 3441 adsit,
2693 3375 2788 3431 sed
2815 3375 2964 3445 jacto
2989 3375 3198 3430 semine
3228 3375 3388 3446 longe
3420 3375 3577 3447 plura

1955 3477 2267 3534 nascantur,
2316 3477 2372 3522 et
2429 3477 2576 3524 tanta
2626 3469 2754 3524 hinc
2806 3468 3069 3537 pullulent
3113 3468 3279 3535 bona,
3337 3468 3464 3534 Qua:
3487 3487 3578 3524 nec

1954 3559 2134 3614 oculus
2173 3562 2336 3627 vidit,
2375 3577 2466 3614 nec
2511 3561 2653 3614 auris
2703 3560 2924 3625 audivit,
2971 3575 3062 3614 nec
3110 3560 3164 3613 in
3202 3575 3291 3613 cor
3348 3560 3572 3615 hominis

1952 3653 2293 3708 ascenderunt
2326 3655 2405 3724 (1.
2435 3653 2556 3709 Cur.
2586 3653 2642 3708 9..
2687 3654 2743 3725 9)
2781 3673 2795 3707 :
2825 3669 3009 3710 annon
3059 3664 3320 3709 extremae
3349 3654 3577 3726 ignaviae

1955 3743 2135 3811 fuerit,
2177 3745 2374 3800 relicto
2418 3746 2652 3817 majore,
2688 3745 2740 3800 id
2769 3744 2916 3817 quod
2972 3747 3154 3802 minus
3182 3755 3267 3802 est
3297 3748 3573 3817 persequi,

1949 3847 2101 3894 eteo
2143 3837 2290 3906 quod
2345 3847 2522 3896 tutum
2553 3848 2673 3894 erat
2726 3839 2975 3904 deserto,
3033 3840 3263 3906 incerta,
3319 3840 3576 3910 periculis

1951 3929 2130 3998 plena,
2162 3940 2217 3984 et
2243 3928 2555 3984 infortuniis
2585 3931 2774 3987 multis
2815 3930 3051 3987 obnoxia
3079 3931 3275 3986 adire?
3299 3932 3434 3999 Qua:
3475 3949 3573 3987 no-

1951 4021 2034 4076 bis
2061 4021 2215 4076 venia
2245 4021 2301 4076 id
2329 4021 2638 4093 agentibus,
2681 4039 2802 4094 qua:
2839 4025 3119 4080 excusatio
3139 4023 3166 4079 3
3190 4023 3570 4096 Paupertatem

1947 4113 2296 4169 obtendimus
2343 4133 2357 4170 :
2399 4123 2457 4171 at
2505 4117 2862 4188 pauperiores
2889 4132 3000 4173 non
3043 4131 3234 4172 sumus
3263 4117 3426 4172 vidua
3455 4117 3570 4184 illa,

1945 4224 2068 4280 quas
2091 4224 2218 4265 cum
2245 4208 2355 4265 duo
2395 4209 2574 4264 solum
2607 4211 2819 4266 minuta
2873 4211 3124 4279 haberet,
3156 4211 3274 4267 haec
3320 4210 3572 4282 deposuit

1947 4299 2102 4374 (Luc.
2128 4300 2222 4356 Si.
2252 4300 2346 4373 2).
2381 4300 2535 4357 Illius
2565 4301 2754 4373 itaque
2798 4301 3017 4359 divitias
3062 4301 3405 4364 aemulemur,
3450 4303 3572 4359 imi-

1947 4405 2127 4451 temur
2145 4395 2410 4466 propositi
2440 4394 2901 4466 magnificentiam
2925 4436 2942 4458 .
2972 4403 3030 4450 ut
3055 4394 3294 4466 reposita
3318 4395 3396 4450 illi
3423 4394 3566 4450 bona

1943 4503 2386 4560 consequamur:
2418 4503 2542 4559 quas
2595 4501 2696 4542 nos
2737 4501 2932 4543 omnes
2970 4486 3203 4556 adipisci
3253 4489 3559 4557 contingat,

1941 4582 2114 4654 gratia
2146 4589 2203 4637 et
2224 4579 2558 4652 benignitate
2588 4579 2804 4635 Domini
2833 4578 3005 4634 nostri
3029 4577 3161 4634 Jesu
3185 4576 3412 4645 Christi,
3441 4594 3566 4634 cum

1943 4690 2052 4745 quo
2087 4672 2256 4739 Patri,
2310 4673 2582 4743 simulque
2626 4681 2818 4726 sancto
2849 4668 3100 4742 Spiritui,
3151 4668 3347 4740 gloria,
3396 4669 3569 4740 impe-

1943 4770 2307 4837 rinm,honor,
2337 4785 2480 4824 nunc
2500 4776 2555 4824 et
2578 4780 2817 4837 semper,
2840 4775 2894 4822 ct
2911 4765 2965 4821 in
2986 4763 3192 4821 saecula
3211 4763 3562 4820 smculorum.

1943 4866 2140 4922 Amen.

2584 4973 2814 5032 SERMO
2852 4973 2916 5029 ll.

1942 5089 2048 5147 Cur
2075 5091 2128 5143 in
2152 5089 2260 5145 sole
2291 5098 2337 5143 et
2365 5089 2488 5142 [tuta
2516 5097 2561 5142 et
2589 5087 2715 5142 calo
2736 5101 2783 5142 et
2813 5087 2937 5141 aliis
2964 5086 3150 5139 dixerit
3180 5100 3199 5138 :
3230 5083 3366 5147 Fiat,
3393 5085 3445 5138 in
3470 5085 3563 5139 lca»

2015 5183 2152 5236 mine
2201 5190 2391 5245 autent,
2439 5179 2760 5246 Faciamus;
2807 5190 2857 5234 et
2884 5178 3135 5251 quidnam
3178 5178 3244 5233 sit
3289 5178 3444 5246 illud,
3476 5177 3558 5234 Ad

2017 5277 2305 5346 imaginem
2339 5274 2492 5346 (Gen.
2531 5275 2583 5330 i.
2607 5274 2660 5330 5.
2693 5275 2747 5329 6.
2777 5273 2850 5330 26
2872 5271 2914 5347 ).

2018 5394 2072 5448 l.
2113 5390 2202 5445 Vis
2231 5389 2484 5445 orationis
2531 5386 2799 5443 Ecclesia.
2827 5417 2899 5428 --
2926 5385 3198 5457 Numquid
3237 5386 3509 5440 mentinw
3537 5402 3564 5440 s

1942 5485 2326 5558 quaestionum,
2359 5498 2484 5554 qua:
2528 5482 2682 5536 vobis
2735 5495 2910 5552 nuper
2946 5489 3071 5534 sunt
3116 5477 3453 5551 propositae?
3504 5481 3558 5534 In

1943 5587 2147 5635 tantam
2203 5577 2351 5633 enim
2380 5575 2742 5647 arrogantiam
2769 5583 2826 5630 et
2851 5573 3130 5629 audaciam
3171 5589 3274 5628 nos
3312 5573 3565 5644 provexi-

1941 5675 2060 5742 stis,
2095 5683 2154 5730 ut
2177 5672 2510 5745 quaestiones
2535 5667 2810 5742 intrepide
2839 5669 3222 5742 aggrediamur
3251 5684 3268 5723 :
3303 5668 3413 5723 imo
3457 5679 3561 5722 nec

1943 5769 2186 5826 audaciae
2218 5781 2319 5824 nec
2345 5765 2678 5838 arrogantia:
2705 5761 2760 5819 id
2791 5760 3004 5818 facinus
3030 5769 3135 5818 est.
3166 5758 3285 5818 Non
3316 5757 3463 5818 enim
3484 5757 3558 5814 vi-

2014 5892 2028 5922 ³
2067 5897 2206 5954 ιιι-ε..
2226 5882 2486 5950 decuplum
2501 5878 2813 5947 seminis,vel
2837 5878 2907 5934 bis
2929 5876 3107 5945 αειυρι
