4086 6434
517 421 618 479 587

522 541 672 594 ribus
695 530 893 590 nostris
918 525 1250 584 conﬁdentes
1275 564 1289 588 ,
1324 521 1421 576 sed
1447 518 1744 574 antistitum
1769 509 2023 612 precibus

520 628 709 686 vestris
751 622 933 680 omnia
957 618 1358 676 committentes
1382 613 1453 669 ad
1475 612 1706 668 stadium
1737 620 1837 663 nos
1867 604 2108 660 accinxi-

518 734 656 776 tuus.
683 718 854 774 Tanta
883 729 1050 786 porro
1077 713 1158 767 vis
1185 720 1267 766 est
1295 721 1515 780 precum
1547 702 1804 760 Ecclesice
1827 741 1843 766 ,
1877 704 1937 754 ut
1984 694 2109 750 licet

515 813 685 880 magis
707 810 838 865 muti
865 822 1024 880 quam
1071 804 1275 874 lapides
1301 811 1564 864 essemus,
1598 808 1774 865 penna
1803 790 1994 862 quavis
2033 788 2110 843 le-

519 882 727 976 vio'i‘em
749 902 985 973 linguam
1021 904 1259 952 nostram
1290 891 1548 948 efﬁciant.
1580 886 1713 943 Nam
1752 883 1890 976 sicut
1914 882 1967 936 in
1997 891 2109 935 me-

515 974 604 1054 dia
631 995 753 1052 navi
783 992 1024 1048 incidens
1043 987 1157 1043 vela
1182 983 1451 1055 zephyrus
1481 977 1672 1051 sagitta
1698 974 1935 1031 velocius
1953 985 2107 1042 cym-

529 1091 650 1145 bam
679 1093 956 1158 promovet
988 1101 1003 1138 :
1031 1083 1108 1138 sic
1141 1089 1196 1135 et
1241 1080 1294 1133 in
1347 1077 1582 1146 linguam
1608 1068 1837 1128 dicentis
1865 1065 2107 1122 incidens

520 1179 691 1236 oratio
722 1174 998 1240 Ecclesiai,
1026 1168 1397 1227 vehementius
1421 1179 1580 1237 quam
1606 1160 1875 1233 zephyrus
1896 1170 2106 1212 sermo-

524 1285 646 1326 nem
671 1275 969 1340 promovet.
1004 1263 1291 1332 Propterea
1340 1273 1440 1314 nos
1469 1257 1629 1312 etiam
1661 1251 1897 1324 quotidie
1934 1247 2105 1340 confl-

517 1337 706 1416 denter
754 1357 822 1412 ad
879 1361 1152 1410 certamen
1192 1365 1290 1405 nos
1343 1346 1689 1418 accingimus.
1741 1342 1799 1398 Si
1853 1340 1996 1395 enim
2051 1337 2104 1390 in

513 1449 752 1508 externis
802 1444 1179 1502 certaminibus
1209 1440 1472 1512 quiSpiam
1504 1478 1519 1504 ,
1549 1437 1635 1492 cui
1665 1434 1852 1490 decem
1899 1438 2105 1486 tantum

511 1549 607 1597 aut
627 1539 809 1610 viginti
836 1535 1034 1592 fuerint
1061 1533 1216 1588 amici
1246 1532 1296 1586 in
1347 1538 1501 1585 tanto
1521 1527 1739 1599 populo,
1785 1525 2031 1580 alacriter
2051 1522 2104 1576 in

512 1648 730 1690 arenam
756 1629 1029 1686 descendit
1063 1645 1076 1680 :
1107 1625 1274 1681 multo
1301 1624 1469 1694 magis
1495 1636 1613 1689 nos,
1664 1620 1756 1691 qui
1783 1633 1889 1673 non
1916 1616 2105 1672 decem

511 1734 601 1779 aut
629 1721 837 1794 viginti,
895 1717 991 1775 sed
1023 1725 1194 1774 totum
1221 1716 1491 1772 theatrum
1538 1727 1606 1767 ex
1645 1709 1894 1765 fratribus
1942 1707 2108 1778 patri-

511 1815 715 1884 busque
766 1811 1055 1868 conflatum
1097 1808 1375 1870 habemus,
1406 1802 1740 1861 conﬁdenter
1783 1800 1836 1855 id
1861 1811 2102 1870 agemus.

512 1904 746 1960 Tametsi
767 1904 818 1958 in
845 1901 1087 1958 externis
1102 1897 1488 1956 certaminibus
1506 1909 1611 1950 non
1636 1893 1864 1948 multum
1889 1888 2108 1960 prodest

513 1995 730 2051 athleta:
781 1991 1009 2049 certanti
1066 1998 1356 2061 spectator,
1402 1987 1504 2042 nisi
1555 1985 1695 2040 forte
1722 1992 1782 2038 ut
1809 1982 2006 2038 clamet
2051 1989 2106 2035 et

513 2085 696 2143 laudet
747 2099 866 2154 qua:
911 2091 1192 2152 geruntur,
1237 2089 1291 2135 et
1334 2080 1388 2134 in
1433 2075 1694 2148 superiori
1749 2075 1866 2129 loco
1913 2071 2108 2127 sedens

511 2193 632 2234 cum
687 2175 794 2229 illis
836 2171 1147 2236 contendat,
1191 2171 1282 2240 qui
1319 2167 1693 2224 contradicunt
1724 2183 1738 2219 :
1769 2165 1820 2218 in
1876 2161 2106 2217 stadium

510 2283 638 2324 vero
681 2264 1030 2330 descendere,
1062 2275 1386 2331 manumque
1413 2259 1706 2330 porrigere,
1733 2255 1822 2311 vel
1848 2254 2106 2310 adversa-

512 2359 574 2414 rii
623 2357 812 2429 pedem
867 2354 1114 2420 trahere,
1159 2351 1250 2408 vel
1301 2350 1446 2406 aliud
1497 2346 1763 2418 ejusmodi
1832 2343 2104 2414 quidpiam

510 2465 691 2521 agerc,
723 2447 944 2502 minime
971 2445 1115 2501 licet.
1165 2444 1268 2512 Qui
1310 2443 1456 2499 enim
1499 2441 1567 2497 ab
1615 2439 1766 2495 initio
1810 2435 2104 2492 certamina

509 2542 600 2597 illa
626 2540 1037 2602 constituerunt,
1065 2536 1238 2592 aeutis
1279 2536 1415 2606 palis
1441 2533 1656 2597 deﬁxis,
1689 2545 1753 2585 ac
1803 2529 2016 2584 funibus
2046 2528 2098 2581 in

509 2647 698 2704 gyrum
723 2629 962 2686 extensis
989 2636 1354 2698 spectatorum
1401 2623 1664 2679 insaniam
1709 2630 1914 2676 arcent.
1967 2617 2107 2685 Quid

513 2736 644 2777 vero
668 2721 887 2787 mirum,
920 2719 964 2774 si
992 2717 1322 2774 descendere
1346 2715 1632 2785 spectatori
1661 2729 1766 2768 non
1802 2713 1946 2777 licet,
1980 2725 2102 2766 cum

514 2823 570 2869 et
596 2816 862 2883 palaestra:
907 2812 1222 2881 magistrum
1244 2807 1469 2879 jubeant
1493 2807 1622 2860 foris
1648 2805 1925 2860 sedentem
1951 2802 2101 2871 juxta

511 2917 774 2966 arenam,
831 2915 861 2955 a
913 2901 1069 2971 longe
1118 2899 1448 2954 certantibus
1492 2895 1751 2951 doctrinae
1799 2893 2099 2950 subsidium

505 2993 769 3064 praibcre,
799 3007 966 3064 pr0pe
1005 3007 1137 3048 vero
1167 3007 1271 3046 non
1299 2990 1480 3046 sinant
1505 2987 1802 3044 accedere?
1849 2987 1947 3042 llic
1975 3001 2105 3041 vero

507 3102 616 3142 non
646 3086 716 3140 ita
765 3085 859 3152 ﬁt;
892 3084 988 3139 sed
1016 3093 1074 3139 et
1113 3083 1319 3139 doctori
1347 3093 1402 3138 et
1441 3080 1731 3151 spectatori
1760 3079 1887 3134 licet
1910 3079 1978 3133 ad
2009 3094 2106 3132 nos

507 3177 860 3244 descendere,
913 3184 1072 3248 atque
1102 3176 1297 3231 affectu
1338 3189 1506 3246 prope
1545 3174 1780 3238 adstare,
1831 3172 2106 3242 precibus-

508 3287 611 3342 que
637 3272 779 3326 vires
802 3269 1021 3325 addere.
1059 3269 1171 3339 Age
1197 3283 1329 3338 ergo
1359 3282 1510 3322 more
1536 3266 1859 3321 athletarum
1890 3264 2103 3320 illorum

506 3359 880 3432 aggrediamur
932 3359 1246 3414 certamina.
1278 3357 1553 3428 Siquidem
1600 3356 1676 3412 illi
1707 3372 1826 3412 cum
1869 3371 1927 3410 se
1971 3357 2104 3410 invi-

507 3469 623 3510 cem
655 3453 860 3510 medios
887 3452 1292 3523 prehenderint,
1347 3466 1411 3507 ac
1463 3452 1516 3506 vi
1543 3466 1777 3506 nexuum
1807 3449 2007 3505 fuerint
2035 3450 2102 3504 ad

506 3547 944 3600 circumstantem
994 3559 1056 3600 se
1098 3548 1227 3600 foris
1259 3544 1467 3600 turbam
1514 3544 1730 3614 impulsi
1760 3552 1978 3613 propter
2007 3558 2103 3596 an-

512 3637 717 3706 gustias
748 3637 870 3703 loci,
925 3637 1149 3693 nexibus
1198 3637 1390 3692 solutis
1441 3637 1508 3692 ad
1561 3632 1873 3692 certa‘mini's
1923 3635 2100 3690 locum

505 3742 694 3783 rursus
715 3737 1058 3784 revertuntur
1091 3727 1323 3784 :deinde
1355 3728 1640 3783 redeuntes
1668 3743 1774 3782 non
1805 3727 1939 3782 recti
1971 3741 2103 3781 cou-

505 3819 820 3889 grediuntur
849 3833 1056 3885 rursus,
1076 3834 1262 3874 verum
1282 3821 1336 3873 in
1363 3819 1613 3874 eumdem
1641 3835 1699 3874 se
1722 3835 1955 3874 neruum
1983 3834 2102 3874 mo-

506 3909 634 3963 dum
661 3918 966 3978 statumque
994 3911 1300 3976 restituunt,
1333 3910 1384 3963 in
1411 3926 1515 3980 quo
1560 3919 1716 3965 antea
1753 3919 1878 3964 sunt
1921 3911 2100 3964 divisi.

507 3998 732 4066 Quando
763 3998 924 4068 igitur
950 4013 1048 4052 nos
1075 4014 1288 4069 quoque
1329 4015 1633 4056 sermonem
1664 4001 1944 4056 absolvere
2000 4002 2101 4056 loci

505 4089 751 4160 angustia
781 4090 975 4159 coegit,
1006 4104 1102 4160 age
1140 4091 1206 4144 ad
1259 4091 1428 4159 ipsum
1459 4091 1633 4145 locum
1676 4093 1986 4147 certaminis
2015 4108 2101 4146 re-

507 4190 821 4246 vertentes,
885 4197 1053 4235 nexus
1109 4183 1176 4237 ab
1230 4183 1295 4236 iis
1344 4200 1463 4252 qua:
1517 4183 1776 4239 hodierno
1805 4187 1892 4240 die
1948 4188 2101 4244 nobis

506 4280 633 4326 sunt
658 4273 788 4327 lecta
816 4273 1103 4328 solvamus.
1143 4272 1210 4327 Et
1232 4276 1358 4329 dixit
1389 4275 1524 4330 Deus
1555 4319 1568 4340 ,
1605 4279 1796 4348 inquit,
1827 4280 2102 4336 Faciamus

507 4364 758 4417 hominem
820 4363 889 4415 ad
963 4364 1236 4434 imaginem
1301 4378 1348 4419 et
1415 4367 1800 4423 similitudinem
1877 4381 2102 4426 nostram

509 4454 661 4520 (Gen.
693 4454 887 4524 1.25).

577 4544 682 4599 Cur
724 4545 864 4600 Deus
912 4548 1127 4614 dixerit,
1184 4548 1464 4604 Faciamus
1494 4550 1789 4619 hominem,
1833 4571 1956 4622 non,
1985 4556 2103 4611 Fiat

509 4636 689 4691 homo.
708 4637 870 4707 —(a)
890 4638 1065 4693 Unum
1095 4641 1197 4695 hoc
1227 4644 1454 4710 primum
1483 4647 1706 4712 quaesitu
1735 4646 1975 4717 dignum,
2009 4666 2102 4704 cur

509 4724 743 4790 tandem,
773 4742 892 4781 cum
923 4729 1110 4783 cadum
1142 4729 1311 4794 ﬁeret,
1344 4748 1602 4803 nusquam
1629 4737 1824 4792 dictum
1858 4741 1958 4804 sit,
1995 4740 2104 4793 Fa-

504 4818 716 4882 ciamus,
747 4817 859 4882 sed,
895 4818 1014 4872 Fiat
1040 4819 1242 4886 ca’lum,
1268 4821 1389 4876 Fiat
1415 4825 1524 4889 lux,
1555 4834 1712 4895 atque
1745 4829 1814 4882 ita
1841 4829 1894 4882 in
1925 4830 2102 4899 singu-

506 4907 571 4961 lis
600 4916 964 4962 creaturarum
1008 4910 1328 4979 generibus:
1375 4912 1461 4967 hic
1505 4929 1631 4969 vero
1661 4918 1832 4972 solum
1864 4920 2102 4974 additum

503 4999 574 5052 sit
601 4999 749 5064 illud,
775 4999 1070 5066 Faciamus,
1095 5011 1148 5056 et
1172 5005 1452 5059 consilium
1477 5022 1540 5060 ac
1567 5006 1883 5065 deliberatio
1906 5021 2101 5068 etcum

503 5092 678 5147 altero
697 5096 944 5163 quopiam
968 5096 1185 5151 honoris
1210 5110 1457 5156 consorte
1477 5104 1926 5159 communicatio?
1944 5108 2103 5175 Quis-

506 5199 630 5237 nam
662 5184 818 5253 igitur
848 5187 936 5241 ille
981 5188 1193 5244 tandem
1225 5201 1305 5244 est
1329 5193 1416 5260 qui
1449 5195 1709 5249 creandus
1732 5237 1745 5262 ,
1777 5197 1862 5250 cui
1895 5209 2098 5253 tantum

507 5274 726 5331 honoris
755 5276 1067 5333 deferatur?
1092 5279 1262 5335 Homo
1293 5292 1413 5349 est,
1448 5298 1692 5352 magnum
1736 5286 1863 5341 illud
1905 5290 2101 5343 animal

497 5372 560 5417 ct
578 5364 893 5423 admirabile
912 5409 926 5433 ,
957 5370 1203 5440 quodque
1231 5373 1376 5427 omni
1394 5383 1636 5428 creatura
1663 5379 2002 5444 praestantius
2021 5389 2104 5433 est

507 5454 646 5523 apud
680 5455 843 5512 Deum
866 5499 879 5524 ,
910 5469 1127 5531 propter
1164 5478 1320 5532 quem
1351 5466 1541 5519 caelum
1587 5476 1640 5521 et
1670 5477 1810 5524 terra
1856 5480 1908 5524 et
1957 5487 2104 5527 mare

507 5558 570 5599 ac
609 5546 871 5616 reliquum
917 5563 1075 5607 omne
1125 5565 1385 5610 creatura:
1424 5571 1614 5627 corpus
1661 5567 1744 5614 est
1787 5561 2098 5618 conditum:

573 5676 979 5762 in).lnt_islprorsus
992 5687 1161 5762 similia
1184 5690 1331 5762 habet
1348 5699 1482 5743 Hom.
1506 5697 1537 5744 8
1561 5697 1608 5745 in
1631 5698 1876 5756 Genesim,
1901 5698 1993 5749 col.
2020 5701 2097 5762 70,

510 5738 901 5822 ξῐξὶξθηρςςχὶξξξιψ
921 5761 1058 5822 .peue
1092 5738 1794 5822 Humilia-tniln'sequeutvibus
1827 5738 2101 5814 eiidm'tio’ti

512 5811 660 5856 rauca
682 5801 952 5864 huiusmodi
975 5817 1217 5873 reperies.

1285 405 1340 462 S.
1381 400 1658 460 JOANNIS
1683 389 2159 454 CHRYSOSTOMI
2202 389 2519 448 ARClllEP.
2560 389 3096 450 CONSTANTINOP'.

3708 395 3831 453 ὅδε

2217 505 2398 574 homo,
2427 506 2579 578 cujus
2599 507 2668 563 ita
2700 507 2842 566 Deus
2868 510 3096 568 salutem
3120 511 3409 582 adamavit,
3433 523 3492 571 ut
3521 531 3591 574 ne
3618 518 3818 590 linige-

2215 597 2327 654 nito
2365 597 2580 670 quidem
2610 613 2710 656 suo
2737 611 2958 671 propter
2984 617 3108 659 eum
3139 615 3420 674 parceret:
3465 621 3644 677 neque
3668 610 3819 664 enim

2212 689 2391 743 omnia
2428 697 2685 760 prestare
2723 691 3007 762 molirique
3055 692 3280 760 destitit,
3324 693 3500 752 donec
3543 696 3598 751 in
3646 695 3818 751 altum

2212 789 2454 836 evectum
2484 781 2537 836 in
2569 777 2665 837 sua
2690 781 2912 840 dextera
2954 782 3257 841 collocavit.
3291 785 3576 844 Enimvero
3615 785 3822 843 clamat

2213 870 2268 927 id
2294 872 2492 929 Paulus
2513 873 2700 931 dicens
2724 892 2738 929 :
2764 875 3190 933 Conresuscitmn't
3213 888 3260 933 et
3287 881 3557 936 comedere
3578 882 3698 953 fecit
3722 899 3822 937 nos

2213 963 2268 1017 in
2291 964 2571 1020 celestibus
2593 967 2650 1021 in
2686 967 2889 1023 Christo
2911 967 3040 1024 Iesu
3071 968 3289 1042 (Ephes.
3317 971 3374 1027 2.
3406 973 3484 1042 6).
3517 971 3819 1044 Propterea

2211 1055 2499 1112 consilium
2531 1066 2586 1113 et
2613 1055 2930 1114 deliberatio
2958 1068 3012 1116 et
3038 1062 3488 1130 communicatio,
3529 1078 3640 1119 non
3669 1063 3820 1134 quod

2212 1143 2447 1214 indigeat
2489 1147 2712 1203 consilio
2772 1148 2953 1216 Deus;
3002 1151 3144 1206 absit
3177 1170 3193 1206 :
3222 1151 3318 1208 sed
3364 1152 3478 1222 ipsa
3524 1153 3820 1210 verborum

2212 1235 2378 1306 ﬁgura
2418 1253 2527 1308 pra:
2564 1254 2626 1295 se
2671 1238 2777 1296 fert
2819 1240 3104 1309 honorem,
3143 1243 3234 1314 qui
3266 1247 3508 1301 nascenti
3551 1245 3816 1303 defertur.

2210 1324 2312 1393 Qui
2371 1326 2433 1382 fit
2478 1338 2656 1385 autem
2683 1369 2700 1396 ,
2753 1329 2895 1388 dicet
2958 1332 3194 1404 aliquis,
3250 1334 3299 1390 si
3350 1338 3690 1405 pmuantior
3733 1347 3826 1394 est.

2212 1425 2324 1473 toto
2364 1420 2585 1488 mundo,
2619 1431 2678 1478 ut
2715 1433 2839 1494 post
2879 1425 3137 1482 mundum
3166 1428 3540 1497 producatur!
3582 1430 3666 1488 0b
3713 1431 3822 1489 hoc

2209 1510 2385 1578 ipsum
2431 1512 2718 1582 nimirum,
2757 1517 2902 1586 quod
2931 1518 3149 1574 mundo-
3175 1522 3519 1590 praestantior
3555 1524 3646 1579 sit.
3680 1523 3823 1581 Nam

2209 1601 2660 1670 quemadmodum
2683 1606 2993 1677 ingressum
3021 1610 3073 1665 in
3102 1611 3293 1668 urbem
3315 1613 3603 1684 quamdam
3635 1616 3818 1687 Impe-

2208 1697 2424 1759 ratore,
2471 1692 2671 1763 duces,
2699 1696 2937 1766 prtefecti
2961 1741 2978 1767 ,
3008 1701 3298 1767 satellites,
3329 1719 3627 1777 omnesque
3669 1708 3831 1764 servi.

2210 1781 2553 1852 praecedunt,
2584 1793 2645 1842 ut
2673 1787 2870 1857 palatio
2906 1791 3188 1859 adornato,
3225 1803 3281 1849 et
3317 1797 3464 1851 omni
3506 1796 3615 1852 alio
3655 1800 3821 1854 mini-

2211 1875 2376 1928 sterio
2415 1887 2751 1947 preparato,
2795 1896 2989 1953 magno
3025 1898 3148 1940 cum
3193 1884 3399 1942 honore
3425 1886 3834 1958 Imperatorem

2211 1967 2481 2036 excipiant
2520 1986 2534 2022 :
2568 1971 2645 2026 sic
2672 1972 2924 2030 nimirum
2954 1984 3008 2030 et
3037 1977 3159 2045 hic,
3201 1981 3352 2048 quasi
3391 1981 3829 2041 introducendus

2211 2070 2308 2111 rex
2338 2065 2517 2125 esset,
2549 2061 2630 2115 sol
2671 2066 2947 2131 praecessit
2971 2106 2985 2129 ,
3015 2067 3204 2123 caelum
3249 2074 3599 2139 prmcucurrit
3621 2117 3637 2138 ,
3669 2075 3822 2144 prius

2211 2145 2513 2216 ingressum
2533 2159 2618 2207 cst
2637 2151 2838 2217 lumen,
2865 2166 3044 2213 creata
3070 2168 3196 2212 sunt
3217 2163 3397 2214 omnia
3423 2173 3476 2218 et
3503 2163 3769 2219 adornata
3801 2208 3818 2234 ,

2214 2246 2434 2310 tumque
2459 2243 2632 2298 multo
2655 2259 2779 2300 cum
2807 2247 3013 2304 honore
3039 2249 3203 2306 homo
3233 2252 3591 2310 introducitur
3615 2256 3718 2328 (α).

2293 2330 2496 2402 Vocem,
2524 2333 2806 2392 Faciamus
2829 2381 2844 2407 ,
2873 2339 3112 2408 discutit,
3154 2353 3208 2396 ut
3247 2345 3315 2396 ad
3343 2343 3677 2416 Unigeuitum
3723 2349 3830 2404 Dei

2210 2421 2377 2490 ﬁlium
2415 2428 2792 2498 agnoscendum
2844 2431 3009 2486 hostes
3048 2434 3270 2490 ueritatis
3303 2438 3547 2492 adducat.
3583 2439 3822 2495 Anthra-

2212 2521 2562 2588 pomorphitas
2605 2523 2973 2593 redarguit.-—
3012 2525 3289 2583 Faciamus
3315 2529 3570 2585 hominem
3591 2533 3664 2585 ad
3687 2534 3824 2588 ima-

2212 2604 2399 2675 ginem.
2445 2609 2640 2667 Audiat
2686 2611 2924 2671 Iudaeus.
2971 2615 3052 2671 Ad
3081 2632 3243 2688 quem
3271 2619 3405 2678 dicit
3430 2621 3593 2688 Deus,
3625 2621 3824 2678 Facia-

2212 2716 2325 2755 mus
2342 2701 2548 2759 ?Mosis
2574 2715 2700 2760 sunt
2727 2706 2916 2774 literae,
2946 2707 3129 2778 Mosis,
3156 2713 3243 2766 cui
3273 2728 3333 2769 se
3356 2713 3582 2771 credere
3605 2715 3820 2782 dicunt,

2210 2799 2265 2846 et
2305 2795 2657 2851 mentiuntur.
2706 2797 2776 2854 Ut
2817 2800 2960 2856 enim
3000 2804 3142 2858 scias
3180 2803 3300 2861 illos
3342 2807 3558 2862 mentiri
3603 2817 3660 2863 et
3708 2823 3830 2864 non

2210 2885 2451 2954 credere,
2478 2887 2749 2948 Christum
2781 2894 2901 2950 illos
2929 2898 3340 2955 convincentem
3366 2900 3512 2964 audi,
3535 2915 3602 2956 ac
3630 2901 3825 2956 dicen-

2211 2987 2319 3034 tem
2348 2999 2362 3036 :
2408 2980 2470 3037 Si
2493 2985 2762 3040 crederetis
2791 2984 2992 3058 Moysi,
3021 2991 3292 3046 crederetis
3315 3001 3363 3046 et
3392 2993 3516 3046 mihi
3542 2993 3686 3064 (Joa'
3713 3038 3727 3049 .
3759 2997 3819 3052 5.

2211 3071 2325 3140 46).
2356 3071 2474 3128 Jam
2504 3090 2634 3130 vero
2661 3079 2803 3148 apud
2830 3079 2950 3135 illos
2975 3082 3190 3152 quidem
3219 3094 3340 3139 sunt
3371 3084 3513 3153 libri,
3542 3091 3688 3157 apud
3718 3105 3824 3146 nos

2211 3174 2389 3221 autem
2440 3169 2701 3226 librorum
2751 3173 3068 3231 thesaurus:
3097 3177 3238 3248 apud
3283 3178 3406 3236 illos
3435 3181 3624 3249 litem,
3672 3185 3830 3256 apud

2211 3276 2311 3317 nos
2357 3273 2411 3317 et
2450 3263 2641 3330 literm,
2687 3274 2742 3320 ct
2783 3270 3089 3323 sententia.
3125 3270 3210 3323 Ad
3249 3285 3409 3340 quem
3458 3273 3623 3342 igitur
3661 3277 3822 3344 dicit,

2210 3349 2489 3408 Faciamus
2513 3355 2810 3410 hominem?
2836 3357 2916 3412 Ad
2945 3360 3192 3429 angelum
3212 3401 3228 3426 ,
3260 3361 3468 3431 inquit,
3497 3364 3582 3418 vel
3611 3367 3681 3420 ad
3723 3383 3822 3422 ar-

2209 3441 2524 3514 changelum
2569 3447 2884 3518 simpliciter
2929 3450 3092 3505 verba
3141 3451 3290 3507 facit.
3327 3453 3395 3510 Ut
3432 3456 3576 3510 enim
3621 3459 3824 3514 verbe-

2208 3550 2370 3590 rones
2399 3535 2611 3603 famuli,
2644 3537 2771 3594 dum
2801 3539 2869 3595 ab
2899 3539 3044 3596 heris
3085 3553 3439 3613 accusantur,
3474 3561 3576 3601 nec
3613 3548 3821 3606 habent

2209 3629 2350 3696 quod
2378 3630 2458 3683 eis
2485 3639 2670 3699 aperte
2698 3633 3080 3704 respondeant,
3108 3635 3367 3708 quidquid
3393 3639 3447 3692 in
3474 3639 3700 3696 buccam
3724 3659 3823 3699 ve-

2209 3721 2350 3774 nerit
2379 3721 2690 3789 proferunt:
2723 3724 2801 3778 sic
2824 3733 2879 3779 et
2918 3739 3013 3780 vos
3038 3726 3104 3781 ad
3144 3728 3392 3798 angelum
3421 3739 3480 3784 et
3516 3731 3825 3806 archange-

2210 3811 2318 3894 lum
2349 3811 2465 3867 haec
2503 3828 2625 3869 esse
2661 3815 2799 3871 dicta
2844 3817 3021 3873 vultis.
3051 3817 3220 3885 Quem
3263 3821 3477 3876 tandem
3516 3826 3774 3894 angelum
3796 3829 3822 3879 ?

2208 3887 2368 3973 quem
2385 3905 2798 3977 archangelum?
2819 3909 3000 3979 Neque
3015 3914 3160 3966 enim
3177 3915 3484 3984 angelorum
3503 3927 3586 3971 est
3601 3933 3818 3985 creare,

2212 4011 2386 4065 neque
2414 3998 2859 4069 arcltangelorum
2905 4002 3020 4058 haec
3047 4009 3278 4074 operari.
3322 4010 3500 4075 Quare
3527 4025 3658 4065 vero
3685 4027 3820 4068 cum

2208 4087 2399 4141 caelum
2428 4088 2648 4158 quidem
2676 4093 2950 4160 conderet,
2985 4109 3092 4149 non
3123 4096 3259 4150 dixit
3282 4101 3472 4169 angelo
3499 4110 3555 4155 et
3579 4103 3820 4159 archan-

2206 4179 2347 4247 gelo,
2377 4179 2472 4234 sed
2505 4196 2600 4250 per
2627 4198 2688 4238 se
2714 4184 2862 4239 illum
2887 4186 3175 4256 produxit:
3205 4205 3325 4246 cum
3357 4207 3493 4248 vero
3510 4195 3649 4251 cmlo
3675 4206 3820 4252 toto-

2209 4285 2312 4338 que
2354 4272 2555 4326 mundo
2587 4277 2930 4359 praestantius
2969 4281 3168 4335 animal
3217 4283 3466 4352 produxit
3492 4285 3773 4345 hominem
3799 4333 3820 4358 ,

2212 4367 2321 4413 tum
2349 4376 2541 4418 servos
2569 4365 2670 4419 sibi
2698 4369 2875 4424 socios
2901 4373 3190 4426 ereationis
3216 4374 3467 4431 adsciscit
3485 4379 3510 4431 ἲ

2280 4453 2337 4507 2.
2377 4455 2491 4511 Νοη
2537 4460 2609 4513 ita
2640 4468 2752 4527 est,
2788 4463 2946 4531 plane
2976 4480 3080 4519 non
3108 4467 3177 4520 ita
3207 4476 3331 4534 est;
3362 4471 3564 4541 quippe
3589 4478 3817 4546 angelo.-

2209 4563 2326 4601 rum
2365 4559 2448 4604 est
2489 4553 2763 4617 assistere,
2806 4571 2913 4611 non
2964 4573 3185 4613 creare:
3233 4561 3683 4633 archangclorutn
3735 4582 3821 4626 est

2208 4639 2532 4703 ministrare.
2564 4661 2671 4699 non
2695 4649 3008 4720 participem
3033 4666 3154 4708 esse
3184 4658 3465 4712 sententiae
3495 4669 3550 4714 et
3573 4663 3817 4720 consilii.

2209 4731 2348 4785 Audi
2375 4734 2502 4802 quid
2539 4736 2607 4791 de
2646 4739 2931 4794 virtutibus
2973 4742 3292 4812 Seraphim,
3335 4763 3454 4817 qua:
3474 4751 3821 4825 archangelis

2211 4833 2334 4877 sunt
2362 4826 2636 4894 celsiores,
2669 4830 2810 4885 dicat
2843 4834 3002 4888 Isaias
3046 4853 3058 4887 :
3093 4834 3210 4889 Vidi
3243 4837 3524 4896 Dominum
3557 4846 3820 4916 sedentem

2209 4929 2364 4984 super
2388 4918 2573 4971 solium
2601 4921 2854 4977 excelsum
2879 4934 2925 4978 et
2954 4927 3220 4995 eleuatum,
3252 4940 3301 4985 et
3328 4932 3608 5002 Seraphin:
3633 4940 3816 4993 adsta-

2210 5011 2327 5061 bant
2356 5010 2409 5062 in
2430 5012 2644 5064 circuitu
2672 5015 2784 5082 ejus
2807 5031 2825 5069 :
2848 5033 2937 5070 sea:
2960 5019 3058 5072 alar
3082 5023 3192 5086 uni,
3227 5034 3273 5077 et
3297 5040 3385 5078 sea:
3413 5028 3511 5080 alat
3547 5030 3698 5084 alteri
3723 5049 3744 5096 ;
3770 5044 3820 5087 et

2211 5101 2405 5157 duabus
2429 5107 2628 5173 quidem
2647 5109 2744 5161 alis
2761 5113 3047 5179 aperiebant
3074 5117 3230 5184 [acies
3253 5134 3374 5173 suas
3391 5121 3408 5188 (
3417 5120 3546 5175 1εαὶ.
3572 5125 3626 5178 6.
3660 5127 3712 5180 ι.
3733 5127 3816 5196 2),

2210 5203 2269 5248 ut
2292 5196 2496 5252 scilicet
2536 5201 2723 5254 oculos
2749 5216 2876 5256 suos
2904 5205 3212 5274 munirent,
3243 5214 3384 5280 quod
3412 5215 3753 5271 exsilientem
3789 5236 3820 5275 e

2208 5286 2343 5339 solio
2372 5287 2632 5358 fulgorem
2677 5293 2948 5350 sustinere
2975 5311 3078 5350 non
3109 5310 3347 5368 possent.
3378 5304 3516 5370 Quid
3561 5307 3684 5360 ais?
3713 5309 3817 5364 Sc-

2209 5380 2416 5449 raphim
2445 5382 2680 5448 adstant,
2710 5395 2929 5440 ettanta
2961 5399 3084 5444 sunt
3115 5392 3469 5449 admiratione
3499 5411 3562 5450 ac
3591 5407 3817 5468 stupore

2210 5484 2477 5543 correpta,
2503 5474 2660 5546 idque
2681 5493 2802 5533 cum
2833 5481 2924 5536 Dei
2950 5483 3163 5538 videant
3192 5486 3572 5557 indulgentiam
3599 5511 3612 5559 ;
3637 5498 3816 5565 angeli

2209 5578 2337 5618 vero
2385 5573 2441 5619 et
2487 5568 2693 5624 consilii
2738 5584 2862 5628 sunt
2913 5576 3242 5646 participes,
3293 5583 3819 5660 consultationisque

2279 5830 2350 5891 (α)
2386 5829 2499 5881 \‘tde
2522 5830 2730 5880 sunilem
2755 5837 3048 5885 sententiam
3082 5843 3214 5886 Hom.
3243 5837 3272 5887 8
3297 5854 3345 5889 in
3370 5847 3486 5891 Gen.
