4086 6466
291 453 402 512 581

290 565 703 637 τῶνπροέδρων
716 566 809 621 καὶ
828 568 950 631 ταῖς
965 566 1269 637 ὑμετέραις
1288 567 1349 622 τὺ
1370 568 1480 621 πᾶν
1498 568 1894 641 ἐπιρρίψαντες

291 653 692 726 ἀπεδυσάμεθα
714 656 852 726 πρὸς
878 655 941 709 τὸ
991 655 1229 709 στάδιον.
1268 657 1419 727 Εὐχή
1466 654 1525 711 δέ
1568 658 1897 729 Ἐκκλησίας

290 742 552 797 τοσοῦτον
573 743 818 807 δύναται,
854 743 933 807 ὡς
962 744 1012 797 εί
1045 745 1142 797 καὶ
1168 741 1334 798 λίθων
1359 740 1505 817 ἦμεν
1534 745 1893 815 ἀφωνότεροι,

290 818 502 900 πτεροῦ
532 830 734 894 παντὸς
760 830 1102 902 κουφοτέραν
1130 831 1263 902 ήμῖν
1302 831 1406 901 τὴν
1430 831 1683 900 γλῶτταν
1736 832 1898 901 ἐργά-

294 916 517 971 σασθαι.
555 917 776 985 Ὠσπερ
800 914 914 985 γάρ
949 916 1186 989 ζέφυρος
1220 921 1302 981 εἰς
1335 919 1478 989 μέσα
1506 918 1605 988 τῆς
1630 918 1762 989 νηὸς
1792 921 1896 988 ἐμ-

291 1003 481 1057 πεσὼν
521 1004 592 1058 τά
648 1004 813 1068 ίστία,
848 1002 1040 1074 βέλους
1103 1002 1362 1075 ὀξύτερον
1421 1005 1788 1077 παραπέμπει
1834 1004 1897 1057 τὸ

291 1091 539 1161 σκάφος·
578 1089 723 1146 οὕτω
762 1092 858 1145 καὶ
900 1091 1231 1161 Ἐκκλησίας
1258 1092 1393 1163 εὐχὴ
1436 1094 1517 1156 είς
1540 1092 1641 1163 τήν
1680 1091 1775 1146 τοῦ
1806 1092 1895 1145 λέ-

287 1194 485 1248 γοντος
513 1176 831 1250 ἐμπεσοῦσα
848 1178 1374 1251 γλῶτταν,ζεφύρου
1406 1179 1769 1249 σφοδρότερον
1790 1196 1894 1233 πα-

289 1266 577 1339 ραπέμπει
635 1265 727 1320 τδν
781 1262 963 1336 λόγον.
1005 1265 1098 1319 Διδ
1138 1266 1236 1320 καὶ
1278 1268 1442 1336 ήμεῖς
1494 1266 1621 1319 καθ’
1652 1266 1893 1337 ἑκάστην

287 1354 508 1426 1ήμέραν
554 1352 884 1427 θαρροῦντες
941 1352 1311 1425 ἀποδυόμεθα.
1369 1352 1433 1407 Et
1484 1353 1595 1424 γάρ
1654 1353 1892 1407 ἐπὶτῶν

286 1440 496 1507 tam“
532 1441 763 1509 ἀγώνων
784 1440 918 1495 δέκα
936 1458 1021 1504 τις
1041 1441 1224 1512 μόνον,
1238 1440 1273 1512 ἢ
1300 1440 1476 1494 εῐκοσι
1497 1439 1637 1511 έχων
1655 1441 1893 1512 ἐραστάς

286 1530 349 1581 ἐν
368 1528 532 1600 δήμῳ
564 1526 826 1599 τοσούτῳ,
841 1529 983 1599 μετά
1006 1526 1317 1599 προθυμίας
1336 1530 1419 1591 είς
1441 1528 1535 1581 τὸν
1554 1526 1745 1596 ἀγῶνα
1761 1529 1894 1583 κάτ-

284 1632 400 1669 εισι
420 1632 435 1647 ·
471 1615 655 1686 πολλῷ
677 1616 877 1687 μᾶλλον
900 1617 1086 1686 ήμεῖς,
1124 1615 1260 1669 ὅπου
1290 1615 1353 1669 ού
1382 1614 1538 1681 δέκα,
1567 1614 1689 1670 οὗδέ
1716 1614 1891 1670 εἴκοσι

290 1706 477 1775 μόνον,
498 1703 616 1759 ἀλλ’
643 1702 791 1758 ἀπαν
817 1705 953 1775 ἡμῖν
976 1702 1040 1757 τδ
1059 1701 1293 1775 θέατρον
1322 1702 1384 1768 ἐξ
1412 1701 1660 1774 ἀδελφῶν
1679 1704 1774 1757 καὶ
1795 1721 1893 1757 πα-

284 1791 465 1863 τέρων
488 1788 1145 1863 σύγκειται,θαρροῦντες
1165 1789 1326 1844 τοῦτο
1349 1792 1676 1862 ποιήσομεν.
1701 1792 1890 1846 Καίτοι

286 1897 352 1949 γε
384 1879 479 1933 ἐπὶ
494 1879 606 1934 τῶν
629 1879 830 1945 ἐξωθεν
849 1877 1081 1949 ἀγώνων
1106 1879 1262 1933 οὐδὲν
1276 1879 1343 1933 ἀν
1372 1879 1518 1949 μέγα
1532 1878 1893 1951 καρπώσαιτο

283 1968 318 2021 6
343 1969 657 2040 ἀγωνιστής
686 1966 841 2039 παρά
874 1966 969 2020 τοῦ
1004 1966 1201 2020 θεατοῦ
1223 2005 1239 2032 ,
1276 1966 1394 2020 ἀλλ’
1429 1967 1463 2038 ἢ
1509 1968 1637 2021 ὅσον
1693 1967 1890 2038 βοῆσαι

285 2056 519 2118 ἐκεῖνον,
556 2054 650 2109 καὶ
672 2054 953 2125 Θαυμάσαι
973 2053 1043 2107 τά
1069 2053 1438 2125 γεγενημένα,
1463 2054 1559 2109 καὶ
1579 2056 1892 2126 φιλονεικῆ-

286 2158 379 2197 σαι
409 2143 524 2205 τοῖς
554 2140 934 2210 ἀντιλέγωσιν
958 2140 1073 2196 ἀνω
1093 2139 1407 2211 καθήμενον
1437 2156 1453 2171 ·
1495 2141 1803 2212 καταϐῆναι
1832 2142 1890 2196 δέ

282 2231 368 2294 είς
394 2229 461 2283 τὸ
494 2228 732 2295 στάδιον,
752 2228 849 2282 καὶ
867 2228 1028 2300 χεῖρα
1051 2227 1261 2299 ὀρέξαι,
1276 2227 1374 2282 καὶ
1390 2226 1619 2285 ἑλκύσαι
1639 2228 1778 2282 πόδα
1792 2227 1890 2282 τοῦ

283 2315 820 2387 ἀνταγωνιζομένου,
855 2316 889 2387 ἢ
930 2314 1060 2370 ἀλλο
1113 2332 1166 2370 τι
1207 2314 1453 2369 τοιοῦτον
1492 2315 1888 2381 ἐπιδείξασθαι,

284 2406 498 2469 τούτοις
524 2406 588 2459 οὺ
618 2404 799 2476 θέμις.
863 2406 930 2459 Οί
959 2406 1069 2475 γάρ
1108 2405 1235 2469 τοὺς
1266 2404 1490 2474 ἀγῶνας
1542 2406 1791 2472 ἐκείνους
1828 2407 1889 2475 ἐξ

280 2493 461 2569 ἀρχῆς
480 2494 892 2566 διαταξάμενοι,
939 2492 1215 2560 σκόλοπας
1258 2493 1534 2566 πήξαντες
1568 2491 1713 2559 ὀξεῖς
1738 2536 1754 2561 ,
1795 2498 1891 2551 καὶ

283 2582 500 2654 σχοινία
530 2580 718 2653 κύκλῳ
755 2578 1168 2652 περιϐαλόντες,
1204 2580 1351 2634 οὓτω
1386 2580 1501 2634 τῶν
1534 2580 1747 2635 θεατῶν
1788 2582 1890 2653 τήν

284 2671 489 2743 μανίαν
530 2671 941 2744 εἴργουσι-Καὶ
963 2670 1019 2724 τί
1044 2669 1383 2741 θαυμαστὸν,
1430 2673 1480 2724 εί
1518 2670 1685 2744 θεατῇ
1721 2690 1891 2727 κατα-

274 2757 447 2830 ϐῆναι
473 2758 539 2812 ού
562 2757 743 2829 θέμις,
762 2759 966 2826 δπουγε
987 2756 1199 2810 καὶτὸν
1222 2756 1585 2829 παιδοτρίϐην
1610 2758 1718 2826 ἐξω
1734 2759 1889 2831 παρά

279 2845 383 2919 τήν
417 2846 571 2901 κόνιν
605 2845 955 2910 καθίσαντες,
986 2844 1275 2918 πόρρωθεν
1305 2845 1407 2917 τήν
1432 2845 1543 2900 ἀπὸ
1590 2847 1690 2919 τῆς
1741 2848 1890 2902 διδα-

284 2934 519 2998 σκαλίας
542 2934 865 3005 συμμαχίαν
897 2934 1144 3002 εἰσάγειν
1172 2935 1287 2997 τοῖς
1313 2932 1747 3004 ἀγωνιζομένοις
1794 2952 1891 2989 κε-

282 3022 525 3085 λεύουσι,
560 3021 790 3092 πλησίον
812 3022 870 3077 δέ
893 3021 994 3075 οὐκ
1026 3021 1189 3075 ἐῶσιν
1217 3020 1424 3087 ἐλθεῖνς
1465 3020 1607 3075 Ἀλλ’
1648 3022 1751 3076 οὒκ
1801 3026 1891 3077 ἐν-

280 3109 462 3165 ταῦθα
476 3107 685 3172 οῦτωςο
723 3108 863 3163 ἀλλά
891 3110 989 3162 καὶ⁵
1033 3107 1347 3179 διδασκάλῳ
1378 3107 1474 3161 καὶ
1507 3107 1676 3180 θεατῇ
1714 3126 1886 3163 κατα-

282 3195 449 3268 ϐῆναι
476 3193 615 3267 πρὸς
648 3196 796 3265 ήμᾶς
830 3193 933 3259 ἐνι,
968 3195 1066 3248 καὶ
1096 3193 1266 3263 ἐγγὺς
1294 3194 1488 3265 στῆναι
1518 3196 1587 3266 τῇ
1618 3194 1885 3262 διαθέσει,

282 3282 379 3336 καὶ
390 3280 483 3335 διά
497 3279 606 3334 τῶν
623 3279 799 3351 εὐχῶν
813 3280 947 3352 ήμῖν
963 3280 1337 3353 συγκροτῆσαι
1353 3280 1451 3351 τὴν
1461 3280 1692 3352 δύναμιν
1708 3279 1887 3355 [652).

281 3370 460 3442 Δεῦρο
484 3369 618 3439 γοῦν
641 3370 764 3425 κατ’
799 3370 999 3435 αὐτοὺς
1035 3370 1283 3434 ἐκείνους
1328 3372 1460 3436 τοὺς
1496 3371 1743 3443 ἀθλητάς
1775 3371 1890 3425 τῶν

282 3458 690 3527 παλαισμάτων
724 3455 1016 3529 ἁψώμεθα.
1052 3458 1165 3511 Καὶ
1230 3457 1345 3531 γάρ
1398 3458 1628 3513 ἐπειδάν
1683 3460 1889 3513 ἐκεῖνοι

288 3544 495 3619 μέσους
526 3544 758 3608 ἐαυτοίις
784 3544 1175 3615 κατασχόντες,
1211 3543 1320 3599 ὑπὸ
1346 3545 1449 3616 τῆς
1481 3544 1604 3616 βίας
1640 3545 1751 3600 τῶν
1780 3545 1889 3619 ἀμ.

285 3634 478 3706 μάτων
500 3632 640 3706 πρὸς
680 3631 774 3687 τδν
817 3632 1019 3698 έξωθεν
1050 3631 1251 3697 αὐτοὺς
1282 3622 1639 3705 περιεστῶτα
1662 3632 1892 3700 ἐξακον-

283 3718 551 3775 τισθῶσιν
572 3719 733 3790 δχλον
755 3717 844 3775 διά
866 3719 968 3792 τὴν
989 3716 1090 3773 τοῦ
1123 3719 1295 3776 τόπου
1344 3721 1735 3794 στενοχωρίαν,
1790 3721 1889 3775 λύ-

286 3825 487 3872 σαντες
542 3807 612 3862 τά
659 3807 915 3878 ἅμματα,
951 3805 1093 3873 πρὸς
1147 3806 1243 3861 τδν
1298 3807 1398 3879 τῆς
1426 3806 1671 3878 ἀγωνίας
1724 3808 1892 3865 πάλιν

284 3895 689 3965 ἐπανέρχονται
734 3893 901 3948 τόπον
922 3907 940 3926 ⁸
973 3888 1094 3948 εἶτα
1146 3892 1539 3961 ἐπανελθόντες
1575 3895 1679 3950 οὐκ
1736 3896 1891 3967 ὀρθοὶ

284 3980 703 4053 συμπλέκονται
738 3981 921 4048 πάλιν,
964 3980 1081 4035 ἀλλ’
1114 3981 1172 4034 ἐν
1199 3980 1400 4054 ἐκείνῳ
1437 3981 1517 4053 τῷ
1548 3982 1741 4055 τρόπῳ
1778 3985 1891 4039 τῶν

285 4067 506 4141 δεσμῶν
539 4068 768 4134 ἐαυτοῦς
790 4070 1260 4143 καταστήσαντες,
1304 4070 1365 4124 ἐν
1400 4063 1447 4141 ᾧ
1472 4070 1568 4125 καὶ
1616 4072 1772 4139 ὄντες
1808 4073 1891 4128 δι-

285 4157 585 4229 ελύθησαν.
625 4156 783 4212 Ἐπεὶ
818 4151 915 4212 οὖν
946 4158 1045 4213 καὶ
1078 4158 1231 4229 ἡμᾶς
1271 4158 1307 4229 ἠ
1332 4157 1501 4219 τόπου
1553 4161 1892 4231 στενοχωρία

288 4243 595 4299 καταλῦσαι
625 4244 722 4299 τδν
747 4243 907 4314 λόγον
931 4244 1407 4327 ήνάγκασελφέρε
1428 4246 1570 4318 πρὸς
1601 4247 1696 4303 τὸν
1724 4248 1893 4305 τόπον

285 4330 393 4403 τῆς
421 4330 661 4401 ἀγωνίας
690 4330 1104 4399 ἐπανελθόντες,
1138 4330 1208 4386 τά
1229 4332 1467 4403 ἀμματα
1502 4333 1760 4407 λύσωμεν
1780 4335 1893 4390 ἀπὸ

287 4421 403 4476 τῶν
425 4420 669 4493 τήμερον
682 4417 1145 4489 ἀναγνωσθέντων
1172 4420 1328 4491 ἡμῖν.
1343 4421 1455 4477 Καὶ
1475 4418 1648 4478 εἷπεν
1664 4425 1699 4477 ὁ
1721 4423 1889 4491 Θεὸς,

288 4508 451 4580 φησὶ,
464 4507 820 4579 Ποιήσωμεν
837 4507 1159 4577 ἄνθρωπον
1178 4508 1307 4564 κατ’
1324 4512 1534 4566 είκόνα
1555 4510 1655 4567 καί
1684 4511 1894 4582 δμοίω-

288 4611 402 4652 σιν
420 4594 739 4665 ἡμετέραν.

369 4683 470 4737 Ἓν
516 4681 736 4754 πρῶτον
766 4681 928 4737 τοῦτο
953 4682 1106 4749 ἀξιον
1138 4680 1396 4757 ζητῆσαι,
1441 4684 1495 4739 τί
1536 4685 1762 4757 δήποτε,
1802 4686 1893 4739 ὅτε

295 4773 398 4843 μὲν
428 4772 457 4824 6
486 4770 714 4844 οὐρανὸς
740 4769 976 4839 ἐγίνετο,
993 4768 1331 4841 οὐδαμοῦτδ,
1350 4769 1723 4842 Ποιήσωμεν,
1738 4771 1895 4845 είρη-

291 4877 407 4923 ται,
469 4857 630 4922 ἀλλά,
670 4857 995 4927 Γενηθήτω
1024 4858 1319 4926 οὐρανὸς.
1356 4858 1680 4927 Γενηθήτω
1742 4858 1892 4930 φῶς,

294 4950 391 5004 καὶ
420 4946 545 5001 καθ’
569 4946 802 5003 ικαστον
829 4947 930 5018 τῆς
959 4945 1193 5009 κτίσεως
1228 4945 1399 5017 μέρος
1422 4943 1597 5009 οὕτως
1616 4960 1631 4975 ·
1660 4946 1896 5001 ἐνταῦθα

291 5039 351 5092 δὲ
366 5024 371 5029 ’
388 5037 469 5100 τὸ,
491 5037 867 5107 Ποιήσωμεν,
888 5034 1213 5108 πρόσκειται
1240 5033 1423 5104 μόνον,
1446 5033 1612 5105 βουλή
1645 5035 1736 5088 καὶ
1770 5034 1899 5089 σκέ-

292 5126 388 5196 ψις
414 5125 510 5177 καὶ
534 5124 673 5195 πρὸς
703 5122 891 5195 ἐτερόν
910 5139 1033 5175 τινα
1052 5121 1316 5193 ὁμότιμον
1348 5121 1747 5190 ἀνακοίνωσις;
1798 5123 1897 5187 Τίς

295 5230 431 5267 ποτε
466 5210 578 5283 ἄρα
604 5210 756 5265 ἐστὶν
783 5211 813 5263 6
839 5209 1297 5281 δημιουργεῖσθαι
1323 5209 1553 5281 μέλλων,
1588 5211 1672 5267 ὃτι
1702 5212 1896 5265 τοσαύ-

292 5317 396 5370 της
418 5297 689 5357 ἀπολαύει
716 5297 885 5369 τιμῆς
908 5313 922 5362 ;
944 5296 1269 5367 Ἄνθρωπός
1310 5300 1452 5364 ἐστι,
1484 5299 1546 5353 τὸ
1578 5299 1721 5371 μέγα
1757 5300 1898 5365 ζῶον

295 5389 392 5441 καὶ
419 5385 759 5457 θαυμαστὸν,
780 5385 877 5439 καὶ
912 5386 1014 5456 τῆς
1040 5386 1275 5446 κτίσεως
1306 5386 1525 5457 ἀπάσης
1552 5387 1633 5459 τῷ
1660 5387 1781 5459 Θεῷ
1810 5406 1899 5443 τι-

298 5475 591 5548 μιώτερον,
609 5476 676 5530 δι’
704 5475 764 5530 δν
809 5475 1039 5548 οὐρανὸς
1088 5474 1183 5529 καὶ
1210 5474 1285 5545 γῆ
1314 5475 1409 5529 καὶ
1442 5474 1686 5530 θάλαττα
1705 5478 1800 5531 καὶ
1837 5478 1901 5532 τὸ

294 5562 485 5617 λοιπὸν
508 5562 657 5617 άπαν
681 5564 781 5636 τῆς
820 5567 1055 5628 κτίσεως
1094 5562 1285 5634 σῶμα·
1326 5562 1636 5636 ἄνθρωπος,
1696 5560 1757 5621 οὗ
1795 5568 1897 5637 τῆς

298 5650 575 5721 σωτηρίας
597 5650 771 5716 οὕτως
794 5654 822 5704 6
842 5651 976 5716 θεὸς
1002 5651 1245 5723 ήράσθη,
1275 5652 1351 5717 ὡς
1381 5652 1516 5723 μηδέ
1535 5652 1630 5706 τοῦ
1652 5654 1899 5725 Μονογε-

296 5740 423 5803 νοῦς
442 5738 734 5809 φείσασθαι
761 5739 827 5793 δι’
853 5739 1037 5795 αὐτόν·
1072 5742 1132 5794 ού
1159 5741 1271 5812 γὰρ
1288 5740 1500 5813 ἀπέστη
1532 5742 1711 5796 πάντα
1728 5744 1901 5799 ποιῶν

298 5829 393 5883 καὶ
435 5829 965 5900 πραγματευόμενος
994 5873 1007 5899 ,
1044 5829 1151 5895 ἕως
1187 5830 1350 5885 αὑτὸν
1393 5830 1687 5900 ἀναγαγὼν
1732 5835 1897 5893 tude-

1487 451 1554 508 IN
1578 450 1887 509 CI'LNEbIM

1999 450 2159 508 2“th
2184 454 2243 509 ll.
3503 454 3609 510 588

2007 584 2121 622 ισεν
2137 567 2195 619 ἐν
2210 566 2361 636 δεξιᾷ
2401 562 2621 619 ἑαυτοῦ.
2652 562 2756 618 Καὶ
2792 564 2891 636 βοᾷ
2910 563 3122 629 Παῦλος
3160 565 3370 635 λέγων·
3411 567 3609 631 Συνή-

2000 673 2160 725 γειρε
2176 655 2275 710 καί
2286 656 2696 710 συνεκάθισεν
2711 653 2870 724 ἡμᾶς
2884 656 2955 709 ὲν
2974 652 3145 721 δεξιᾷ
3162 653 3385 709 ἑαυτοῦ
3398 653 3469 706 ἐν
3486 655 3613 721 τοῖς

1998 744 2381 812 ἐπουρανίοις
2427 742 2498 796 ἐν
2539 741 2778 811 Χριστῷ
2817 743 3047 810 Ἰησοῦ.
3087 741 3189 795 Διά
3243 740 3404 795 τοῦτο
3438 740 3607 814 βουλὴ

2000 833 2097 885 καὶ
2127 832 2323 901 σκέψις
2359 831 2457 885 καὶ
2477 829 2865 895 ἀνακοίνωσις,
2900 832 3004 884 οὐκ
3036 828 3227 901 ἐπειδὴ
3253 829 3283 882 6
3306 827 3441 892 Θεὸς
3494 829 3608 899 βου-

1998 918 2101 988 λῆς
2126 918 2331 971 δεῖται·
2369 919 2446 988 μή
2494 917 2743 986 γένοιτοο
2780 916 2919 971 ἀλλά
2958 916 3040 987 τῷ
3084 916 3330 987 σχήματι
3356 915 3469 969 τῶν
3511 918 3613 987 ρη-

2001 1006 2189 1075 μάτων
2226 1004 2328 1076 τὴν
2356 1006 2438 1067 είς
2466 1004 2559 1058 τὸν
2575 1006 2874 1076 γενόμενον
2895 1006 3031 1075 ήμῖν
3047 1003 3390 1057 ἐνδείκνυται
3416 1005 3609 1075 τιμήν.

1998 1094 2111 1147 Καὶ
2138 1091 2280 1157 πῶς,
2299 1094 2490 1163 φησὶν,
2510 1096 2560 1147 εί
2590 1094 2688 1147 τοῦ
2725 1093 2936 1164 κόσμου
2966 1091 3299 1164 τιμιώτερός
3323 1094 3442 1146 ἐστι
3466 1108 3610 1146 παν-

1994 1181 2356 1254 τδς,ῦστερον
2373 1183 2469 1238 τοῦ
2487 1183 2698 1255 κόσμου
2725 1195 2752 1225 ι
2781 1181 3097 1253 παράγεται
3117 1196 3133 1246 ;
3153 1180 3233 1234 Δι’
3260 1178 3397 1234 αὐτὸ
3424 1179 3608 1246 τοῦτο,

1995 1269 2188 1341 ἐπειδὴ
2218 1270 2315 1324 τοῦ
2343 1270 2554 1342 κόσμου
2584 1268 2915 1342 τιμιώτερός
2937 1271 3109 1322 ἐστιν.
3144 1268 3358 1338 Ὠσπερ
3380 1264 3493 1337 γὰρ
3511 1265 3611 1337 βα-

1997 1356 2193 1422 σιλέως
2230 1359 2313 1422 είς
2339 1373 2466 1411 τινα
2491 1356 2651 1412 πόλιν
2684 1356 2934 1411 ἐλαύνειν
2962 1354 3272 1427 μέλλοντος,
3305 1353 3611 1425 στρατηγοὶ

1996 1446 2093 1498 καὶ
2122 1443 2361 1516 ὕπαρχοι
2387 1445 2485 1499 καὶ
2511 1443 2806 1517 δορυφόροι
2827 1443 2925 1498 καὶ
2949 1443 3153 1507 πάντες
3180 1442 3229 1495 οί
3258 1439 3439 1495 δοῦλοι
3469 1456 3608 1510 προ-

1995 1530 2313 1601 φθάνουσιν,
2338 1532 2429 1586 ἵνα
2454 1531 2526 1585 τά
2544 1531 2797 1603 βασίλεια
2816 1528 3363 1601 παρασκευάσαντες,
3386 1526 3483 1582 καὶ
3497 1526 3609 1580 πᾶν

1997 1634 2099 1672 σαν
2118 1618 2220 1689 τήν
2245 1617 2415 1689 ἀλλην
2443 1616 2874 1691 εύτρεπίσαντες
2899 1614 3219 1689 θεραπείαν,
3238 1611 3380 1684 μετά
3401 1611 3610 1681 πολλῆς

1993 1704 2093 1789 τῆς
2135 1708 2305 1776 τιμῆς
2338 1704 2714 1772 ὑποδέξωνται
2754 1704 2848 1758 τὸν
2896 1702 3155 1774 βασιλέα·
3213 1700 3361 1754 οὔτω
3512 1700 3608 1753 καὶ

1994 1788 2266 1857 ἐνταῦθα,
2319 1791 2579 1863 καθάπερ
2614 1791 2888 1862 βασιλέως
2925 1790 3247 1859 είσάγεσθαι
3291 1788 3607 1860 μέλλοντος,

1997 1877 2347 1950 προέφθασεν
2376 1881 2408 1933 6
2428 1879 2606 1949 ήλιος,
2639 1878 2990 1951 προέδραμεν
3018 1879 3050 1931 ό
3080 1876 3315 1948 οὐρανὸς
3335 1916 3351 1941 ,
3383 1890 3610 1946 προεισε-

1992 1965 2127 2037 ἦλθε
2156 1966 2221 2019 τδ
2258 1969 2411 2036 φῶς,
2442 1963 2667 2020 ἃπαντα
2714 1965 2909 2034 γέγονε
2962 1964 3060 2019 καὶ
3104 1960 3464 2034 εύτρεπίσθη,
3512 1960 3608 2013 καὶ

1992 2052 2115 2107 τότε
2154 2054 2185 2107 6
2214 2052 2507 2125 άνθρωπος
2538 2051 2677 2125 μετά
2704 2050 2911 2123 πολλῆς
2934 2050 3167 2121 ὕστερον
3198 2049 3487 2117 εἰσάγεται
3506 2046 3611 2117 τῆς

1994 2158 2047 2195 τι
2056 2158 2188 2205 μης.

2056 2158 2423 2298 εἱλῖτὶσωμεν
2458 2227 2781 2297 ἄνθρωπον
2821 2225 2951 2279 κατ’
2973 2224 3205 2280 εἰκόνα.
3256 2221 3453 2275 Ἄκουε
3462 2238 3544 2274 τω
3581 2220 3611 2273 6

2006 2315 2280 2380 Ἰουδαῖος.
2300 2314 2447 2386 Πρὸς
2469 2314 2595 2368 τίνα
2614 2315 2781 2385 φησὶν
2797 2314 2827 2367 6
2854 2312 3011 2379 θεὸς,
3034 2308 3422 2378 Ποιήσωμεν;
3443 2308 3612 2361 Μωῦ·

1994 2403 2135 2467 σέως
2162 2403 2283 2456 ἐστί⁸
2316 2401 2384 2456 τά
2410 2400 2745 2474 γράμματα,
2772 2398 3079 2463 Μωῦσέως,
3106 2391 3152 2466 ᾧ
3178 2395 3460 2450 πιστεύειν
3480 2394 3612 2465 qm»

1991 2489 2209 2560 δόμενοί
2236 2505 2395 2559 φασι.
2436 2489 2550 2543 Καὶ
2583 2489 2669 2543 ὅτι
2692 2486 2986 2557 ψεύδονται
3020 2485 3119 2540 καὶ
3142 2484 3205 2538 ού
3234 2481 3609 2544 πιστεύουσιν,

1990 2578 2160 2632 ἄκουε
2190 2575 2290 2630 τοῦ
2317 2576 2559 2648 Χριστοῦ
2575 2574 2949 2646 διελέγχοντος
2974 2573 3177 2637 αὐτοὺς
3199 2572 3295 2625 καὶ
3319 2568 3575 2640 λέγοντος
3593 2582 3612 2598 ο

1991 2666 2064 2718 El
2105 2663 2458 2717 ἐπιστεύετε
2476 2660 2747 2725 Μωυσεῖ,
2782 2661 3140 2717 ἐπιστεύετε
3170 2658 3251 2714 ἂν
3285 2657 3442 2729 ἐμοί.
3496 2652 3613 2710 Νῦν

1990 2750 2050 2804 δέ
2090 2750 2221 2822 παρ’
2246 2748 2481 2813 ἐκείνοις
2517 2748 2619 2820 μέν
2646 2747 2719 2802 τά
2742 2747 2949 2818 βιϐλία,
2976 2747 3108 2813 παρ’
3130 2747 3266 2817 ήμῖν
3287 2743 3347 2798 δέ
3379 2743 3494 2796 τῶν
3530 2741 3618 2813 βιτ

1991 2834 2159 2890 ϐλίων
2176 2837 2207 2890 6
2243 2834 2520 2908 θησαυρός
2540 2848 2555 2864 ⁸
2587 2833 2722 2903 παρ’
2747 2834 2984 2897 ἐκείνοις
3003 2831 3074 2887 τά
3097 2832 3430 2904 γράμματα,
3456 2827 3613 2903 [655]

1994 2923 2127 2995 παρ’
2143 2925 2277 2995 ήμῑν
2297 2923 2396 2977 καὶ
2410 2921 2479 2977 τά
2495 2921 2809 2996 γράμματα
2828 2920 2925 2975 καὶ
2943 2919 3013 2973 τά
3031 2920 3307 2991 νοήματα.
3322 2916 3471 2989 Πρὸς
3488 2916 3615 2970 τίνα

1989 3007 2107 3075 οῦν,
2132 3010 2278 3073 είπέ,
2306 3009 2364 3063 λέ
2376 3025 2482 3078 γει,
2510 3007 2874 3077 Ποιήσωμεν
2897 3005 3223 3076 ἄνθρωπον
3237 3018 3264 3069 ,'
3280 3003 3423 3075 Πρὸς
3443 3004 3614 3073 ἀγγε-

1988 3098 2116 3160 λον,
2150 3098 2348 3167 φησὶν,
2392 3095 2428 3166 ἦ
2474 3094 2613 3165 πρὸς
2652 3092 3003 3164 ἀρχάγγελον
3051 3090 3242 3154 ἁπλῶς
3285 3090 3613 3160 φθέγγεται.

1990 3183 2265 3254 Καθάπερ
2290 3182 2401 3254 γάρ
2416 3183 2466 3234 οί
2502 3181 2790 3253 μαστιγίαι
2816 3180 2928 3234 τῶν
2948 3178 3180 3233 οἰκετῶν
3202 3179 3360 3250 παρά
3391 3176 3501 3233 τῶν
3522 3176 3615 3231 δε-⁸

1993 3270 2213 3325 σποτῶν
2261 3268 2687 3340 ἐγκαλούμενοι,
2724 3266 2820 3319 καὶ
2858 3264 2922 3330 ἐξ
2962 3263 3186 3328 εὐθείας
3234 3264 3341 3319 οὐκ
3396 3262 3618 3336 ἐχοντες

1992 3358 2420 3430 ἀποκρίνασθαι,
2456 3357 2518 3412 τδ
2551 3355 2783 3411 ἐπελθὸν
2813 3354 2963 3429 ἀπαν
2985 3353 3399 3428 προσφέρουσιν
3418 3370 3433 3385 ο
3468 3353 3621 3410 οῦτω

1990 3446 2057 3518 δή
2088 3447 2182 3501 καὶ
2225 3448 2387 3519 ὑμεις
2404 3487 2420 3516 ,
2458 3441 2611 3517 Πρὸς
2632 3442 2888 3513 ἄγγελον,
2913 3441 3077 3512 φατι
3132 3445 3233 3497 καὶ
3266 3439 3617 3515 ἀρχάγγελον

1990 3527 2135 3588 εῐπε.
2173 3533 2336 3587 Ποῖον
2382 3532 2659 3603 ἀγγελον;
2709 3531 2868 3587 ποῖον
2902 3529 3256 3603 ἀρχάγγελον
3289 3530 3357 3599 δ;
3394 3530 3473 3585 Ού
3499 3529 3615 3603 γάρ

1991 3622 2244 3693 ἀγγέλων
2270 3621 2391 3675 ἐστὶ
2409 3622 2473 3675 τὺ
2490 3620 2877 3693 δημιουργεῖν,
2900 3618 3025 3673 ούδέ
3053 3618 3421 3693 ἀρχαγγέλων
3435 3620 3499 3674 τὸ
3522 3622 3620 3693 ἐρ⁴

1992 3708 2262 3780 γάζεσθαι
2286 3708 2485 3764 ταῦτα.
2507 3708 2668 3773 Τίνος
2689 3707 2749 3762 δέ
2765 3708 3112 3773 ἐνεκενμδτε
3132 3707 3235 3779 μέν
3265 3709 3359 3762 τὸν
3384 3706 3616 3779 οὐρανὸν

1991 3797 2275 3868 ἐποίησεν,
2306 3797 2411 3852 οὐκ
2434 3789 2591 3851 εἶπεν
2611 3795 2836 3867 ἀγγέλῳ
2878 3794 2979 3850 καὶ
3003 3794 3359 3868 ἀρχαγγέλῳ,
3546 3795 3618 3849 δι’

1993 3885 2195 3941 ἐαυτοῦ
2217 3886 2549 3959 παρήγαγεν
2571 3902 2589 3944 :
2618 3884 2709 3938 ὅτε
2732 3882 2791 3939 δέ
2814 3884 2877 3939 τδ
2898 3881 3233 3956 τιμιώτερον
3262 3880 3499 3955 ούρανοῦ
3519 3882 3619 3937 καὶ

1994 3974 2201 4041 παντὸς
2231 3975 2446 4047 κόσμου
2469 3974 2771 4047 παρήγαγε
2808 3972 2981 4040 ζῶον,
3021 3970 3117 4028 τὸν
3146 3970 3462 4044 ἄνθρωπον,
3490 3970 3619 4027 τότε

1993 4064 2121 4127 τοὺς
2140 4062 2365 4127 δούλους
2386 4062 2686 4126 κοινωνοὺς
2704 4060 2981 4133 λαμϐάνει
3001 4060 3104 4132 τῆς
3131 4058 3509 4133 δημιουργίας
3527 4077 3544 4128 ;

2068 4151 2135 4223 β’.
2155 4152 2273 4207 Οὐκ
2292 4150 2411 4205 ἐστι
2426 4150 2625 4218 ταῦτα,
2642 4152 2746 4206 οὒκ
2763 4150 2903 4205 ἐστι’
2930 4149 3187 4221 ἀγγέλων
3206 4148 3321 4222 γάρ
3334 4149 3399 4204 τὸ
3416 4165 3620 4221 παρεσο

1995 4239 2177 4305 τάναι,
2205 4239 2268 4293 οὐ
2290 4238 2726 4311 τδδημιουργεῖν
2742 4254 2758 4269 ·
2776 4237 3143 4310 ἀρχαγγέλων
3172 4238 3234 4290 τὸ
3252 4235 3620 4309 λειτουργεῖν,

1994 4326 2119 4398 οὐχὶ
2138 4326 2201 4380 1:6
2219 4325 2451 4397 γνώμης
2469 4327 2758 4381 κοινωνεῖν
2782 4325 2881 4378 καὶ
2896 4324 3118 4396 βουλῆς.
3141 4324 3420 4379 Ἄκουσον
3435 4324 3489 4377 τί
3510 4341 3620 4397 φη-

1998 4430 2085 4470 σιν
2118 4414 2353 4479 Ἡσαΐας
2372 4412 2506 4484 περὶ
2526 4412 2642 4467 τῶν
2663 4412 2925 4484 Σεραφὶμ
2943 4412 3258 4483 δυνάμεων,
3283 4412 3396 4466 τῶν
3410 4412 3621 4468 ἀνωτέ-

1998 4517 2083 4574 ρω
2099 4500 2211 4555 τῶν
2244 4497 2606 4573 ἀρχαγγέλων
2630 4515 2645 4531 ’
2671 4493 2860 4554 Εῖδον
2876 4498 2988 4552 τὸν
3020 4498 3251 4575 Κύριον
3270 4499 3619 4568 καθήμενον

1996 4587 2096 4642 ἐπὶ
2132 4588 2353 4657 θρόνου
2378 4583 2633 4656 ὑψηλοῦ
2664 4585 2765 4640 καί
2794 4586 3164 4656 ἐπηρμένου,
3193 4585 3297 4640 καὶ
3331 4586 3407 4642 τὰ
3433 4588 3620 4655 Σερα-

1997 4675 2111 4745 φιμ
2125 4672 2646 4743 παρειστήκεισαν
2666 4674 2879 4741 κύκλῳ
2893 4672 3083 4729 αὑτοῦ
3102 4671 3200 4738 ’ἐξ
3216 4674 3513 4746 πτέρυγες
3536 4674 3620 4741 τῷ

1997 4762 2112 4825 ἑνί,
2148 4761 2249 4816 καί
2284 4760 2355 4827 ἐξ
2403 4760 2697 4831 πτέρυγες
2732 4758 2815 4827 τῷ
2846 4760 2941 4815 ἐνί
2968 4776 2982 4790 ·
3016 4760 3117 4816 καί
3156 4760 3289 4828 ταῖς
3315 4761 3437 4833 μὲν
3466 4761 3614 4817 δυσί

1999 4849 2251 4919 πτέρυξι
2278 4847 2747 4905 κατεκάλυπτον
2770 4848 2844 4905 τὰ
2870 4849 3169 4917 πρόσωπα
3189 4848 3446 4919 ἑαυτῶν,
3477 4851 3617 4905 ἀπο-

1997 4938 2335 5009 τειχίζουσαι
2380 4936 2628 5010 δηλονότι
2665 4936 2768 5002 τὰς
2810 4935 2985 5007 ϐψεις,
3016 4936 3109 4990 διὰ
3153 4938 3213 4991 τὸ
3247 4937 3325 5009 μή
3350 4936 3616 5001 δύνασθαι

1997 5026 2099 5099 τὴν
2119 5027 2186 5079 ὲκ
2210 5026 2305 5080 τοῦ
2340 5025 2534 5097 θρόνου
2569 5025 2884 5097 φερομένην
2905 5025 3196 5097 ἀστραπὴν
3223 5026 3611 5090 ὐποδέξασθαι.

1999 5116 2069 5170 Τί
2100 5115 2321 5184 λέγεις;
2374 5116 2456 5169 Τὰ
2492 5116 2595 5187 μέν
2633 5115 2889 5188 Σεραφὶμ
2940 5116 3366 5186 παρεστήκασι,
3405 5116 3501 5172 καὶ
3553 5118 3614 5170 ἐν

2001 5203 2247 5275 θαύματι
2267 5204 2509 5273 τοσούτῳ
2527 5202 2638 5258 είσὶ
2658 5202 2755 5258 καὶ
2777 5200 3063 5275 ἐκπλήξει,
3086 5204 3183 5258 καὶ
3205 5204 3381 5258 ταῦτα
3405 5221 3615 5274 συγκα-

2000 5295 2233 5349 τάϐασιν
2262 5295 2398 5349 Θεοῦ
2431 5294 2701 5365 βλέποντα
2720 5307 2734 5322 ⁸
2769 5293 2997 5364 ἄγγελοι
3026 5295 3083 5349 δέ
3112 5295 3206 5347 καὶ
3238 5296 3469 5365 γνώμης
3496 5312 3614 5349 κοι-

2001 5385 2264 5440 νωνοῦσιν
2294 5386 2475 5456 αὐτῷ,
2502 5385 2599 5440 καὶ
2641 5384 2890 5453 σκέψεως
2932 5384 3293 5455 μετέχουσιν;
3342 5385 3481 5437 Ἀλλ’
3509 5385 3611 5439 οὐκ

2004 5474 2072 5529 ἂν
2096 5476 2209 5546 [χοι
2236 5476 2416 5545 λόγον.
2472 5474 2635 5529 Ἀλλὰ
2661 5475 2747 5537 τίς
2772 5475 2889 5529 ἐστι
2924 5474 3063 5545 πρὸς
3094 5474 3153 5529 6v
3167 5492 3321 5548 φησι,
3342 5475 3613 5542 Ποιήσω-

2071 5651 2096 5680 ⁸
2122 5647 2246 5711 Reg.
2273 5642 2577 5711 ὕστεροςτοῦ
2595 5643 2803 5711 κόσμου.

2066 5710 2095 5750 δ
2124 5703 2555 5773 Ροὲιάρχάγγελον
2600 5703 2705 5773 hgeé
2740 5703 3051 5773 _adji_ciugnlur
3095 5719 3145 5773 ιιι
3192 5704 3312 5773 ῌεε.
3360 5709 3411 5773 οι
3459 5703 3607 5773 ελεγὶιμ

2006 5774 2126 5822 εἷπε.
2152 5764 2546 5832 Πὶονέγγέλον,
2569 5769 2706 5817 ποῖον
2730 5764 3052 5831 ἀρχάγγελονς
3078 5767 3139 5832 -υύ
3164 5765 3253 5827 γὰρ
3270 5766 3489 5832 ᾁγγξλωιι
3513 5764 3615 5812 ἐστὶ

2285 5814 2402 5896 ἀᾷᾄξ
2416 5814 2546 5881 ἱῦδί
2560 5814 2883 5894 ἀρχαγγέλῧνῖ
2899 5814 3240 5891 ’ῥυωάεευήί
3266 5814 3326 5878 in.
3344 5814 3383 5875 Μ
3394 5841 3475 5873 cur
3486 5830 3517 5873 ί.
