4086 6428
244 475 352 534 589

247 583 659 650 consortes?”
690 581 836 639 nullo
861 575 1025 634 modo
1058 583 1143 633 est
1177 570 1382 630 rationi
1410 575 1856 626 consentanea.

247 682 356 741 Sed
381 680 506 752 quis
544 678 639 733 ille
662 683 745 732 est
772 672 838 727 ad
868 684 1028 741 quem
1069 665 1220 730 dicit,
1254 661 1530 717 Faciamus
1569 652 1870 711 hominem?

248 748 621 832 Admirabilis,
645 762 1003 824 consiliarius,
1018 760 1235 830 potens,
1257 755 1392 809 Dens
1417 751 1590 815 fortis,
1618 748 1871 818 princeps

251 865 426 936 peis.
454 873 609 933 pater
632 856 795 911 futuri
831 852 1013 907 smcnli
1049 848 1202 920 (lsai.
1232 845 1286 901 9.
1312 845 1392 913 6),
1574 848 1660 898 est
1685 836 1872 936 unige-

253 928 400 1013 ititus
422 928 515 1010 Dei
546 950 732 1006 Filius.
767 947 845 1002 Ad
868 961 992 1001 enm
1014 943 1178 1016 igitur
1203 940 1334 994 dicit
1355 980 1368 1002 ,
1404 935 1680 990 Faciamus
1706 928 1873 984 Itami-

251 1066 371 1104 nem
391 1047 461 1102 ad
476 1045 749 1112 imaginem
769 1052 816 1094 et
838 1034 1227 1092 similitudinem
1252 1039 1499 1084 nostram.
1525 1025 1709 1094 Neque
1725 1021 1872 1076 enim

249 1144 388 1199 dixit
418 1155 592 1196 meam
625 1145 678 1192 et
709 1146 852 1190 tuam
874 1175 888 1194 ,
917 1130 1002 1186 vel
1031 1142 1208 1182 meam
1237 1133 1292 1179 et
1323 1131 1555 1176 vestram
1577 1160 1594 1185 ,
1626 1115 1724 1172 sed
1745 1157 1760 1181 ,
1790 1115 1873 1168 Ad

242 1235 529 1306 imaginem
554 1237 782 1283 nostram
801 1268 817 1292 ,
846 1221 1092 1277 indicans
1117 1215 1408 1286 imaginem
1441 1225 1604 1265 unam
1633 1215 1690 1262 et
1707 1221 1872 1260 unam

252 1301 662 1382 similitudinem
688 1338 704 1373 :
729 1328 790 1372 at
828 1317 924 1370 Dei
961 1320 1018 1366 et
1049 1309 1366 1381 angelorum
1408 1317 1517 1358 una
1555 1301 1733 1370 imago
1763 1312 1872 1353 non

252 1427 372 1482 σε,
400 1428 578 1486 neqne
606 1425 711 1465 una
742 1403 1060 1464 similitudo.
1093 1401 1195 1470 Qui
1230 1398 1374 1454 enim
1410 1403 1595 1466 posset
1631 1406 1734 1486 una
1769 1390 1874 1444 Do-

253 1508 384 1565 mini
414 1515 469 1561 et
494 1483 820 1561 famulorum
859 1511 983 1552 esse
1023 1495 1199 1564 imago
1237 1502 1292 1545 et
1319 1485 1660 1543 similitudo?
1689 1483 1874 1552 itaque

252 1599 402 1653 omni
436 1613 501 1653 ex
528 1603 696 1665 'parte
731 1587 1074 1646 convincitur
1126 1583 1244 1637 falsi
1291 1594 1473 1635 sermo
1501 1586 1720 1631 vester:
1748 1587 1871 1627 nam

253 1693 567 1747 dominatus
593 1685 879 1756 imaginem
911 1682 998 1735 hic
1027 1677 1313 1749 signiﬁcat,
1343 1681 1401 1727 ut
1432 1671 1634 1725 indicat
1653 1676 1709 1723 et
1729 1665 1874 1737 quod

262 1785 518 1856 sequitur.
570 1779 707 1834 Cum
741 1775 887 1832 enim
928 1772 1190 1836 dixisset,
1222 1766 1302 1821 Ad
1335 1764 1608 1835 imaginem
1647 1770 1695 1814 et
1728 1759 1844 1813 simi
1857 1787 1874 1799 -

255 1850 564 1934 litudinem,
620 1867 814 1938 adjecit
861 1882 874 1920 :
937 1862 1004 1918 Et
1059 1860 1388 1915 dominentur
1442 1853 1662 1926 piscibus
1717 1850 1874 1904 maris

256 1965 411 2036 (Gen.
455 1980 507 2018 ι.
551 1960 690 2030 26)ε
730 1957 1037 2013 dominatus
1077 1959 1256 2006 autem
1307 1947 1400 2003 Dei
1451 1955 1506 2001 et
1556 1943 1873 2013 angelorum

257 2073 399 2114 unus
421 2071 541 2113 esse
581 2051 786 2123 nequit.
819 2046 1103 2119 Quomodo
1145 2045 1292 2100 enim
1335 2057 1456 2098 esse
1486 2047 1708 2109 posset,
1750 2052 1873 2091 cum

255 2163 397 2204 unus
454 2159 737 2202 servorum
794 2142 863 2197 sit
927 2149 982 2194 et
1035 2138 1172 2192 alter
1230 2133 1486 2196 Domini,
1550 2129 1873 2184 famulorum

256 2256 397 2296 unus
435 2248 490 2295 et
531 2237 670 2292 alter
706 2231 1054 2305 imperantis?
1083 2227 1190 2284 Sed
1223 2234 1278 2280 ct
1313 2223 1401 2278 alii
1442 2221 1660 2293 quidam
1687 2232 1876 2273 rursus

256 2332 311 2387 in
351 2344 453 2386 nos
489 2330 770 2398 insurgunt
797 2324 1038 2379 dicentes
1064 2362 1078 2386 ,
1110 2319 1278 2374 Deum
1305 2315 1466 2370 talem
1510 2312 1712 2366 habere
1739 2310 1875 2364 ima-

255 2423 437 2493 ginem
487 2417 702 2488 qualem
752 2423 808 2470 et
854 2428 992 2478 nos,
1038 2410 1178 2464 male
1222 2406 1584 2476 intelligentes
1613 2399 1756 2471 quod
1797 2400 1878 2453 di-

254 2517 404 2567 ctum
451 2517 556 2565 est.
599 2507 785 2578 Neque
825 2505 971 2560 enim
1004 2499 1319 2556 substantia:
1363 2495 1508 2549 dixit
1551 2493 1870 2562 imaginem,

255 2603 352 2659 sed
402 2601 715 2656 dominatus
772 2596 1099 2666 imaginem,
1156 2601 1214 2645 ut
1277 2605 1342 2644 ex
1403 2587 1468 2641 iis
1523 2599 1645 2657 qua:
1679 2583 1878 2638 deinde

257 2695 624 2767 adjiciuntur,
661 2687 1046 2745 ostendemus.
1103 2682 1177 2740 Ut
1232 2680 1376 2736 enim
1442 2678 1582 2732 scias
1641 2676 1876 2730 humana

253 2765 432 2844 forma
477 2783 763 2856 praeditum
791 2795 900 2834 non
939 2792 1061 2833 esse
1097 2774 1332 2838 Numen,
1374 2769 1498 2824 audi
1535 2768 1758 2824 Paulum
1798 2765 1878 2820 di-

257 2888 475 2936 centem
507 2894 522 2930 :
564 2873 654 2928 Vir
678 2870 884 2943 quidem
923 2884 1025 2922 non
1056 2865 1200 2920 debet
1239 2861 1396 2917 velari
1420 2901 1436 2927 ,
1461 2875 1578 2914 cum
1616 2858 1681 2912 sit
1706 2857 1877 2924 imago

256 2982 304 3027 et
323 2970 490 3044 gloria
511 2965 605 3022 Dei
627 2982 645 3019 :
671 2963 853 3018 mulier
872 2970 1040 3015 autem
1061 2955 1342 3030 gloria‘viri
1362 2962 1435 3008 est
1460 2953 1507 3025 (l
1521 2993 1533 3005 .
1553 2950 1673 3007 Cor.
1696 2951 1784 3005 ll.
1799 2950 1873 3019 7):

260 3071 533 3135 propterea
580 3059 758 3122 debet,
811 3054 1013 3124 inquit,
1066 3050 1231 3105 velum
1278 3048 1464 3100 habere
1511 3059 1670 3112 supra
1722 3050 1878 3112 caput

262 3132 427 3231 (Ibid.
470 3171 520 3208 υ.
554 3149 664 3223 l0).
707 3147 994 3203 Enimvero
1018 3144 1062 3198 si
1105 3141 1211 3196 hoc
1233 3140 1354 3194 loco
1380 3136 1665 3206 imaginem
1695 3132 1744 3187 id
1779 3148 1875 3200 ap-

262 3223 505 3318 pellavit,
536 3241 801 3312 aequalem
830 3236 1027 3292 divina:
1055 3232 1203 3288 omni
1233 3246 1300 3285 ex
1331 3239 1484 3298 parte
1510 3226 1698 3281 forma:
1729 3223 1880 3280 simi-

262 3337 548 3394 litudinem
585 3330 916 3401 signiﬁcans,
964 3335 1020 3382 et
1060 3324 1263 3379 idcirco
1309 3321 1404 3376 Dei
1449 3320 1627 3389 imago
1655 3324 1881 3371 vocatur

264 3431 449 3492 homo,
473 3427 596 3497 quia
622 3422 883 3482 Deushoc
900 3427 1057 3489 pacto
1081 3416 1334 3486 ﬁguratus
1358 3421 1477 3467 est:
1509 3411 1665 3481 igitur
1688 3423 1880 3463 secun-

261 3522 392 3578 dum
421 3520 542 3574 illos
569 3530 676 3572 non
705 3513 876 3568 virum
906 3518 1115 3564 tantum
1135 3506 1200 3560 ad
1229 3504 1518 3575 imaginem
1546 3501 1746 3556 factum
1774 3499 1877 3553 dici

261 3611 574 3686 oportebat,
599 3605 693 3662 sed
717 3605 879 3660 etiam
910 3601 1211 3656 mulierem.
1232 3595 1472 3650 Mulieris
1502 3593 1646 3647 enim
1671 3591 1882 3661 virique

267 3680 436 3778 ﬁgura
467 3709 523 3757 et
551 3699 720 3753 forma
746 3703 802 3751 et
828 3689 1123 3748 similitudo
1151 3696 1234 3743 est
1261 3701 1385 3740 una.
1420 3684 1592 3751 Quam
1623 3683 1784 3753 igitur
1811 3680 1881 3735 oh

263 3774 488 3855 caueam
515 3795 690 3863 imago
718 3790 812 3844 Dei
839 3788 921 3841 vir
949 3785 1166 3849 dicitur,
1197 3779 1396 3834 mulier
1415 3792 1545 3832 vero
1572 3791 1678 3830 non
1707 3775 1834 3828 item
1857 3774 1881 3827 ?

264 3890 402 3959 Quia
430 3885 686 3942 nimirum
711 3895 818 3936 non
847 3878 915 3933 de
945 3875 1179 3945 imagine
1209 3871 1540 3927 mentionem
1568 3867 1730 3931 facit,
1761 3880 1881 3935 quze

267 3957 324 4038 in
352 3981 526 4037 forma
566 3976 668 4031 sita
707 3973 798 4037 sit,
827 3969 922 4024 sed
951 3968 1020 4023 de
1057 3964 1290 4035 imagine
1328 3977 1448 4032 qua:
1492 3960 1545 4014 in
1578 3957 1878 4018 dominatu,

266 4087 426 4146 quam
454 4069 604 4125 solus
630 4066 796 4120 homo
822 4059 1006 4126 habet,
1040 4071 1147 4110 non
1174 4063 1354 4108 autem
1384 4050 1598 4106 mulier.
1629 4048 1763 4102 Nam
1796 4045 1883 4100 hic

266 4139 488 4238 quidem
517 4155 720 4214 nemini
741 4151 986 4208 subditus
1015 4156 1126 4209 est,
1157 4145 1245 4200 illa
1278 4145 1402 4198 huic
1430 4139 1665 4206 subdita,
1697 4153 1885 4207 quem-

267 4232 560 4313 admodum
620 4247 792 4319 inquit
834 4246 1025 4300 Deus:
1083 4239 1162 4293 Ad
1217 4238 1383 4291 virum
1425 4245 1567 4288 tuum
1625 4232 1883 4287 conversio

271 4360 396 4415 tua,
442 4357 487 4401 et
529 4347 640 4415 ipse
682 4340 755 4394 tui
797 4335 1140 4410 domjnabitur
1172 4329 1345 4400 (Gen.
1399 4329 1450 4382 5.
1501 4324 1631 4396 l6).
1680 4323 1884 4378 Idcirco

273 4441 369 4497 Dei
406 4438 621 4510 quidem
667 4435 843 4502 imago
887 4438 969 4484 est
1020 4430 1122 4488 vir,
1176 4425 1297 4494 quia
1349 4421 1718 4476 sublimiorem
1767 4417 1887 4471 nul-

271 4537 384 4591 lum
417 4529 617 4594 habet,
649 4521 1102 4597 quemadmodum
1135 4519 1244 4572 Deo
1269 4515 1552 4570 sublimior
1573 4520 1656 4567 est
1684 4511 1882 4578 nullus,

271 4627 371 4686 sed
423 4625 672 4680 omnibus
719 4619 1069 4673 dominatur:
1131 4610 1328 4664 mulier
1383 4621 1511 4660 vero
1559 4604 1726 4675 gloria
1779 4602 1885 4656 viri

271 4727 397 4783 est,
451 4716 573 4784 quia
632 4712 746 4764 viro
798 4706 1038 4775 subjecta
1097 4711 1197 4757 est.
1244 4701 1308 4753 Et
1355 4698 1479 4750 alibi
1537 4709 1725 4748 rursus
1765 4694 1884 4747 ait:

276 4810 402 4865 Non
457 4805 693 4859 debemus
741 4799 992 4854 aestimare
1038 4811 1195 4857 auro,
1243 4799 1330 4843 aut
1378 4798 1621 4856 argento,
1670 4794 1757 4837 aut
1806 4786 1886 4838 la-

273 4903 420 4974 pidi,
474 4897 551 4951 vel
593 4893 870 4964 sculptura:
909 4888 1063 4952 artis,
1115 4894 1203 4938 aut
1260 4881 1580 4951 cogitationis
1629 4877 1885 4941 hominis,

280 4970 608 5047 Divinitalem
653 5001 758 5041 esse
799 4983 1014 5038 similem
1064 4978 1198 5050 (Act.
1234 4976 1319 5030 l7.
1351 4971 1459 5042 l6).
1505 4970 1657 5039 Quod
1707 4979 1888 5022 autem

274 5085 431 5148 dicit,
464 5083 602 5134 hanc
633 5075 955 5132 sententiam
984 5070 1145 5124 habet
1174 5090 1185 5122 :
1219 5082 1324 5121 non
1355 5062 1516 5118 modo
1545 5064 1741 5130 lignras
1772 5076 1891 5130 qua:

278 5182 574 5233 cernuntur
599 5170 810 5225 excedit
837 5167 1069 5228 Numen,
1101 5160 1197 5217 sed
1225 5174 1399 5230 neque
1425 5171 1578 5212 mens
1605 5155 1891 5209 ellurmat‘e

280 5271 389 5328 tale
416 5264 668 5338 quiddam
695 5268 869 5331 potest
895 5302 909 5326 ,
940 5257 1114 5327 qualis
1141 5262 1224 5309 est
1251 5255 1411 5307 Deus.
1440 5251 1539 5318 Qui
1571 5249 1684 5303 ficri
1719 5257 1888 5317 potest

278 5376 434 5432 ergo,
457 5368 514 5413 ut
546 5354 779 5412 hominis
807 5351 1032 5422 ﬁguram
1063 5346 1262 5402 habeat
1296 5345 1458 5408 Deus,
1489 5358 1612 5396 cum
1647 5358 1711 5395 nc
1742 5356 1892 5395 men-

282 5467 392 5513 tem
421 5452 637 5526 quidem
668 5450 832 5504 ullam
861 5460 1017 5518 posse
1057 5444 1201 5500 dicat
1237 5441 1434 5496 Paulus
1475 5438 1765 5494 essentiam
1802 5436 1892 5489 Dei

282 5545 427 5617 apud
470 5561 530 5601 se
579 5542 904 5615 cogitatione
955 5535 1286 5592 informare?
1330 5531 1608 5603 Siquidem
1668 5530 1893 5583 fonnam

285 5649 525 5694 nostram
552 5652 615 5690 ac
643 5638 863 5705 figuram
893 5646 1080 5686 omnes
1108 5627 1244 5697 apud
1278 5641 1373 5680 nos
1396 5624 1718 5694 cogitatione
1746 5620 1898 5674 facile

286 5731 559 5806 possimus
589 5728 899 5783 informare.
948 5725 1158 5779 Rursus
1202 5720 1269 5776 de
1308 5721 1652 5788 elccmosyna
1695 5730 1898 5769 serum-

287 5840 414 5880 nem
442 5820 640 5876 inferre
663 5828 976 5883 statueram,
1010 5814 1104 5870 sed
1136 5813 1290 5868 nobis
1319 5822 1531 5876 tempus
1564 5809 1613 5863 id
1647 5823 1751 5861 non
1782 5823 1900 5874 per-

289 5915 492 5973 tnittit:
544 5921 862 5990 quaproptet
918 5908 1078 5962 ﬁnem
1127 5906 1212 5960 hic
1259 5903 1471 5959 dicendi
1518 5900 1796 5964 iaciamus,
1854 5899 1896 5951 si

1498 450 1568 510 IN
1604 443 1904 508 GENESIM
1944 440 2176 499 δεῖ(Μο
2212 440 2302 498 Ill.

1981 558 2131 630 prius
2159 554 2230 612 ad
2269 552 2402 611 illud
2444 566 2542 610 vos
2571 551 2838 610 cohortati
2884 551 3172 619 fuerimus,
3215 558 3275 606 ut
3313 549 3573 622 diligente
3599 566 3628 605 ι·

1980 649 2162 705 omnia
2187 662 2310 719 qua:
2330 645 2474 703 dicta
2496 654 2624 702 sunt
2646 644 2926 701 memoriae
2953 642 3241 710 mandetis,
3271 642 3608 712 multamque

1983 753 2145 798 recta.-
2170 740 2599 797 conversationis
2618 753 2804 794 curam
2829 737 3051 809 geratis,
3088 749 3158 790 ne
3184 734 3381 789 frustra
3413 740 3469 788 et
3487 732 3610 788 sine

1982 835 2158 889 fructu
2200 833 2458 888 collectas
2499 846 2745 903 agamus.
2797 828 3056 898 Quamvis
3097 827 3244 884 enim
3290 827 3608 897 dogmatum

1982 925 2358 983 rectitudiuem
2389 938 2778 980 conservemus
2801 964 2816 989 ,
2848 921 2955 978 nisi
2985 935 3212 992 operum
3239 920 3414 974 virtus
3451 931 3606 974 acce-

1979 1019 2108 1086 dat,
2155 1019 2376 1074 omnino
2423 1033 2454 1072 a
2497 1017 2604 1071 vita
2644 1025 2844 1071 aeterna
2899 1013 3233 1070 excidemus.
3288 1011 3412 1066 Non
3456 1009 3609 1066 enim

1983 1111 2170 1175 omnis,
2199 1110 2406 1180 inquit,
2431 1109 2520 1178 qui
2540 1107 2663 1160 dicit
2685 1107 2831 1172 mihi,
2861 1103 3098 1170 Domine,
3123 1102 3369 1170 Domine,
3395 1100 3606 1155 intrabit

1981 1202 2036 1256 in
2078 1217 2292 1272 regnum
2330 1200 2576 1254 calorum
2595 1213 2617 1253 :
2652 1196 2744 1252 sed
2785 1197 2878 1266 qui
2920 1195 3043 1266 facit
3087 1196 3404 1250 voluntatem
3430 1190 3609 1246 Patris

1981 1294 2115 1359 mei,
2141 1293 2236 1364 qui
2255 1302 2330 1346 est
2352 1292 2406 1346 in
2435 1292 2578 1346 culis
2597 1288 2817 1361 (lant.
2837 1287 2895 1344 Ἰ.
2917 1286 3042 1360 21).
3065 1285 3418 1340 Voluntatem
3444 1282 3611 1354 igitur

1983 1384 2079 1439 Dei
2110 1401 2231 1439 cum
2272 1383 2421 1438 omni
2451 1383 2632 1438 studio
2668 1380 2963 1443 faciamus,
2993 1385 3056 1433 ut
3082 1378 3137 1433 in
3163 1376 3328 1432 cados
3358 1374 3567 1430 intrare
3591 1414 3610 1442 ,

1981 1491 2046 1531 ac
2071 1476 2208 1530 bona
2240 1489 2359 1545 qua:
2388 1481 2686 1544 praeparata
2717 1479 2845 1526 sunt
2873 1469 2973 1536 iis,
3003 1469 3094 1540 qui
3140 1466 3310 1523 Deum
3338 1466 3608 1535 diligunt,

1982 1568 2206 1639 adipisci
2233 1567 2505 1638 possimus
2529 1585 2542 1619 :
2569 1579 2800 1637 quorum
2823 1564 3032 1619 utinam
3056 1576 3156 1616 nos
3179 1559 3469 1632 participes
3489 1556 3608 1613 ﬁeri

1984 1677 2176 1716 omnes
2203 1662 2510 1730 contingat,
2538 1658 2710 1729 gratia
2738 1666 2795 1713 et
2824 1655 3160 1727 benignitate
3189 1652 3405 1709 Domini
3436 1650 3609 1708 nostri

1982 1755 2111 1811 Jesu
2149 1754 2388 1818 Christi,
2419 1767 2542 1807 cum
2568 1765 2678 1823 quo
2707 1749 2886 1815 Patri,
2928 1748 3200 1818 simulque
3246 1753 3435 1801 saneto
3481 1743 3608 1812 Spi—

1984 1846 2110 1900 ritui
2137 1845 2330 1915 gloria,
2360 1842 2646 1913 imperiunm
2667 1883 2682 1909 ,
2717 1839 2918 1908 honor,
2951 1854 3096 1895 nunc
3123 1847 3179 1894 et
3198 1851 3435 1908 semper,
3469 1843 3524 1890 et
3553 1831 3608 1888 in

1983 1936 2184 1991 sa‘cula
2214 1933 2558 1991 saeculorum.
2591 1934 2783 1986 Amen.

2613 2173 2849 2231 SERMO
2881 2173 2969 2228 lli.

1987 2377 2127 2443 Quid
2154 2376 2216 2429 sit
2240 2372 2392 2438 illud,
2441 2372 2524 2428 Ad
2563 2371 2975 2427 similitudinem
3006 2367 3164 2439 (Gen.
3197 2369 3250 2423 l.
3280 2367 3397 2438 26),
3430 2375 3478 2422 et
3506 2381 3608 2437 qua

2058 2471 2123 2522 de
2151 2484 2306 2521 causa
2328 2507 2342 2528 ,
2383 2483 2502 2520 cum
2525 2464 2708 2519 dixerit
2743 2463 2883 2518 Deus
2919 2479 3010 2516 nos
3047 2461 3306 2515 dominari
3334 2460 3387 2513 in
3425 2458 3562 2528 [eras
3590 2498 3608 2524 ,

2059 2575 2160 2612 non
2197 2559 2520 2611 dominentur
2538 2600 2552 2623 ,
2585 2566 2631 2612 et
2657 2556 2754 2610 hoc
2786 2571 2987 2628 magna:
3022 2571 3144 2626 erga
3170 2570 3262 2609 nos
3290 2568 3428 2608 cura:
3451 2567 3611 2623 argu-

2059 2659 2280 2704 mentum
2310 2665 2434 2704 csse.

2061 2870 2112 2923 l.
2154 2868 2458 2922 Accuratam
2479 2865 2764 2937 Scriptura:
2787 2865 3050 2919 lectionem
3078 2863 3435 2926 commendat;
3465 2860 3610 2917 Scri-

1986 2971 2192 3032 pturam
2222 2963 2419 3029 confert
2459 2975 2574 3010 cum
2602 2957 2833 3027 gemmis.
2871 2987 2943 2997 —
2970 2954 3437 3024 Quemadmodum
3470 2949 3608 3006 nihil

1985 3052 2275 3123 proﬁciunt
2294 3051 2383 3120 qui
2411 3050 2701 3114 seminant,
2725 3064 2848 3104 cum
2871 3062 3030 3102 secus
3053 3048 3196 3101 viam
3224 3047 3432 3102 semina
3461 3045 3606 3113 jacta

1989 3143 2184 3199 fuerint
2215 3159 2228 3194 :
2258 3143 2337 3196 sic
2368 3156 2542 3210 neque
2572 3140 2813 3208 proderit
2838 3137 2883 3193 is
2910 3137 3002 3208 qui
3028 3138 3178 3201 dicit,
3208 3138 3254 3190 si
3275 3136 3342 3190 ad
3370 3144 3608 3190 mentem

1986 3235 2290 3288 auditorum
2322 3231 2498 3287 oratio
2533 3245 2642 3286 non
2684 3231 2905 3293 feratur,
2939 3227 3033 3284 sed
3061 3243 3230 3282 simus
3257 3227 3407 3280 vocis
3434 3227 3486 3280 in
3518 3240 3610 3281 ae-

1986 3343 2103 3382 rem
2127 3336 2331 3382 temere
2358 3322 2584 3379 diﬁ‘nsus
2610 3321 2913 3377 auditorem
2943 3320 3088 3374 nulla
3121 3329 3371 3390 percepta
3405 3318 3609 3373 utilita-

1990 3431 2042 3474 te
2081 3419 2370 3488 relinquat.
2417 3416 2544 3470 llazc
2588 3423 2768 3469 autem
2796 3428 2824 3466 a
2856 3428 2942 3467 me
2983 3429 3090 3466 non
3120 3412 3236 3466 sine
3265 3427 3425 3468 musa
3466 3411 3608 3466 dicta

1988 3522 2111 3568 sunt
2135 3511 2306 3576 vobis,
2337 3508 2430 3565 sed
2459 3525 2525 3563 ne
2549 3509 2816 3563 faciliores
2843 3516 3049 3561 tantum
3075 3507 3373 3562 sententias
3397 3517 3612 3576 appeza-

1991 3607 2079 3669 lis,
2103 3619 2291 3659 verum
2318 3598 2694 3674 profundiorcs
2711 3601 2872 3656 etiam
2901 3599 3306 3670 aggrediamini.
3329 3598 3441 3654 Nisi
3461 3600 3608 3656 enim

1985 3697 2097 3766 jam
2123 3694 2192 3749 ad
2219 3694 2620 3764 Scripturarum
2648 3691 2906 3748 interiora
2937 3691 3356 3759 descendamus,
3386 3690 3512 3746 dum
3540 3691 3608 3746 ad

1991 3788 2282 3842 natandum
2325 3786 2576 3858 expedita
2609 3785 2765 3840 nobis
2789 3793 2918 3841 sunt
2947 3784 3210 3850 membra,
3242 3783 3370 3844 dum
3401 3784 3613 3839 acutius

1991 3887 2220 3935 cernunt
2248 3878 2412 3944 oculi,
2449 3893 2626 3948 neque
2668 3877 2981 3933 deliciarum
3031 3875 3349 3930 humoribus
3392 3884 3614 3930 contur-

1991 3971 2204 4033 bantur,
2249 3969 2377 4024 dum
2408 3969 2743 4024 constantior
2774 3974 2857 4022 est
2893 3967 3142 4037 spiritus,
3189 3977 3343 4021 utne
3376 3964 3612 4022 suffece-

1992 4079 2135 4130 mnr,
2167 4058 2397 4132 quando
2434 4060 2868 4115 descendemus?
2898 4062 2978 4113 An
3020 4075 3140 4115 cum
3179 4058 3388 4114 delicia:
3427 4058 3616 4114 adfue-

1992 4157 2119 4220 rint,
2151 4155 2323 4225 epula:
2345 4195 2361 4217 ,
2392 4155 2648 4220 ebrietas,
2683 4163 2736 4208 et
2765 4152 2999 4223 ingluvie
3027 4151 3339 4208 redundans
3383 4151 3617 4206 mensa?

1993 4249 2152 4318 Atqui
2183 4258 2291 4302 tum
2317 4263 2382 4298 ne
2407 4247 2608 4300 moveri
2636 4246 2852 4315 quidem
2881 4245 3035 4299 facile
3054 4259 3341 4314 possumus
3366 4262 3377 4296 :
3407 4252 3613 4297 tantum

1995 4341 2310 4396 deliciarum
2344 4353 2482 4392 onus
2508 4339 2742 4391 animam
2771 4346 2979 4407 gravat.
3025 4335 3218 4391 Nonne
3245 4335 3441 4390 videtis
3467 4345 3524 4388 ut
3554 4335 3611 4399 ii,

1995 4431 2084 4497 qui
2113 4430 2380 4499 pretiosos
2413 4428 2653 4497 reperire
2697 4427 2904 4497 lapides
2939 4425 3194 4497 cupiunt,
3226 4441 3332 4480 non
3364 4426 3416 4480 in
3457 4425 3618 4480 litore

1996 4536 2211 4574 sursum
2244 4519 2496 4574 sedentes
2550 4518 2852 4588 ﬂuctusque
2885 4525 3233 4571 ntnneranles
3284 4517 3414 4571 illud
3464 4516 3616 4572 inve-

1998 4611 2150 4664 niant
2169 4609 2309 4679 quod
2340 4617 2608 4679 quzerunt,
2633 4607 2728 4663 sed
2755 4610 2804 4662 in
2825 4608 3147 4678 profundunt
3173 4610 3344 4677 ipsum
3368 4607 3618 4662 delaban-

1998 4711 2086 4756 tnr
2113 4717 2125 4764 ;
2160 4702 2369 4753 tametsi
2397 4699 2595 4753 multus
2621 4708 2704 4753 est
2755 4699 2807 4752 in
2839 4699 3134 4768 quazrendo
3162 4698 3334 4764 labor,
3368 4698 3619 4752 multum-

1999 4807 2102 4860 que
2133 4791 2184 4844 in
2209 4788 2532 4843 inveniendo
2561 4788 2875 4852 discrimen,
2900 4797 2954 4843 et
2983 4797 3265 4859 postquam
3289 4789 3615 4856 invenerint,

2000 4883 2209 4936 lucrum
2244 4881 2493 4936 nullum?
2519 4881 2689 4948 Quam
2719 4882 2864 4936 enim
2915 4896 3162 4950 magnam
3198 4881 3248 4934 in
3294 4883 3459 4936 vitam
3515 4899 3618 4937 no-

2001 4987 2168 5031 stram
2219 4975 2475 5030 invehere
2517 4983 2695 5043 potest
2753 4975 3034 5029 utilitatent
3086 4974 3323 5044 lapidum
3380 4976 3621 5031 inventio

2001 5067 2398 5138 pretiosorum?
2433 5066 2644 5120 Utinam
2670 5083 2734 5119 ne
2766 5065 2961 5120 multas
2987 5067 3321 5122 calamitates
3362 5068 3614 5139 importa-

2001 5163 2121 5216 ret!
2153 5161 2293 5214 Nihil
2345 5159 2489 5214 enim
2517 5158 2658 5211 al.ud
2688 5158 2851 5211 vitam
2901 5160 3184 5224 subvertit,
3215 5168 3270 5213 et
3311 5173 3526 5214 sursum
3558 5175 3622 5214 ac

2002 5254 2257 5309 deorsum
2287 5261 2474 5307 cuncta
2498 5252 2689 5305 miscet
2717 5259 2914 5321 prmter
2936 5249 3074 5305 hanc
3095 5251 3443 5321 pecuniarum
3475 5253 3621 5305 insa-

2004 5347 2167 5400 niam.
2202 5345 2583 5399 Verumtamen
2609 5343 2680 5397 illi
2704 5351 2759 5398 et
2785 5343 3017 5398 animam
3040 5353 3094 5398 et
3119 5359 3318 5414 corpus
3345 5359 3624 5416 exponunt

2005 5437 2300 5508 quotidiani
2325 5438 2496 5492 victus
2516 5451 2700 5502 causa,
2729 5450 2897 5505 seque
2924 5434 3176 5490 fluctibus
3196 5437 3451 5492 audacter
3471 5452 3590 5491 com
3607 5467 3624 5478 -

2008 5535 2226 5588 mittunt
2257 5547 2268 5583 :
2306 5530 2392 5585 hic
2421 5545 2551 5585 vero
2577 5545 2751 5599 neque
2782 5529 3096 5593 discrimen,
3129 5545 3306 5600 neque
3337 5540 3516 5586 tantus
3545 5532 3626 5585 la-

2008 5625 2108 5680 bor
2137 5633 2240 5687 est,
2275 5637 2459 5677 verum
2490 5622 2736 5692 exiguus,
2767 5631 2821 5676 et
2852 5623 2896 5676 is
2929 5630 3147 5691 propter
3174 5635 3361 5676 eorum
3389 5638 3509 5692 quze
3540 5625 3623 5677 in-

2009 5729 2165 5774 vcnta
2207 5727 2331 5773 sunt
2359 5717 2827 5772 conservationem
2851 5715 3161 5784 suscipitur.
3195 5715 3327 5770 Nam
3355 5733 3474 5785 qua!
3502 5732 3623 5771 cum

2012 5811 2262 5864 facilitate
2293 5815 2504 5878 reperta
2539 5817 2681 5870 sunt,
2726 5807 2924 5860 nullius
2951 5806 3109 5876 pretii
3139 5807 3323 5860 multis
3355 5806 3624 5861 videntur.

2018 5900 2130 5954 Non
2163 5912 2240 5955 et!
2292 5901 2342 5953 in
2379 5899 2566 5970 pelago
2607 5898 2896 5969 Scriptura:
2927 5897 3163 5970 procella
3194 5896 3450 5952 ﬂuctuum
3474 5939 3490 5965 ,
3535 5899 3629 5952 sed
