4086 6436
582 415 682 475 59f
1328 404 1387 465 S.
1430 401 1710 464 JOANNIS
1746 393 2225 459 CllilYSOSTOMl

579 522 777 596 quovis
812 527 970 593 portu
1012 518 1349 591 tranquillius
1388 527 1472 576 est
1517 518 1624 573 hoc
1658 515 1879 587 pelagus
1909 530 1923 568 :
1954 525 2179 570 necesse

584 630 694 672 non
718 622 803 672 est
828 613 884 671 in
921 613 1180 669 obscuros
1203 612 1354 669 sinus
1378 610 1557 684 abyssi
1586 625 1646 667 se
1671 608 1977 673 demittere,
2004 619 2181 676 neque

586 707 815 763 rationis
855 705 1158 777 expertium
1184 719 1443 777 aquarum
1466 703 1731 760 violentiae
1756 701 1982 758 salutem
2028 713 2178 756 suam

587 795 958 861 committam;
989 794 1086 851 sed
1122 793 1290 851 multa
1315 795 1403 850 lux
1432 792 1520 850 hic
1560 792 1779 868 effulget
1820 796 1989 847 multo
2017 787 2182 844 radiis

585 884 851 943 solaribus
897 884 1027 953 ipsis
1068 883 1419 955 splendidior,
1473 883 1639 939 multa
1686 881 1979 945 serenitas;
2006 876 2183 934 omnis

587 972 820 1043 procella
846 972 1094 1029 submota
1123 982 1226 1041 est,
1262 983 1523 1031 eteorum
1549 987 1672 1043 qua
1698 972 2037 1043 reperiuntur
2063 982 2185 1027 tan-

588 1072 701 1116 tum
729 1073 813 1116 est
842 1062 1071 1128 lucrum,
1101 1072 1155 1121 ut
1180 1079 1248 1120 ne
1273 1064 1515 1120 oratione
1534 1063 1749 1134 quidem
1772 1064 1875 1118 ulla
1902 1065 2186 1135 possitex-

588 1150 795 1221 plicari.
835 1151 914 1209 Ne
941 1152 1102 1222 igitur
1123 1153 1500 1225 defatigemur,
1536 1154 1631 1210 sed
1663 1153 2060 1226 inquisitionem
2085 1170 2183 1227 ag-

585 1240 913 1313 grediamur.
945 1242 1183 1299 Audistis
1209 1244 1377 1299 Deum
1406 1242 1473 1301 ad
1500 1244 1784 1317 imaginem
1822 1259 1974 1302 suam
2004 1244 2184 1304 homi-

586 1346 712 1387 nem
738 1331 1060 1399 condidisse,
1085 1342 1140 1389 et
1166 1334 1290 1408 quid
1313 1335 1385 1393 sit
1408 1335 1561 1404 illud,
1582 1337 1665 1395 Ad
1687 1336 1960 1409 imaginem
1980 1348 2030 1394 et
2046 1339 2188 1395 sinti-

588 1421 871 1486 litudinent,
898 1420 1150 1490 diximus,
1179 1440 1373 1496 nempe
1398 1441 1505 1498 non
1528 1441 1648 1484 esse
1692 1429 2007 1485 substantiae
2033 1444 2187 1485 com-

587 1511 923 1580 parationem
949 1555 965 1580 ,
1019 1515 1113 1571 sed
1165 1514 1471 1587 dominatus
1526 1519 1928 1576 similitudinem
1986 1539 2000 1575 :
2053 1521 2187 1578 illud

589 1614 768 1659 autem
788 1644 806 1672 ,
837 1604 921 1661 Ad
945 1605 1322 1663 similitudinem
1345 1650 1362 1676 ,
1391 1608 1591 1666 indicat
1630 1610 1818 1668 mitem
1845 1626 1909 1670 ac
1932 1626 2187 1671 mansue-

595 1705 704 1749 tum
726 1709 848 1753 esse
866 1706 1135 1767 oportere,
1165 1697 1383 1769 Deoqne
1407 1714 1506 1771 pro
1527 1702 1732 1758 viribus
1751 1704 1959 1761 ratione
1979 1706 2189 1763 virtutis

593 1786 873 1841 assimilari
898 1827 913 1851 ,
946 1797 1106 1858 prout
1151 1789 1227 1844 ait
1265 1788 1556 1847 Christus:
1588 1791 1765 1848 Estote
1808 1794 1999 1851 similes
2035 1794 2190 1851 Patri

591 1890 737 1942 meo,
777 1876 864 1946 qui
885 1877 941 1933 in
968 1878 1107 1933 telis
1133 1889 1206 1934 est
1237 1878 1464 1953 (Matth.
1496 1883 1549 1940 5.
1580 1883 1654 1939 45
1671 1885 1711 1955 ).
1739 1883 1811 1941 Ut
1837 1885 1980 1943 enim
2010 1887 2063 1941 in
2091 1878 2191 1943 hac

593 1969 698 2023 lata
719 1978 774 2025 et
796 1971 1031 2040 spatiosa
1055 1980 1198 2028 terra
1222 1973 1469 2045 quaedam
1496 1976 1743 2032 animalia
1766 1979 1935 2051 magis
1959 1989 2085 2036 sunt
2106 1995 2191 2036 ra-

593 2058 759 2125 tionis
785 2060 1047 2129 expertia,
1076 2062 1325 2132 qutedam
1357 2062 1654 2121 ferociora:
1684 2068 1763 2124 sic
1788 2068 1840 2123 in
1865 2069 2060 2125 anima:
2087 2086 2188 2125 no-

593 2156 722 2206 stra:
746 2150 1025 2209 latitudine
1049 2153 1293 2224 quaedam
1325 2165 1451 2213 sunt
1487 2170 1518 2212 a
1561 2159 1770 2216 ratione
1809 2146 1980 2232 magis
2002 2162 2191 2219 alienat

595 2255 660 2296 ac
677 2240 929 2299 belluinm
942 2244 1313 2315 cogitationes,
1336 2249 1580 2319 qumdam
1611 2249 1901 2308 ferociores
1919 2262 1973 2308 et
2003 2254 2191 2310 imma-

594 2331 794 2390 niores.
820 2334 1139 2408 Subigendtn
1169 2336 1328 2409 igitur
1353 2349 1418 2395 ac
1459 2340 1743 2398 domanda:
1775 2351 1934 2411 sunt,
1976 2359 2192 2401 earum-

592 2438 697 2495 que
718 2423 1027 2482 dominatus
1053 2428 1246 2484 rationi
1271 2430 1709 2489 committendus.
1744 2433 1809 2489 Et
1836 2435 1924 2504 qui
1952 2432 2067 2489 fieri
2096 2450 2191 2506 po-

596 2521 736 2581 test,
791 2513 935 2572 dicet
980 2516 1174 2588 aliquis
1195 2560 1211 2584 ,
1243 2526 1303 2575 ut
1329 2518 1619 2578 belluinam
1645 2523 2024 2594 cogitationem
2069 2526 2188 2596 quis

538 2610 543 2611 ’
595 2602 848 2675 subigat?
882 2604 1021 2674 Quid
1045 2607 1147 2674 ais,
1175 2608 1247 2663 mi
1274 2607 1470 2665 homo?
1496 2611 1708 2669 Leones
1743 2613 2061 2685 subigimus,
2091 2631 2191 2673 eo-

600 2710 827 2769 rumque
853 2698 1062 2756 animas
1085 2700 1296 2757 cicures
1320 2701 1616 2769 reddimus,
1639 2712 1695 2760 et
1713 2704 1928 2762 dubitas
1955 2721 2023 2761 an
2045 2708 2190 2780 cogi-

597 2785 855 2840 tationum
889 2784 1149 2844 feritatem
1169 2788 1238 2844 ad
1265 2790 1727 2848 mansuetudinem
1753 2797 1926 2864 possis
1948 2795 2191 2853 traduce-

596 2875 700 2930 rei
728 2874 962 2933 Tametsi
991 2876 1135 2933 leoni
1166 2880 1421 2936 naturalis
1456 2890 1540 2937 est
1567 2880 1785 2949 feritas,
1818 2893 2012 2955 praeter
2036 2896 2192 2943 natu-

595 2979 711 3019 ram
746 2974 925 3022 autem
952 2967 1346 3035 mansuetudo;
1390 2970 1483 3026 tibi
1526 2985 1657 3028 vero
1695 2982 1883 3030 contra
1932 2978 2191 3034 naturalis

593 3066 677 3110 est
703 3054 999 3127 benignitas
1018 3098 1034 3123 ,
1064 3056 1247 3114 feritas
1275 3074 1404 3116 vero
1445 3070 1643 3132 praeter
1678 3073 1942 3120 naturam.
1975 3065 2190 3138 Ergone

594 3143 687 3215 qui
714 3144 766 3200 id
785 3145 1012 3216 expellis
1035 3147 1179 3219 quod
1198 3160 1279 3204 est
1307 3150 1570 3217 naturale,
1599 3161 1655 3208 et
1675 3154 1869 3211 animle
1895 3155 2084 3213 bellua:
2109 3158 2191 3214 in-

602 3236 740 3291 seris
766 3236 910 3307 quod
948 3246 1146 3309 praeter
1180 3251 1424 3297 naturam
1454 3251 1565 3309 est,
1612 3243 1667 3298 in
1696 3253 1785 3301 tua
1812 3246 1979 3318 ipsius
2012 3248 2191 3305 anima

603 3325 747 3395 quod
783 3333 867 3383 est
901 3328 1147 3385 naturale
1174 3344 1282 3386 non
1316 3330 1518 3401 poteris
1544 3335 1905 3390 conservare?
1930 3342 2055 3408 quis
2088 3337 2195 3394 hoc

595 3432 819 3475 summa:
855 3433 963 3475 non
992 3418 1193 3477 tribuat
1215 3421 1591 3494 negligentitel
1624 3422 1762 3481 Nam
1792 3425 1847 3482 in
1871 3426 2044 3483 leonis
2066 3430 2189 3501 qui-

593 3507 717 3565 dem
746 3508 922 3565 anima
968 3519 1166 3583 praeter
1205 3510 1344 3569 hanc
1375 3512 1669 3575 difﬁcultas
1715 3525 1800 3574 est
1825 3517 1996 3576 altera
2042 3536 2058 3574 :
2107 3532 2192 3577 est

594 3601 741 3658 enim
760 3617 956 3674 expers
980 3603 1448 3665 ratiocinationem
1471 3607 1648 3664 anima
1673 3607 1886 3668 bellum.
1916 3610 1986 3668 Et
2010 3620 2189 3671 tamen

595 3692 780 3749 leones
804 3708 951 3766 saepe
977 3695 1186 3765 vidistis
1221 3696 1412 3754 ovibus
1450 3701 1842 3760 mansuetiores
1878 3718 1974 3775 per
2014 3704 2189 3761 forum

592 3781 739 3851 duci,
770 3793 827 3841 et
854 3786 1006 3842 multi
1026 3788 1119 3859 qui
1148 3788 1201 3844 in
1225 3786 1455 3847 ofﬁcinis
1483 3802 1766 3850 versantur
1792 3797 2070 3866 pecuniam
2088 3813 2188 3854 eo-

594 3887 715 3930 rum
742 3877 949 3932 custodi
991 3890 1274 3936 nutncrant
1310 3890 1580 3954 tamquam
1608 3885 1741 3941 artis
1784 3886 2086 3944 mercedem
2128 3903 2193 3946 ac

594 3965 803 4034 peritia?
825 4008 842 4035 ,
885 3982 990 4037 qua
1013 3967 1245 4026 helluam
1271 3972 1507 4029 cicurem
1544 3974 1779 4032 reddidit
1807 3993 1823 4030 :
1852 3985 1907 4032 at
1936 3976 1990 4033 in
2012 3978 2191 4035 anima

595 4047 684 4109 tua
727 4064 783 4110 ct
821 4057 961 4113 ratio
1006 4068 1089 4122 est
1134 4070 1189 4116 et
1233 4061 1327 4121 Dei
1365 4063 1545 4131 timor,
1576 4065 1912 4140 multumque
1960 4070 2195 4143 undique

592 4145 854 4201 auxilium
895 4147 1217 4206 ostenditur.
1260 4150 1339 4209 Ne
1365 4153 1525 4226 igitur
1551 4165 1849 4227 pnutestus
1874 4168 1930 4216 et
1963 4176 2191 4217 excusa-

597 4237 777 4293 tiones
799 4238 1081 4295 obtendas.
1106 4240 1264 4299 Potes
1287 4244 1453 4312 enim,
1483 4247 1529 4302 si
1555 4249 1711 4314 velis,
1736 4248 1850 4306 lieri
1877 4262 2193 4311 mansuetus

596 4335 652 4379 ct
678 4324 836 4382 lenis.
869 4325 1147 4386 Faciamus
1175 4331 1425 4387 hominem
1441 4336 1510 4388 ad
1535 4335 1809 4409 imaginem
1830 4348 1878 4394 et
1895 4339 2189 4397 similitudi-

598 4433 712 4474 nem
739 4427 984 4488 nostram,
1006 4429 1055 4477 et
1081 4422 1371 4481 dominetur
1393 4425 1583 4483 bestiis.
1842 4436 1843 4439 ‘
2060 4494 2071 4501 Χ

664 4510 720 4565 ς.
752 4509 1031 4568 Gentilium
1071 4515 1342 4585 objectioni
1376 4519 1665 4593 respondet.
1698 4519 1858 4577 Initia
1882 4525 2019 4596 feros
2041 4525 2193 4583 homo

596 4617 697 4657 non
718 4601 942 4657 timebat.
974 4634 1047 4644 —
1070 4602 1183 4659 lloc
1210 4604 1329 4662 loco
1352 4605 1632 4679 insurgunt
1653 4611 1706 4666 in
1733 4625 1833 4667 nos
1858 4614 2103 4683 gentiles,
2136 4627 2193 4673 et

602 4690 655 4745 id
683 4690 817 4747 falso
840 4690 944 4747 dici
973 4693 1335 4762 contendunt;
1368 4712 1472 4752 non
1509 4700 1653 4754 enim
1684 4716 1785 4758 nos
1808 4704 1996 4761 bestiis
2020 4705 2193 4764 donti-

598 4798 827 4850 namur;
876 4783 1006 4853 ipsa:
1054 4785 1208 4841 nobis
1251 4788 1427 4857 potius
1476 4789 1817 4850 dominantur
1859 4796 2192 4870 multumque

600 4882 800 4930 metum
834 4874 1097 4945 injiciunt.
1132 4875 1275 4933 Sane
1310 4878 1524 4949 quidem
1550 4879 1657 4937 hoc
1696 4898 1885 4940 verum
1928 4902 2037 4943 non
2063 4899 2145 4945 est
2173 4906 2187 4943 :

597 4963 796 5021 suffieit
819 4967 961 5021 enim
990 4966 1057 5022 ad
1086 4966 1310 5024 bestiam
1340 4969 1657 5041 abigendam
1688 4973 1731 5051 si
1759 4974 1920 5031 facies
1960 4974 2190 5033 humana

596 5070 903 5127 compareat
941 5080 955 5114 :
1008 5068 1184 5116 tantus
1223 5062 1275 5116 in
1318 5077 1409 5119 eas
1459 5078 1491 5119 a
1534 5064 1688 5121 nobis
1724 5052 1891 5123 “timor
1929 5070 2186 5127 dimanat.

598 5148 751 5215 Quod
794 5148 961 5206 sicubi
990 5150 1056 5205 ad
1096 5166 1154 5207 se
1185 5151 1517 5209 ulciscendas
1546 5156 1799 5225 impetum
1828 5160 2045 5229 faciant,
2077 5165 2190 5223 sive

598 5240 736 5294 l'ame
766 5249 1009 5311 cogente,
1042 5241 1155 5297 sive
1175 5244 1315 5312 quod
1335 5246 1546 5315 nosipsi
1572 5262 1662 5303 eas
1684 5249 1735 5303 in
1767 5253 2036 5322 angustias
2063 5256 2189 5313 red.

598 5328 824 5398 igamus,
863 5332 1049 5402 eisque
1078 5332 1184 5386 vim
1228 5334 1547 5401 inferamus,
1598 5339 1697 5395 hoc
1753 5358 1880 5398 vero
1924 5346 2190 5416 perfectus

597 5438 703 5475 non
732 5432 815 5477 est
837 5422 1163 5479 dominatus.
1190 5423 1373 5495 Neque
1395 5429 1537 5482 enim
1561 5432 1604 5484 si
1646 5434 1763 5502 quis
1794 5447 2033 5495 nostrum
2062 5440 2190 5498 visis

599 5510 895 5567 latronibus
921 5514 1175 5584 impetum
1205 5513 1521 5573 facientibus
1547 5534 1801 5593 armetur,
1844 5539 1897 5584 et
1925 5532 1991 5587 ad
2017 5548 2076 5589 se
2104 5535 2188 5591 ul.

597 5604 902 5659 eiscendum
929 5622 987 5662 se
1017 5624 1327 5679 comparet,
1368 5612 1672 5673 dominatus
1697 5624 1950 5688 appellari
1979 5642 2065 5682 res
2098 5629 2186 5685 illa

598 5704 770 5761 potest
796 5738 810 5761 ,
843 5698 933 5751 sed
968 5702 1192 5769 propriae
1223 5704 1413 5759 salutis
1440 5710 1647 5761 tuenda:
1675 5711 1974 5771 sollicitudo
2004 5736 2017 5770 :
2046 5727 2184 5773 atta-

598 5804 717 5842 men
748 5804 852 5846 non
886 5791 1006 5848 inde
1030 5809 1211 5865 qurere
1236 5798 1619 5873 defensionem,
1648 5808 1737 5861 sed
1765 5808 1995 5879 aliunde,
2020 5827 2178 5883 quam

2291 395 2614 454 ARCIIIEP.
2656 399 3199 461 CONSTANTINOI’.
3794 414 3900 472 592

2292 510 2442 568 vobis
2472 511 2601 569 utile
2628 513 2790 570 fuerit
2816 514 3073 574 audiisse.
3104 518 3381 577 Timemus
3410 522 3609 581 bestias
3636 542 3705 584 ac
3731 530 3900 585 refor-

2290 601 2573 671 midamus,
2601 612 2761 675 atque
2784 604 3061 665 dominatu
3083 610 3419 669 excidimus:
3445 630 3554 672 non
3583 633 3759 691 nego;
3786 620 3902 678 imo

2290 706 2486 764 sponte
2509 696 2770 755 confiteor
2795 715 2812 753 :
2841 715 2947 757 non
2992 711 3171 761 tamen
3210 703 3265 761 id
3303 707 3618 764 mendaeem
3650 724 3778 767 esse
3809 713 3900 769 Dei

2290 784 2464 857 legem
2490 789 2745 851 ostendit.
2769 790 2887 846 Non
2912 793 3056 849 enim
3086 797 3159 850 ita
3187 810 3249 853 se
3272 812 3361 853 res
3393 798 3663 857 habebant
3689 816 3722 856 a
3748 804 3902 874 prin-

2291 878 2467 949 cipio,
2512 880 2609 936 sed
2653 882 2963 940 metuebant
2998 893 3055 941 et
3090 888 3436 956 tremebant,
3481 907 3649 963 seque
3691 891 3903 951 homini

2293 974 2564 1040 tamquam
2610 971 2831 1029 domino
2871 974 3258 1034 submittebant
3288 995 3303 1033 :
3332 982 3586 1051 quOniam
3616 992 3801 1046 autem
3833 983 3897 1040 llo

2292 1058 2448 1116 dncia
2495 1072 2551 1119 et
2592 1063 2798 1122 honore
2833 1067 3170 1138 excidimus,
3212 1069 3414 1127 idcirco
3458 1072 3579 1128 illas
3623 1074 3898 1133 ﬁniemus.

2294 1150 2449 1208 Unde
2473 1168 2602 1209 vero
2625 1154 2678 1209 id
2704 1157 2957 1212 constat?
2981 1158 3210 1215 Adduxit
3236 1160 3424 1217 bestias
3450 1163 3522 1217 ad
3542 1163 3711 1219 Adam
3732 1165 3902 1235 Deus,

2294 1251 2352 1295 ut
2376 1241 2570 1299 uideret
2596 1244 2721 1315 quid
2745 1244 2942 1301 vocaret
2968 1262 3059 1304 eas
3083 1248 3239 1319 (Gen.
3261 1250 3316 1304 2.
3348 1251 3439 1323 l9)
3464 1269 3479 1307 :
3504 1269 3680 1325 neque
3711 1256 3909 1314 resiliit

2294 1330 2465 1386 Adam
2492 1334 2646 1403 quasi
2679 1336 2871 1392 timore
2897 1348 3179 1409 correptus
3201 1381 3216 1405 ,
3249 1341 3344 1397 sed
3371 1349 3642 1416 tamquam
3667 1347 3911 1406 subditis

2294 1419 2399 1475 sibi
2431 1423 2602 1477 servis
2630 1426 2845 1480 ttulttintt
2882 1430 3090 1483 cunt-tis
3116 1429 3391 1502 imposuit.
3425 1434 3539 1491 Hoc
3566 1452 3699 1493 vero
3721 1438 3906 1503 doni-

2296 1518 2453 1564 natus
2493 1523 2577 1567 est
2622 1514 2894 1570 indicium.
2941 1516 3303 1586 Quamobrem
3340 1524 3527 1580 volens
3561 1528 3723 1584 etiam
3758 1529 3910 1587 Deus

2296 1614 2393 1670 per
2421 1600 2524 1656 hoc
2552 1602 2627 1656 illi
2654 1618 2767 1659 sua:
2795 1611 3075 1675 potestatis
3100 1611 3386 1669 ostendere
3416 1614 3732 1685 dignitatem
3754 1662 3771 1687 ,
3800 1635 3908 1676 no-

2298 1692 2501 1747 minum
2548 1693 2944 1765 impositionem
2989 1700 3091 1770 ipsi
3138 1705 3416 1773 permisit,
3447 1716 3611 1779 atque
3649 1710 3909 1783 imposita

2296 1780 2402 1841 illis
2438 1786 2654 1841 nomina
2701 1787 2755 1842 in
2800 1789 2882 1845 eis
2925 1804 2994 1846 ea
3040 1792 3133 1847 illo
3179 1803 3424 1866 tempore
3464 1780 3906 1868 permanserunt.

2300 1870 2467 1930 Omtte
2490 1875 2632 1932 enim
2653 1878 2790 1949 quod
2809 1881 3003 1935 voravit
3022 1880 3211 1951 Adam,
3234 1886 3331 1939 hoc
3351 1903 3537 1944 nomen
3556 1889 3683 1957 illis,
3708 1892 3907 1964 inquit.

2297 1962 2479 2037 Itaque
2509 1974 2672 2022 unum
2699 1968 2802 2023 hoc
2830 1969 3083 2027 indicium
3110 1983 3194 2029 est
3234 1974 3304 2031 ab
3341 1976 3494 2033 initio
3520 1978 3664 2037 feras
3692 1962 3904 2039 honuni

2298 2054 2565 2112 terribiles
2591 2071 2696 2111 non
2723 2056 2888 2115 fuisse
2916 2075 2930 2114 :
2954 2061 3182 2119 alterum
3208 2079 3338 2120 vero
3361 2067 3521 2122 etiam
3545 2070 3709 2140 priori
3731 2075 3907 2129 mani-

2297 2145 2486 2203 festius
2513 2157 2598 2203 est
2618 2191 2633 2217 ,
2667 2154 2939 2222 serpentis
2979 2154 3302 2227 colloquium
3338 2172 3460 2214 cum
3489 2162 3738 2219 muliere.
3768 2164 3910 2222 Nam

2296 2238 2340 2293 si
2365 2240 2632 2297 terribiles
2647 2240 2953 2300 hominibus
2969 2244 3196 2303 fuissent
3214 2247 3420 2318 bestia‘,
3440 2252 3632 2309 mulier
3648 2267 3912 2328 serpente

2294 2342 2584 2403 conspecto
2602 2350 2707 2390 non
2724 2338 3030 2405 mansisset,
3047 2355 3232 2398 verum
3248 2344 3571 2416 aufugisset;
3591 2363 3767 2420 neque
3782 2364 3913 2407 con-

2294 2424 2470 2480 silium
2500 2425 2865 2497 admisisset',
2901 2445 3076 2502 neque
3105 2442 3248 2490 tanta
3277 2449 3399 2491 cum
3424 2438 3716 2515 securitate
3745 2442 3913 2502 collo~

2293 2521 2458 2583 quuta
2476 2529 2601 2571 cum
2623 2516 2713 2573 illo
2737 2515 2945 2586 fuisset,
2967 2520 3064 2577 sed
3088 2522 3372 2581 confestim
3393 2527 3459 2581 ad
3480 2538 3761 2599 aspectum
3787 2532 3911 2604 ejus

2294 2602 2659 2676 obstupefacta
2684 2606 3006 2680 profugisset
3031 2629 3046 2663 :
3067 2611 3181 2682 jam
3205 2628 3336 2671 vero
3354 2623 3409 2671 et
3426 2616 3776 2691 colloquitur,
3800 2602 3907 2680 nec

2295 2695 2646 2765 reformidat,
2674 2698 2818 2769 quod
2847 2701 3085 2758 nondum
3112 2703 3203 2760 ille
3228 2706 3388 2762 timor
3409 2718 3576 2764 esset.
3610 2709 3905 2782 Postquam

2296 2794 2475 2842 autem
2519 2797 2796 2858 peccatum
2839 2791 3097 2858 intravit,
3124 2792 3355 2865 dignitas
3393 2797 3555 2853 etiam
3586 2810 3667 2856 est
3697 2800 3906 2859 ablata.

2294 2876 2363 2932 Et
2390 2877 2532 2935 sicut
2558 2877 2700 2935 inter
2725 2877 2958 2940 famulos
2983 2884 3075 2954 qui
3101 2882 3443 2945 honestiores
3467 2900 3594 2945 sunt
3621 2901 3679 2947 et
3702 2894 3909 2950 clario~

2293 2981 2403 3036 res,
2424 2970 2701 3026 conservis
2720 2971 2835 3029 suis
2855 2976 3050 3031 terrori
3075 2984 3223 3045 sunt,
3247 2978 3340 3049 qui
3360 2990 3541 3036 autem
3563 2981 3909 3043 nﬂenderunt

2294 3056 2507 3128 herum,
2530 3073 2822 3120 conservos
2848 3064 3075 3123 timent:
3097 3066 3176 3123 sie
3196 3077 3251 3125 et
3275 3068 3478 3126 homini
3499 3075 3743 3145 contigit.
3770 3075 3907 3133 Nam

2293 3148 2423 3206 dum
2463 3150 2656 3208 ﬁducia
2694 3154 2835 3226 apud
2880 3156 3046 3214 Deum
3076 3159 3224 3215 salva
3254 3161 3493 3229 mansit,
3526 3166 3785 3223 terribilis
3811 3169 3909 3225 fuit

2294 3241 2482 3300 bestiis
2510 3261 2525 3298 :
2553 3254 2836 3317 postquam
2861 3258 3041 3306 autem
3067 3250 3313 3321 oll’eudit,
3336 3254 3500 3311 etiam
3527 3257 3751 3314 ultimos
3778 3274 3910 3316 eont-

2295 3344 2577 3390 servorum
2619 3334 2876 3408 deinceps
2911 3339 3105 3397 timuit.
3146 3341 3302 3411 Quod
3335 3345 3381 3400 si
3416 3345 3523 3402 hoc
3558 3346 3631 3404 ita
3660 3364 3770 3405 non
3795 3352 3865 3407 sit
3888 3389 3907 3419 ,

2296 3424 2520 3480 ostende
2560 3435 2616 3482 tu
2660 3428 2792 3484 mihi
2832 3428 2999 3487 fuisse
3044 3432 3312 3491 terribiles
3355 3433 3663 3495 hominibus
3705 3441 3911 3501 bestias

2293 3526 2421 3573 ante
2448 3528 2724 3587 peccatum
2755 3522 2936 3593 :atqui
2968 3539 3073 3581 non
3100 3525 3321 3595 poteris.
3394 3594 3413 3601 _

2366 3604 2545 3663 Timor
2579 3610 2854 3667 bestiarum
2894 3615 3035 3670 utilis
3077 3614 3293 3671 homini.
3342 3647 3411 3659 —
3437 3618 3591 3688 Quod
3628 3622 3676 3678 si
3720 3634 3911 3695 postea

2294 3695 2461 3753 subiit
2489 3698 2647 3756 timor
2669 3741 2686 3766 ,
2718 3700 2822 3759 hoc
2846 3705 3007 3761 etiam
3043 3706 3420 3767 sollicitudinis
3452 3711 3663 3769 Domini
3690 3725 3780 3773 est
3817 3735 3911 3775 ar-

2295 3800 2628 3861 gumentum.
2657 3792 2790 3850 Nam
2815 3796 2861 3851 si
2890 3808 3011 3868 post
3040 3797 3245 3857 homini
3272 3802 3449 3859 traditi
3469 3819 3500 3858 a
3525 3804 3635 3863 Deo
3659 3812 3911 3870 mandati

2297 3885 2775 3955 transgressionem
2807 3887 3012 3961 integer
3035 3890 3089 3946 in
3121 3908 3245 3948 cum
3270 3908 3303 3949 a
3333 3895 3445 3951 Deo
3469 3884 3696 3956 collatus
3731 3899 3914 3960 honor

2296 3976 2589 4033 mansisset
2612 3975 2889 4046 immotus,
2914 3980 3053 4038 haud
3085 3981 3240 4040 facile
3259 3999 3291 4041 a
3314 3985 3467 4057 lapsu
3495 3993 3909 4052 resurreaisset.

2296 4067 2524 4137 Quando
2556 4071 2700 4127 enim
2730 4084 2786 4129 et
2816 4058 3195 4136 'inobedientes
3223 4088 3279 4136 et
3310 4081 3625 4143 obedientes
3653 4088 3773 4157 pari
3802 4088 3908 4146 ho—

2296 4174 2433 4217 nore
2468 4160 2753 4230 fruuntur,
2780 4165 2849 4221 ad
2894 4166 3292 4239 improbitatem
3330 4174 3647 4235 erudiuntur
3688 4182 3865 4254 magis
3888 4221 3906 4249 ,

2296 4266 2474 4323 neque
2500 4252 2658 4312 facile
2686 4270 2716 4310 a
2746 4257 2877 4313 vitio
2900 4258 3190 4319 desistunt.
3220 4262 3278 4321 Si
3309 4266 3456 4323 enim
3491 4268 3605 4340 iam
3630 4286 3759 4329 cum
3786 4252 3906 4332 ia-

2295 4354 2543 4438 roresuet
2585 4361 2761 4418 paena:
2802 4366 2869 4408 ac
2910 4354 3173 4425 supplicia
3218 4340 3502 4417 iiuminent
3522 4404 3540 4431 ,
3578 4366 3908 4438 resipiscam

2298 4449 2409 4490 non
2435 4435 2742 4508 dignantur,
2770 4442 2960 4511 quales
2987 4444 3220 4504 fuissent
3243 4449 3291 4504 si
3315 4449 3450 4505 nihil
3473 4467 3639 4525 grave
3789 4460 3909 4516 suis

2296 4524 2507 4586 delictis
2534 4532 2674 4600 passi
2703 4536 2923 4589 essent?
2951 4536 3137 4608 itaque
3163 4539 3320 4596 nobis
3345 4524 3757 4605 dominatus—ob
3783 4551 3904 4607 sin-

2294 4618 2535 4688 gularem
2581 4622 2750 4678 nostri
2795 4638 2980 4681 curam
3026 4636 3083 4684 et
3127 4630 3543 4690 sollicitudinem
3584 4651 3618 4692 a
3660 4638 3775 4695 Deo
3819 4652 3905 4697 est

2294 4708 2525 4766 ablatus.
2554 4711 2637 4767 Tu
2661 4728 2789 4770 vero
2813 4714 2902 4773 hic
2921 4733 3134 4790 quoque
3157 4720 3481 4791 ineﬂ'abilem
3508 4727 3627 4799 ejus
3654 4727 3905 4803 benigni-

2298 4813 2460 4861 tatem
2498 4806 2801 4864 considera.
2843 4806 3120 4882 Siquidem
3162 4815 3331 4871 Adam
3374 4826 3544 4875 totum
3584 4819 3903 4884 mandatum

2296 4894 2532 4961 violavit,
2561 4906 2625 4952 ac
2650 4898 2823 4969 legem
2854 4909 3223 4972 transgressus
3251 4916 3335 4961 est
3360 4925 3376 4960 :
3408 4907 3549 4965 Dens
3576 4922 3761 4969 autem
3792 4930 3903 4974 nou

2299 4994 2466 5043 totum
2512 4988 2772 5046 honorem
2812 4994 3068 5063 sustulit,
3101 5013 3271 5069 neque
3315 5009 3423 5057 tota
3466 5017 3589 5059 eum
3632 5017 3907 5076 potestate

2296 5080 2518 5151 dejecit,
2548 5083 2640 5139 sed
2670 5100 2731 5140 ea
2760 5086 3038 5145 dumtaxat
3060 5090 3128 5147 ab
3152 5092 3269 5163 ejus
3297 5094 3522 5167 imperio
3548 5106 3753 5158 exemit
3778 5109 3900 5160 ani-

2296 5175 2454 5230 malia
2480 5216 2494 5242 ,
2522 5193 2639 5248 qua:
2670 5195 2773 5233 non
2806 5181 3031 5237 multum
3058 5183 3125 5239 ad
3154 5184 3313 5257 hujus
3341 5198 3462 5245 vitm
3490 5192 3791 5250 subsidium
3821 5199 3901 5255 illi

2294 5268 2601 5325 conducunt
2626 5290 2637 5323 ε
2669 5290 2786 5341 qua:
2816 5288 2946 5329 vero
2974 5279 3275 5333 necessaria
3300 5291 3425 5336 sunt
3448 5293 3505 5339 et
3532 5287 3677 5357 utilia
3699 5330 3715 5351 ,
3746 5305 3899 5360 qua--

2294 5374 2398 5429 quc
2429 5363 2651 5417 multum
2681 5363 2975 5421 inserviunt
3004 5371 3123 5424 vita:
3150 5380 3346 5426 noetrte
3365 5415 3380 5440 ,
3410 5389 3473 5430 ea
3499 5377 3714 5434 subdita
3742 5383 3902 5439 nobis

2296 5467 2414 5509 esse
2440 5457 2703 5524 permisit.
2730 5458 2895 5515 Bonm
2922 5464 3074 5517 uoltis
3103 5464 3314 5534 reliquit
3337 5478 3601 5534 armenta,
3629 5482 3685 5524 ut
3706 5487 3899 5529 vome-

2295 5564 2405 5602 rem
2438 5549 2742 5616 trahemus,
2775 5561 2834 5607 ut
2859 5561 3051 5610 terram
3084 5556 3386 5626 sulcemus,
3416 5570 3474 5614 ut
3498 5576 3705 5621 semota
3736 5576 3898 5623 terrae

2352 5768 2550 5881 figi?“
2577 5779 2736 5837 Neth
2760 5775 3010 5827 manu»:
3035 5775 3161 5829 illud
3179 5778 3425 5831 (lunone-6
3443 5783 3774 5843 perniciosum
3799 5788 3893 5835 nrt-

2352 5842 2384 5881 n
2504 5876 2514 5881 _

2293 5840 2514 5884 nosmet.
