4086 6428
555 437 657 492 ΜΞ

552 546 1001 615 καταϐάλλωμεν·
1044 544 1225 614 ἀφῆκε
1257 541 1366 594 τῶν
1399 539 1711 609 ὑποζυγίων
1755 539 1822 594 τά
1853 538 2010 609 γένη,
2045 537 2137 591 ἴνα

559 633 693 704 πρὸς
726 629 824 700 τὴν
845 631 953 682 των
982 626 1279 696 ἀγωγίμων
1307 623 1676 694 μετακομιδὴν
1703 620 2139 692 συναντιλαμϐά-

558 730 716 785 νηται
741 713 869 782 ἡμῖν
898 707 1006 762 τῶν
1035 709 1232 762 πόνων·
1261 706 1440 777 ἀφῆκε
1467 705 1758 776 προϐάτων
1781 705 2026 775 ποίμνια,
2050 704 2140 756 ἵνα

557 796 771 867 ῑχωμεν
791 796 870 856 εἰς
891 790 1182 863 περιϐολάς
1201 788 1430 860 ἱματίων
1443 788 1709 860 χορηγίαν
1725 787 2021 860 ἀρκοῦσαν·
2044 785 2140 840 καὶ

557 880 720 948 ἕτερα
741 875 800 928 δὲ
835 873 986 947 [658]
1025 874 1156 944 γένη
1187 869 1340 939 ζώων
1366 873 1516 926 εῖασε
1547 871 1748 944 πολλὴν
1772 872 1905 942 ήμῖν
1945 869 2140 939 ἑτέραν

557 962 848 1028 εἰσάγοντα
866 958 1071 1031 χρείαν.
1091 956 1306 1029 Ἐπειδὴ
1331 957 1442 1029 γὰρ
1462 956 1706 1020 κολάζων
1734 956 1826 1008 τὸν
1853 952 2141 1024 ἄνθρωπον

559 1045 762 1112 ἔλεγεν,
823 1045 920 1097 Ἐν
944 1040 1138 1110 ἱδρῶτι
1170 1041 1277 1096 τοῦ
1330 1040 1654 1108 προσώπου
1691 1052 1810 1092 σου
1851 1036 2013 1107 φάγῃ
2035 1039 2144 1092 τὸν

557 1127 743 1196 ἄρτον
770 1141 908 1189 σου,
942 1125 1028 1178 ἵνα
1052 1124 1126 1194 μὴ
1157 1125 1185 1178 6
1208 1122 1370 1193 ἱδρὼς
1397 1118 1552 1185 οὗτος
1583 1125 1679 1177 καὶ
1711 1124 1739 1176 6
1770 1121 1966 1192 μόχθος
1989 1123 2086 1175 καὶ
2113 1121 2144 1173 6

561 1210 720 1272 πόνος
735 1208 1006 1279 ἀφόρητος
1098 1205 1424 1274 ἐπεκούφισε
1438 1206 1498 1258 16
1516 1205 1653 1277 βαρὺ
1668 1204 1759 1258 καὶ
1774 1204 2030 1275 φορτικὸν
2047 1203 2142 1256 τοῦ

561 1293 785 1363 ἱδρῶτος
813 1291 891 1361 τῷ
922 1290 1115 1360 πλήθει
1147 1290 1257 1343 τῶν
1275 1285 1617 1356 ἀλόγωντῶν
1647 1288 2144 1357 συνεφαπτομένων

559 1376 693 1444 ήμῖν
740 1372 834 1426 τοῦ
869 1371 1030 1426 πόνου
1082 1372 1303 1441 καὶτῆς
1348 1370 1727 1440 ταλαιπωρίας
1771 1370 1994 1440 ταύτης.
2035 1368 2145 1420 Καὶ

561 1453 813 1524 καθάπερ
846 1453 1114 1524 δεσπότης
1146 1451 1522 1522 φιλάνθρωπος
1559 1452 1651 1505 καὶ
1685 1449 2038 1521 κηδεμονικδς
2052 1448 2143 1502 τδν

560 1537 781 1606 οἰκέτην
818 1535 909 1588 τὸν
947 1535 1141 1588 ἑαυτοῦ
1178 1533 1460 1604 μαστίξας,
1492 1532 1789 1603 θεραπείαν
1817 1532 1941 1586 τινὰ
1971 1548 2144 1602 προσ-

562 1620 686 1686 άγει
715 1622 835 1683 ταῖς
858 1618 1128 1689 μάστιξιν·
1154 1617 1296 1671 οὕτω
1328 1618 1420 1671 καὶ
1463 1618 1493 1669 6
1521 1615 1655 1681 Θεὸς
1697 1617 1994 1688 καταδίκην
2021 1619 2144 1671 ἐπι-

563 1701 698 1766 θεὶς,
732 1704 892 1755 παντὶ
907 1701 1090 1772 τρόπῳ
1106 1701 1205 1772 τὴν
1242 1699 1538 1771 καταδίκην
1575 1700 1779 1770 ταύτην
1812 1699 2145 1769 κουφοτέραν

563 1783 810 1852 βούλεται
842 1785 1086 1856 ποιῆσαι,
1122 1783 1305 1855 ἰδρῶτι
1335 1785 1434 1855 μὲν
1461 1786 1613 1856 ἡμᾶς
1641 1783 2014 1847 καταδικάσας
2052 1785 2146 1837 καὶ

563 1867 710 1936 πόνῳ
729 1867 985 1939 διηνεκεῖ,
1037 1867 1128 1920 τοῦ
1181 1867 1235 1920 δὲ
1290 1868 1455 1920 πόνου
1489 1866 1926 1937 συνεφάπτεσθαι
1978 1866 2147 1920 πολλά

560 1950 670 2002 τῶν
700 1949 912 2018 ἀλόγων
942 1951 1074 2020 γένη
1105 1950 1536 2022 παρασκευάσας
1565 1951 1907 2022 ήμῖν.⁶Υπὲρ
1929 1951 1995 2021 δὴ
2019 1950 2144 2005 τού-

563 2049 671 2099 των
696 2035 951 2088 ἀπάντων
976 2035 1459 2106 εύχαριστήσωμεν
1481 2033 1648 2104 αὐτῷ·
1676 2035 1772 2088 καὶ
1795 2035 1905 2106 γάρ
1939 2036 1999 2088 16
2026 2035 2147 2088 δοῦ-

565 2131 650 2169 ναι
674 2116 772 2186 τὴν
799 2115 966 2187 τιμὴν
993 2119 1145 2187 ἡμῖν,
1178 2118 1273 2170 καὶ
1318 2117 1378 2170 16
1411 2115 1572 2170 πάλιν
1594 2116 1814 2185 ἀφελεῖν
1838 2119 1936 2188 τὴν
1959 2118 2144 2189 τιμὴν,

564 2198 657 2250 καὶ
682 2199 742 2249 16
793 2199 867 2269 μὴ
908 2199 1086 2253 πᾶσαν
1134 2201 1354 2268 ἀφελεῖν
1388 2199 1579 2269 αὐτὴν,
1609 2199 1704 2252 καὶ
1745 2201 1806 2253 τὸ
1852 2199 1945 2253 16v
1982 2200 2147 2270 φόϐον

567 2283 696 2354 ἡμῖν
727 2280 1020 2350 ἐπιστῆσαι
1069 2282 1176 2335 τῶν
1225 2281 1449 2352 θηρίων,
1499 2285 1591 2336 καὶ
1625 2284 1824 2346 πάντα,
1853 2283 1920 2336 άν
1952 2301 2036 2346 τις
2061 2284 2148 2348 ὲξ-

563 2361 750 2435 ετάζῃ,
776 2363 971 2434 πολλῆς
997 2363 1159 2435 γέμει
1190 2365 1400 2433 σοφίας,
1423 2364 1620 2438 πολλῆς
1636 2366 1980 2437 κηδεμονίας,
2018 2366 2149 2434 πολτ

567 2445 660 2514 λῆς
714 2446 1140 2518 φιλανθρωπίας·
1200 2443 1269 2520 ἧς
1318 2450 1528 2518 γένοιτο
1585 2451 1794 2512 πάντας
1826 2451 1974 2521 ἡμᾶς
2006 2451 2137 2504 ἀπο⁶

564 2529 747 2584 λαύειν
792 2531 1055 2602 διηνεκῶς
1099 2534 1178 2597 εἰς
1222 2533 1382 2600 δόξαν
1429 2533 1525 2587 τοῦ
1555 2532 1728 2587 ταῦτα
1767 2533 2146 2605 ἔργασαμένου

563 2611 720 2665 Θεοῦ·
736 2613 885 2683 αὐτῷ
913 2617 947 2686 ή
966 2614 1093 2681 δόξα
1119 2618 1198 2680 εἰς
1217 2617 1344 2679 τοὺς
1374 2616 1577 2680 αἰῶνας
1594 2615 1703 2670 τῶν
1725 2615 1934 2670 αἰώνων
1949 2617 2143 2687 Ἀμήν.

1188 2748 1407 2803 ΛΟΓΟΣ
1439 2752 1510 2804 Δ’.

569 2877 692 2954 Ὅτι,
712 2877 993 2954 δουλείας
1013 2882 1279 2954 τρόπους
1307 2881 1477 2954 τρεῖςΔ
1502 2881 1827 2954 εισήγαγεν
1867 2884 1908 2951 ἡ
1956 2882 2144 2954 ditat):

632 2949 732 3021 tl_a
756 2966 770 2981 ·
821 2949 920 3021 καὶ
964 2949 1116 3017 πρὸς
1153 2951 1297 3021 τοὺς
1325 2951 1607 3021 ῥᾳθύμως
1627 2949 2007 3020 ἀκούοντας,
2047 2949 2144 3008 καί

628 3016 714 3085 μὴ
746 3016 1036 3088 τιμῶντας·
1064 3018 1278 3088 γονεῖς.

633 3141 703 3188 α’.
739 3134 1040 3192 Ἠκούσατε
1068 3137 1214 3206 χθὲς,
1240 3138 1358 3202 πῶς
1399 3139 1497 3209 μὲν
1531 3140 1756 3211 ἐποίησε
1788 3140 2016 3211 βασιλέα
2053 3144 2148 3199 καὶ

564 3219 800 3289 ἄρχοντα
826 3220 934 3272 τῶν
989 3220 1195 3292 θηρίων
1241 3222 1333 3276 τὸν
1365 3222 1649 3293 ἄνθρωπον
1686 3227 1716 3278 6
1747 3224 1900 3290 Θεὸς,
1941 3225 2058 3292 mi;
2090 3227 2148 3281 δὲ

565 3299 726 3353 αὑτὸν
746 3301 907 3366 εὐθὺς
934 3302 1032 3372 τῆς
1068 3302 1344 3373 βασιλείας
1375 3304 1599 3370 ἐξέϐαλε
1618 3325 1632 3340 ·
1669 3307 1870 3378 μᾶλλον
1900 3309 1958 3363 δὲ
1993 3310 2093 3381 οὐχ
2119 3313 2149 3365 6

565 3382 718 3446 Θεὸς,
750 3383 1054 3448 ἀλλ”αύτδς
1084 3387 1274 3440 ἑαυτὸν
1312 3388 1400 3442 διὰ
1444 3388 1546 3460 τῆς
1589 3394 1876 3462 παρακοῆς
1925 3392 2147 3458 ἐξέϐαλε

565 3465 663 3532 τῆς
684 3466 868 3536 τιμῆς.
902 3467 975 3521 Τὸ
1022 3470 1122 3538 μὲν
1146 3469 1254 3541 γὰρ
1273 3473 1452 3541 τυχεῖν
1473 3472 1573 3542 τῆς
1611 3471 1905 3541 βασιλείας,
1928 3475 2028 3547 τῆς
2050 3475 2146 3530 τοῦ

566 3547 698 3632 Θεοῦ
726 3548 1134 3632 φιλανθρωπίας
1164 3553 1381 3621 ἐγένετο
1414 3555 1600 3625 μόνης.
1627 3557 1703 3609 Οὐ
1730 3556 1842 3628 γὰρ
1867 3559 2146 3632 κατορθωο

569 3630 755 3697 μάτων
787 3630 933 3702 αὐτῷ
980 3635 1181 3706 ταύτην
1240 3637 1407 3691 ἔδωκε
1459 3637 1557 3710 τὴν
1602 3638 1859 3711 ἀμοιϐὴν,
1891 3630 2027 3694 άλλά
2053 3644 2148 3696 καὶ

565 3712 697 3799 πρὶν
747 3713 1084 3799 ἢ-γενέσθαι,
1132 3719 1410 3791 ἐκόσμησε
1446 3724 1514 3793 τῇ
1563 3725 1720 3793 τιμῇ.
1778 3725 1896 3777 Ἵνα
1925 3725 2034 3797 γάρ
2071 3729 2146 3799 μὴ

565 3793 751 3866 λέγῃς,
783 3797 865 3851 ὄτι
895 3799 1034 3867 μετὰ
1079 3800 1252 3854 ταῦτα
1281 3802 1572 3874 γενόμενος
1601 3806 1630 3857 6
1673 3793 1980 3876 ἄνθρωπος,
2002 3793 2150 3864 ἐἶτα

567 3877 737 3931 πολλά
773 3883 1143 3954 κατορθώσας,
1171 3884 1344 3949 οὕτως
1377 3887 1727 3942 ἐπεσπάσατο
1766 3889 1858 3943 16v
1891 3891 2025 3946 Θεὸν
2069 3895 2149 3958 είς

567 3962 628 4044 16
651 3961 833 4017 δοῦναι
854 3965 1001 4037 αὐτῷ
1025 3967 1122 4041 τὴν
1149 3968 1255 4022 τῶν
1285 3969 1491 4041 θηρίων
1519 3972 1718 4044 ἀρχὴν,
1753 3973 1962 4044 μέλλων
1987 3976 2152 4030 αὐτὸν

567 4042 914 4099 διαπλάττειν
962 4050 1091 4120 περὶ
1133 4051 1234 4122 τῆς
1262 4053 1436 4124 ἀρχῆς
1468 4042 1979 4124 αὐτοῦ-διαλέγεται
2007 4056 2152 4112 οὕτω

567 4125 771 4194 λέγων·
799 4129 1152 4202 Ποιήσωμεν
1169 4132 1482 4203 ἄνθρωπον
1499 4138 1628 4191 κατ’
1657 4141 1865 4193 εἰκόνα
1893 4140 1991 4193 καί
2017 4143 2151 4197 καθ’

568 4209 856 4290 ὁμοίωσιν
890 4214 1204 4282 ἡμετέραν,
1243 4218 1340 4271 καί
1372 4219 1722 4286 ἀρχέτωσαν
1770 4220 1889 4275 τῶν
1930 4224 2152 4290 θηρίων

568 4289 682 4359 τῆς
710 4291 849 4375 τῆςο
871 4294 985 4366 Πρὸ
1011 4296 1110 4367 τῆς
1141 4298 1285 4369 ζωῆς
1315 4300 1523 4370 ἠτιμὴ.
1547 4301 1652 4370 πρὸ
1671 4303 1769 4372 τῆς
1791 4289 2149 4375 δημιουργίας

566 4376 598 4428 6
629 4373 911 4445 στέφανος,
945 4379 1038 4432 καὶ
1081 4382 1212 4453 πρὶν
1249 4380 1283 4451 ἢ
1316 4382 1588 4450 γενέσθαι,
1614 4384 1709 4436 ἐπὶ
1751 4386 1841 4438 16v
1874 4373 2150 4456 βασιλικὸν

566 4458 826 4525 ἀνάγεται
849 4460 1058 4532 θρόνον.
1099 4464 1406 4536 Ἄνθρωποι
1434 4467 1533 4536 μὲν
1565 4467 1675 4538 γὰρ
1700 4469 1828 4532 τοὺς
1855 4471 2150 4541 ὑποκειμέ-

567 4557 690 4602 νους
715 4542 899 4607 αὐτοῖς
920 4545 978 4597 ὲν
1006 4547 1217 4618 ἐσχάτῳ
1244 4548 1392 4619 γήρᾳ
1424 4550 1561 4618 μετὰ
1583 4549 1812 4612 πολλοὺς
1839 4551 2034 4616 πόνους
2056 4553 2152 4606 καὶ

572 4623 800 4692 μυρίους
825 4626 1121 4692 κινδύνους,
1142 4629 1269 4690 τοὺς
1299 4632 1356 4682 ὲν
1387 4631 1597 4702 εἰρήνῃ,
1621 4635 1749 4695 τοὺς
1779 4634 1836 4684 ὲν
1872 4633 2148 4705 πολέμοις,

569 4705 691 4791 τότε
728 4707 963 4776 τιμῶσιν
985 4724 1000 4740 ·
1033 4713 1062 4764 6
1091 4711 1148 4763 δὲ
1176 4711 1307 4775 Θεὸς
1331 4714 1430 4783 οὐχ
1455 4713 1628 4778 οὕτως
1645 4758 1661 4780 ,
1685 4715 1797 4769 ἀλλ’
1829 4717 2032 4781 εὐθέως
2053 4735 2149 4791 γε·

571 4789 794 4859 νόμενον
827 4791 990 4844 αὐτὸν
1021 4792 1114 4844 επὶ
1151 4793 1250 4866 τὴν
1279 4796 1446 4866 τιμὴν
1478 4797 1682 4866 ταύτην
1710 4799 1907 4867 ἦγαγε,
1937 4789 2150 4864 δεικνὺς

572 4872 654 4925 ὅτι
677 4874 737 4925 οὐ
762 4874 1201 4947 κατορθωμάτων
1219 4878 1367 4931 ἐστὶν
1388 4878 1592 4950 ἀμοιϐὴ
1613 4879 1675 4932 16
1690 4881 1997 4949 γινόμενον,
2016 4882 2155 4936 ἀλλά

572 4954 694 5011 θεία
725 4959 903 5029 χάρις,
926 4960 1022 5015 καὶ
1051 4960 1152 5014 οὐκ
1179 4960 1391 5032 όφειλή.
1424 4962 1498 5015 Τὸ
1528 4964 1629 5033 μὲν
1656 4958 1750 5017 οὗν
1775 4965 1962 5018 λαϐεῖν
1991 4966 2153 5020 αὑτὸν

573 5037 671 5110 τὴν
691 5039 885 5112 ἀρχὴν,
910 5043 1021 5097 άπὸ
1055 5043 1154 5115 τῆς
1181 5043 1274 5097 τοῦ
1319 5044 1455 5098 Θεοῦ
1485 5043 1898 5118 φιλανθρωπίας
1937 5049 2154 5117 ἐγένετο

579 5123 747 5193 μόνης
768 5140 782 5153 ·
822 5124 884 5177 16
909 5123 965 5178 δὲ
989 5126 1242 5179 ἐκπεσεῖν
1263 5127 1361 5196 τῆς
1385 5128 1562 5197 ἀρχῆς
1594 5141 1617 5169 ι
1637 5168 1652 5194 ,
1702 5131 1812 5184 ἀπὸ
1841 5131 1942 5202 τῆς
1987 5131 2153 5185 αὐτοῦ

577 5205 1081 5279 ρᾳθυμίας.Ὦσπερ
1110 5209 1223 5281 γὰρ
1241 5211 1289 5262 οἰ
1318 5209 1556 5279 βασιλεῖς
1582 5215 1706 5277 τοὺς
1729 5215 1827 5285 οὐχ
1854 5215 2155 5269 ὑπακούον-

573 5305 675 5350 τας
730 5292 842 5353 τοῖς
902 5292 1081 5344 αὐτῶν
1123 5293 1508 5364 προστάγμασι
1548 5296 1884 5366 παραλύουσι
1915 5298 2014 5366 τῆς
2050 5297 2154 5368 ἀρ-

575 5372 676 5442 χῆς
699 5385 715 5401 ⁹
739 5371 883 5426 οὕτω
912 5375 1006 5428 καὶ
1040 5375 1068 5426 6
1113 5373 1246 5439 Θεὸς
1285 5376 1540 5446 ἐποίησεν
1579 5379 1670 5430 ἐπὶ
1715 5378 1808 5432 τοῦ
1841 5380 2152 5451 ἀνθρώπου,

575 5453 696 5505 τότε
722 5453 1033 5528 παραλύσας
1061 5457 1225 5510 αὐτὸν
1249 5458 1346 5529 τῆς
1361 5461 1554 5531 ἀρχῆς.
1585 5462 1905 5530 ’Δναγκαῖον
1926 5461 2151 5536 δὲ[659]

576 5537 818 5608 σήμερον
846 5540 1042 5607 εἰπεῖν,
1070 5541 1246 5614 πόσην
1269 5544 1363 5598 καὶ
1391 5543 1557 5615 ἀλλην
1587 5544 1749 5616 τιμὴν
1779 5547 1942 5618 ὴτῆς
1970 5548 2157 5620 ἀμαρ-

576 5628 697 5684 xta;
725 5622 1011 5692 παρείλετο
1058 5622 1240 5693 φύσις,
1288 5625 1383 5695 καὶ
1429 5626 1588 5690 ὅσους
1619 5626 1862 5692 δουλείας
1893 5631 2152 5701 εἰσήγαγε

647 5819 662 5836 ³
695 5809 814 5872 Reg.
844 5823 968 5857 unus
990 5811 1046 5858 τὸ
1067 5811 1118 5860 δὲ
1143 5811 1356 5860 ἐκϐαλεῖν
1381 5814 1521 5861 αὐτὸν
1541 5820 1623 5871 τῆς
1641 5816 1788 5879 ἀρχῆς

1250 430 1306 483 S.
1346 424 1631 481 JUAMIIS
1665 415 2164 477 CIIRYSOSTOIII
2197 413 2527 473 ARCHIEP.
2565 414 3119 473 CONSTASTINUP.

3728 419 3837 476 59-6

2242 534 2499 604 τρόπους,
2523 533 2713 605 ὥσπερ
2731 551 2815 599 τις
2839 534 3106 607 τύραννος
3127 536 3184 588 ἐν
3207 534 3568 604 πολυτρόποις
3588 535 3848 606 δεσμοῖς,

2236 619 2360 681 ταῖς
2392 618 2760 682 παντοδαπαῖς
2806 619 3005 690 ἀρχαῖς
3043 617 3141 690 τὴν
3187 619 3464 690 ἡμετέραν
3491 617 3838 687 δεσμεύουσα

2240 701 2423 770 φύσιν.
2459 701 2614 754 Ἔστι
2646 700 2831 754 τοίνυν
2861 702 3006 773 ἀρχὴ
3045 704 3143 755 καί
3195 702 3410 756 δουλεία
3461 699 3675 773 πρώτη.
3711 699 3841 754 καθ’

2238 783 2307 854 ὴν
2335 784 2432 838 καὶ
2461 783 2737 853 γυναικῶν
2779 786 2827 837 οἰ
2870 785 3062 856 ἀνδρες
3095 783 3390 856 κρατοῦσι·
3429 784 3570 854 μετά
3595 784 3708 855 γάρ
3737 785 3843 854 τὴν

2241 867 2518 938 ἁμαρτίαν
2545 869 2578 938 ὴ
2614 867 2819 939 ταύτης
2851 868 3070 937 ἐγένετο
3090 868 3270 940 χρεία.
3308 869 3423 938 Πρὸ
3454 869 3563 938 γάρ
3590 868 3691 937 τῆς
3731 884 3843 920 πα-

2243 950 2452 1022 ρακοῆς
2483 951 2746 1022 ὁμότιμος
2773 946 2844 1023 ἦν
2875 949 2954 1017 τῷ
3002 950 3190 1022 ἀνδρί·
3245 951 3340 1004 καὶ
3372 951 3482 1022 γὰρ
3508 953 3598 1005 ὅτε
3627 950 3843 1021 ταύτην

2240 1032 2556 1088 διέπλαττεν
2586 1036 2617 1087 6
2647 1035 2801 1098 Θεὸς,
2827 1030 2912 1099 οἷς
2937 1036 3211 1106 ἐχρήσατο
3241 1036 3453 1106 ῥήμασι
3487 1036 3583 1089 καί
3616 1035 3712 1087 ἐπὶ
3738 1034 3846 1104 τῆς

2243 1114 2584 1178 διαπλάσεως
2604 1117 2699 1170 τοῦ
2717 1116 2931 1187 ἀνδρὸς,
2961 1117 3171 1180 τούτοις
3203 1117 3299 1170 καὶ
3328 1117 3422 1170 έπί
3447 1116 3552 1185 τῆς
3579 1116 3846 1186 δημιουρ-

2242 1198 2368 1266 γίας
2386 1197 2484 1267 τῆς
2505 1199 2963 1265 γυναικός.Ὦσπε
2971 1216 3001 1268 ρ
3020 1193 3115 1252 οὖν
3135 1194 3290 1252 εἶπεν
3309 1199 3397 1252 ἐπ’
3416 1198 3630 1268 ἐκείνῳ,
3659 1195 3845 1263 Ποιή-

2241 1292 2444 1345 σωμεν
2477 1277 2799 1346 ἄνθρωπον
2831 1283 2958 1333 κατ’
2991 1282 3202 1335 εἰκόνα
3259 1281 3362 1334 καί
3397 1281 3529 1333 καθ’
3547 1281 3850 1348 ὁμοίωσιν

2242 1361 2560 1431 ἡμετέραν,
2589 1363 2683 1416 καὶ
2711 1363 2810 1416 οὐκ
2842 1359 2986 1428 εἷπε,
3019 1361 3310 1435 Γενηθήτω
3337 1362 3628 1435 ἄνθρωπος
3649 1379 3664 1392 ·
3694 1360 3851 1416 οὕτω

2243 1444 2342 1498 καὶ
2374 1445 2467 1498 ἐπὶ
2498 1443 2702 1514 ταύτης
2732 1445 2836 1498 οὐκ
2869 1440 3014 1507 εἷπε,
3047 1440 3338 1517 Γενηθήτω
3385 1446 3546 1515 γυνὴ,
3578 1443 3718 1499 ἀλλά
3747 1445 3852 1498 καὶ

2243 1526 2501 1592 ἐνταῦθα,
2537 1528 2893 1597 Ποιήσωμεν
2920 1525 3084 1594 αὐτῷ
3106 1529 3343 1598 ,βοηθόν
3360 1547 3376 1562 ·
3406 1531 3502 1585 καί
3524 1531 3624 1600 οὐχ
3651 1529 3852 1594 ἁπλῶς

2246 1611 2465 1684 βοηθδν,
2485 1611 2643 1672 ἀλλά,
2675 1615 2817 1668 Κατ’
2840 1614 3052 1680 αὐτόν,
3077 1613 3241 1668 πάλιν
3268 1613 3331 1668 16
3350 1614 3613 1684 ὁμότιμον
3639 1611 3848 1684 δηλῶν.

2245 1695 2464 1768 Ἐπειδὴ
2483 1697 2594 1767 γάρ
2620 1696 2820 1768 πολλὴν
2851 1699 2932 1760 εἰς
2955 1698 3057 1769 τὴν
3077 1697 3178 1769 τῆς
3202 1696 3351 1767 ζωῆς
3375 1697 3534 1769 ήμῶν
3561 1696 3756 1768 χρείαν
3779 1696 3853 1751 τὰ

2244 1778 2415 1846 ἄλογα
2437 1777 2535 1848 τὴν
2564 1779 2665 1849 τῆς
2695 1778 2946 1850 βοηθείας
2987 1780 3250 1850 εἰσήγαγε
3302 1780 3612 1844 κοινωνίαν,
3647 1780 3740 1832 ἵνα
3769 1777 3851 1849 μὴ

2243 1861 2355 1915 τῶν
2386 1861 2590 1914 δούλων
2623 1861 2854 1934 νομίσῃς
2883 1858 3022 1916 εἶναι
3055 1862 3152 1916 καὶ
3173 1861 3272 1932 τὴν
3299 1863 3555 1930 γυναῖκα,
3586 1862 3691 1933 ὅρα
3727 1859 3852 1923 πῶς

2246 1945 2392 1998 ποιεῖ
2417 1943 2516 2014 τὴν
2537 1942 2811 2015 διάκρισιν
2849 1945 3116 2016 φανεράν.
3161 1946 3384 2015 Ἤτατε
3414 1946 3488 1997 τὰ
3513 1946 3716 2012 θηρία,
3747 1959 3852 2013 φη·

2249 2027 2355 2090 σὶν,
2380 2025 2640 2081 ἐνώπιον
2664 2027 2775 2082 τοῦ
2813 2027 3017 2098 Ἀδὰμ,
3057 2029 3155 2082 καί
3205 2030 3317 2096 οὐχ
3362 2027 3575 2097 εὑρέθη
3607 2027 3851 2094 βοηθὸς

2247 2109 2447 2177 ὅμοιος
2470 2107 2630 2174 αὐτῷ
2652 2109 2780 2162 κατ’
2803 2111 3011 2164 αὐτόν.
3040 2111 3106 2163 Τί
3127 2105 3220 2163 οὖν
3240 2127 3255 2176 ;
3277 2112 3308 2165 6
3328 2110 3496 2174 ἵππος
3533 2112 3595 2164 οὐ
3623 2110 3851 2183 βοηθὸς,

2250 2195 2845 2268 συμπαραταττόμενος
2870 2199 2928 2250 ἐν
2956 2200 3067 2261 τοῖς
3090 2197 3380 2268 πολέμοις;
3412 2200 3441 2252 6
3472 2198 3598 2268 βοῦς
3625 2199 3688 2252 οὐ
3712 2197 3852 2270 βοηο

2248 2282 2362 2348 06;,
2393 2281 2524 2352 ἀροτ
2534 2299 2626 2352 ρον
2650 2283 2825 2336 ἕλκων
2855 2284 2950 2336 καὶ
2982 2283 3317 2356 συγκάμνων
3341 2285 3473 2355 ἡμῖν
3493 2286 3551 2339 ὲν
3583 2287 3708 2349 ταῖς
3736 2283 3852 2339 τῶν

2249 2368 2585 2440 σπερμάτων
2616 2369 2946 2434 καταϐολαῖς
2971 2388 2986 2436 ;
3016 2370 3138 2434 δνος
3166 2371 3262 2426 καὶ
3291 2371 3519 2443 ἡμίονος
3539 2374 3601 2426 ού
3632 2372 3851 2444 βοηθοὶ,

2247 2459 2384 2531 πρὸς
2411 2461 2510 2533 τὴν
2539 2459 2649 2512 τῶν
2673 2459 2976 2529 ἀγωγίμων
3013 2461 3150 2530 ήμῖν
3179 2461 3631 2532 συμπράττοντες
3677 2478 3850 2530 μετα.

2248 2550 2512 2622 κομιδήνς
2557 2547 2697 2602 Ἀλλ’
2724 2549 2811 2602 ἴνα
2835 2547 2912 2619 μὴ
2935 2546 3096 2602 τοῦτο
3123 2548 3309 2621 λέγῃς,
3334 2549 3424 2604 διά
3449 2550 3606 2604 τοῦτο
3637 2550 3849 2622 ἀκριϐῆ

2248 2639 2486 2692 ποιεῖται
2533 2635 2630 2707 τὴν
2665 2633 2951 2706 διαίρεσιν.
2998 2632 3137 2690 Οὐδὲ
3169 2635 3279 2708 γάρ
3318 2632 3472 2690 εἶπεν
3519 2637 3732 2701 ἀπλῶς,
3761 2637 3850 2692 ὅτι

2247 2725 2346 2794 οὐχ
2378 2723 2580 2796 εὑρέθη
2610 2723 2762 2793 αὑτῷ
2789 2723 3004 2794 βοηθὸς,
3037 2724 3155 2779 ἀλλ’
3180 2726 3264 2779 ὃτι
3301 2727 3427 2796 οὐχ
3454 2727 3669 2796 εὑρέθη
3691 2727 3849 2795 ,βοη-

2248 2811 2353 2877 θὸς
2390 2811 2595 2880 ὅμοιος
2624 2809 2809 2876 αὐτῷ.
2855 2808 3022 2865 Οὕτω
3076 2813 3168 2868 καὶ
3219 2812 3476 2877 ἐνταῦθα,
3517 2813 3850 2885 Ποιήσωμεν

2247 2899 2400 2970 αὐτῷ
2431 2896 2650 2970 βοηθὸν,
2695 2897 2795 2969 οὐχ
2842 2897 3054 2963 ἀπλῶς,
3103 2898 3264 2965 ἀλλά,
3299 2899 3655 2970 Ποιήσωμεν
3681 2901 3852 2968 αὐτῷ
3884 2951 3892 2968 _

2242 2985 2478 3052 ,βοηθὸν
2502 2984 2632 3038 κατ’
2661 2984 2870 3047 αὑτὸν,
2908 2979 3054 3042 εἶπε.
3085 2985 3272 3040 Ταῦτα
3296 2987 3356 3040 δὲ
3388 2988 3494 3058 πρὸ
3527 2987 3627 3058 τῆς
3658 2989 3849 3060 ἁμαρ-
3893 2985 3895 2988 ’

2247 3073 2370 3136 τίας
2392 3087 2409 3104 ·
2450 3071 2665 3141 μετάδὲ
2686 3071 2788 3143 τὴν
2825 3072 3103 3144 ἁμαρτίαν
3123 3115 3138 3138 ,
3188 3076 3347 3142 Πρὸς
3368 3074 3477 3128 τὸν
3503 3074 3694 3144 ἄνδρα
3724 3091 3850 3130 σου

2248 3159 2288 3225 ἡ
2339 3158 2699 3228 ἀποστροφή
2745 3173 2864 3214 σου
2888 3201 2905 3225 ,
2952 3161 3052 3214 καί
3102 3161 3289 3227 αὐτός
3340 3175 3459 3216 σου
3510 3163 3846 3230 κυριεύσει.

2250 3243 2517 3316 Ἐποίησά
2546 3261 2627 3308 σε,
2653 3247 2842 3316 φησὶν.
2868 3245 3163 3317 ὁμότιμον·
3195 3246 3296 3300 οὐκ
3321 3247 3542 3320 ἐχρήσω
3565 3248 3749 3314 καλῶς
3773 3251 3847 3324 τῇ

2251 3334 2394 3403 ἀρχῇ
2417 3349 2430 3362 ·
2460 3331 2732 3402 μετάϐηθι
2764 3332 2901 3402 πρὸς
2932 3331 3033 3404 τὴν
3083 3332 3392 3405 ὑποταγὴν.
3440 3333 3557 3388 οὐκ
3605 3335 3850 3406 ἧνεγκας

2248 3421 2347 3493 τὴν
2381 3419 2716 3489 ἐλευθερίαν,
2745 3417 3038 3484 κατάδεξαι
3085 3420 3182 3491 τὴν
3207 3420 3470 3475 δουλείαν.
3535 3423 3652 3476 οὐκ
3683 3416 3852 3487 «οἶδας

2249 3507 2461 3579 ἄρχειν,
2499 3507 2593 3560 καὶ
2632 3505 2701 3561 δι’
2735 3506 2907 3578 αὐτῆς
2951 3505 3061 3560 τῶν
3109 3507 3455 3578 πραγμάτων
3501 3508 3711 3573 ἔδειξας
3741 3507 3852 3580 τῆς

2248 3594 2480 3665 στείρας·
2514 3593 2675 3663 γενοῦ
2730 3593 2840 3647 τῶν
2890 3592 3235 3664 ἀρχομένων,
3271 3595 3368 3648 καὶ
3410 3594 3500 3648 τδν
3528 3594 3699 3666 ἄνδρα
3726 3595 3851 3650 61:!-

2249 3680 2420 3749 γνωθι
2448 3679 2661 3753 κύριον.
2689 3679 2846 3749 Πρὸς
2887 3679 2998 3734 τὸν
3025 3678 3218 3750 ἄνδρα
3243 3696 3362 3735 σου
3398 3681 3438 3748 ἠ
3487 3681 3850 3752 ἀποστροφή

2251 3783 2392 3833 σου,
2417 3766 2519 3820 καί
2548 3766 2732 3833 αὐτός
2761 3781 2879 3821 σου
2913 3766 3239 3835 κυριεύσει.
3286 3767 3399 3820 Καὶ
3450 3767 3553 3838 δρα
3591 3767 3726 3821 Θεοῦ
3760 3770 3852 3822 έν-

2250 3851 2426 3906 ταῦθα
2465 3851 2900 3924 φιλανθρωπίαν.
2953 3851 3072 3906 ἰνα
3129 3851 3240 3922 γὰρ
3295 3852 3371 3924 μὴ
3434 3854 3718 3908 ἀκούσασα
3759 3853 3851 3918 τδ,

2251 3942 2444 4008 Αὐτός
2469 3958 2589 3996 σου
2615 3942 2941 4009 κυριεύσει,
2957 3941 3223 4013 φορτικὴν
3251 3937 3390 3997 εῖναι
3412 3943 3612 4016 νομίσῃ
3629 3942 3732 4014 τὴν
3759 3942 3856 3998 δε-

2255 4026 2536 4093 σποτείαν,
2568 4028 2837 4099 πρότερον
2860 4029 2922 4081 16
2945 4027 3043 4098 τῆς
3075 4028 3405 4100 κηδεμονίας
3431 4029 3642 4101 ίέθηκεν
3672 4030 3853 4102 ϐνομα

2251 4115 2441 4180 εἰπὼν,
2477 4116 2638 4184 Πρὸς
2669 4117 2780 4170 τὸν
2836 4116 3029 4186 ἄνδρα
3077 4133 3196 4171 σου
3231 4119 3266 4185 ἡ
3315 4116 3672 4188 ἀποστροφή
3699 4133 3852 4185 σου,

2250 4202 2938 4275 τουτέστιν,Ἧ,καταφυγή
2971 4220 3066 4256 σου
3098 4204 3192 4256 καὶ
3220 4204 3248 4255 6
3268 4203 3433 4275 λιμὴν
3459 4205 3554 4258 καὶ
3592 4206 3627 4276 ή
3662 4204 3851 4275 ἀσφά-

2250 4290 2368 4343 λεια
2402 4291 2607 4354 ἐκεῖνος
2648 4289 2800 4344 ἔσται
2831 4307 2915 4344 σοι
2936 4308 2949 4320 ·
2982 4293 3038 4344 ὲν
3065 4292 3199 4344 πᾶσι
3231 4294 3344 4354 τοῖς
3391 4290 3609 4346 ἐπιοῦσι
3647 4291 3852 4360 δεινοῖς

2253 4377 2390 4448 πρὸς
2415 4378 2625 4431 ἐκεῖνον
2649 4377 3095 4449 ἀποστρέφεσθαι
3125 4378 3223 4432 καὶ
3247 4379 3613 4449 καταφεύγειν
3657 4397 3742 4434 σοι
3768 4378 3850 4435 δί-

2252 4461 2393 4532 δωμι
2412 4463 2462 4516 δ.
2493 4463 2570 4516 Ού
2591 4462 2768 4534 ταύτῃ
2792 4463 2849 4516 δι
2876 4463 3060 4534 μόνον,
3083 4464 3222 4518 ἀλλά
3243 4466 3337 4519 καὶ
3357 4469 3618 4535 φυσικαῖς
3642 4467 3854 4532 αὐτοὺς

2255 4548 2545 4619 συνέδησεν
2575 4551 2845 4618 ἀνάγκαις
2875 4550 3130 4622 καθάπερ
3152 4553 3432 4623 ἄρρηκτόν
3472 4569 3592 4606 τινα
3620 4552 3850 4624 δεσμόν,

2251 4640 2352 4711 τὴν
2379 4642 2444 4694 ἐκ
2467 4641 2566 4711 τῆς
2590 4641 2888 4712 ἐπιθυμίας
2908 4642 3220 4711 περιϐαλὼν
3242 4644 3424 4708 αὐτοῖς
3455 4643 3666 4698 ἅλυσιν.
3691 4640 3853 4711 Εἶδες

2253 4729 2372 4791 πῶς
2397 4729 2664 4799 εἰσήγαγε
2689 4730 2790 4799 μὲν
2815 4729 2912 4800 τὴν
2937 4730 3219 4802 ὑποταγὴν
3254 4732 3287 4802 ὴ
3313 4732 3580 4804 ἁμαρτία,
3609 4735 3639 4786 6
3672 4732 3732 4788 δὶ
3761 4734 3856 4788 εύ-

2257 4817 2497 4886 μήχανος
2531 4817 2625 4870 καὶ
2654 4817 2817 4885 σοφὸς
2843 4816 2977 4882 Θεὸς
3012 4819 3108 4871 καὶ
3144 4818 3356 4882 τούτοις
3386 4821 3524 4892 πρὸς
3554 4820 3615 4874 16
3640 4824 3856 4893 συμφι-

2256 4917 2351 4973 ρον
2386 4904 2521 4973 ὴμῖν
2561 4903 2950 4972 άπεχρήσατος
2986 4904 3256 4957 Ἄκουσον
3311 4905 3430 4970 πῶς
3478 4907 3576 4960 καὶ
3632 4909 3852 4974 Παῦλος

2256 4992 2385 5061 περί
2413 4989 2620 5059 ταύτης
2648 4990 2798 5059 λέγει
2825 4990 2925 5062 τῆς
2955 4990 3239 5063 ὑποταγῆς
3264 5032 3282 5056 ,
3341 4993 3429 5047 ἵνα
3465 4993 3647 5069 μάθῃς
3684 4996 3855 5051 πάλιν

2257 5078 2500 5140 Παλαιᾶς
2539 5075 2692 5150 [660]
2746 5079 2843 5132 καί⁵
2902 5078 3113 5150 Καινῆς
3154 5080 3254 5152 τὴν
3277 5082 3620 5152 συμφωνίαν.
3650 5085 3852 5154 Γυνὴ,

2256 5169 2443 5238 φησὶν,
2466 5167 2539 5220 ἐν
2566 5168 2799 5236 ἠσυχίᾳ
2833 5167 3182 5234 μανθανέτω
3205 5170 3278 5222 ὲν
3309 5170 3478 5239 πάσῃ
3504 5171 3811 5244 ὑποταγῇ.

2325 5250 2481 5319 Εἶδες
2507 5255 2604 5309 καὶ
2623 5255 2786 5308 αὐτὸν
2807 5255 3154 5320 ὑποτάξαντα
3180 5255 3261 5328 τῷ
3281 5257 3437 5329 ἀνδρὶ
3455 5259 3557 5330 τὴν
3573 5263 3850 5328 γυναῖκας

2267 5343 2407 5396 Ἀλλ’
2445 5343 2760 5413 ἀνάμεινον,
2795 5342 2892 5397 καὶ
2923 5345 3024 5415 τὴν
3049 5343 3230 5399 αἰτίαν
3255 5347 3488 5419 ἀκούσῃ.
3519 5347 3618 5401 Διὰ
3643 5349 3721 5416 τί,
3748 5348 3854 5404 ἐν

2255 5430 2424 5499 πάσῃ
2465 5429 2739 5499 ὑποταγῇ
2756 5446 2776 5494 ;
2813 5431 3086 5486 Γυναῖκα
3123 5443 3146 5472 ε
3176 5433 3308 5505 γὰρ,
3351 5434 3505 5505 φησί,
3533 5434 3855 5494 διδάσκειν

2255 5523 2366 5576 οὐκ
2410 5521 2724 5589 ἐπιτρέπω.
2777 5519 2880 5575 Διὰ
2906 5522 2991 5588 τί;
3028 5522 3266 5589 Ἐδίδαξε
3321 5526 3431 5594 γὰρ
3477 5525 3625 5593 άπαξ
3658 5529 3854 5594 κακῶς

2254 5610 2347 5663 τὸν
2379 5610 2570 5679 Ἀδάμ.
2603 5608 2758 5664 Οὐδὲ
2777 5610 3092 5665 αὐθεντεῖν
3118 5612 3229 5667 τοῦ
3247 5613 3488 5681 ἀνδρός.
3520 5615 3587 5669 Τί
3603 5616 3849 5682 δήποτες

2319 5765 2348 5805 ι)
2372 5766 2497 5829 Reg.
2523 5777 2650 5814 unus
2669 5762 2726 5813 σὲ
2746 5763 2919 5829 δίδωμι

2321 5831 2342 5859 δ
2372 5827 2494 5890 Reg.
2521 5829 2651 5876 Idem
2674 5827 2875 5888 γυναικί.
