4086 6460
160 499 256 556 595
1449 492 1513 548 IN
1552 487 1857 547 GENESIM
1894 487 2129 546 SERHO
2154 488 2244 547 IV.

159 606 517 666 mandemus:
543 609 762 681 reliquit
785 618 842 666 et
862 605 1222 678 subjugalium
1254 606 1418 662 multa
1448 619 1669 676 genera,
1703 610 1763 658 ut

153 700 212 756 ad
234 701 478 758 sarcinas
497 700 878 760 convehendas
893 699 1135 755 laborem
1155 698 1432 753 nobiscum
1455 703 1762 752 exanttent:

152 793 363 865 reliquit
389 796 571 851 ovium
601 809 810 866 greges,
840 802 898 848 ut
923 791 1218 848 habeamus
1239 832 1256 856 ,
1285 805 1407 861 qua:
1435 789 1502 845 ad
1533 802 1633 844 nos
1663 803 1761 844 ve-

151 886 388 944 stiendos
407 886 676 943 sufﬁciant
697 902 714 943 :
737 887 957 959 reliquit
975 896 1030 942 et
1046 885 1148 940 alia
1164 899 1360 956 genera
1381 881 1758 946 animantium,

147 991 210 1030 ex
239 977 442 1048 quibus
462 978 628 1034 multa
658 978 711 1033 in
734 986 951 1033 nostros
972 991 1102 1031 usus
1121 973 1404 1032 commoda
1425 973 1756 1029 derivantur.

149 1064 272 1121 Nam
312 1067 442 1138 quia
471 1068 599 1122 dum
631 1067 905 1123 hominem
943 1067 1158 1136 puniret
1195 1065 1409 1121 dixerat
1436 1083 1450 1118 :
1479 1061 1546 1118 In
1573 1063 1764 1118 sudore

145 1157 311 1213 saltas
343 1159 421 1213 tui
453 1160 665 1214 vesceris
695 1176 828 1229 pane
855 1169 942 1212 tuo
972 1157 1128 1231 (Gen.
1159 1157 1213 1213 '5.
1245 1155 1336 1226 l9)
1368 1175 1382 1211 :
1415 1168 1472 1211 ut
1498 1171 1568 1211 ne
1595 1155 1762 1211 sudor

143 1262 206 1303 ac
245 1249 407 1304 labor
444 1249 547 1305 iste
589 1250 945 1306 intolerabilis
981 1261 1121 1305 esset
1152 1290 1167 1314 ,
1199 1247 1414 1304 sudoris
1453 1245 1758 1303 molestiam

146 1339 458 1413 laborisque
491 1344 808 1414 gravitatem
835 1342 1206 1412 jumentorum
1239 1341 1582 1396 multitudine
1610 1341 1757 1396 leva-

143 1435 252 1502 vit,
287 1451 414 1506 qua:
442 1452 546 1491 una
579 1435 858 1492 nobiscum
891 1436 1138 1492 laborant
1171 1444 1226 1490 et
1255 1435 1532 1490 molestias
1557 1432 1755 1488 lerunt.

144 1526 208 1582 Et
232 1527 694 1598 quemadmodum
723 1528 989 1601 benignus
1015 1543 1080 1584 ac
1106 1526 1360 1598 providus
1389 1527 1553 1584 herus
1577 1526 1762 1598 ﬂagel-

144 1618 250 1675 lato
278 1635 445 1676 servo
467 1635 654 1676 curam
676 1621 910 1694 aliquam
936 1635 1229 1690 cOngruam
1251 1620 1477 1693 ﬂagellis
1496 1620 1715 1678 adhibet
1743 1639 1758 1676 :

141 1709 220 1766 sic
262 1711 524 1767 imirum
571 1712 659 1768 tibi
701 1728 914 1785 poenam
955 1729 1051 1769 reo
1090 1714 1346 1782 imposuit
1391 1713 1572 1779 Deus,
1611 1712 1758 1768 omni

142 1801 356 1857 ratione
384 1817 600 1872 pa-nam
640 1803 795 1858 istam
841 1802 1102 1860 leviorem
1131 1803 1364 1860 reddere
1392 1804 1562 1859 voluit
1580 1846 1598 1871 ,
1623 1803 1754 1860 dum

141 1890 207 1946 ad
235 1891 494 1948 sudorem
524 1909 624 1949 nos
649 1894 997 1966 laboremque
1035 1905 1350 1965 perpetuum
1376 1895 1664 1952 damnatos
1700 1896 1754 1952 in

142 1981 328 2040 labore
353 1972 560 2040 curavit
587 1985 810 2042 lerendo
833 2002 862 2040 a
886 1988 1068 2042 multis
1091 1989 1381 2059 generibus
1405 1989 1758 2046 animantium

140 2073 409 2144 adjuvari.
455 2075 563 2131 Pro
601 2076 684 2131 his
721 2092 852 2132 sane
891 2079 1144 2133 omnibus
1172 2079 1220 2133 ei
1260 2081 1462 2149 gratias
1491 2095 1754 2150 agamus:

139 2179 264 2219 nam
292 2165 440 2235 quod
469 2166 727 2223 honorem
752 2169 908 2223 nobis
927 2171 1173 2237 contulit,
1201 2185 1267 2225 ac
1288 2186 1476 2226 rursus
1497 2171 1760 2228 honorem

137 2256 360 2326 eripuit,
391 2266 448 2313 et
475 2273 581 2314 non
606 2274 823 2315 omnem
853 2261 1048 2330 eripuit
1075 2261 1272 2332 ipsum,
1303 2272 1358 2316 et
1382 2263 1526 2334 quod
1557 2263 1758 2320 bestia-

139 2361 259 2400 rum
289 2348 542 2404 timorem
573 2350 814 2415 immisit,
841 2361 898 2406 et
922 2353 1125 2418 omnia,
1153 2353 1199 2408 si
1227 2352 1349 2424 quis
1373 2354 1644 2410 examinet
1670 2371 1758 2421 ea,

139 2437 366 2493 multam
389 2441 729 2512 sapientiam,
751 2443 972 2498 multam
996 2444 1410 2514 providentiam,
1427 2447 1760 2517 multamque

135 2526 486 2586 clementiam
527 2547 639 2604 prae
675 2549 738 2588 se
768 2533 949 2590 ferunt
996 2553 1008 2589 :
1054 2551 1158 2603 qua
1193 2535 1348 2592 nobis
1376 2537 1629 2593 omnibus
1657 2537 1761 2594 frui

139 2632 411 2690 perpetuo
445 2625 724 2694 contingat
766 2625 818 2679 in
865 2625 956 2682 Dei
993 2627 1218 2698 gloriam
1243 2669 1261 2695 ,
1292 2629 1383 2700 qui
1424 2628 1541 2684 htec
1574 2631 1759 2686 omnia

137 2711 374 2778 perfecit
404 2727 420 2765 :
451 2713 551 2783 ipsi
581 2715 752 2786 gloria
787 2717 840 2770 in
867 2717 1063 2771 smeola
1094 2719 1436 2774 szeculorum.
1474 2721 1668 2775 Amen.

725 2868 960 2925 sunto
987 2870 1052 2926 tv
1083 2870 1182 2944 (a).

135 2995 298 3064 Quod
350 3001 611 3056 seruitutis
638 3003 815 3057 modos
863 3014 964 3058 tres
1007 3005 1272 3062 induxerit
1302 3019 1565 3078 peccatum
1590 3025 1610 3064 :
1639 3021 1687 3066 et
1708 3013 1762 3065 in

206 3091 529 3163 negligentes
558 3094 820 3149 auditores
840 3136 854 3158 ,
886 3112 1072 3164 eosque
1118 3099 1207 3169 qui
1242 3112 1478 3170 parentes
1525 3119 1629 3156 non
1658 3103 1758 3156 ho-

205 3195 422 3239 κοναπι.

206 3318 232 3372 1
249 3357 264 3372 .
298 3315 513 3374 Honore
532 3321 682 3390 allicit
701 3322 933 3379 subditos
951 3341 1072 3380 suos
1104 3325 1262 3395 Deus,
1284 3330 1636 3400 quomodm—
1649 3333 1764 3388 Au-

131 3405 356 3462 divistis
395 3408 513 3465 heri
540 3451 555 3476 ,
597 3427 706 3482 quo
751 3423 910 3484 pacto
941 3416 1085 3473 Deus
1135 3418 1408 3475 hominem
1463 3422 1761 3480 bestiarum

129 3513 327 3570 regem
357 3515 422 3556 ac
451 3503 748 3575 principem
769 3507 1136 3577 constituerit,
1155 3527 1263 3581 quo
1281 3523 1437 3583 pacto
1468 3517 1594 3572 item
1625 3532 1764 3574 con-

131 3591 324 3648 restim
351 3609 382 3649 e
423 3610 592 3668 regno
635 3598 785 3654 illum
829 3600 1085 3672 ejecerit;
1116 3606 1200 3660 vel
1231 3609 1411 3675 potius
1437 3623 1546 3663 non
1575 3609 1719 3666 Deus
1743 3653 1758 3677 ,

126 3684 229 3740 sed
254 3686 377 3756 ipse
403 3701 502 3757 per
529 3689 949 3750 inobedlentiam
977 3694 1183 3752 honore
1213 3697 1451 3769 seipsum
1474 3699 1759 3758 abdicarit.

126 3775 270 3833 Nam
315 3779 458 3848 quod
500 3782 574 3835 illi
607 3798 830 3853 regnum
859 3785 1146 3856 obtigerit,
1179 3787 1380 3846 divinre
1426 3793 1598 3848 solius
1650 3794 1752 3850 fuit

126 3870 512 3941 benignitatis.
554 3873 738 3946 Neque
763 3878 908 3932 enim
941 3877 1080 3934 hanc
1112 3880 1187 3935 illi
1219 3882 1526 3939 mercedem
1573 3885 1762 3942 tribuit

125 3971 290 4018 recte
337 3960 632 4029 factorum,
666 3967 762 4022 sed
803 3971 1196 4042 etpriusquam
1241 3984 1422 4041 esset,
1456 3975 1559 4030 hoc
1607 3977 1758 4033 illum

126 4053 351 4110 honore
371 4053 670 4112 decoravit.
709 4064 779 4114 At
809 4076 878 4116 ne
900 4061 1114 4119 diceres
1145 4064 1419 4122 hominem
1444 4079 1628 4137 postea
1661 4087 1762 4126 na-

127 4153 252 4199 tum
274 4185 291 4208 ,
326 4143 523 4202 deinde
553 4148 740 4204 multis
768 4152 930 4206 editis
982 4155 1262 4221 praeclaris
1313 4156 1645 4215 facinoribus
1685 4162 1758 4217 ita

124 4234 312 4290 Deum
341 4235 442 4290 sibi
487 4240 808 4296 conciliasse
829 4281 848 4307 ,
878 4250 937 4298 ut
959 4244 1029 4298 ab
1054 4259 1122 4300 eo
1148 4247 1434 4314 imperium
1466 4251 1517 4304 in
1551 4251 1759 4308 belluas

123 4327 434 4393 obtineret,
467 4345 590 4384 cum
637 4321 966 4391 formaturus
994 4351 1120 4391 eum
1147 4347 1325 4400 esset.
1368 4340 1437 4396 dc
1466 4342 1635 4410 ipsius
1661 4345 1762 4399 int-

121 4420 296 4490 pes-io
326 4421 489 4476 verba
541 4422 665 4478 facit
700 4425 772 4480 ita
805 4426 992 4482 dicens
1022 4445 1036 4482 :
1067 4427 1350 4488 Faciamus
1389 4434 1645 4490 hominem
1689 4437 1761 4490 ad

120 4511 419 4584 imaginem
457 4523 507 4567 et
535 4514 919 4572 similitudinem
948 4529 1174 4575 nostram
1197 4564 1212 4587 ,
1237 4532 1287 4576 et
1323 4524 1618 4580 dominetur
1674 4528 1755 4584 beo

119 4608 250 4664 stiis
275 4617 430 4663 terra!
455 4607 609 4678 (Gen.
637 4611 689 4665 1.
719 4610 839 4682 26).
875 4616 1015 4669 Ante
1040 4615 1207 4671 vitam
1236 4617 1429 4683 honor,
1459 4629 1586 4675 ante
1604 4636 1761 4677 crea-

120 4699 346 4755 tionem
390 4713 591 4755 corona
610 4741 626 4767 ,
653 4711 710 4758 et
735 4711 1024 4774 antequam
1053 4706 1146 4761 liat
1166 4747 1180 4771 ,
1207 4707 1275 4762 ad
1308 4709 1515 4779 regium
1559 4710 1757 4767 solium

117 4789 410 4849 evehitur.
445 4791 656 4848 Etenim
685 4793 936 4852 homines
977 4797 1223 4855 subditos
1267 4815 1399 4858 suos
1428 4804 1482 4858 in
1513 4814 1757 4861 extrema

117 4891 423 4940 senectute
477 4894 600 4954 post
641 4887 844 4944 multos
894 4889 1112 4947 labores
1150 4903 1204 4947 et
1231 4893 1439 4950 infinita
1471 4897 1710 4966 pericula
1738 4941 1754 4964 ,

115 4990 258 5030 cum
289 4977 348 5030 in
395 4990 528 5048 pace
554 4985 668 5033 tum
695 4980 748 5037 in
783 4981 970 5049 bellis,
1000 4992 1112 5040 tum
1139 4983 1360 5042 demum
1402 4987 1608 5046 honore
1637 4991 1760 5047 alli-

118 5069 286 5124 ciunt
315 5083 337 5123 :
363 5067 508 5124 Deus
533 5081 717 5128 autem
749 5088 855 5128 non
885 5075 980 5142 ita,
1006 5077 1102 5132 sed
1130 5079 1316 5133 statim
1352 5087 1514 5152 atque
1541 5092 1626 5137 est
1649 5124 1663 5145 ,
1688 5083 1758 5140 ad

119 5158 286 5214 hunc
315 5173 444 5215 eum
491 5160 755 5218 honorem
782 5165 999 5231 evexit,
1029 5178 1087 5223 et
1123 5168 1227 5223 hoc
1257 5185 1364 5225 non
1408 5182 1557 5228 recte
1585 5173 1753 5230 facto-

117 5264 256 5306 russi
289 5261 420 5306 esse
444 5252 754 5309 mercedem
784 5256 1056 5326 ostendit,
1084 5259 1180 5314 sed
1214 5261 1442 5329 gratiam
1475 5263 1754 5333 divinam,

119 5349 183 5396 ct
211 5355 329 5396 non
373 5338 637 5398 debitum.
681 5343 837 5412 Quod
870 5345 1030 5418 igitur
1050 5349 1408 5421 principatum
1453 5356 1754 5426 acceperit,

116 5431 181 5488 id
204 5446 283 5487 ex
324 5431 442 5487 sola
489 5432 583 5489 Dei
613 5433 945 5507 benignitate
993 5438 1067 5494 illi
1110 5441 1370 5498 obvenit:
1402 5444 1546 5513 quod
1574 5456 1757 5503 autem

116 5523 407 5582 exciderit
428 5525 761 5598 principatu,
783 5543 852 5585 ex
892 5529 1061 5600 ipsius
1088 5531 1318 5602 ignavia.
1347 5533 1490 5605 Ergo
1515 5545 1575 5591 ut
1603 5554 1758 5609 reges

114 5619 218 5674 eis
245 5618 337 5689 qui
364 5621 478 5676 suis
498 5620 614 5677 'non
645 5633 838 5694 parent
881 5625 1150 5681 mandatis
1189 5627 1453 5700 abrogant
1485 5632 1758 5702 principa-

121 5717 259 5765 tum
289 5726 307 5765 :
333 5708 410 5766 ita
429 5725 492 5768 se
519 5711 690 5785 gessit
715 5729 842 5786 erga
893 5716 1167 5772 hominem
1199 5719 1340 5774 Dens
1362 5761 1378 5786 ,
1410 5736 1533 5776 cum
1558 5723 1606 5778 ei
1631 5733 1760 5782 tunc

114 5801 504 5874 principatum
542 5805 843 5878 abrogavit.
888 5808 1059 5865 lhn'lie
1087 5821 1268 5866 autem
1297 5827 1479 5881 opera:
1529 5815 1759 5884 pretium

203 5933 286 5998 (ε)
319 5931 533 5988 Collatus
553 5951 665 5990 cum
689 5941 858 5992 codice
882 5945 1034 6007 Regio
1060 5943 1182 5996 l976
1205 5953 1385 5997 etcum
1408 5946 1553 5998 2312.

3386 490 3491 549 5N

1879 601 2041 657 tuerit
2065 601 2270 670 dicere,
2298 611 2561 673 quantum
2581 602 2746 660 etiam
2775 602 2942 661 alium
2964 602 3227 662 honorem
3260 605 3335 661 illi
3363 619 3463 677 pec
3479 636 3495 648 -

1875 697 1981 752 cati
2011 704 2201 750 natura
2232 695 2534 768 eripuerit,
2569 706 2622 754 et
2649 707 2784 769 quot
2810 699 3088 755 servitutis
3115 697 3308 756 modos
3335 698 3496 756 indu-

1873 790 2033 856 xerit,
2066 790 2196 845 dum
2241 799 2302 844 ut
2331 799 2596 863 tyrannus
2623 791 2893 865 quispiam
2941 792 3176 850 diversis
3202 792 3436 852 vinculis
3462 833 3484 862 ,

1873 883 2055 937 multis
2091 882 2380 952 generibus
2408 882 2810 953 principatuum
2851 894 3099 940 naturam
3133 895 3374 942 nostram
3395 884 3496 940 de-

1872 974 2063 1028 vinxit.
2097 973 2311 1030 l’rimus
2342 973 2506 1045 igitur
2527 973 2863 1046 principatus
2887 984 2972 1030 est
2995 974 3228 1031 servitus
3250 1015 3268 1042 ,
3302 990 3408 1046 qua
3436 982 3496 1030 et

1871 1067 2193 1123 mulieribus
2248 1067 2521 1137 imperant
2560 1067 2662 1122 viri
2694 1084 2708 1120 :
2740 1067 3009 1138 siquidem
3041 1076 3164 1138 post
3209 1077 3493 1138 peccatum

1872 1157 1973 1213 liae
2020 1172 2160 1228 Opus
2201 1157 2321 1213 fuit.
2367 1157 2504 1214 Nam
2550 1167 2678 1215 ante
2713 1158 3137 1215 inobedientiam
3164 1174 3261 1230 par
3285 1157 3494 1218 honore

1870 1248 1970 1304 fuit
2013 1249 2169 1315 viro,
2213 1265 2449 1321 cumque
2493 1249 2642 1305 illam
2703 1249 2960 1306 formavit
3009 1249 3186 1313 Deus,
3214 1250 3495 1321 quibusin

1870 1340 2194 1396 formatione
2237 1341 2339 1395 viri
2367 1340 2547 1397 verbis
2591 1356 2724 1398 usus
2759 1351 2877 1396 erat
2897 1383 2912 1406 ,
2943 1342 3029 1397 his
3049 1350 3104 1396 et
3134 1340 3188 1396 in
3213 1341 3496 1397 creatione

1867 1431 2113 1488 mulieris
2153 1441 2237 1488 est
2276 1447 2426 1489 usus.
2468 1431 2542 1490 Ut
2569 1431 2734 1505 igitur
2771 1432 2842 1490 de
2873 1433 2966 1489 illo
3002 1433 3142 1488 dixit
3165 1474 3180 1498 ,
3214 1431 3493 1488 Faciamus

1868 1525 2123 1579 hominem
2173 1525 2243 1579 ad
2279 1524 2555 1598 imaginem
2587 1533 2638 1580 et
2679 1525 3065 1581 similitudinem
3095 1535 3324 1580 nostram
3347 1567 3360 1586 .
3397 1539 3495 1581 ne-

1866 1630 1973 1686 que
1996 1615 2173 1682 dixit,
2205 1614 2326 1672 Fiat
2347 1614 2512 1671 homo
2544 1632 2559 1670 :
2587 1615 2671 1672 sic
2695 1625 2751 1672 et
2777 1615 2846 1671 de
2887 1615 2992 1672 ista
3021 1631 3130 1670 non
3161 1615 3298 1672 dixit
3322 1657 3339 1680 .
3372 1615 3495 1674 Fiat

1869 1707 2099 1774 mulier,
2150 1711 2248 1765 sed
2295 1708 2385 1766 hic
2429 1723 2644 1782 quoque
2692 1727 2708 1766 :
2762 1708 3041 1765 Faciamus
3115 1709 3164 1765 ei
3201 1708 3494 1778 adjutorem

1868 1799 2024 1871 (Gen.
2056 1800 2119 1854 Ξ.
2149 1799 2243 1871 18)
2267 1841 2284 1868 ,
2315 1817 2492 1873 neque
2534 1801 2855 1874 simpliciter
2871 1801 3214 1874 adiutorem,
3242 1801 3370 1868 sed,
3396 1801 3496 1859 Se-

1868 1890 2096 1946 cundam
2123 1893 2295 1962 ipsum
2318 1935 2334 1960 ,
2362 1909 2472 1964 quo
2514 1909 2705 1950 rursus
2744 1893 2970 1952 honoris
3007 1895 3372 1967 aequalitatem
3401 1908 3496 1951 os-

1869 1981 2061 2037 tendit.
2092 1982 2226 2038 Nam
2253 1985 2511 2054 quoniam
2557 1983 2732 2041 brutte
2781 1987 3087 2042 animantes
3118 1986 3186 2040 ad
3233 2001 3490 2042 necessa-

1869 2073 1982 2129 rios
2010 2075 2136 2129 vitm
2181 2089 2315 2132 usus
2341 2077 2568 2133 multum
2620 2078 2783 2152 nobis
2829 2077 3116 2135 conferunt
3156 2079 3492 2150 adjnmeuti,

1868 2180 1938 2219 ne
1995 2167 2134 2222 forte
2180 2168 2466 2225 mulierem
2513 2184 2731 2242 quoque
2771 2169 2916 2226 inter
2957 2170 3226 2242 mancipia
3269 2181 3493 2242 putares

1867 2272 1992 2314 esse
2019 2260 2411 2316 numerandam
2437 2303 2454 2327 ,
2487 2261 2613 2318 vide
2637 2261 2913 2332 quomodo
2937 2263 3008 2319 ab
3035 2261 3144 2319 illis
3167 2278 3288 2319 eam
3313 2264 3494 2320 mani-

1868 2349 2007 2408 feste
2034 2352 2350 2425 distinguat.
2385 2354 2621 2410 Adduxit
2641 2355 2852 2421 bestias,
2879 2356 3072 2427 inquit,
3098 2373 3270 2411 coram
3298 2357 3488 2422 Adam,

1867 2453 1915 2498 et
1943 2461 2047 2499 non
2073 2455 2148 2501 est
2194 2447 2429 2503 inventus
2457 2448 2669 2518 adjator
2706 2449 2892 2504 similis
2935 2449 2982 2504 ei
3016 2447 3298 2504 secundum
3322 2453 3494 2520 ipsum

1870 2534 2023 2608 (Gen.
2047 2537 2104 2593 ‘2.
2140 2537 2228 2594 l9.
2253 2537 2374 2608 20).
2402 2540 2542 2606 Quid
2564 2540 2764 2613 igitur?
2785 2557 2892 2596 non
2920 2549 3003 2596 est
3032 2539 3250 2611 adjutor
3274 2554 3450 2611 equus
3473 2580 3488 2606 ,

1866 2630 1957 2699 qui
1985 2646 2206 2700 operam
2234 2648 2388 2687 suam
2420 2633 2494 2689 illi
2524 2645 2741 2703 praestat
2775 2635 2828 2689 in
2857 2634 3058 2691 bellis?
3085 2650 3194 2690 non
3223 2641 3308 2690 est
3335 2632 3492 2704 adju-

1871 2731 1956 2776 tor
2005 2723 2104 2778 bos
2128 2765 2146 2792 ,
2187 2725 2277 2796 qui
2303 2740 2580 2782 vomerem
2614 2727 2808 2791 trahit,
2839 2737 2895 2783 et
2935 2727 3065 2782 dum
3093 2727 3299 2782 semina
3332 2734 3496 2782 terra:

1871 2815 2218 2878 mandantur,
2269 2817 2555 2873 nobiscum
2609 2817 2856 2874 labent?
2880 2834 2989 2873 non
3037 2828 3164 2872 sunt
3211 2817 3492 2889 adjutores

1869 2911 2054 2962 asinus
2101 2917 2152 2962 ct
2183 2911 2398 2978 mulus,
2425 2911 2516 2981 qtti
2538 2911 2606 2965 ad
2643 2925 2810 2967 onera
2845 2909 3247 2966 transvehenda
3275 2924 3374 2964 nos
3395 2908 3494 2964 ad-

1863 3001 2095 3070 juvant?
2120 3001 2229 3058 Sed
2269 3019 2336 3059 ne
2369 3002 2474 3060 hoc
2509 3003 2660 3059 dicas
2690 3045 2706 3068 ,
2735 3012 3024 3075 propterea
3065 3004 3184 3058 haec
3232 3013 3489 3059 accurate

1867 3092 2163 3162 distinguit.
2197 3093 2314 3148 Non
2336 3097 2479 3150 enim
2509 3095 2827 3166 simpliciter
2854 3095 3012 3161 dixit,
3045 3095 3161 3150 Non
3189 3103 3275 3151 est
3301 3095 3495 3150 inven-

1869 3191 1954 3237 tus
1996 3183 2072 3238 illi
2097 3183 2336 3254 adjntnr,
2364 3185 2495 3251 sed,
2530 3183 2652 3240 Non
2677 3194 2753 3241 est
2789 3186 3025 3240 inventus
3066 3184 3278 3256 adjutor
3306 3184 3496 3241 similis

1867 3274 1934 3327 ei.
1963 3272 2038 3330 lta
2067 3273 2154 3330 hic
2179 3291 2396 3347 quoque
2424 3290 2530 3330 non
2555 3275 2712 3344 dixit,
2736 3275 3078 3346 simpliciter,
3111 3275 3396 3332 Faciamus
3416 3275 3495 3334 illi

1867 3365 2206 3436 adjntorem,
2239 3367 2333 3422 sed
2359 3408 2375 3432 ,
2409 3365 2691 3422 Faciamus
2738 3366 2820 3422 illi
2863 3367 3157 3440 adjutorem
3205 3367 3496 3424 secundum

1865 3457 2034 3526 ipsum
2061 3498 2076 3520 .
2099 3457 2254 3512 dixit.
2279 3456 2405 3513 Hazc
2431 3468 2612 3514 autem
2636 3467 2765 3516 ante
2795 3469 3079 3530 peccatum
3103 3460 3448 3532 contigerunt
3473 3476 3490 3517 :

1870 3556 1992 3616 post
2017 3557 2295 3618 peccatum
2325 3559 2506 3605 autem
2542 3567 2557 3604 :
2590 3550 2671 3605 Ad
2699 3550 2865 3606 uirum
2905 3560 3051 3607 tuens
3085 3552 3347 3608 conversio
3366 3562 3492 3620 tua,

1867 3643 1912 3686 et
1940 3633 2051 3703 ipse
2079 3634 2154 3687 tui
2181 3634 2533 3690 dominabitur
2559 3633 2714 3708 (Gen.
2733 3636 2788 3693 3.
2817 3634 2929 3708 l6).
2962 3636 3252 3709 Equalem
3284 3637 3496 3694 honore

1869 3733 1922 3779 te
1976 3725 2191 3790 creari,
2232 3725 2444 3797 inquit;
2480 3741 2587 3782 non
2611 3736 2760 3784 recte
2809 3743 2908 3784 usa
2946 3743 3006 3784 es
3054 3728 3495 3800 principatuzad

1867 3815 2259 3886 subiectionem
2299 3817 2594 3874 descende.
2643 3817 2761 3874 Non
2795 3819 2962 3874 tulisti
2991 3820 3294 3877 libertatem
3325 3838 3339 3875 :
3372 3836 3494 3876 ser-

1867 3909 2093 3964 vitutem
2137 3909 2384 3966 admitte.
2419 3909 2706 3966 Nescivisti
2738 3912 3011 3984 imperare
3033 3953 3050 3981 ,
3079 3911 3226 3984 quod
3267 3924 3325 3970 et
3377 3913 3494 3984 ipsa

1867 4016 2050 4057 rerum
2076 4003 2414 4073 experientia
2455 4003 2745 4061 declarasti
2777 4023 2791 4060 :
2825 4014 2944 4061 esto
2973 4021 3082 4062 una
3122 4021 3192 4063 ex
3222 4005 3454 4062 subditis
3474 4048 3492 4070 ,

1865 4105 1920 4150 et
1946 4095 2224 4151 dominum
2259 4096 2434 4151 virum
2479 4111 2734 4169 agnosce.
2765 4097 2849 4153 Ad
2874 4099 3043 4153 eiram
3068 4107 3211 4153 tuum
3231 4098 3495 4153 conversio

1866 4196 1976 4253 tua,
1999 4198 2048 4243 et
2072 4189 2182 4262 ipse
2201 4190 2273 4243 tui
2293 4189 2658 4245 dominabitur.
2687 4193 2758 4246 At
2782 4191 2904 4247 vide
2933 4191 3038 4246 hoc
3071 4191 3195 4247 loco
3219 4190 3315 4246 Dei
3342 4190 3494 4245 bcnio

1865 4280 2144 4348 gnitatetn.
2193 4278 2272 4336 Ne
2323 4281 2470 4336 enim
2514 4281 2781 4348 audiens,
2827 4281 2952 4354 Ipse
2997 4283 3073 4336 tui
3116 4281 3490 4343 dominabitur.

1867 4388 2087 4444 gravem
2138 4382 2389 4430 censeret
2434 4390 2558 4432 esse
2597 4375 2968 4442 dominatum,
3003 4375 3154 4445 prius
3193 4376 3368 4445 posuit
3397 4393 3495 4429 nn-

1867 4481 1992 4522 tncn
2023 4482 2169 4522 cura:
2194 4467 2384 4524 dicens
2408 4508 2422 4532 .
2461 4467 2544 4523 Ad
2573 4469 2737 4523 eiram
2768 4479 2912 4522 tuam
2939 4469 3202 4523 conversio
3229 4477 3318 4522 tua
3343 4511 3355 4528 .
3388 4467 3493 4523 hoc

1865 4568 1969 4625 est,
2001 4557 2284 4631 lli-fugium
2312 4569 2485 4626 tuum,
2515 4570 2723 4632 portus,
2747 4570 2803 4615 et
2822 4561 3087 4616 securitas
3109 4559 3202 4616 tibi
3231 4560 3336 4616 erit
3361 4559 3487 4616 ille:

1867 4662 1925 4706 ut
1950 4653 2003 4706 in
2029 4652 2304 4720 omnibus,
2337 4670 2459 4724 qua:
2493 4655 2763 4724 ingruent,
2793 4655 2954 4710 malis
2972 4653 3040 4709 ad
3072 4653 3247 4724 ipsum
3279 4661 3333 4708 te
3352 4667 3489 4709 con-

1865 4752 2047 4797 vertas
2067 4751 2142 4798 aet
2166 4742 2450 4815 confugias
2469 4784 2486 4810 ,
2519 4743 2613 4798 tibi
2654 4743 2915 4800 concedo.
2941 4741 3130 4815 Neque
3160 4741 3264 4799 hoc
3284 4743 3489 4810 solum,

1864 4830 1963 4888 sed
2007 4841 2064 4888 et
2096 4832 2433 4889 naturalibus
2461 4848 2558 4888 eos
2611 4834 3027 4890 necessitatibus
3072 4834 3383 4906 colligavit,
3433 4845 3491 4892 ot

1864 4932 2139 4997 tamquam
2180 4923 2467 4981 infractum
2509 4925 2780 4996 quoddam
2823 4926 3133 4990 vinculum,
3179 4927 3488 4994 cupiditatis

1866 5017 1972 5072 illis
1995 5026 2241 5073 catenam
2271 5016 2472 5089 injecit.
2505 5017 2671 5074 Vides
2694 5028 2754 5074 ut
2787 5019 3180 5090 subjectionem
3223 5018 3491 5077 invexerit

1863 5110 2082 5181 quidem
2101 5118 2401 5182 peccatum,
2416 5111 2590 5167 solers
2605 5121 2786 5167 autem
2798 5122 2852 5168 et
2865 5112 3080 5181 sapiens
3099 5111 3244 5168 Deus
3260 5111 3342 5167 his
3353 5127 3491 5185 quo-

1864 5219 1972 5275 que
1990 5202 2061 5259 ad
2088 5211 2328 5259 nostram
2357 5203 2647 5259 utilitatem
2674 5204 2740 5259 sit
2768 5205 2936 5259 usus?
2961 5203 3103 5260 Audi
3133 5203 3260 5275 quid
3287 5203 3359 5259 de
3382 5204 3487 5260 hac

1864 5297 2202 5368 subjectione
2231 5297 2377 5353 dicat
2403 5296 2601 5352 Paulus
2623 5338 2640 5363 ,
2671 5305 2726 5352 ut
2757 5313 2974 5354 rursum
3007 5297 3217 5354 Veteris
3243 5312 3310 5354 ac
3349 5295 3488 5355 Novi

1865 5389 2196 5444 Testamenti
2230 5388 2580 5445 concordiam
2611 5388 2901 5462 intelligas.
2939 5387 3148 5456 Mulier,
3184 5389 3358 5460 inquit
3380 5430 3398 5456 ,
3431 5389 3487 5445 in

1864 5482 2068 5536 silentio
2088 5482 2393 5535 discatcnm
2413 5479 2556 5536 omni
2579 5481 2890 5549 subiectione
2913 5483 2993 5551 (1.
3028 5478 3162 5534 Tim.
3179 5477 3234 5534 Ξ.
3257 5478 3344 5535 11.
3367 5477 3479 5543 12).

1942 5575 2178 5631 Hulieris
2213 5576 2467 5646 oﬁicium;
2497 5575 2682 5632 mulier
2698 5575 2928 5650 subjecta
2954 5577 3096 5640 viro,
3124 5593 3307 5646 quare.
3333 5576 3481 5632 Alte-

1864 5684 1980 5721 rum
2004 5668 2262 5722 servitutis
2287 5683 2447 5737 genus
2472 5683 2536 5722 es
2566 5677 2794 5740 peccato.
2811 5697 2886 5709 —-
2912 5667 3076 5724 Vides
3092 5676 3146 5724 et
3172 5667 3347 5738 ipsum
3370 5667 3486 5722 viro

1865 5759 2150 5815 mulierem
2177 5758 2475 5829 subjecisse
2491 5759 2516 5814 ἳ
2534 5757 2641 5816 Sed
2659 5769 2936 5830 exspecta,
2955 5769 3012 5816 et
3033 5773 3253 5816 causam
3272 5758 3484 5814 audies.

1866 5849 1998 5915 Cur,
2024 5847 2155 5904 Cum
2183 5851 2326 5905 omni
2350 5851 2699 5920 subiectione?
2729 5848 2944 5906 Mulieri
2968 5853 3139 5916 enim,
3165 5851 3356 5921 inquit,
3386 5852 3482 5903 do-

1866 5957 1980 5997 cere
2007 5957 2108 5996 non
2148 5944 2404 6014 permitto.
2437 5943 2576 6014 Quid
2607 5943 2724 6000 ita?
2751 5940 2930 6001 Semel
2953 5943 3099 6001 enim
3129 5943 3269 6001 male
3294 5945 3480 6000 docuit
