  <div class='ocr_page' id='page_1' title='image "/cluster/home/n/w/nwhite01/storage/ocr_20150623/54/ien.35556001660810/227.png"; bbox 0 0 4086 6428; ppageno 0'>
   <div class='ocr_carea' id='block_1_1' title="bbox 639 476 745 531">
    <p class='ocr_par' dir='ltr' id='par_1_1' title="bbox 639 476 745 531">
     <span class='ocr_line' id='line_1_1' title="bbox 639 476 745 531; baseline -0.019 0"><span class='ocrx_word' id='word_1_1' title='bbox 639 476 745 531; x_wconf 76' lang='lat'><strong>595</strong></span> 
     </span>
    </p>
   </div>
   <div class='ocr_carea' id='block_1_2' title="bbox 636 576 2221 657">
    <p class='ocr_par' dir='ltr' id='par_1_2' title="bbox 636 576 2221 657">
     <span class='ocr_line' id='line_1_2' title="bbox 636 576 2221 657; baseline -0.012 -10"><span class='ocrx_word' id='word_1_2' title='bbox 636 592 828 647; x_wconf 75' lang='lat' dir='ltr'><strong>Adam.</strong></span> <span class='ocrx_word' id='word_1_3' title='bbox 885 587 1062 657; x_wconf 77' lang='lat' dir='ltr'><strong>Neque</strong></span> <span class='ocrx_word' id='word_1_4' title='bbox 1101 585 1353 640; x_wconf 76' lang='lat' dir='ltr'><strong>dominari</strong></span> <span class='ocrx_word' id='word_1_5' title='bbox 1394 584 1448 638; x_wconf 85' lang='lat' dir='ltr'><strong>in</strong></span> <span class='ocrx_word' id='word_1_6' title='bbox 1490 598 1673 637; x_wconf 73' lang='lat' dir='ltr'><strong>atrum.</strong></span> <span class='ocrx_word' id='word_1_7' title='bbox 1714 580 1824 636; x_wconf 86' lang='lat' dir='ltr'><strong>Cur</strong></span> <span class='ocrx_word' id='word_1_8' title='bbox 1873 579 1925 634; x_wconf 90' lang='lat' dir='ltr'><strong>id</strong></span> <span class='ocrx_word' id='word_1_9' title='bbox 1973 576 2221 633; x_wconf 77' lang='lat' dir='ltr'><strong>tandem?</strong></span> 
     </span>
    </p>
   </div>
   <div class='ocr_carea' id='block_1_3' title="bbox 636 662 2219 749">
    <p class='ocr_par' dir='ltr' id='par_1_3' title="bbox 636 662 2219 749">
     <span class='ocr_line' id='line_1_3' title="bbox 636 662 2219 749; baseline -0.01 -14"><span class='ocrx_word' id='word_1_10' title='bbox 636 679 815 735; x_wconf 83' lang='lat' dir='ltr'><strong>Semel</strong></span> <span class='ocrx_word' id='word_1_11' title='bbox 843 678 1039 749; x_wconf 84' lang='lat' dir='ltr'><strong>quippe</strong></span> <span class='ocrx_word' id='word_1_12' title='bbox 1068 675 1206 730; x_wconf 89' lang='lat' dir='ltr'><strong>male</strong></span> <span class='ocrx_word' id='word_1_13' title='bbox 1229 674 1499 729; x_wconf 85' lang='lat' dir='ltr'><strong>dominata</strong></span> <span class='ocrx_word' id='word_1_14' title='bbox 1526 683 1627 728; x_wconf 87' lang='lat' dir='ltr'><strong>est.</strong></span> <span class='ocrx_word' id='word_1_15' title='bbox 1654 671 1761 727; x_wconf 81' lang='lat' dir='ltr'><strong>Sed</strong></span> <span class='ocrx_word' id='word_1_16' title='bbox 1789 686 1897 726; x_wconf 87' lang='lat' dir='ltr'><strong>esse</strong></span> <span class='ocrx_word' id='word_1_17' title='bbox 1924 670 1979 723; x_wconf 86' lang='lat' dir='ltr'><strong>in</strong></span> <span class='ocrx_word' id='word_1_18' title='bbox 1996 662 2219 723; x_wconf 67' lang='lat' dir='ltr'><strong>silentio.</strong></span> 
     </span>
    </p>
   </div>
   <div class='ocr_carea' id='block_1_4' title="bbox 641 759 2220 833">
    <p class='ocr_par' dir='ltr' id='par_1_4' title="bbox 641 759 2220 833">
     <span class='ocr_line' id='line_1_4' title="bbox 641 759 2220 833; baseline -0.009 -8"><span class='ocrx_word' id='word_1_19' title='bbox 641 771 737 825; x_wconf 89' lang='lat' dir='ltr'><strong>Dic</strong></span> <span class='ocrx_word' id='word_1_20' title='bbox 759 784 887 823; x_wconf 87' lang='lat' dir='ltr'><strong>vero</strong></span> <span class='ocrx_word' id='word_1_21' title='bbox 916 771 1152 823; x_wconf 79' lang='lat' dir='ltr'><strong>causata.</strong></span> <span class='ocrx_word' id='word_1_22' title='bbox 1185 766 1351 819; x_wconf 82' lang='lat' dir='ltr'><strong>Adam</strong></span> <span class='ocrx_word' id='word_1_23' title='bbox 1392 765 1536 819; x_wconf 88' lang='lat' dir='ltr'><strong>enim</strong></span> <span class='ocrx_word' id='word_1_24' title='bbox 1558 804 1573 828; x_wconf 88' lang='lat'><strong>,</strong></span> <span class='ocrx_word' id='word_1_25' title='bbox 1597 764 1795 833; x_wconf 87' lang='lat' dir='ltr'><strong>inquit,</strong></span> <span class='ocrx_word' id='word_1_26' title='bbox 1820 777 1920 815; x_wconf 83' lang='lat' dir='ltr'><strong>non</strong></span> <span class='ocrx_word' id='word_1_27' title='bbox 1952 769 2026 814; x_wconf 88' lang='lat' dir='ltr'><strong>est</strong></span> <span class='ocrx_word' id='word_1_28' title='bbox 2065 759 2220 813; x_wconf 84' lang='lat' dir='ltr'><strong>sedu-</strong></span> 
     </span>
    </p>
   </div>
   <div class='ocr_carea' id='block_1_5' title="bbox 635 848 2216 923">
    <p class='ocr_par' dir='ltr' id='par_1_5' title="bbox 635 848 2216 923">
     <span class='ocr_line' id='line_1_5' title="bbox 635 848 2216 923; baseline -0.009 -10"><span class='ocrx_word' id='word_1_29' title='bbox 635 870 747 915; x_wconf 75' lang='lat' dir='ltr'><strong>ctus</strong></span> <span class='ocrx_word' id='word_1_30' title='bbox 775 874 795 912; x_wconf 87' lang='lat'><strong><em>:</em></strong></span> <span class='ocrx_word' id='word_1_31' title='bbox 818 858 997 911; x_wconf 86' lang='lat' dir='ltr'><strong>mulier</strong></span> <span class='ocrx_word' id='word_1_32' title='bbox 1034 867 1202 911; x_wconf 84' lang='lat' dir='ltr'><strong>autem</strong></span> <span class='ocrx_word' id='word_1_33' title='bbox 1248 856 1453 910; x_wconf 79' lang='lat' dir='ltr'><strong>seducta</strong></span> <span class='ocrx_word' id='word_1_34' title='bbox 1489 855 1541 908; x_wconf 89' lang='lat' dir='ltr'><strong>in</strong></span> <span class='ocrx_word' id='word_1_35' title='bbox 1573 852 1985 923; x_wconf 62' lang='lat' dir='ltr'><strong>praevaricatione</strong></span> <span class='ocrx_word' id='word_1_36' title='bbox 2010 849 2108 921; x_wconf 76' lang='lat' dir='ltr'><strong>fuit</strong></span> <span class='ocrx_word' id='word_1_37' title='bbox 2142 848 2216 917; x_wconf 80' lang='lat' dir='ltr'><strong>(l.</strong></span> 
     </span>
    </p>
   </div>
   <div class='ocr_carea' id='block_1_6' title="bbox 637 938 2216 1016">
    <p class='ocr_par' dir='ltr' id='par_1_6' title="bbox 637 938 2216 1016">
     <span class='ocr_line' id='line_1_6' title="bbox 637 938 2216 1016; baseline -0.008 -13"><span class='ocrx_word' id='word_1_38' title='bbox 637 946 777 1003; x_wconf 76' lang='lat' dir='ltr'><strong>Tim.</strong></span> <span class='ocrx_word' id='word_1_39' title='bbox 814 947 869 1001; x_wconf 75' lang='grc'><strong>2.</strong></span> <span class='ocrx_word' id='word_1_40' title='bbox 904 948 1013 1016; x_wconf 75' lang='grc' dir='ltr'>ιι).</span> <span class='ocrx_word' id='word_1_41' title='bbox 1054 946 1255 1001; x_wconf 81' lang='lat' dir='ltr'><strong>Idcirco</strong></span> <span class='ocrx_word' id='word_1_42' title='bbox 1299 946 1441 999; x_wconf 85' lang='lat' dir='ltr'><strong>illam</strong></span> <span class='ocrx_word' id='word_1_43' title='bbox 1486 958 1516 997; x_wconf 90' lang='lat' dir='ltr'><strong>a</strong></span> <span class='ocrx_word' id='word_1_44' title='bbox 1544 943 1801 998; x_wconf 63' lang='lat' dir='ltr'><strong>doctrinm</strong></span> <span class='ocrx_word' id='word_1_45' title='bbox 1844 939 1980 995; x_wconf 84' lang='lat' dir='ltr'><strong>solio</strong></span> <span class='ocrx_word' id='word_1_46' title='bbox 2005 938 2216 1007; x_wconf 81' lang='lat' dir='ltr'><strong>dejecit.</strong></span> 
     </span>
    </p>
   </div>
   <div class='ocr_carea' id='block_1_7' title="bbox 636 1028 2217 1106">
    <p class='ocr_par' dir='ltr' id='par_1_7' title="bbox 636 1028 2217 1106">
     <span class='ocr_line' id='line_1_7' title="bbox 636 1028 2217 1106; baseline -0.008 -13"><span class='ocrx_word' id='word_1_47' title='bbox 636 1040 737 1106; x_wconf 85' lang='lat' dir='ltr'><strong>Qui</strong></span> <span class='ocrx_word' id='word_1_48' title='bbox 783 1039 923 1093; x_wconf 90' lang='lat' dir='ltr'><strong>enim</strong></span> <span class='ocrx_word' id='word_1_49' title='bbox 964 1038 1159 1091; x_wconf 89' lang='lat' dir='ltr'><strong>docere</strong></span> <span class='ocrx_word' id='word_1_50' title='bbox 1189 1037 1395 1099; x_wconf 86' lang='lat' dir='ltr'><strong>nescit,</strong></span> <span class='ocrx_word' id='word_1_51' title='bbox 1422 1034 1611 1093; x_wconf 85' lang='lat' dir='ltr'><strong>discat.</strong></span> <span class='ocrx_word' id='word_1_52' title='bbox 1637 1032 1842 1101; x_wconf 88' lang='lat' dir='ltr'><strong>inquit:</strong></span> <span class='ocrx_word' id='word_1_53' title='bbox 1871 1028 2012 1100; x_wconf 92' lang='lat' dir='ltr'><strong>quod</strong></span> <span class='ocrx_word' id='word_1_54' title='bbox 2048 1028 2092 1081; x_wconf 94' lang='lat' dir='ltr'><strong>si</strong></span> <span class='ocrx_word' id='word_1_55' title='bbox 2121 1042 2217 1081; x_wconf 87' lang='lat' dir='ltr'><strong>no-</strong></span> 
     </span>
    </p>
   </div>
   <div class='ocr_carea' id='block_1_8' title="bbox 637 1120 2221 1193">
    <p class='ocr_par' dir='ltr' id='par_1_8' title="bbox 637 1120 2221 1193">
     <span class='ocr_line' id='line_1_8' title="bbox 637 1120 2221 1193; baseline -0.007 -9"><span class='ocrx_word' id='word_1_56' title='bbox 637 1132 796 1185; x_wconf 85' lang='lat' dir='ltr'><strong>luerit</strong></span> <span class='ocrx_word' id='word_1_57' title='bbox 822 1131 1048 1193; x_wconf 83' lang='lat' dir='ltr'><strong>discere,</strong></span> <span class='ocrx_word' id='word_1_58' title='bbox 1078 1128 1171 1184; x_wconf 85' lang='lat' dir='ltr'><strong>sed</strong></span> <span class='ocrx_word' id='word_1_59' title='bbox 1199 1128 1394 1182; x_wconf 91' lang='lat' dir='ltr'><strong>docere</strong></span> <span class='ocrx_word' id='word_1_60' title='bbox 1407 1126 1653 1187; x_wconf 86' lang='lat' dir='ltr'><strong>voluerit,</strong></span> <span class='ocrx_word' id='word_1_61' title='bbox 1686 1135 1741 1178; x_wconf 86' lang='lat' dir='ltr'><strong>et</strong></span> <span class='ocrx_word' id='word_1_62' title='bbox 1761 1123 2015 1193; x_wconf 90' lang='lat' dir='ltr'><strong>seipsum,</strong></span> <span class='ocrx_word' id='word_1_63' title='bbox 2058 1129 2111 1176; x_wconf 91' lang='lat' dir='ltr'><strong>et</strong></span> <span class='ocrx_word' id='word_1_64' title='bbox 2136 1120 2221 1175; x_wconf 91' lang='lat' dir='ltr'><strong>di-</strong></span> 
     </span>
    </p>
   </div>
   <div class='ocr_carea' id='block_1_9' title="bbox 636 1215 2222 1291">
    <p class='ocr_par' dir='ltr' id='par_1_9' title="bbox 636 1215 2222 1291">
     <span class='ocr_line' id='line_1_9' title="bbox 636 1215 2222 1291; baseline -0.007 -15"><span class='ocrx_word' id='word_1_65' title='bbox 636 1222 869 1291; x_wconf 83' lang='lat' dir='ltr'><strong>scipulos</strong></span> <span class='ocrx_word' id='word_1_66' title='bbox 897 1222 1112 1288; x_wconf 84' lang='lat' dir='ltr'><strong>insuper</strong></span> <span class='ocrx_word' id='word_1_67' title='bbox 1136 1234 1263 1274; x_wconf 87' lang='lat' dir='ltr'><strong>suos</strong></span> <span class='ocrx_word' id='word_1_68' title='bbox 1286 1218 1499 1289; x_wconf 89' lang='lat' dir='ltr'><strong>perdet:</strong></span> <span class='ocrx_word' id='word_1_69' title='bbox 1536 1217 1585 1271; x_wconf 89' lang='lat' dir='ltr'><strong>id</strong></span> <span class='ocrx_word' id='word_1_70' title='bbox 1611 1215 1753 1287; x_wconf 89' lang='lat' dir='ltr'><strong>quod</strong></span> <span class='ocrx_word' id='word_1_71' title='bbox 1774 1217 1932 1272; x_wconf 88' lang='lat' dir='ltr'><strong>etiam</strong></span> <span class='ocrx_word' id='word_1_72' title='bbox 1960 1224 2085 1267; x_wconf 91' lang='lat' dir='ltr'><strong>tunc</strong></span> <span class='ocrx_word' id='word_1_73' title='bbox 2107 1228 2222 1266; x_wconf 89' lang='lat' dir='ltr'><strong>mu-</strong></span> 
     </span>
    </p>
   </div>
   <div class='ocr_carea' id='block_1_10' title="bbox 637 1303 2221 1378">
    <p class='ocr_par' dir='ltr' id='par_1_10' title="bbox 637 1303 2221 1378">
     <span class='ocr_line' id='line_1_10' title="bbox 637 1303 2221 1378; baseline -0.006 -12"><span class='ocrx_word' id='word_1_74' title='bbox 637 1313 751 1366; x_wconf 87' lang='lat' dir='ltr'><strong>lieri</strong></span> <span class='ocrx_word' id='word_1_75' title='bbox 794 1310 1004 1365; x_wconf 90' lang='lat' dir='ltr'><strong>accidit.</strong></span> <span class='ocrx_word' id='word_1_76' title='bbox 1065 1311 1257 1365; x_wconf 76' lang='lat' dir='ltr'><strong>Verum</strong></span> <span class='ocrx_word' id='word_1_77' title='bbox 1307 1311 1447 1363; x_wconf 89' lang='lat' dir='ltr'><strong>illam</strong></span> <span class='ocrx_word' id='word_1_78' title='bbox 1497 1309 1709 1378; x_wconf 79' lang='lat' dir='ltr'><strong>quidem</strong></span> <span class='ocrx_word' id='word_1_79' title='bbox 1769 1309 1882 1359; x_wconf 89' lang='lat' dir='ltr'><strong>viro</strong></span> <span class='ocrx_word' id='word_1_80' title='bbox 1928 1303 2221 1373; x_wconf 79' lang='lat' dir='ltr'><strong>subjectum</strong></span> 
     </span>
    </p>
   </div>
   <div class='ocr_carea' id='block_1_11' title="bbox 637 1396 2223 1474">
    <p class='ocr_par' dir='ltr' id='par_1_11' title="bbox 637 1396 2223 1474">
     <span class='ocr_line' id='line_1_11' title="bbox 637 1396 2223 1474; baseline -0.004 -19"><span class='ocrx_word' id='word_1_81' title='bbox 637 1403 831 1467; x_wconf 84' lang='lat' dir='ltr'><strong>fuisse,</strong></span> <span class='ocrx_word' id='word_1_82' title='bbox 874 1418 936 1458; x_wconf 88' lang='lat' dir='ltr'><strong>ac</strong></span> <span class='ocrx_word' id='word_1_83' title='bbox 968 1413 1184 1474; x_wconf 83' lang='lat' dir='ltr'><strong>propter</strong></span> <span class='ocrx_word' id='word_1_84' title='bbox 1225 1414 1498 1473; x_wconf 86' lang='lat' dir='ltr'><strong>peccatum</strong></span> <span class='ocrx_word' id='word_1_85' title='bbox 1544 1400 1709 1455; x_wconf 86' lang='lat' dir='ltr'><strong>fuisse</strong></span> <span class='ocrx_word' id='word_1_86' title='bbox 1748 1400 2075 1467; x_wconf 89' lang='lat' dir='ltr'><strong>subjectam,</strong></span> <span class='ocrx_word' id='word_1_87' title='bbox 2100 1396 2223 1450; x_wconf 88' lang='lat' dir='ltr'><strong>hinc</strong></span> 
     </span>
    </p>
   </div>
   <div class='ocr_carea' id='block_1_12' title="bbox 641 1486 2221 1549">
    <p class='ocr_par' dir='ltr' id='par_1_12' title="bbox 641 1486 2221 1549">
     <span class='ocr_line' id='line_1_12' title="bbox 641 1486 2221 1549; baseline -0.004 -5"><span class='ocrx_word' id='word_1_88' title='bbox 641 1493 979 1548; x_wconf 89' lang='lat' dir='ltr'><strong>manifestum</strong></span> <span class='ocrx_word' id='word_1_89' title='bbox 1008 1502 1091 1548; x_wconf 89' lang='lat' dir='ltr'><strong>est</strong></span> <span class='ocrx_word' id='word_1_90' title='bbox 1120 1510 1133 1545; x_wconf 88' lang='lat'><strong>:</strong></span> <span class='ocrx_word' id='word_1_91' title='bbox 1169 1492 1294 1546; x_wconf 92' lang='lat' dir='ltr'><strong>illud</strong></span> <span class='ocrx_word' id='word_1_92' title='bbox 1327 1501 1502 1545; x_wconf 90' lang='lat' dir='ltr'><strong>autem</strong></span> <span class='ocrx_word' id='word_1_93' title='bbox 1531 1490 1715 1544; x_wconf 88' lang='lat' dir='ltr'><strong>audire</strong></span> <span class='ocrx_word' id='word_1_94' title='bbox 1744 1489 1922 1549; x_wconf 81' lang='lat' dir='ltr'><strong>velim,</strong></span> <span class='ocrx_word' id='word_1_95' title='bbox 1949 1487 2029 1539; x_wconf 76' lang='lat' dir='ltr'><strong>Ad</strong></span> <span class='ocrx_word' id='word_1_96' title='bbox 2058 1486 2221 1539; x_wconf 75' lang='lat' dir='ltr'><strong>virum</strong></span> 
     </span>
    </p>
   </div>
   <div class='ocr_carea' id='block_1_13' title="bbox 638 1582 1897 1653">
    <p class='ocr_par' dir='ltr' id='par_1_13' title="bbox 638 1582 1897 1653">
     <span class='ocr_line' id='line_1_13' title="bbox 638 1582 1897 1653; baseline -0.004 -17"><span class='ocrx_word' id='word_1_97' title='bbox 638 1594 783 1637; x_wconf 85' lang='lat' dir='ltr'><strong>tuum</strong></span> <span class='ocrx_word' id='word_1_98' title='bbox 806 1585 1062 1640; x_wconf 77' lang='lat' dir='ltr'><strong>conversio</strong></span> <span class='ocrx_word' id='word_1_99' title='bbox 1085 1593 1200 1649; x_wconf 83' lang='lat' dir='ltr'><strong>tua,</strong></span> <span class='ocrx_word' id='word_1_100' title='bbox 1225 1594 1271 1637; x_wconf 89' lang='lat' dir='ltr'><strong>et</strong></span> <span class='ocrx_word' id='word_1_101' title='bbox 1299 1584 1409 1653; x_wconf 85' lang='lat' dir='ltr'><strong>ipse</strong></span> <span class='ocrx_word' id='word_1_102' title='bbox 1438 1584 1514 1636; x_wconf 82' lang='lat' dir='ltr'><strong>lui</strong></span> <span class='ocrx_word' id='word_1_103' title='bbox 1538 1582 1897 1635; x_wconf 78' lang='lat' dir='ltr'><strong>dominabitur.</strong></span> 
     </span>
    </p>
   </div>
   <div class='ocr_carea' id='block_1_14' title="bbox 712 1671 2223 1744">
    <p class='ocr_par' dir='ltr' id='par_1_14' title="bbox 712 1671 2223 1744">
     <span class='ocr_line' id='line_1_14' title="bbox 712 1671 2223 1744; baseline -0.003 -16"><span class='ocrx_word' id='word_1_104' title='bbox 712 1675 764 1728; x_wconf 74' lang='grc'><strong>2.</strong></span> <span class='ocrx_word' id='word_1_105' title='bbox 794 1675 941 1730; x_wconf 90' lang='lat' dir='ltr'><strong>Scire</strong></span> <span class='ocrx_word' id='word_1_106' title='bbox 967 1675 1121 1728; x_wconf 82' lang='lat' dir='ltr'><strong>velim</strong></span> <span class='ocrx_word' id='word_1_107' title='bbox 1143 1689 1249 1744; x_wconf 93' lang='lat' dir='ltr'><strong>quo</strong></span> <span class='ocrx_word' id='word_1_108' title='bbox 1270 1683 1421 1743; x_wconf 88' lang='lat' dir='ltr'><strong>pacto</strong></span> <span class='ocrx_word' id='word_1_109' title='bbox 1442 1672 1508 1727; x_wconf 92' lang='lat' dir='ltr'><strong>de</strong></span> <span class='ocrx_word' id='word_1_110' title='bbox 1530 1672 1628 1727; x_wconf 88' lang='lat' dir='ltr'><strong>hac</strong></span> <span class='ocrx_word' id='word_1_111' title='bbox 1648 1673 1806 1726; x_wconf 91' lang='lat' dir='ltr'><strong>etiam</strong></span> <span class='ocrx_word' id='word_1_112' title='bbox 1828 1686 1952 1725; x_wconf 90' lang='lat' dir='ltr'><strong>cura</strong></span> <span class='ocrx_word' id='word_1_113' title='bbox 1978 1671 2223 1739; x_wconf 89' lang='lat' dir='ltr'><strong>loquatur</strong></span> 
     </span>
    </p>
   </div>
   <div class='ocr_carea' id='block_1_15' title="bbox 641 1760 2224 1829">
    <p class='ocr_par' dir='ltr' id='par_1_15' title="bbox 641 1760 2224 1829">
     <span class='ocr_line' id='line_1_15' title="bbox 641 1760 2224 1829; baseline -0.003 -12"><span class='ocrx_word' id='word_1_114' title='bbox 641 1765 848 1829; x_wconf 79' lang='lat' dir='ltr'><strong>Paulus,</strong></span> <span class='ocrx_word' id='word_1_115' title='bbox 872 1775 925 1819; x_wconf 93' lang='lat' dir='ltr'><strong>et</strong></span> <span class='ocrx_word' id='word_1_116' title='bbox 944 1765 1266 1819; x_wconf 88' lang='lat' dir='ltr'><strong>dominatum</strong></span> <span class='ocrx_word' id='word_1_117' title='bbox 1289 1766 1507 1819; x_wconf 57' lang='lat' dir='ltr'><strong>miserat</strong></span> <span class='ocrx_word' id='word_1_118' title='bbox 1533 1778 1651 1817; x_wconf 90' lang='lat' dir='ltr'><strong>cum</strong></span> <span class='ocrx_word' id='word_1_119' title='bbox 1676 1762 2062 1817; x_wconf 84' lang='lat' dir='ltr'><strong>benevolentia.</strong></span> <span class='ocrx_word' id='word_1_120' title='bbox 2082 1760 2224 1828; x_wconf 86' lang='lat' dir='ltr'><strong>Quo-</strong></span> 
     </span>
    </p>
   </div>
   <div class='ocr_carea' id='block_1_16' title="bbox 639 1853 2223 1925">
    <p class='ocr_par' dir='ltr' id='par_1_16' title="bbox 639 1853 2223 1925">
     <span class='ocr_line' id='line_1_16' title="bbox 639 1853 2223 1925; baseline -0.003 -16"><span class='ocrx_word' id='word_1_121' title='bbox 639 1873 757 1909; x_wconf 88' lang='lat' dir='ltr'><strong>nam</strong></span> <span class='ocrx_word' id='word_1_122' title='bbox 789 1856 1010 1925; x_wconf 84' lang='lat' dir='ltr'><strong>igiturin</strong></span> <span class='ocrx_word' id='word_1_123' title='bbox 1036 1857 1152 1910; x_wconf 89' lang='lat' dir='ltr'><strong>loco</strong></span> <span class='ocrx_word' id='word_1_124' title='bbox 1181 1857 1230 1910; x_wconf 89' lang='lat' dir='ltr'><strong>id</strong></span> <span class='ocrx_word' id='word_1_125' title='bbox 1259 1854 1419 1909; x_wconf 79' lang='lat' dir='ltr'><strong>facit?</strong></span> <span class='ocrx_word' id='word_1_126' title='bbox 1443 1855 1523 1910; x_wconf 86' lang='lat' dir='ltr'><strong>Ad</strong></span> <span class='ocrx_word' id='word_1_127' title='bbox 1550 1854 1854 1909; x_wconf 83' lang='lat' dir='ltr'><strong>Corinthios</strong></span> <span class='ocrx_word' id='word_1_128' title='bbox 1876 1853 1952 1922; x_wconf 87' lang='lat' dir='ltr'><strong>(a)</strong></span> <span class='ocrx_word' id='word_1_129' title='bbox 1982 1855 2223 1907; x_wconf 86' lang='lat' dir='ltr'><strong>scribens</strong></span> 
     </span>
    </p>
   </div>
   <div class='ocr_carea' id='block_1_17' title="bbox 642 1943 2219 2017">
    <p class='ocr_par' dir='ltr' id='par_1_17' title="bbox 642 1943 2219 2017">
     <span class='ocr_line' id='line_1_17' title="bbox 642 1943 2219 2017; baseline -0.001 -19"><span class='ocrx_word' id='word_1_130' title='bbox 642 1947 737 2011; x_wconf 89' lang='lat' dir='ltr'><strong>ait,</strong></span> <span class='ocrx_word' id='word_1_131' title='bbox 778 1944 883 1998; x_wconf 78' lang='lat' dir='ltr'><strong>i’iri</strong></span> <span class='ocrx_word' id='word_1_132' title='bbox 904 1988 917 2008; x_wconf 93' lang='lat'><strong>,</strong></span> <span class='ocrx_word' id='word_1_133' title='bbox 941 1945 1135 2017; x_wconf 75' lang='lat' dir='ltr'><strong>diligite</strong></span> <span class='ocrx_word' id='word_1_134' title='bbox 1167 1963 1349 2000; x_wconf 78' lang='lat' dir='ltr'><strong>uxores</strong></span> <span class='ocrx_word' id='word_1_135' title='bbox 1375 1946 1393 2017; x_wconf 94' lang='lat'><strong>(</strong></span> <span class='ocrx_word' id='word_1_136' title='bbox 1424 1945 1608 2015; x_wconf 84' lang='lat' dir='ltr'><strong>pres.</strong></span> <span class='ocrx_word' id='word_1_137' title='bbox 1643 1945 1694 1999; x_wconf 87' lang='grc'>5.</span> <span class='ocrx_word' id='word_1_138' title='bbox 1724 1944 1796 1999; x_wconf 75' lang='grc'>25</span> <span class='ocrx_word' id='word_1_139' title='bbox 1823 1944 1840 2013; x_wconf 87' lang='grc'>)</span> <span class='ocrx_word' id='word_1_140' title='bbox 1878 1964 1890 1998; x_wconf 89' lang='lat'><strong>:</strong></span> <span class='ocrx_word' id='word_1_141' title='bbox 1921 1960 2047 1999; x_wconf 89' lang='lat' dir='ltr'><strong>ecce</strong></span> <span class='ocrx_word' id='word_1_142' title='bbox 2070 1943 2219 2009; x_wconf 85' lang='lat' dir='ltr'><strong>illud,</strong></span> 
     </span>
    </p>
   </div>
   <div class='ocr_carea' id='block_1_18' title="bbox 640 2038 2223 2093">
    <p class='ocr_par' dir='ltr' id='par_1_18' title="bbox 640 2038 2223 2093">
     <span class='ocr_line' id='line_1_18' title="bbox 640 2038 2223 2093; baseline 0.001 -3"><span class='ocrx_word' id='word_1_143' title='bbox 640 2040 718 2090; x_wconf 76' lang='lat' dir='ltr'><strong>Ad</strong></span> <span class='ocrx_word' id='word_1_144' title='bbox 752 2040 910 2092; x_wconf 83' lang='lat' dir='ltr'><strong>virum</strong></span> <span class='ocrx_word' id='word_1_145' title='bbox 937 2050 1077 2092; x_wconf 80' lang='lat' dir='ltr'><strong>tuum</strong></span> <span class='ocrx_word' id='word_1_146' title='bbox 1102 2041 1356 2092; x_wconf 82' lang='lat' dir='ltr'><strong>conversio</strong></span> <span class='ocrx_word' id='word_1_147' title='bbox 1390 2050 1498 2092; x_wconf 86' lang='lat' dir='ltr'><strong>tua.</strong></span> <span class='ocrx_word' id='word_1_148' title='bbox 1530 2038 1725 2093; x_wconf 72' lang='lat' dir='ltr'><strong>Uxores</strong></span> <span class='ocrx_word' id='word_1_149' title='bbox 1751 2048 1919 2091; x_wconf 82' lang='lat' dir='ltr'><strong>autem</strong></span> <span class='ocrx_word' id='word_1_150' title='bbox 1944 2049 1999 2091; x_wconf 82' lang='lat' dir='ltr'><strong>ut</strong></span> <span class='ocrx_word' id='word_1_151' title='bbox 2017 2040 2223 2092; x_wconf 85' lang='lat' dir='ltr'><strong>timeant</strong></span> 
     </span>
    </p>
   </div>
   <div class='ocr_carea' id='block_1_19' title="bbox 639 2118 2219 2201">
    <p class='ocr_par' dir='ltr' id='par_1_19' title="bbox 639 2118 2219 2201">
     <span class='ocr_line' id='line_1_19' title="bbox 639 2118 2219 2201; baseline 0 -20"><span class='ocrx_word' id='word_1_152' title='bbox 639 2130 771 2184; x_wconf 74' lang='lat' dir='ltr'><strong>viros</strong></span> <span class='ocrx_word' id='word_1_153' title='bbox 821 2128 993 2199; x_wconf 86' lang='lat' dir='ltr'><strong>(Ibid.</strong></span> <span class='ocrx_word' id='word_1_154' title='bbox 1037 2145 1083 2183; x_wconf 77' lang='grc' dir='ltr'><strong>υ.</strong></span> <span class='ocrx_word' id='word_1_155' title='bbox 1123 2128 1214 2201; x_wconf 73' lang='grc'><strong>55)</strong></span> <span class='ocrx_word' id='word_1_156' title='bbox 1242 2118 1402 2185; x_wconf 79' lang='lat' dir='ltr'><strong>:ecce</strong></span> <span class='ocrx_word' id='word_1_157' title='bbox 1429 2130 1577 2192; x_wconf 88' lang='lat' dir='ltr'><strong>illud.</strong></span> <span class='ocrx_word' id='word_1_158' title='bbox 1621 2129 1740 2201; x_wconf 80' lang='lat' dir='ltr'><strong>Ipse</strong></span> <span class='ocrx_word' id='word_1_159' title='bbox 1766 2131 1837 2183; x_wconf 81' lang='lat' dir='ltr'><strong>tui</strong></span> <span class='ocrx_word' id='word_1_160' title='bbox 1862 2130 2219 2182; x_wconf 81' lang='lat' dir='ltr'><strong>dominabitur.</strong></span> 
     </span>
    </p>
   </div>
   <div class='ocr_carea' id='block_1_20' title="bbox 642 2218 2225 2289">
    <p class='ocr_par' dir='ltr' id='par_1_20' title="bbox 642 2218 2225 2289">
     <span class='ocr_line' id='line_1_20' title="bbox 642 2218 2225 2289; baseline -0.001 -17"><span class='ocrx_word' id='word_1_161' title='bbox 642 2219 801 2273; x_wconf 82' lang='lat' dir='ltr'><strong>Vides</strong></span> <span class='ocrx_word' id='word_1_162' title='bbox 822 2220 1105 2274; x_wconf 91' lang='lat' dir='ltr'><strong>utminime</strong></span> <span class='ocrx_word' id='word_1_163' title='bbox 1124 2220 1299 2289; x_wconf 89' lang='lat' dir='ltr'><strong>gravis</strong></span> <span class='ocrx_word' id='word_1_164' title='bbox 1322 2221 1391 2275; x_wconf 87' lang='lat' dir='ltr'><strong>sit</strong></span> <span class='ocrx_word' id='word_1_165' title='bbox 1414 2220 1733 2285; x_wconf 85' lang='lat' dir='ltr'><strong>dominatus,</strong></span> <span class='ocrx_word' id='word_1_166' title='bbox 1758 2219 1969 2289; x_wconf 88' lang='lat' dir='ltr'><strong>quando</strong></span> <span class='ocrx_word' id='word_1_167' title='bbox 1994 2218 2225 2274; x_wconf 75' lang='lat' dir='ltr'><strong>fervidus</strong></span> 
     </span>
    </p>
   </div>
   <div class='ocr_carea' id='block_1_21' title="bbox 638 2310 2225 2383">
    <p class='ocr_par' dir='ltr' id='par_1_21' title="bbox 638 2310 2225 2383">
     <span class='ocr_line' id='line_1_21' title="bbox 638 2310 2225 2383; baseline 0.003 -20"><span class='ocrx_word' id='word_1_168' title='bbox 638 2321 862 2377; x_wconf 83' lang='lat' dir='ltr'><strong>amator,</strong></span> <span class='ocrx_word' id='word_1_169' title='bbox 909 2311 1144 2365; x_wconf 89' lang='lat' dir='ltr'><strong>mulieris</strong></span> <span class='ocrx_word' id='word_1_170' title='bbox 1182 2313 1463 2367; x_wconf 83' lang='lat' dir='ltr'><strong>servientis</strong></span> <span class='ocrx_word' id='word_1_171' title='bbox 1503 2312 1660 2367; x_wconf 90' lang='lat' dir='ltr'><strong>fuerit</strong></span> <span class='ocrx_word' id='word_1_172' title='bbox 1700 2310 1980 2378; x_wconf 89' lang='lat' dir='ltr'><strong>dominus,</strong></span> <span class='ocrx_word' id='word_1_173' title='bbox 2011 2311 2225 2383; x_wconf 88' lang='lat' dir='ltr'><strong>quando</strong></span> 
     </span>
    </p>
   </div>
   <div class='ocr_carea' id='block_1_22' title="bbox 641 2403 2222 2472">
    <p class='ocr_par' dir='ltr' id='par_1_22' title="bbox 641 2403 2222 2472">
     <span class='ocr_line' id='line_1_22' title="bbox 641 2403 2222 2472; baseline 0.002 -19"><span class='ocrx_word' id='word_1_174' title='bbox 641 2412 813 2456; x_wconf 90' lang='lat' dir='ltr'><strong>metus</strong></span> <span class='ocrx_word' id='word_1_175' title='bbox 845 2403 998 2457; x_wconf 89' lang='lat' dir='ltr'><strong>fuerit</strong></span> <span class='ocrx_word' id='word_1_176' title='bbox 1024 2418 1144 2456; x_wconf 87' lang='lat' dir='ltr'><strong>cum</strong></span> <span class='ocrx_word' id='word_1_177' title='bbox 1180 2405 1400 2458; x_wconf 87' lang='lat' dir='ltr'><strong>caritate</strong></span> <span class='ocrx_word' id='word_1_178' title='bbox 1430 2403 1783 2472; x_wconf 86' lang='lat' dir='ltr'><strong>conjunctus?</strong></span> <span class='ocrx_word' id='word_1_179' title='bbox 1830 2404 1918 2458; x_wconf 92' lang='lat' dir='ltr'><strong>Sic</strong></span> <span class='ocrx_word' id='word_1_180' title='bbox 1947 2405 2089 2458; x_wconf 88' lang='lat' dir='ltr'><strong>enim</strong></span> <span class='ocrx_word' id='word_1_181' title='bbox 2120 2404 2222 2457; x_wconf 88' lang='lat' dir='ltr'><strong>tol-</strong></span> 
     </span>
    </p>
   </div>
   <div class='ocr_carea' id='block_1_23' title="bbox 641 2492 2223 2563">
    <p class='ocr_par' dir='ltr' id='par_1_23' title="bbox 641 2492 2223 2563">
     <span class='ocr_line' id='line_1_23' title="bbox 641 2492 2223 2563; baseline 0.001 -18"><span class='ocrx_word' id='word_1_182' title='bbox 641 2494 766 2547; x_wconf 91' lang='lat' dir='ltr'><strong>litur</strong></span> <span class='ocrx_word' id='word_1_183' title='bbox 791 2493 964 2547; x_wconf 77' lang='lat' dir='ltr'><strong>mimis</strong></span> <span class='ocrx_word' id='word_1_184' title='bbox 994 2494 1233 2548; x_wconf 85' lang='lat' dir='ltr'><strong>molestia</strong></span> <span class='ocrx_word' id='word_1_185' title='bbox 1286 2494 1576 2547; x_wconf 80' lang='lat' dir='ltr'><strong>servitutis.</strong></span> <span class='ocrx_word' id='word_1_186' title='bbox 1609 2492 1783 2548; x_wconf 89' lang='lat' dir='ltr'><strong>Unum</strong></span> <span class='ocrx_word' id='word_1_187' title='bbox 1814 2493 1990 2563; x_wconf 81' lang='lat' dir='ltr'><strong>itaque</strong></span> <span class='ocrx_word' id='word_1_188' title='bbox 2023 2494 2223 2563; x_wconf 89' lang='lat' dir='ltr'><strong>princi-</strong></span> 
     </span>
    </p>
   </div>
   <div class='ocr_carea' id='block_1_24' title="bbox 640 2582 2221 2655">
    <p class='ocr_par' dir='ltr' id='par_1_24' title="bbox 640 2582 2221 2655">
     <span class='ocr_line' id='line_1_24' title="bbox 640 2582 2221 2655; baseline 0.004 -21"><span class='ocrx_word' id='word_1_189' title='bbox 640 2591 820 2651; x_wconf 84' lang='lat' dir='ltr'><strong>patum</strong></span> <span class='ocrx_word' id='word_1_190' title='bbox 854 2582 1058 2637; x_wconf 81' lang='lat' dir='ltr'><strong>induxit</strong></span> <span class='ocrx_word' id='word_1_191' title='bbox 1084 2583 1464 2638; x_wconf 90' lang='lat' dir='ltr'><strong>inobedientia.</strong></span> <span class='ocrx_word' id='word_1_192' title='bbox 1507 2583 1621 2639; x_wconf 85' lang='lat' dir='ltr'><strong>Noli</strong></span> <span class='ocrx_word' id='word_1_193' title='bbox 1647 2586 1788 2639; x_wconf 91' lang='lat' dir='ltr'><strong>enim</strong></span> <span class='ocrx_word' id='word_1_194' title='bbox 1828 2585 1927 2639; x_wconf 90' lang='lat' dir='ltr'><strong>hoc</strong></span> <span class='ocrx_word' id='word_1_195' title='bbox 1956 2595 2221 2655; x_wconf 88' lang='lat' dir='ltr'><strong>spectare,</strong></span> 
     </span>
    </p>
   </div>
   <div class='ocr_carea' id='block_1_25' title="bbox 641 2672 2226 2745">
    <p class='ocr_par' dir='ltr' id='par_1_25' title="bbox 641 2672 2226 2745">
     <span class='ocr_line' id='line_1_25' title="bbox 641 2672 2226 2745; baseline 0.003 -19"><span class='ocrx_word' id='word_1_196' title='bbox 641 2672 783 2742; x_wconf 89' lang='lat' dir='ltr'><strong>quod</strong></span> <span class='ocrx_word' id='word_1_197' title='bbox 811 2672 956 2727; x_wconf 86' lang='lat' dir='ltr'><strong>illam</strong></span> <span class='ocrx_word' id='word_1_198' title='bbox 991 2684 1046 2727; x_wconf 92' lang='lat' dir='ltr'><strong>ut</strong></span> <span class='ocrx_word' id='word_1_199' title='bbox 1084 2675 1364 2742; x_wconf 88' lang='lat' dir='ltr'><strong>oportebat</strong></span> <span class='ocrx_word' id='word_1_200' title='bbox 1393 2676 1704 2744; x_wconf 87' lang='lat' dir='ltr'><strong>temperarit</strong></span> <span class='ocrx_word' id='word_1_201' title='bbox 1741 2676 1879 2729; x_wconf 86' lang='lat' dir='ltr'><strong>Deus</strong></span> <span class='ocrx_word' id='word_1_202' title='bbox 1903 2716 1917 2737; x_wconf 87' lang='lat'><strong>,</strong></span> <span class='ocrx_word' id='word_1_203' title='bbox 1948 2677 2041 2729; x_wconf 88' lang='lat' dir='ltr'><strong>sed</strong></span> <span class='ocrx_word' id='word_1_204' title='bbox 2084 2675 2226 2745; x_wconf 88' lang='lat' dir='ltr'><strong>quod</strong></span> 
     </span>
    </p>
   </div>
   <div class='ocr_carea' id='block_1_26' title="bbox 642 2764 2225 2836">
    <p class='ocr_par' dir='ltr' id='par_1_26' title="bbox 642 2764 2225 2836">
     <span class='ocr_line' id='line_1_26' title="bbox 642 2764 2225 2836; baseline 0.001 -18"><span class='ocrx_word' id='word_1_205' title='bbox 642 2766 810 2834; x_wconf 83' lang='lat' dir='ltr'><strong>ipsam</strong></span> <span class='ocrx_word' id='word_1_206' title='bbox 837 2764 1106 2819; x_wconf 84' lang='lat' dir='ltr'><strong>servitutis</strong></span> <span class='ocrx_word' id='word_1_207' title='bbox 1121 2773 1360 2819; x_wconf 88' lang='lat' dir='ltr'><strong>naturam</strong></span> <span class='ocrx_word' id='word_1_208' title='bbox 1386 2767 1721 2821; x_wconf 85' lang='lat' dir='ltr'><strong>constituerit</strong></span> <span class='ocrx_word' id='word_1_209' title='bbox 1751 2776 2057 2835; x_wconf 86' lang='lat' dir='ltr'><strong>peccatum:</strong></span> <span class='ocrx_word' id='word_1_210' title='bbox 2083 2766 2225 2836; x_wconf 91' lang='lat' dir='ltr'><strong>quod</strong></span> 
     </span>
    </p>
   </div>
   <div class='ocr_carea' id='block_1_27' title="bbox 645 2857 2226 2928">
    <p class='ocr_par' dir='ltr' id='par_1_27' title="bbox 645 2857 2226 2928">
     <span class='ocr_line' id='line_1_27' title="bbox 645 2857 2226 2928; baseline -0.001 -15"><span class='ocrx_word' id='word_1_211' title='bbox 645 2868 727 2913; x_wconf 91' lang='lat' dir='ltr'><strong>est</strong></span> <span class='ocrx_word' id='word_1_212' title='bbox 749 2857 975 2913; x_wconf 87' lang='lat' dir='ltr'><strong>alterum</strong></span> <span class='ocrx_word' id='word_1_213' title='bbox 994 2872 1163 2928; x_wconf 84' lang='lat' dir='ltr'><strong>genus</strong></span> <span class='ocrx_word' id='word_1_214' title='bbox 1183 2858 1452 2913; x_wconf 81' lang='lat' dir='ltr'><strong>servitutis</strong></span> <span class='ocrx_word' id='word_1_215' title='bbox 1466 2859 1629 2912; x_wconf 90' lang='lat' dir='ltr'><strong>multo</strong></span> <span class='ocrx_word' id='word_1_216' title='bbox 1652 2858 1814 2927; x_wconf 88' lang='lat' dir='ltr'><strong>priori</strong></span> <span class='ocrx_word' id='word_1_217' title='bbox 1835 2859 2066 2927; x_wconf 75' lang='lat' dir='ltr'><strong>gravius,</strong></span> <span class='ocrx_word' id='word_1_218' title='bbox 2085 2858 2226 2926; x_wconf 90' lang='lat' dir='ltr'><strong>quod</strong></span> 
     </span>
    </p>
   </div>
   <div class='ocr_carea' id='block_1_28' title="bbox 646 2949 2225 3020">
    <p class='ocr_par' dir='ltr' id='par_1_28' title="bbox 646 2949 2225 3020">
     <span class='ocr_line' id='line_1_28' title="bbox 646 2949 2225 3020; baseline 0 -17"><span class='ocrx_word' id='word_1_219' title='bbox 646 2960 700 3003; x_wconf 89' lang='lat' dir='ltr'><strong>et</strong></span> <span class='ocrx_word' id='word_1_220' title='bbox 715 2950 885 3018; x_wconf 90' lang='lat' dir='ltr'><strong>ipsum</strong></span> <span class='ocrx_word' id='word_1_221' title='bbox 902 2950 1159 3020; x_wconf 77' lang='lat' dir='ltr'><strong>originem</strong></span> <span class='ocrx_word' id='word_1_222' title='bbox 1178 2960 1230 3005; x_wconf 93' lang='lat' dir='ltr'><strong>et</strong></span> <span class='ocrx_word' id='word_1_223' title='bbox 1247 2950 1583 3004; x_wconf 82' lang='lat' dir='ltr'><strong>occasionem</strong></span> <span class='ocrx_word' id='word_1_224' title='bbox 1600 2949 1750 3004; x_wconf 80' lang='lat' dir='ltr'><strong>duxit</strong></span> <span class='ocrx_word' id='word_1_225' title='bbox 1768 2965 1797 3003; x_wconf 90' lang='lat' dir='ltr'><strong>a</strong></span> <span class='ocrx_word' id='word_1_226' title='bbox 1823 2959 2060 3018; x_wconf 87' lang='lat' dir='ltr'><strong>peccato.</strong></span> <span class='ocrx_word' id='word_1_227' title='bbox 2095 2950 2225 3003; x_wconf 86' lang='lat' dir='ltr'><strong>Nam</strong></span> 
     </span>
    </p>
   </div>
   <div class='ocr_carea' id='block_1_29' title="bbox 646 3040 2224 3113">
    <p class='ocr_par' dir='ltr' id='par_1_29' title="bbox 646 3040 2224 3113">
     <span class='ocr_line' id='line_1_29' title="bbox 646 3040 2224 3113; baseline -0.001 -18"><span class='ocrx_word' id='word_1_228' title='bbox 646 3052 758 3113; x_wconf 90' lang='lat' dir='ltr'><strong>post</strong></span> <span class='ocrx_word' id='word_1_229' title='bbox 781 3041 1035 3096; x_wconf 84' lang='lat' dir='ltr'><strong>diluvium</strong></span> <span class='ocrx_word' id='word_1_230' title='bbox 1066 3040 1198 3106; x_wconf 88' lang='lat' dir='ltr'><strong>Noe,</strong></span> <span class='ocrx_word' id='word_1_231' title='bbox 1231 3056 1515 3097; x_wconf 87' lang='lat' dir='ltr'><strong>commune</strong></span> <span class='ocrx_word' id='word_1_232' title='bbox 1546 3041 1673 3096; x_wconf 91' lang='lat' dir='ltr'><strong>illud</strong></span> <span class='ocrx_word' id='word_1_233' title='bbox 1698 3042 1931 3095; x_wconf 84' lang='lat' dir='ltr'><strong>universi</strong></span> <span class='ocrx_word' id='word_1_234' title='bbox 1965 3050 2224 3095; x_wconf 89' lang='lat' dir='ltr'><strong>terrarum</strong></span> 
     </span>
    </p>
   </div>
   <div class='ocr_carea' id='block_1_30' title="bbox 643 3132 2228 3203">
    <p class='ocr_par' dir='ltr' id='par_1_30' title="bbox 643 3132 2228 3203">
     <span class='ocr_line' id='line_1_30' title="bbox 643 3132 2228 3203; baseline -0.001 -15"><span class='ocrx_word' id='word_1_235' title='bbox 643 3133 789 3189; x_wconf 87' lang='lat' dir='ltr'><strong>orbis</strong></span> <span class='ocrx_word' id='word_1_236' title='bbox 824 3134 1153 3203; x_wconf 80' lang='lat' dir='ltr'><strong>naufragium</strong></span> <span class='ocrx_word' id='word_1_237' title='bbox 1200 3143 1255 3188; x_wconf 93' lang='lat' dir='ltr'><strong>et</strong></span> <span class='ocrx_word' id='word_1_238' title='bbox 1283 3134 1501 3187; x_wconf 84' lang='lat' dir='ltr'><strong>exitium</strong></span> <span class='ocrx_word' id='word_1_239' title='bbox 1527 3176 1541 3197; x_wconf 88' lang='lat'><strong>,</strong></span> <span class='ocrx_word' id='word_1_240' title='bbox 1570 3136 1804 3201; x_wconf 87' lang='lat' dir='ltr'><strong>peccavit</strong></span> <span class='ocrx_word' id='word_1_241' title='bbox 1853 3133 1903 3187; x_wconf 89' lang='lat' dir='ltr'><strong>in</strong></span> <span class='ocrx_word' id='word_1_242' title='bbox 1932 3132 2228 3200; x_wconf 84' lang='lat' dir='ltr'><strong>genitorem</strong></span> 
     </span>
    </p>
   </div>
   <div class='ocr_carea' id='block_1_31' title="bbox 645 3223 2228 3293">
    <p class='ocr_par' dir='ltr' id='par_1_31' title="bbox 645 3223 2228 3293">
     <span class='ocr_line' id='line_1_31' title="bbox 645 3223 2228 3293; baseline -0.001 -14"><span class='ocrx_word' id='word_1_243' title='bbox 645 3240 799 3279; x_wconf 88' lang='lat' dir='ltr'><strong>suum</strong></span> <span class='ocrx_word' id='word_1_244' title='bbox 821 3224 988 3279; x_wconf 83' lang='lat' dir='ltr'><strong>Cham</strong></span> <span class='ocrx_word' id='word_1_245' title='bbox 1015 3227 1029 3255; x_wconf 79' lang='grc'>³</span> <span class='ocrx_word' id='word_1_246' title='bbox 1052 3265 1068 3290; x_wconf 95' lang='grc'>,</span> <span class='ocrx_word' id='word_1_247' title='bbox 1097 3239 1325 3293; x_wconf 88' lang='lat' dir='ltr'><strong>cumque</strong></span> <span class='ocrx_word' id='word_1_248' title='bbox 1346 3223 1601 3278; x_wconf 83' lang='lat' dir='ltr'><strong>nudatum</strong></span> <span class='ocrx_word' id='word_1_249' title='bbox 1626 3233 1831 3291; x_wconf 85' lang='lat' dir='ltr'><strong>patrem</strong></span> <span class='ocrx_word' id='word_1_250' title='bbox 1860 3223 2109 3290; x_wconf 79' lang='lat' dir='ltr'><strong>vidisset,</strong></span> <span class='ocrx_word' id='word_1_251' title='bbox 2136 3240 2228 3278; x_wconf 90' lang='lat' dir='ltr'><strong>ac-</strong></span> 
     </span>
    </p>
   </div>
   <div class='ocr_carea' id='block_1_32' title="bbox 646 3311 2229 3382">
    <p class='ocr_par' dir='ltr' id='par_1_32' title="bbox 646 3311 2229 3382">
     <span class='ocr_line' id='line_1_32' title="bbox 646 3311 2229 3382; baseline 0.001 -15"><span class='ocrx_word' id='word_1_252' title='bbox 646 3314 921 3369; x_wconf 90' lang='lat' dir='ltr'><strong>cusatione</strong></span> <span class='ocrx_word' id='word_1_253' title='bbox 957 3314 1103 3369; x_wconf 86' lang='lat' dir='ltr'><strong>illum</strong></span> <span class='ocrx_word' id='word_1_254' title='bbox 1144 3315 1371 3382; x_wconf 84' lang='lat' dir='ltr'><strong>amplius</strong></span> <span class='ocrx_word' id='word_1_255' title='bbox 1396 3328 1490 3367; x_wconf 86' lang='lat' dir='ltr'><strong>sua</strong></span> <span class='ocrx_word' id='word_1_256' title='bbox 1517 3314 1655 3381; x_wconf 87' lang='lat' dir='ltr'><strong>apud</strong></span> <span class='ocrx_word' id='word_1_257' title='bbox 1679 3311 1871 3367; x_wconf 88' lang='lat' dir='ltr'><strong>fratres</strong></span> <span class='ocrx_word' id='word_1_258' title='bbox 1909 3328 2035 3368; x_wconf 90' lang='lat' dir='ltr'><strong>suos</strong></span> <span class='ocrx_word' id='word_1_259' title='bbox 2064 3315 2229 3368; x_wconf 89' lang='lat' dir='ltr'><strong>nuda-</strong></span> 
     </span>
    </p>
   </div>
   <div class='ocr_carea' id='block_1_33' title="bbox 648 3404 2231 3476">
    <p class='ocr_par' dir='ltr' id='par_1_33' title="bbox 648 3404 2231 3476">
     <span class='ocr_line' id='line_1_33' title="bbox 648 3404 2231 3476; baseline 0.001 -17"><span class='ocrx_word' id='word_1_260' title='bbox 648 3407 741 3473; x_wconf 89' lang='lat' dir='ltr'><strong>vit,</strong></span> <span class='ocrx_word' id='word_1_261' title='bbox 771 3415 928 3476; x_wconf 91' lang='lat' dir='ltr'><strong>atque</strong></span> <span class='ocrx_word' id='word_1_262' title='bbox 955 3406 1077 3461; x_wconf 84' lang='lat' dir='ltr'><strong>inde</strong></span> <span class='ocrx_word' id='word_1_263' title='bbox 1106 3404 1331 3460; x_wconf 86' lang='lat' dir='ltr'><strong>fratrum</strong></span> <span class='ocrx_word' id='word_1_264' title='bbox 1358 3420 1545 3461; x_wconf 90' lang='lat' dir='ltr'><strong>servus</strong></span> <span class='ocrx_word' id='word_1_265' title='bbox 1570 3415 1651 3461; x_wconf 91' lang='lat' dir='ltr'><strong>est</strong></span> <span class='ocrx_word' id='word_1_266' title='bbox 1687 3404 1877 3460; x_wconf 87' lang='lat' dir='ltr'><strong>factus.</strong></span> <span class='ocrx_word' id='word_1_267' title='bbox 1908 3404 2231 3476; x_wconf 87' lang='lat' dir='ltr'><strong>Corruperat</strong></span> 
     </span>
    </p>
   </div>
   <div class='ocr_carea' id='block_1_34' title="bbox 646 3499 2229 3568">
    <p class='ocr_par' dir='ltr' id='par_1_34' title="bbox 646 3499 2229 3568">
     <span class='ocr_line' id='line_1_34' title="bbox 646 3499 2229 3568; baseline 0.001 -15"><span class='ocrx_word' id='word_1_268' title='bbox 646 3499 789 3553; x_wconf 89' lang='lat' dir='ltr'><strong>enim</strong></span> <span class='ocrx_word' id='word_1_269' title='bbox 821 3508 1022 3552; x_wconf 64' lang='lat' dir='ltr'><strong>naturai</strong></span> <span class='ocrx_word' id='word_1_270' title='bbox 1049 3500 1379 3553; x_wconf 84' lang='lat' dir='ltr'><strong>nobilitatem</strong></span> <span class='ocrx_word' id='word_1_271' title='bbox 1410 3499 1640 3568; x_wconf 88' lang='lat' dir='ltr'><strong>pravitas</strong></span> <span class='ocrx_word' id='word_1_272' title='bbox 1677 3499 2000 3555; x_wconf 88' lang='lat' dir='ltr'><strong>voluntatis:</strong></span> <span class='ocrx_word' id='word_1_273' title='bbox 2030 3514 2092 3552; x_wconf 91' lang='lat' dir='ltr'><strong>ac</strong></span> <span class='ocrx_word' id='word_1_274' title='bbox 2117 3515 2229 3554; x_wconf 90' lang='lat' dir='ltr'><strong>me-</strong></span> 
     </span>
    </p>
   </div>
   <div class='ocr_carea' id='block_1_35' title="bbox 650 3590 2231 3662">
    <p class='ocr_par' dir='ltr' id='par_1_35' title="bbox 650 3590 2231 3662">
     <span class='ocr_line' id='line_1_35' title="bbox 650 3590 2231 3662; baseline -0.001 -17"><span class='ocrx_word' id='word_1_275' title='bbox 650 3593 751 3646; x_wconf 89' lang='lat' dir='ltr'><strong>rito</strong></span> <span class='ocrx_word' id='word_1_276' title='bbox 795 3592 1030 3662; x_wconf 84' lang='lat' dir='ltr'><strong>quidem.</strong></span> <span class='ocrx_word' id='word_1_277' title='bbox 1087 3591 1359 3661; x_wconf 85' lang='lat' dir='ltr'><strong>Scriptura</strong></span> <span class='ocrx_word' id='word_1_278' title='bbox 1406 3591 1561 3659; x_wconf 85' lang='lat' dir='ltr'><strong>igitur</strong></span> <span class='ocrx_word' id='word_1_279' title='bbox 1602 3590 1907 3645; x_wconf 87' lang='lat' dir='ltr'><strong>innumeras</strong></span> <span class='ocrx_word' id='word_1_280' title='bbox 1957 3605 2050 3658; x_wconf 91' lang='lat' dir='ltr'><strong>pro</strong></span> <span class='ocrx_word' id='word_1_281' title='bbox 2085 3590 2231 3657; x_wconf 82' lang='lat' dir='ltr'><strong>justo</strong></span> 
     </span>
    </p>
   </div>
   <div class='ocr_carea' id='block_1_36' title="bbox 650 3682 2228 3754">
    <p class='ocr_par' dir='ltr' id='par_1_36' title="bbox 650 3682 2228 3754">
     <span class='ocr_line' id='line_1_36' title="bbox 650 3682 2228 3754; baseline 0.001 -19"><span class='ocrx_word' id='word_1_282' title='bbox 650 3684 851 3754; x_wconf 87' lang='lat' dir='ltr'><strong>profert</strong></span> <span class='ocrx_word' id='word_1_283' title='bbox 900 3683 1270 3739; x_wconf 78' lang='lat' dir='ltr'><strong>excusationes</strong></span> <span class='ocrx_word' id='word_1_284' title='bbox 1296 3725 1311 3749; x_wconf 92' lang='lat'><strong>,</strong></span> <span class='ocrx_word' id='word_1_285' title='bbox 1337 3683 1416 3738; x_wconf 89' lang='lat' dir='ltr'><strong>vel</strong></span> <span class='ocrx_word' id='word_1_286' title='bbox 1468 3682 1639 3751; x_wconf 88' lang='lat' dir='ltr'><strong>potius</strong></span> <span class='ocrx_word' id='word_1_287' title='bbox 1676 3697 1783 3737; x_wconf 91' lang='lat' dir='ltr'><strong>uno</strong></span> <span class='ocrx_word' id='word_1_288' title='bbox 1812 3684 1977 3737; x_wconf 83' lang='lat' dir='ltr'><strong>verbo</strong></span> <span class='ocrx_word' id='word_1_289' title='bbox 2017 3698 2228 3736; x_wconf 81' lang='lat' dir='ltr'><strong>onmem</strong></span> 
     </span>
    </p>
   </div>
   <div class='ocr_carea' id='block_1_37' title="bbox 652 3772 2230 3843">
    <p class='ocr_par' dir='ltr' id='par_1_37' title="bbox 652 3772 2230 3843">
     <span class='ocr_line' id='line_1_37' title="bbox 652 3772 2230 3843; baseline 0 -18"><span class='ocrx_word' id='word_1_290' title='bbox 652 3776 725 3828; x_wconf 86' lang='lat' dir='ltr'><strong>illi</strong></span> <span class='ocrx_word' id='word_1_291' title='bbox 765 3776 855 3829; x_wconf 85' lang='lat' dir='ltr'><strong>dat</strong></span> <span class='ocrx_word' id='word_1_292' title='bbox 883 3775 1111 3828; x_wconf 84' lang='lat' dir='ltr'><strong>veniam.</strong></span> <span class='ocrx_word' id='word_1_293' title='bbox 1140 3774 1300 3842; x_wconf 73' lang='lat' dir='ltr'><strong>Coepit</strong></span> <span class='ocrx_word' id='word_1_294' title='bbox 1329 3775 1502 3838; x_wconf 89' lang='lat' dir='ltr'><strong>enim,</strong></span> <span class='ocrx_word' id='word_1_295' title='bbox 1530 3774 1727 3843; x_wconf 89' lang='lat' dir='ltr'><strong>inquit,</strong></span> <span class='ocrx_word' id='word_1_296' title='bbox 1760 3772 1876 3826; x_wconf 87' lang='lat' dir='ltr'><strong>Noe</strong></span> <span class='ocrx_word' id='word_1_297' title='bbox 1922 3774 2070 3826; x_wconf 85' lang='lat' dir='ltr'><strong>homo</strong></span> <span class='ocrx_word' id='word_1_298' title='bbox 2092 3776 2230 3843; x_wconf 83' lang='lat' dir='ltr'><strong>agri-</strong></span> 
     </span>
    </p>
   </div>
   <div class='ocr_carea' id='block_1_38' title="bbox 651 3864 2234 3934">
    <p class='ocr_par' dir='ltr' id='par_1_38' title="bbox 651 3864 2234 3934">
     <span class='ocr_line' id='line_1_38' title="bbox 651 3864 2234 3934; baseline 0.001 -16"><span class='ocrx_word' id='word_1_299' title='bbox 651 3866 763 3919; x_wconf 81' lang='lat' dir='ltr'><strong>cola</strong></span> <span class='ocrx_word' id='word_1_300' title='bbox 791 3864 942 3934; x_wconf 81' lang='lat' dir='ltr'><strong>(Gen.</strong></span> <span class='ocrx_word' id='word_1_301' title='bbox 973 3865 1026 3919; x_wconf 88' lang='lat'><strong>9.</strong></span> <span class='ocrx_word' id='word_1_302' title='bbox 1056 3865 1171 3933; x_wconf 69' lang='lat'><strong>20).</strong></span> <span class='ocrx_word' id='word_1_303' title='bbox 1200 3864 1329 3919; x_wconf 89' lang='lat' dir='ltr'><strong>Illud</strong></span> <span class='ocrx_word' id='word_1_304' title='bbox 1361 3879 1507 3927; x_wconf 89' lang='lat' dir='ltr'><strong>vero,</strong></span> <span class='ocrx_word' id='word_1_305' title='bbox 1534 3864 1714 3932; x_wconf 61' lang='lat' dir='ltr'><strong>Capit,</strong></span> <span class='ocrx_word' id='word_1_306' title='bbox 1746 3864 1965 3917; x_wconf 91' lang='lat' dir='ltr'><strong>multam</strong></span> <span class='ocrx_word' id='word_1_307' title='bbox 1995 3867 2234 3920; x_wconf 89' lang='lat' dir='ltr'><strong>continet</strong></span> 
     </span>
    </p>
   </div>
   <div class='ocr_carea' id='block_1_39' title="bbox 650 3953 2233 4024">
    <p class='ocr_par' dir='ltr' id='par_1_39' title="bbox 650 3953 2233 4024">
     <span class='ocr_line' id='line_1_39' title="bbox 650 3953 2233 4024; baseline 0 -15"><span class='ocrx_word' id='word_1_308' title='bbox 650 3957 922 4011; x_wconf 84' lang='lat' dir='ltr'><strong>ebrietatis</strong></span> <span class='ocrx_word' id='word_1_309' title='bbox 949 3957 1364 4010; x_wconf 70' lang='lat' dir='ltr'><strong>excusationem.</strong></span> <span class='ocrx_word' id='word_1_310' title='bbox 1394 3953 1523 4009; x_wconf 85' lang='lat' dir='ltr'><strong>Nam</strong></span> <span class='ocrx_word' id='word_1_311' title='bbox 1551 3969 1723 4024; x_wconf 79' lang='lat' dir='ltr'><strong>neque</strong></span> <span class='ocrx_word' id='word_1_312' title='bbox 1745 3962 1999 4024; x_wconf 89' lang='lat' dir='ltr'><strong>quantum</strong></span> <span class='ocrx_word' id='word_1_313' title='bbox 2023 3956 2127 4009; x_wconf 89' lang='lat' dir='ltr'><strong>vini</strong></span> <span class='ocrx_word' id='word_1_314' title='bbox 2152 3956 2233 4009; x_wconf 84' lang='lat' dir='ltr'><strong>bi-</strong></span> 
     </span>
    </p>
   </div>
   <div class='ocr_carea' id='block_1_40' title="bbox 653 4046 2232 4115">
    <p class='ocr_par' dir='ltr' id='par_1_40' title="bbox 653 4046 2232 4115">
     <span class='ocr_line' id='line_1_40' title="bbox 653 4046 2232 4115; baseline -0.001 -14"><span class='ocrx_word' id='word_1_315' title='bbox 653 4048 880 4101; x_wconf 83' lang='lat' dir='ltr'><strong>hendum</strong></span> <span class='ocrx_word' id='word_1_316' title='bbox 923 4059 1064 4102; x_wconf 83' lang='lat' dir='ltr'><strong>esset</strong></span> <span class='ocrx_word' id='word_1_317' title='bbox 1109 4056 1361 4112; x_wconf 80' lang='lat' dir='ltr'><strong>noverat,</strong></span> <span class='ocrx_word' id='word_1_318' title='bbox 1394 4061 1494 4101; x_wconf 91' lang='lat' dir='ltr'><strong>nec</strong></span> <span class='ocrx_word' id='word_1_319' title='bbox 1532 4046 1834 4115; x_wconf 86' lang='lat' dir='ltr'><strong>quomodo;</strong></span> <span class='ocrx_word' id='word_1_320' title='bbox 1864 4061 2138 4101; x_wconf 90' lang='lat' dir='ltr'><strong>merumne</strong></span> <span class='ocrx_word' id='word_1_321' title='bbox 2167 4064 2232 4100; x_wconf 89' lang='lat' dir='ltr'><strong>an</strong></span> 
     </span>
    </p>
   </div>
   <div class='ocr_carea' id='block_1_41' title="bbox 652 4138 2229 4210">
    <p class='ocr_par' dir='ltr' id='par_1_41' title="bbox 652 4138 2229 4210">
     <span class='ocr_line' id='line_1_41' title="bbox 652 4138 2229 4210; baseline 0.001 -18"><span class='ocrx_word' id='word_1_322' title='bbox 652 4157 785 4210; x_wconf 85' lang='lat' dir='ltr'><strong>aqua</strong></span> <span class='ocrx_word' id='word_1_323' title='bbox 831 4141 1053 4193; x_wconf 78' lang='lat' dir='ltr'><strong>mixtum</strong></span> <span class='ocrx_word' id='word_1_324' title='bbox 1082 4156 1094 4192; x_wconf 89' lang='lat'><strong>:</strong></span> <span class='ocrx_word' id='word_1_325' title='bbox 1138 4155 1236 4195; x_wconf 87' lang='lat' dir='ltr'><strong>nec</strong></span> <span class='ocrx_word' id='word_1_326' title='bbox 1271 4140 1483 4208; x_wconf 87' lang='lat' dir='ltr'><strong>quando</strong></span> <span class='ocrx_word' id='word_1_327' title='bbox 1513 4138 1799 4193; x_wconf 86' lang='lat' dir='ltr'><strong>bibendum</strong></span> <span class='ocrx_word' id='word_1_328' title='bbox 1825 4179 1840 4203; x_wconf 90' lang='lat'><strong>,</strong></span> <span class='ocrx_word' id='word_1_329' title='bbox 1885 4140 2137 4193; x_wconf 85' lang='lat' dir='ltr'><strong>statimne</strong></span> <span class='ocrx_word' id='word_1_330' title='bbox 2168 4157 2229 4193; x_wconf 79' lang='lat' dir='ltr'><strong>ex</strong></span> 
     </span>
    </p>
   </div>
   <div class='ocr_carea' id='block_1_42' title="bbox 655 4227 2230 4297">
    <p class='ocr_par' dir='ltr' id='par_1_42' title="bbox 655 4227 2230 4297">
     <span class='ocr_line' id='line_1_42' title="bbox 655 4227 2230 4297; baseline -0.001 -16"><span class='ocrx_word' id='word_1_331' title='bbox 655 4229 1004 4283; x_wconf 79' lang='lat' dir='ltr'><strong>torcularibus</strong></span> <span class='ocrx_word' id='word_1_332' title='bbox 1053 4231 1297 4283; x_wconf 83' lang='lat' dir='ltr'><strong>haustum</strong></span> <span class='ocrx_word' id='word_1_333' title='bbox 1318 4270 1332 4292; x_wconf 89' lang='lat'><strong>,</strong></span> <span class='ocrx_word' id='word_1_334' title='bbox 1366 4244 1431 4281; x_wconf 91' lang='lat' dir='ltr'><strong>an</strong></span> <span class='ocrx_word' id='word_1_335' title='bbox 1462 4238 1577 4296; x_wconf 89' lang='lat' dir='ltr'><strong>post</strong></span> <span class='ocrx_word' id='word_1_336' title='bbox 1626 4227 1837 4297; x_wconf 83' lang='lat' dir='ltr'><strong>aliquod</strong></span> <span class='ocrx_word' id='word_1_337' title='bbox 1881 4238 2088 4297; x_wconf 88' lang='lat' dir='ltr'><strong>tempus</strong></span> <span class='ocrx_word' id='word_1_338' title='bbox 2116 4228 2230 4283; x_wconf 85' lang='lat' dir='ltr'><strong>ela-</strong></span> 
     </span>
    </p>
   </div>
   <div class='ocr_carea' id='block_1_43' title="bbox 655 4318 2230 4389">
    <p class='ocr_par' dir='ltr' id='par_1_43' title="bbox 655 4318 2230 4389">
     <span class='ocr_line' id='line_1_43' title="bbox 655 4318 2230 4389; baseline -0.001 -15"><span class='ocrx_word' id='word_1_339' title='bbox 655 4335 827 4387; x_wconf 89' lang='lat' dir='ltr'><strong>psum.</strong></span> <span class='ocrx_word' id='word_1_340' title='bbox 860 4322 935 4373; x_wconf 86' lang='lat' dir='ltr'><strong>Ac</strong></span> <span class='ocrx_word' id='word_1_341' title='bbox 958 4319 1225 4387; x_wconf 85' lang='lat' dir='ltr'><strong>Scriptura</strong></span> <span class='ocrx_word' id='word_1_342' title='bbox 1253 4320 1466 4389; x_wconf 82' lang='lat' dir='ltr'><strong>quidem</strong></span> <span class='ocrx_word' id='word_1_343' title='bbox 1510 4334 1601 4387; x_wconf 88' lang='lat' dir='ltr'><strong>per</strong></span> <span class='ocrx_word' id='word_1_344' title='bbox 1628 4321 1741 4373; x_wconf 65' lang='lat' dir='ltr'><strong>haec</strong></span> <span class='ocrx_word' id='word_1_345' title='bbox 1770 4318 1880 4373; x_wconf 82' lang='lat' dir='ltr'><strong>Noe</strong></span> <span class='ocrx_word' id='word_1_346' title='bbox 1912 4320 2105 4374; x_wconf 87' lang='lat' dir='ltr'><strong>factum</strong></span> <span class='ocrx_word' id='word_1_347' title='bbox 2136 4338 2230 4375; x_wconf 81' lang='lat' dir='ltr'><strong>ex-</strong></span> 
     </span>
    </p>
   </div>
   <div class='ocr_carea' id='block_1_44' title="bbox 651 4411 2236 4483">
    <p class='ocr_par' dir='ltr' id='par_1_44' title="bbox 651 4411 2236 4483">
     <span class='ocr_line' id='line_1_44' title="bbox 651 4411 2236 4483; baseline -0.004 -14"><span class='ocrx_word' id='word_1_348' title='bbox 651 4423 833 4479; x_wconf 88' lang='lat' dir='ltr'><strong>cusat;</strong></span> <span class='ocrx_word' id='word_1_349' title='bbox 862 4415 949 4483; x_wconf 92' lang='lat' dir='ltr'><strong>qni</strong></span> <span class='ocrx_word' id='word_1_350' title='bbox 980 4428 1104 4467; x_wconf 89' lang='lat' dir='ltr'><strong>vero</strong></span> <span class='ocrx_word' id='word_1_351' title='bbox 1129 4428 1193 4467; x_wconf 76' lang='lat' dir='ltr'><strong>ex</strong></span> <span class='ocrx_word' id='word_1_352' title='bbox 1224 4414 1341 4482; x_wconf 90' lang='lat' dir='ltr'><strong>ipso</strong></span> <span class='ocrx_word' id='word_1_353' title='bbox 1388 4421 1676 4482; x_wconf 83' lang='lat' dir='ltr'><strong>prognatus</strong></span> <span class='ocrx_word' id='word_1_354' title='bbox 1720 4420 1873 4475; x_wconf 85' lang='lat' dir='ltr'><strong>erat,</strong></span> <span class='ocrx_word' id='word_1_355' title='bbox 1907 4411 1996 4480; x_wconf 88' lang='lat' dir='ltr'><strong>qui</strong></span> <span class='ocrx_word' id='word_1_356' title='bbox 2024 4411 2092 4466; x_wconf 89' lang='lat' dir='ltr'><strong>ab</strong></span> <span class='ocrx_word' id='word_1_357' title='bbox 2120 4413 2236 4481; x_wconf 87' lang='lat' dir='ltr'><strong>ipso</strong></span> 
     </span>
    </p>
   </div>
   <div class='ocr_carea' id='block_1_45' title="bbox 651 4501 2233 4575">
    <p class='ocr_par' dir='ltr' id='par_1_45' title="bbox 651 4501 2233 4575">
     <span class='ocr_line' id='line_1_45' title="bbox 651 4501 2233 4575; baseline -0.005 -12"><span class='ocrx_word' id='word_1_358' title='bbox 651 4504 894 4563; x_wconf 84' lang='lat' dir='ltr'><strong>servatus</strong></span> <span class='ocrx_word' id='word_1_359' title='bbox 925 4504 1209 4575; x_wconf 83' lang='lat' dir='ltr'><strong>(siquidem</strong></span> <span class='ocrx_word' id='word_1_360' title='bbox 1230 4513 1446 4573; x_wconf 89' lang='lat' dir='ltr'><strong>propter</strong></span> <span class='ocrx_word' id='word_1_361' title='bbox 1464 4503 1758 4558; x_wconf 73' lang='lat' dir='ltr'><strong>exhibitum</strong></span> <span class='ocrx_word' id='word_1_362' title='bbox 1786 4505 1920 4573; x_wconf 83' lang='lat' dir='ltr'><strong>patri</strong></span> <span class='ocrx_word' id='word_1_363' title='bbox 1952 4501 2233 4567; x_wconf 87' lang='lat' dir='ltr'><strong>honorem,</strong></span> 
     </span>
    </p>
   </div>
   <div class='ocr_carea' id='block_1_46' title="bbox 652 4595 2231 4664">
    <p class='ocr_par' dir='ltr' id='par_1_46' title="bbox 652 4595 2231 4664">
     <span class='ocr_line' id='line_1_46' title="bbox 652 4595 2231 4664; baseline -0.002 -14"><span class='ocrx_word' id='word_1_364' title='bbox 652 4613 751 4652; x_wconf 85' lang='lat' dir='ltr'><strong>una</strong></span> <span class='ocrx_word' id='word_1_365' title='bbox 782 4612 903 4652; x_wconf 86' lang='lat' dir='ltr'><strong>cum</strong></span> <span class='ocrx_word' id='word_1_366' title='bbox 952 4596 1159 4651; x_wconf 68' lang='lat' dir='ltr'><strong>cteteris</strong></span> <span class='ocrx_word' id='word_1_367' title='bbox 1187 4604 1498 4664; x_wconf 81' lang='lat' dir='ltr'><strong>tempestate</strong></span> <span class='ocrx_word' id='word_1_368' title='bbox 1523 4596 1763 4649; x_wconf 89' lang='lat' dir='ltr'><strong>sublatus</strong></span> <span class='ocrx_word' id='word_1_369' title='bbox 1795 4610 1901 4648; x_wconf 91' lang='lat' dir='ltr'><strong>non</strong></span> <span class='ocrx_word' id='word_1_370' title='bbox 1934 4595 2190 4662; x_wconf 90' lang='lat' dir='ltr'><strong>perierat)</strong></span> <span class='ocrx_word' id='word_1_371' title='bbox 2218 4638 2231 4657; x_wconf 84' lang='lat'><em>.</em></span> 
     </span>
    </p>
   </div>
   <div class='ocr_carea' id='block_1_47' title="bbox 652 4684 2233 4749">
    <p class='ocr_par' dir='ltr' id='par_1_47' title="bbox 652 4684 2233 4749">
     <span class='ocr_line' id='line_1_47' title="bbox 652 4684 2233 4749; baseline -0.002 -7"><span class='ocrx_word' id='word_1_372' title='bbox 652 4689 795 4743; x_wconf 88' lang='lat' dir='ltr'><strong>nulla</strong></span> <span class='ocrx_word' id='word_1_373' title='bbox 829 4697 1031 4742; x_wconf 65' lang='lat' dir='ltr'><strong>natura:</strong></span> <span class='ocrx_word' id='word_1_374' title='bbox 1063 4686 1237 4739; x_wconf 79' lang='lat' dir='ltr'><strong>habita</strong></span> <span class='ocrx_word' id='word_1_375' title='bbox 1266 4687 1470 4739; x_wconf 88' lang='lat' dir='ltr'><strong>ratione</strong></span> <span class='ocrx_word' id='word_1_376' title='bbox 1494 4726 1508 4749; x_wconf 89' lang='lat'><strong>,</strong></span> <span class='ocrx_word' id='word_1_377' title='bbox 1538 4700 1642 4739; x_wconf 90' lang='lat' dir='ltr'><strong>non</strong></span> <span class='ocrx_word' id='word_1_378' title='bbox 1666 4685 1854 4740; x_wconf 87' lang='lat' dir='ltr'><strong>salutis</strong></span> <span class='ocrx_word' id='word_1_379' title='bbox 1881 4684 2113 4739; x_wconf 63' lang='lat' dir='ltr'><strong>obtentaa</strong></span> <span class='ocrx_word' id='word_1_380' title='bbox 2142 4700 2233 4739; x_wconf 83' lang='lat' dir='ltr'><strong>re-</strong></span> 
     </span>
    </p>
   </div>
   <div class='ocr_carea' id='block_1_48' title="bbox 654 4777 2235 4846">
    <p class='ocr_par' dir='ltr' id='par_1_48' title="bbox 654 4777 2235 4846">
     <span class='ocr_line' id='line_1_48' title="bbox 654 4777 2235 4846; baseline -0.004 -10"><span class='ocrx_word' id='word_1_381' title='bbox 654 4780 945 4846; x_wconf 84' lang='lat' dir='ltr'><strong>cordatus,</strong></span> <span class='ocrx_word' id='word_1_382' title='bbox 1001 4794 1105 4833; x_wconf 90' lang='lat' dir='ltr'><strong>non</strong></span> <span class='ocrx_word' id='word_1_383' title='bbox 1161 4788 1304 4831; x_wconf 91' lang='lat' dir='ltr'><strong>metu</strong></span> <span class='ocrx_word' id='word_1_384' title='bbox 1354 4778 1420 4829; x_wconf 88' lang='lat' dir='ltr'><strong>ad</strong></span> <span class='ocrx_word' id='word_1_385' title='bbox 1459 4777 1735 4831; x_wconf 90' lang='lat' dir='ltr'><strong>meliorem</strong></span> <span class='ocrx_word' id='word_1_386' title='bbox 1789 4788 2025 4831; x_wconf 83' lang='lat' dir='ltr'><strong>mentem</strong></span> <span class='ocrx_word' id='word_1_387' title='bbox 2073 4777 2235 4831; x_wconf 83' lang='lat' dir='ltr'><strong>redu-</strong></span> 
     </span>
    </p>
   </div>
   <div class='ocr_carea' id='block_1_49' title="bbox 652 4868 2235 4939">
    <p class='ocr_par' dir='ltr' id='par_1_49' title="bbox 652 4868 2235 4939">
     <span class='ocr_line' id='line_1_49' title="bbox 652 4868 2235 4939; baseline -0.001 -15"><span class='ocrx_word' id='word_1_388' title='bbox 652 4885 790 4939; x_wconf 75' lang='lat' dir='ltr'><strong>ctus,</strong></span> <span class='ocrx_word' id='word_1_389' title='bbox 820 4887 941 4926; x_wconf 89' lang='lat' dir='ltr'><strong>cum</strong></span> <span class='ocrx_word' id='word_1_390' title='bbox 971 4870 1143 4925; x_wconf 88' lang='lat' dir='ltr'><strong>adhuc</strong></span> <span class='ocrx_word' id='word_1_391' title='bbox 1172 4881 1455 4938; x_wconf 79' lang='lat' dir='ltr'><strong>superesse</strong></span> <span class='ocrx_word' id='word_1_392' title='bbox 1476 4868 1726 4937; x_wconf 88' lang='lat' dir='ltr'><strong>reliquias</strong></span> <span class='ocrx_word' id='word_1_393' title='bbox 1751 4877 1993 4923; x_wconf 87' lang='lat' dir='ltr'><strong>cerneret</strong></span> <span class='ocrx_word' id='word_1_394' title='bbox 2028 4868 2123 4921; x_wconf 65' lang='lat' dir='ltr'><strong>ira:</strong></span> <span class='ocrx_word' id='word_1_395' title='bbox 2148 4868 2235 4922; x_wconf 88' lang='lat' dir='ltr'><strong>di-</strong></span> 
     </span>
    </p>
   </div>
   <div class='ocr_carea' id='block_1_50' title="bbox 654 4956 2238 5031">
    <p class='ocr_par' dir='ltr' id='par_1_50' title="bbox 654 4956 2238 5031">
     <span class='ocr_line' id='line_1_50' title="bbox 654 4956 2238 5031; baseline -0.003 -14"><span class='ocrx_word' id='word_1_396' title='bbox 654 4966 789 5017; x_wconf 77' lang='lat' dir='ltr'><strong>vinte</strong></span> <span class='ocrx_word' id='word_1_397' title='bbox 814 5005 831 5031; x_wconf 95' lang='lat'><strong>,</strong></span> <span class='ocrx_word' id='word_1_398' title='bbox 863 4978 983 5017; x_wconf 91' lang='lat' dir='ltr'><strong>cum</strong></span> <span class='ocrx_word' id='word_1_399' title='bbox 1015 4962 1231 5029; x_wconf 84' lang='lat' dir='ltr'><strong>vestigia</strong></span> <span class='ocrx_word' id='word_1_400' title='bbox 1258 4959 1575 5013; x_wconf 87' lang='lat' dir='ltr'><strong>calamitatis</strong></span> <span class='ocrx_word' id='word_1_401' title='bbox 1599 4973 1877 5028; x_wconf 88' lang='lat' dir='ltr'><strong>apparere,</strong></span> <span class='ocrx_word' id='word_1_402' title='bbox 1914 4972 2034 5011; x_wconf 91' lang='lat' dir='ltr'><strong>cum</strong></span> <span class='ocrx_word' id='word_1_403' title='bbox 2063 4956 2238 5013; x_wconf 87' lang='lat' dir='ltr'><strong>adhuc</strong></span> 
     </span>
    </p>
   </div>
   <div class='ocr_carea' id='block_1_51' title="bbox 654 5049 2237 5123">
    <p class='ocr_par' dir='ltr' id='par_1_51' title="bbox 654 5049 2237 5123">
     <span class='ocr_line' id='line_1_51' title="bbox 654 5049 2237 5123; baseline -0.003 -14"><span class='ocrx_word' id='word_1_404' title='bbox 654 5070 839 5109; x_wconf 86' lang='lat' dir='ltr'><strong>eorum</strong></span> <span class='ocrx_word' id='word_1_405' title='bbox 886 5070 1005 5123; x_wconf 73' lang='lat' dir='ltr'><strong>qua:</strong></span> <span class='ocrx_word' id='word_1_406' title='bbox 1058 5051 1361 5105; x_wconf 82' lang='lat' dir='ltr'><strong>aeciderant</strong></span> <span class='ocrx_word' id='word_1_407' title='bbox 1409 5058 1608 5103; x_wconf 88' lang='lat' dir='ltr'><strong>metum</strong></span> <span class='ocrx_word' id='word_1_408' title='bbox 1654 5051 1871 5120; x_wconf 86' lang='lat' dir='ltr'><strong>vigere,</strong></span> <span class='ocrx_word' id='word_1_409' title='bbox 1917 5049 2237 5105; x_wconf 84' lang='lat' dir='ltr'><strong>contumelia</strong></span> 
     </span>
    </p>
   </div>
   <div class='ocr_carea' id='block_1_52' title="bbox 654 5140 2238 5216">
    <p class='ocr_par' dir='ltr' id='par_1_52' title="bbox 654 5140 2238 5216">
     <span class='ocr_line' id='line_1_52' title="bbox 654 5140 2238 5216; baseline -0.001 -20"><span class='ocrx_word' id='word_1_410' title='bbox 654 5155 927 5216; x_wconf 68' lang='lat' dir='ltr'><strong>parentem</strong></span> <span class='ocrx_word' id='word_1_411' title='bbox 976 5142 1167 5195; x_wconf 76' lang='lat' dir='ltr'><strong>affecit.</strong></span> <span class='ocrx_word' id='word_1_412' title='bbox 1198 5143 1307 5196; x_wconf 84' lang='lat' dir='ltr'><strong>lloc</strong></span> <span class='ocrx_word' id='word_1_413' title='bbox 1336 5142 1493 5195; x_wconf 88' lang='lat' dir='ltr'><strong>etiam</strong></span> <span class='ocrx_word' id='word_1_414' title='bbox 1538 5142 1790 5196; x_wconf 84' lang='lat' dir='ltr'><strong>admonet</strong></span> <span class='ocrx_word' id='word_1_415' title='bbox 1830 5140 2047 5210; x_wconf 87' lang='lat' dir='ltr'><strong>sapiens</strong></span> <span class='ocrx_word' id='word_1_416' title='bbox 2090 5142 2238 5210; x_wconf 89' lang='lat' dir='ltr'><strong>quis-</strong></span> 
     </span>
    </p>
   </div>
   <div class='ocr_carea' id='block_1_53' title="bbox 657 5232 2238 5305">
    <p class='ocr_par' dir='ltr' id='par_1_53' title="bbox 657 5232 2238 5305">
     <span class='ocr_line' id='line_1_53' title="bbox 657 5232 2238 5305; baseline -0.003 -16"><span class='ocrx_word' id='word_1_417' title='bbox 657 5239 797 5305; x_wconf 90' lang='lat' dir='ltr'><strong>piatn</strong></span> <span class='ocrx_word' id='word_1_418' title='bbox 838 5234 1065 5289; x_wconf 85' lang='lat' dir='ltr'><strong>dicens:</strong></span> <span class='ocrx_word' id='word_1_419' title='bbox 1103 5232 1185 5284; x_wconf 83' lang='lat' dir='ltr'><strong>Ne</strong></span> <span class='ocrx_word' id='word_1_420' title='bbox 1208 5232 1438 5301; x_wconf 76' lang='lat' dir='ltr'><strong>glorieris</strong></span> <span class='ocrx_word' id='word_1_421' title='bbox 1482 5234 1533 5283; x_wconf 89' lang='lat' dir='ltr'><strong>in</strong></span> <span class='ocrx_word' id='word_1_422' title='bbox 1574 5232 1878 5284; x_wconf 74' lang='lat' dir='ltr'><strong>contumelia</strong></span> <span class='ocrx_word' id='word_1_423' title='bbox 1929 5232 2087 5299; x_wconf 81' lang='lat' dir='ltr'><strong>patris</strong></span> <span class='ocrx_word' id='word_1_424' title='bbox 2116 5232 2189 5284; x_wconf 81' lang='lat' dir='ltr'><strong>lui</strong></span> <span class='ocrx_word' id='word_1_425' title='bbox 2220 5248 2238 5284; x_wconf 90' lang='lat'><strong><em>:</em></strong></span> 
     </span>
    </p>
   </div>
   <div class='ocr_carea' id='block_1_54' title="bbox 656 5321 2237 5393">
    <p class='ocr_par' dir='ltr' id='par_1_54' title="bbox 656 5321 2237 5393">
     <span class='ocr_line' id='line_1_54' title="bbox 656 5321 2237 5393; baseline -0.001 -16"><span class='ocrx_word' id='word_1_426' title='bbox 656 5343 756 5379; x_wconf 75' lang='lat' dir='ltr'><strong>non</strong></span> <span class='ocrx_word' id='word_1_427' title='bbox 782 5327 911 5379; x_wconf 83' lang='lat' dir='ltr'><strong>enim</strong></span> <span class='ocrx_word' id='word_1_428' title='bbox 942 5336 1009 5377; x_wconf 81' lang='lat' dir='ltr'><strong>est</strong></span> <span class='ocrx_word' id='word_1_429' title='bbox 1033 5326 1305 5393; x_wconf 79' lang='lat' dir='ltr'><strong>tibigloria</strong></span> <span class='ocrx_word' id='word_1_430' title='bbox 1324 5324 1482 5391; x_wconf 79' lang='lat' dir='ltr'><strong>patris</strong></span> <span class='ocrx_word' id='word_1_431' title='bbox 1503 5323 1802 5374; x_wconf 83' lang='lat' dir='ltr'><strong>contumelia</strong></span> <span class='ocrx_word' id='word_1_432' title='bbox 1828 5322 2011 5391; x_wconf 78' lang='lat' dir='ltr'><strong>(Eccli.</strong></span> <span class='ocrx_word' id='word_1_433' title='bbox 2033 5323 2083 5375; x_wconf 77' lang='grc'><strong>5.</strong></span> <span class='ocrx_word' id='word_1_434' title='bbox 2122 5321 2237 5390; x_wconf 68' lang='grc'><strong>12).</strong></span> 
     </span>
    </p>
   </div>
   <div class='ocr_carea' id='block_1_55' title="bbox 662 5412 2238 5485">
    <p class='ocr_par' dir='ltr' id='par_1_55' title="bbox 662 5412 2238 5485">
     <span class='ocr_line' id='line_1_55' title="bbox 662 5412 2238 5485; baseline 0 -18"><span class='ocrx_word' id='word_1_435' title='bbox 662 5419 852 5472; x_wconf 73' lang='lat' dir='ltr'><strong>Verum</strong></span> <span class='ocrx_word' id='word_1_436' title='bbox 884 5431 1055 5485; x_wconf 87' lang='lat' dir='ltr'><strong>neque</strong></span> <span class='ocrx_word' id='word_1_437' title='bbox 1097 5416 1196 5468; x_wconf 86' lang='lat' dir='ltr'><strong>hoc</strong></span> <span class='ocrx_word' id='word_1_438' title='bbox 1239 5424 1456 5468; x_wconf 81' lang='lat' dir='ltr'><strong>noverat</strong></span> <span class='ocrx_word' id='word_1_439' title='bbox 1489 5413 1608 5477; x_wconf 88' lang='lat' dir='ltr'><strong>ille;</strong></span> <span class='ocrx_word' id='word_1_440' title='bbox 1641 5412 1731 5465; x_wconf 87' lang='lat' dir='ltr'><strong>sed</strong></span> <span class='ocrx_word' id='word_1_441' title='bbox 1779 5423 2052 5481; x_wconf 90' lang='lat' dir='ltr'><strong>peccatum</strong></span> <span class='ocrx_word' id='word_1_442' title='bbox 2093 5414 2238 5467; x_wconf 89' lang='lat' dir='ltr'><strong>omni</strong></span> 
     </span>
    </p>
   </div>
   <div class='ocr_carea' id='block_1_56' title="bbox 659 5496 2239 5575">
    <p class='ocr_par' dir='ltr' id='par_1_56' title="bbox 659 5496 2239 5575">
     <span class='ocr_line' id='line_1_56' title="bbox 659 5496 2239 5575; baseline -0.003 -13"><span class='ocrx_word' id='word_1_443' title='bbox 659 5513 809 5565; x_wconf 81' lang='lat' dir='ltr'><strong>venia</strong></span> <span class='ocrx_word' id='word_1_444' title='bbox 836 5518 889 5563; x_wconf 78' lang='lat' dir='ltr'><strong>et</strong></span> <span class='ocrx_word' id='word_1_445' title='bbox 927 5496 1269 5563; x_wconf 63' lang='lat' dir='ltr'><strong>excusatione</strong></span> <span class='ocrx_word' id='word_1_446' title='bbox 1309 5507 1584 5575; x_wconf 84' lang='lat' dir='ltr'><strong>indignum</strong></span> <span class='ocrx_word' id='word_1_447' title='bbox 1614 5506 1844 5558; x_wconf 88' lang='lat' dir='ltr'><strong>admisit.</strong></span> <span class='ocrx_word' id='word_1_448' title='bbox 1876 5504 2001 5558; x_wconf 85' lang='lat' dir='ltr'><strong>Ideo</strong></span> <span class='ocrx_word' id='word_1_449' title='bbox 2034 5506 2239 5574; x_wconf 77' lang='lat' dir='ltr'><strong>peccati</strong></span> 
     </span>
    </p>
   </div>
   <div class='ocr_carea' id='block_1_57' title="bbox 660 5596 2241 5673">
    <p class='ocr_par' dir='ltr' id='par_1_57' title="bbox 660 5596 2241 5673">
     <span class='ocr_line' id='line_1_57' title="bbox 660 5596 2241 5673; baseline -0.003 -19"><span class='ocrx_word' id='word_1_450' title='bbox 660 5619 870 5673; x_wconf 70' lang='lat' dir='ltr'><strong>penam</strong></span> <span class='ocrx_word' id='word_1_451' title='bbox 922 5604 1225 5654; x_wconf 76' lang='lat' dir='ltr'><strong>servituzcm</strong></span> <span class='ocrx_word' id='word_1_452' title='bbox 1274 5599 1525 5661; x_wconf 81' lang='lat' dir='ltr'><strong>incurrit,</strong></span> <span class='ocrx_word' id='word_1_453' title='bbox 1556 5596 1881 5667; x_wconf 84' lang='lat' dir='ltr'><strong>fratrumque</strong></span> <span class='ocrx_word' id='word_1_454' title='bbox 1926 5612 2111 5651; x_wconf 86' lang='lat' dir='ltr'><strong>servus</strong></span> <span class='ocrx_word' id='word_1_455' title='bbox 2159 5606 2241 5650; x_wconf 73' lang='lat' dir='ltr'><strong>est</strong></span> 
     </span>
    </p>
   </div>
   <div class='ocr_carea' id='block_1_58' title="bbox 721 5752 1741 5818">
    <p class='ocr_par' dir='ltr' id='par_1_58' title="bbox 721 5752 1741 5818">
     <span class='ocr_line' id='line_1_58' title="bbox 721 5752 1741 5818; baseline -0.004 -15"><span class='ocrx_word' id='word_1_456' title='bbox 721 5758 738 5790; x_wconf 80' lang='grc' dir='ltr'><strong>ι</strong></span> <span class='ocrx_word' id='word_1_457' title='bbox 774 5764 840 5807; x_wconf 82' lang='lat' dir='ltr'><strong>tta</strong></span> <span class='ocrx_word' id='word_1_458' title='bbox 863 5756 991 5818; x_wconf 77' lang='lat' dir='ltr'><strong>Regii</strong></span> <span class='ocrx_word' id='word_1_459' title='bbox 1014 5754 1160 5818; x_wconf 80' lang='lat' dir='ltr'><strong>bene.</strong></span> <span class='ocrx_word' id='word_1_460' title='bbox 1187 5754 1302 5818; x_wconf 68' lang='lat' dir='ltr'><strong>alit.</strong></span> <span class='ocrx_word' id='word_1_461' title='bbox 1328 5754 1474 5810; x_wconf 85' lang='lat' dir='ltr'><strong>male,</strong></span> <span class='ocrx_word' id='word_1_462' title='bbox 1498 5752 1741 5818; x_wconf 68' lang='lat' dir='ltr'><strong>Chanaan.</strong></span> 
     </span>
    </p>
   </div>
   <div class='ocr_carea' id='block_1_59' title="bbox 722 5814 2237 5877">
    <p class='ocr_par' dir='ltr' id='par_1_59' title="bbox 722 5814 2237 5877">
     <span class='ocr_line' id='line_1_59' title="bbox 722 5814 2237 5877; baseline -0.002 -11"><span class='ocrx_word' id='word_1_463' title='bbox 722 5820 794 5876; x_wconf 72' lang='grc' dir='ltr'><strong>(α)</strong></span> <span class='ocrx_word' id='word_1_464' title='bbox 827 5814 1061 5865; x_wconf 72' lang='lat' dir='ltr'><strong>Mcoiorite</strong></span> <span class='ocrx_word' id='word_1_465' title='bbox 1079 5815 1212 5877; x_wconf 83' lang='lat' dir='ltr'><strong>lapsu</strong></span> <span class='ocrx_word' id='word_1_466' title='bbox 1236 5816 1594 5877; x_wconf 71' lang='lat' dir='ltr'><strong>Chrysostomus</strong></span> <span class='ocrx_word' id='word_1_467' title='bbox 1620 5814 1809 5877; x_wconf 64' lang='lat' dir='ltr'><strong>Paulum</strong></span> <span class='ocrx_word' id='word_1_468' title='bbox 1845 5815 2096 5877; x_wconf 69' lang='lat' dir='ltr'><strong>Corinthiis</strong></span> <span class='ocrx_word' id='word_1_469' title='bbox 2121 5818 2237 5863; x_wconf 79' lang='lat' dir='ltr'><strong>srri-</strong></span> 
     </span>
    </p>
   </div>
   <div class='ocr_carea' id='block_1_60' title="bbox 662 5875 2028 5941">
    <p class='ocr_par' dir='ltr' id='par_1_60' title="bbox 662 5875 2028 5941">
     <span class='ocr_line' id='line_1_60' title="bbox 662 5875 2028 5941; baseline -0.005 -11"><span class='ocrx_word' id='word_1_470' title='bbox 662 5879 863 5930; x_wconf 68' lang='lat' dir='ltr'><strong>bttutt‘m</strong></span> <span class='ocrx_word' id='word_1_471' title='bbox 886 5879 1087 5940; x_wconf 76' lang='lat' dir='ltr'><strong>inducit;</strong></span> <span class='ocrx_word' id='word_1_472' title='bbox 1114 5875 1200 5925; x_wconf 74' lang='lat' dir='ltr'><strong>sed</strong></span> <span class='ocrx_word' id='word_1_473' title='bbox 1224 5875 1358 5926; x_wconf 70' lang='lat' dir='ltr'><strong>locus</strong></span> <span class='ocrx_word' id='word_1_474' title='bbox 1376 5886 1451 5925; x_wconf 81' lang='lat' dir='ltr'><strong>est</strong></span> <span class='ocrx_word' id='word_1_475' title='bbox 1476 5880 1523 5923; x_wconf 87' lang='lat' dir='ltr'><strong>iu</strong></span> <span class='ocrx_word' id='word_1_476' title='bbox 1544 5878 1688 5941; x_wconf 75' lang='lat' dir='ltr'><strong>Epist.</strong></span> <span class='ocrx_word' id='word_1_477' title='bbox 1706 5876 1763 5923; x_wconf 81' lang='lat' dir='ltr'><strong>ad</strong></span> <span class='ocrx_word' id='word_1_478' title='bbox 1789 5875 2028 5939; x_wconf 69' lang='lat' dir='ltr'><strong>Ephesios.</strong></span> 
     </span>
    </p>
   </div>
   <div class='ocr_carea' id='block_1_61' title="bbox 1360 461 3947 527">
    <p class='ocr_par' dir='ltr' id='par_1_61' title="bbox 1360 461 3947 527">
     <span class='ocr_line' id='line_1_61' title="bbox 1360 461 3947 527; baseline -0.007 0"><span class='ocrx_word' id='word_1_479' title='bbox 1360 472 1415 527; x_wconf 89' lang='lat' dir='ltr'><strong>S.</strong></span> <span class='ocrx_word' id='word_1_480' title='bbox 1456 467 1732 525; x_wconf 80' lang='lat' dir='ltr'><strong>JOANNIS</strong></span> <span class='ocrx_word' id='word_1_481' title='bbox 1767 461 2236 521; x_wconf 53' lang='lat' dir='ltr'><strong>CIIRYEOSTOMI</strong></span> <span class='ocrx_word' id='word_1_482' title='bbox 2278 461 2592 517; x_wconf 78' lang='lat' dir='ltr'><strong>ARCIIIEP.</strong></span> <span class='ocrx_word' id='word_1_483' title='bbox 2637 462 3152 519; x_wconf 78' lang='lat' dir='ltr'><strong>CONSTANTINOP</strong></span> <span class='ocrx_word' id='word_1_484' title='bbox 3822 467 3947 525; x_wconf 50' lang='lat'><strong>59$,</strong></span> 
     </span>
    </p>
   </div>
   <div class='ocr_carea' id='block_1_62' title="bbox 2329 579 3922 650">
    <p class='ocr_par' dir='ltr' id='par_1_62' title="bbox 2329 579 3922 650">
     <span class='ocr_line' id='line_1_62' title="bbox 2329 579 3922 650; baseline 0.003 -17"><span class='ocrx_word' id='word_1_485' title='bbox 2329 579 2535 645; x_wconf 88' lang='lat' dir='ltr'><strong>factus,</strong></span> <span class='ocrx_word' id='word_1_486' title='bbox 2565 588 2620 634; x_wconf 84' lang='lat' dir='ltr'><strong>et</strong></span> <span class='ocrx_word' id='word_1_487' title='bbox 2662 582 3065 650; x_wconf 69' lang='lat' dir='ltr'><strong>prterogativam</strong></span> <span class='ocrx_word' id='word_1_488' title='bbox 3121 584 3340 636; x_wconf 85' lang='lat' dir='ltr'><strong>honoris</strong></span> <span class='ocrx_word' id='word_1_489' title='bbox 3378 597 3407 634; x_wconf 85' lang='lat' dir='ltr'><strong>a</strong></span> <span class='ocrx_word' id='word_1_490' title='bbox 3452 591 3640 637; x_wconf 85' lang='lat' dir='ltr'><strong>natura</strong></span> <span class='ocrx_word' id='word_1_491' title='bbox 3690 584 3922 638; x_wconf 84' lang='lat' dir='ltr'><strong>delatam</strong></span> 
     </span>
    </p>
   </div>
   <div class='ocr_carea' id='block_1_63' title="bbox 2327 671 3922 744">
    <p class='ocr_par' dir='ltr' id='par_1_63' title="bbox 2327 671 3922 744">
     <span class='ocr_line' id='line_1_63' title="bbox 2327 671 3922 744; baseline 0.002 -19"><span class='ocrx_word' id='word_1_492' title='bbox 2327 673 2489 726; x_wconf 88' lang='lat' dir='ltr'><strong>animi</strong></span> <span class='ocrx_word' id='word_1_493' title='bbox 2518 673 2775 741; x_wconf 81' lang='lat' dir='ltr'><strong>pravitate</strong></span> <span class='ocrx_word' id='word_1_494' title='bbox 2818 673 3018 726; x_wconf 90' lang='lat' dir='ltr'><strong>amisit.</strong></span> <span class='ocrx_word' id='word_1_495' title='bbox 3050 671 3226 728; x_wconf 85' lang='lat' dir='ltr'><strong>Habes</strong></span> <span class='ocrx_word' id='word_1_496' title='bbox 3254 674 3480 728; x_wconf 89' lang='lat' dir='ltr'><strong>alterum</strong></span> <span class='ocrx_word' id='word_1_497' title='bbox 3522 674 3804 728; x_wconf 82' lang='lat' dir='ltr'><strong>servitutis</strong></span> <span class='ocrx_word' id='word_1_498' title='bbox 3828 689 3922 744; x_wconf 85' lang='lat' dir='ltr'><strong>ge-</strong></span> 
     </span>
    </p>
   </div>
   <div class='ocr_carea' id='block_1_64' title="bbox 2329 762 3923 834">
    <p class='ocr_par' dir='ltr' id='par_1_64' title="bbox 2329 762 3923 834">
     <span class='ocr_line' id='line_1_64' title="bbox 2329 762 3923 834; baseline 0.001 -18"><span class='ocrx_word' id='word_1_499' title='bbox 2329 777 2446 816; x_wconf 89' lang='lat' dir='ltr'><strong>nus.</strong></span> <span class='ocrx_word' id='word_1_500' title='bbox 2478 762 2570 816; x_wconf 80' lang='lat' dir='ltr'><strong>Vis</strong></span> <span class='ocrx_word' id='word_1_501' title='bbox 2600 763 2761 816; x_wconf 90' lang='lat' dir='ltr'><strong>etiam</strong></span> <span class='ocrx_word' id='word_1_502' title='bbox 2793 763 3004 815; x_wconf 88' lang='lat' dir='ltr'><strong>tertium</strong></span> <span class='ocrx_word' id='word_1_503' title='bbox 3033 763 3227 817; x_wconf 74' lang='lat' dir='ltr'><strong>nosse?</strong></span> <span class='ocrx_word' id='word_1_504' title='bbox 3255 763 3474 818; x_wconf 89' lang='lat' dir='ltr'><strong>Duobus</strong></span> <span class='ocrx_word' id='word_1_505' title='bbox 3497 764 3771 833; x_wconf 90' lang='lat' dir='ltr'><strong>prioribus</strong></span> <span class='ocrx_word' id='word_1_506' title='bbox 3798 779 3923 834; x_wconf 78' lang='lat' dir='ltr'><strong>gra-</strong></span> 
     </span>
    </p>
   </div>
   <div class='ocr_carea' id='block_1_65' title="bbox 2330 854 3921 926">
    <p class='ocr_par' dir='ltr' id='par_1_65' title="bbox 2330 854 3921 926">
     <span class='ocr_line' id='line_1_65' title="bbox 2330 854 3921 926; baseline 0.004 -23"><span class='ocrx_word' id='word_1_507' title='bbox 2330 854 2445 907; x_wconf 90' lang='lat' dir='ltr'><strong>vius</strong></span> <span class='ocrx_word' id='word_1_508' title='bbox 2465 863 2547 907; x_wconf 87' lang='lat' dir='ltr'><strong>est</strong></span> <span class='ocrx_word' id='word_1_509' title='bbox 2573 855 2733 918; x_wconf 89' lang='lat' dir='ltr'><strong>istud,</strong></span> <span class='ocrx_word' id='word_1_510' title='bbox 2768 857 3037 925; x_wconf 90' lang='lat' dir='ltr'><strong>multoque</strong></span> <span class='ocrx_word' id='word_1_511' title='bbox 3064 854 3469 910; x_wconf 71' lang='lat' dir='ltr'><strong>formidabilius.</strong></span> <span class='ocrx_word' id='word_1_512' title='bbox 3500 856 3634 911; x_wconf 85' lang='lat' dir='ltr'><strong>Nam</strong></span> <span class='ocrx_word' id='word_1_513' title='bbox 3662 856 3921 926; x_wconf 82' lang='lat' dir='ltr'><strong>quoniam</strong></span> 
     </span>
    </p>
   </div>
   <div class='ocr_carea' id='block_1_66' title="bbox 2329 944 3926 1011">
    <p class='ocr_par' dir='ltr' id='par_1_66' title="bbox 2329 944 3926 1011">
     <span class='ocr_line' id='line_1_66' title="bbox 2329 944 3926 1011; baseline 0.002 -14"><span class='ocrx_word' id='word_1_514' title='bbox 2329 944 2428 999; x_wconf 91' lang='lat' dir='ltr'><strong>illis</strong></span> <span class='ocrx_word' id='word_1_515' title='bbox 2462 959 2568 999; x_wconf 93' lang='lat' dir='ltr'><strong>non</strong></span> <span class='ocrx_word' id='word_1_516' title='bbox 2595 953 2678 998; x_wconf 66' lang='lat' dir='ltr'><strong>est</strong></span> <span class='ocrx_word' id='word_1_517' title='bbox 2696 945 3011 1001; x_wconf 88' lang='lat' dir='ltr'><strong>emendatus</strong></span> <span class='ocrx_word' id='word_1_518' title='bbox 3035 948 3075 1011; x_wconf 84' lang='lat'><strong>&#39;,</strong></span> <span class='ocrx_word' id='word_1_519' title='bbox 3103 947 3307 1002; x_wconf 84' lang='lat' dir='ltr'><strong>vincula</strong></span> <span class='ocrx_word' id='word_1_520' title='bbox 3337 950 3488 1002; x_wconf 88' lang='lat' dir='ltr'><strong>nobis</strong></span> <span class='ocrx_word' id='word_1_521' title='bbox 3511 950 3730 1003; x_wconf 75' lang='lat' dir='ltr'><strong>adauxit</strong></span> <span class='ocrx_word' id='word_1_522' title='bbox 3757 949 3926 1003; x_wconf 78' lang='lat' dir='ltr'><strong>Deus.</strong></span> 
     </span>
    </p>
   </div>
   <div class='ocr_carea' id='block_1_67' title="bbox 2326 1034 3923 1107">
    <p class='ocr_par' dir='ltr' id='par_1_67' title="bbox 2326 1034 3923 1107">
     <span class='ocr_line' id='line_1_67' title="bbox 2326 1034 3923 1107; baseline 0 -19"><span class='ocrx_word' id='word_1_523' title='bbox 2326 1034 2602 1102; x_wconf 84' lang='lat' dir='ltr'><strong>Quodnam</strong></span> <span class='ocrx_word' id='word_1_524' title='bbox 2627 1036 2785 1104; x_wconf 88' lang='lat' dir='ltr'><strong>igitur</strong></span> <span class='ocrx_word' id='word_1_525' title='bbox 2808 1037 2934 1090; x_wconf 87' lang='lat' dir='ltr'><strong>illud</strong></span> <span class='ocrx_word' id='word_1_526' title='bbox 2957 1038 3074 1091; x_wconf 70' lang='lat' dir='ltr'><strong>est?</strong></span> <span class='ocrx_word' id='word_1_527' title='bbox 3094 1037 3398 1105; x_wconf 87' lang='lat' dir='ltr'><strong>Principum</strong></span> <span class='ocrx_word' id='word_1_528' title='bbox 3427 1052 3489 1093; x_wconf 90' lang='lat' dir='ltr'><strong>ac</strong></span> <span class='ocrx_word' id='word_1_529' title='bbox 3513 1040 3923 1107; x_wconf 83' lang='lat' dir='ltr'><strong>magistratuum</strong></span> 
     </span>
    </p>
   </div>
   <div class='ocr_carea' id='block_1_68' title="bbox 2328 1123 3927 1198">
    <p class='ocr_par' dir='ltr' id='par_1_68' title="bbox 2328 1123 3927 1198">
     <span class='ocr_line' id='line_1_68' title="bbox 2328 1123 3927 1198; baseline 0.004 -21"><span class='ocrx_word' id='word_1_530' title='bbox 2328 1123 2573 1178; x_wconf 89' lang='lat' dir='ltr'><strong>nimirum</strong></span> <span class='ocrx_word' id='word_1_531' title='bbox 2597 1142 2611 1189; x_wconf 87' lang='lat'><strong>;</strong></span> <span class='ocrx_word' id='word_1_532' title='bbox 2652 1141 2756 1179; x_wconf 91' lang='lat' dir='ltr'><strong>non</strong></span> <span class='ocrx_word' id='word_1_533' title='bbox 2793 1128 2898 1181; x_wconf 91' lang='lat' dir='ltr'><strong>tale</strong></span> <span class='ocrx_word' id='word_1_534' title='bbox 2926 1127 3081 1195; x_wconf 88' lang='lat' dir='ltr'><strong>quale</strong></span> <span class='ocrx_word' id='word_1_535' title='bbox 3110 1128 3381 1192; x_wconf 82' lang='lat' dir='ltr'><strong>mulieris,</strong></span> <span class='ocrx_word' id='word_1_536' title='bbox 3430 1144 3601 1192; x_wconf 88' lang='lat' dir='ltr'><strong>neque</strong></span> <span class='ocrx_word' id='word_1_537' title='bbox 3626 1128 3734 1183; x_wconf 88' lang='lat' dir='ltr'><strong>tale</strong></span> <span class='ocrx_word' id='word_1_538' title='bbox 3762 1127 3927 1198; x_wconf 73' lang='lat' dir='ltr'><strong>quale</strong></span> 
     </span>
    </p>
   </div>
   <div class='ocr_carea' id='block_1_69' title="bbox 2328 1216 3928 1285">
    <p class='ocr_par' dir='ltr' id='par_1_69' title="bbox 2328 1216 3928 1285">
     <span class='ocr_line' id='line_1_69' title="bbox 2328 1216 3928 1285; baseline 0.002 -18"><span class='ocrx_word' id='word_1_539' title='bbox 2328 1229 2602 1269; x_wconf 89' lang='lat' dir='ltr'><strong>servorum</strong></span> <span class='ocrx_word' id='word_1_540' title='bbox 2630 1257 2645 1280; x_wconf 91' lang='lat'><strong>,</strong></span> <span class='ocrx_word' id='word_1_541' title='bbox 2686 1216 2780 1269; x_wconf 90' lang='lat' dir='ltr'><strong>sed</strong></span> <span class='ocrx_word' id='word_1_542' title='bbox 2811 1217 2978 1270; x_wconf 90' lang='lat' dir='ltr'><strong>multo</strong></span> <span class='ocrx_word' id='word_1_543' title='bbox 3018 1219 3187 1285; x_wconf 84' lang='lat' dir='ltr'><strong>magis</strong></span> <span class='ocrx_word' id='word_1_544' title='bbox 3215 1217 3575 1276; x_wconf 79' lang='lat' dir='ltr'><strong>formidabile.</strong></span> <span class='ocrx_word' id='word_1_545' title='bbox 3616 1218 3814 1274; x_wconf 80' lang='lat' dir='ltr'><strong>Videre</strong></span> <span class='ocrx_word' id='word_1_546' title='bbox 3842 1228 3928 1271; x_wconf 84' lang='lat' dir='ltr'><strong>est</strong></span> 
     </span>
    </p>
   </div>
   <div class='ocr_carea' id='block_1_70' title="bbox 2329 1306 3928 1379">
    <p class='ocr_par' dir='ltr' id='par_1_70' title="bbox 2329 1306 3928 1379">
     <span class='ocr_line' id='line_1_70' title="bbox 2329 1306 3928 1379; baseline 0.001 -20"><span class='ocrx_word' id='word_1_547' title='bbox 2329 1306 2563 1375; x_wconf 77' lang='lat' dir='ltr'><strong>undique</strong></span> <span class='ocrx_word' id='word_1_548' title='bbox 2609 1306 2814 1375; x_wconf 90' lang='lat' dir='ltr'><strong>gladios</strong></span> <span class='ocrx_word' id='word_1_549' title='bbox 2860 1317 3080 1373; x_wconf 72' lang='lat' dir='ltr'><strong>acutus,</strong></span> <span class='ocrx_word' id='word_1_550' title='bbox 3131 1309 3441 1373; x_wconf 80' lang='lat' dir='ltr'><strong>carnifices,</strong></span> <span class='ocrx_word' id='word_1_551' title='bbox 3486 1307 3777 1379; x_wconf 73' lang='lat' dir='ltr'><strong>suppliria,</strong></span> <span class='ocrx_word' id='word_1_552' title='bbox 3814 1316 3928 1361; x_wconf 84' lang='lat' dir='ltr'><strong>tor-</strong></span> 
     </span>
    </p>
   </div>
   <div class='ocr_carea' id='block_1_71' title="bbox 2328 1398 3926 1469">
    <p class='ocr_par' dir='ltr' id='par_1_71' title="bbox 2328 1398 3926 1469">
     <span class='ocr_line' id='line_1_71' title="bbox 2328 1398 3926 1469; baseline 0.001 -20"><span class='ocrx_word' id='word_1_553' title='bbox 2328 1406 2528 1462; x_wconf 88' lang='lat' dir='ltr'><strong>menta,</strong></span> <span class='ocrx_word' id='word_1_554' title='bbox 2564 1412 2779 1464; x_wconf 77' lang='lat' dir='ltr'><strong>ptenas,</strong></span> <span class='ocrx_word' id='word_1_555' title='bbox 2805 1398 2925 1453; x_wconf 68' lang='lat' dir='ltr'><strong>vitae</strong></span> <span class='ocrx_word' id='word_1_556' title='bbox 2965 1400 3219 1469; x_wconf 89' lang='lat' dir='ltr'><strong>necisque</strong></span> <span class='ocrx_word' id='word_1_557' title='bbox 3248 1409 3584 1467; x_wconf 88' lang='lat' dir='ltr'><strong>p0testatem.</strong></span> <span class='ocrx_word' id='word_1_558' title='bbox 3620 1398 3690 1452; x_wconf 86' lang='lat' dir='ltr'><strong>Ut</strong></span> <span class='ocrx_word' id='word_1_559' title='bbox 3738 1406 3926 1451; x_wconf 80' lang='lat' dir='ltr'><strong>autem</strong></span> 
     </span>
    </p>
   </div>
   <div class='ocr_carea' id='block_1_72' title="bbox 2326 1488 3928 1561">
    <p class='ocr_par' dir='ltr' id='par_1_72' title="bbox 2326 1488 3928 1561">
     <span class='ocr_line' id='line_1_72' title="bbox 2326 1488 3928 1561; baseline 0.002 -20"><span class='ocrx_word' id='word_1_560' title='bbox 2326 1488 2465 1542; x_wconf 90' lang='lat' dir='ltr'><strong>scias</strong></span> <span class='ocrx_word' id='word_1_561' title='bbox 2498 1488 2638 1544; x_wconf 87' lang='lat' dir='ltr'><strong>hunc</strong></span> <span class='ocrx_word' id='word_1_562' title='bbox 2666 1505 2878 1561; x_wconf 89' lang='lat' dir='ltr'><strong>quoque</strong></span> <span class='ocrx_word' id='word_1_563' title='bbox 2926 1491 3141 1544; x_wconf 89' lang='lat' dir='ltr'><strong>modmn</strong></span> <span class='ocrx_word' id='word_1_564' title='bbox 3188 1491 3511 1558; x_wconf 82' lang='lat' dir='ltr'><strong>principatus</strong></span> <span class='ocrx_word' id='word_1_565' title='bbox 3540 1507 3606 1545; x_wconf 76' lang='lat' dir='ltr'><strong>ex</strong></span> <span class='ocrx_word' id='word_1_566' title='bbox 3632 1490 3928 1545; x_wconf 82' lang='lat' dir='ltr'><strong>occasione</strong></span> 
     </span>
    </p>
   </div>
   <div class='ocr_carea' id='block_1_73' title="bbox 2328 1579 3929 1649">
    <p class='ocr_par' dir='ltr' id='par_1_73' title="bbox 2328 1579 3929 1649">
     <span class='ocr_line' id='line_1_73' title="bbox 2328 1579 3929 1649; baseline 0.002 -17"><span class='ocrx_word' id='word_1_567' title='bbox 2328 1579 2527 1648; x_wconf 89' lang='lat' dir='ltr'><strong>peccati</strong></span> <span class='ocrx_word' id='word_1_568' title='bbox 2552 1589 2727 1634; x_wconf 90' lang='lat' dir='ltr'><strong>ortum</strong></span> <span class='ocrx_word' id='word_1_569' title='bbox 2753 1581 3002 1635; x_wconf 87' lang='lat' dir='ltr'><strong>habuisse</strong></span> <span class='ocrx_word' id='word_1_570' title='bbox 3020 1622 3033 1645; x_wconf 92' lang='lat'><strong>,</strong></span> <span class='ocrx_word' id='word_1_571' title='bbox 3060 1591 3244 1634; x_wconf 70' lang='lat' dir='ltr'><strong>rursm</strong></span> <span class='ocrx_word' id='word_1_572' title='bbox 3271 1582 3489 1634; x_wconf 88' lang='lat' dir='ltr'><strong>Paulmn</strong></span> <span class='ocrx_word' id='word_1_573' title='bbox 3514 1583 3687 1649; x_wconf 86' lang='lat' dir='ltr'><strong>ipsum</strong></span> <span class='ocrx_word' id='word_1_574' title='bbox 3718 1582 3789 1637; x_wconf 87' lang='lat' dir='ltr'><strong>de</strong></span> <span class='ocrx_word' id='word_1_575' title='bbox 3822 1582 3929 1636; x_wconf 84' lang='lat' dir='ltr'><strong>hoc</strong></span> 
     </span>
    </p>
   </div>
   <div class='ocr_carea' id='block_1_74' title="bbox 2328 1669 3928 1740">
    <p class='ocr_par' dir='ltr' id='par_1_74' title="bbox 2328 1669 3928 1740">
     <span class='ocr_line' id='line_1_74' title="bbox 2328 1669 3928 1740; baseline 0.002 -19"><span class='ocrx_word' id='word_1_576' title='bbox 2328 1669 2793 1739; x_wconf 85' lang='lat' dir='ltr'><strong>philosophantem</strong></span> <span class='ocrx_word' id='word_1_577' title='bbox 2826 1670 2970 1723; x_wconf 86' lang='lat' dir='ltr'><strong>audi.</strong></span> <span class='ocrx_word' id='word_1_578' title='bbox 3002 1669 3064 1724; x_wconf 91' lang='lat' dir='ltr'><strong>Si</strong></span> <span class='ocrx_word' id='word_1_579' title='bbox 3094 1681 3261 1723; x_wconf 86' lang='lat' dir='ltr'><strong>autem</strong></span> <span class='ocrx_word' id='word_1_580' title='bbox 3304 1673 3379 1725; x_wconf 77' lang='lat' dir='ltr'><strong>vis</strong></span> <span class='ocrx_word' id='word_1_581' title='bbox 3423 1688 3522 1724; x_wconf 86' lang='lat' dir='ltr'><strong>non</strong></span> <span class='ocrx_word' id='word_1_582' title='bbox 3554 1673 3731 1725; x_wconf 75' lang='lat' dir='ltr'><strong>timere</strong></span> <span class='ocrx_word' id='word_1_583' title='bbox 3782 1685 3928 1740; x_wconf 84' lang='lat' dir='ltr'><strong>pote-</strong></span> 
     </span>
    </p>
   </div>
   <div class='ocr_carea' id='block_1_75' title="bbox 2328 1763 3923 1832">
    <p class='ocr_par' dir='ltr' id='par_1_75' title="bbox 2328 1763 3923 1832">
     <span class='ocr_line' id='line_1_75' title="bbox 2328 1763 3923 1832; baseline 0 -17"><span class='ocrx_word' id='word_1_584' title='bbox 2328 1772 2527 1827; x_wconf 72' lang='lat' dir='ltr'><strong>statem,</strong></span> <span class='ocrx_word' id='word_1_585' title='bbox 2565 1763 2750 1815; x_wconf 85' lang='lat' dir='ltr'><strong>bonum</strong></span> <span class='ocrx_word' id='word_1_586' title='bbox 2781 1765 2894 1832; x_wconf 76' lang='lat' dir='ltr'><strong>fac,</strong></span> <span class='ocrx_word' id='word_1_587' title='bbox 2924 1763 3125 1832; x_wconf 89' lang='lat' dir='ltr'><strong>inquit,</strong></span> <span class='ocrx_word' id='word_1_588' title='bbox 3155 1773 3200 1816; x_wconf 90' lang='lat' dir='ltr'><strong>et</strong></span> <span class='ocrx_word' id='word_1_589' title='bbox 3231 1763 3433 1817; x_wconf 81' lang='lat' dir='ltr'><strong>habebis</strong></span> <span class='ocrx_word' id='word_1_590' title='bbox 3474 1763 3677 1817; x_wconf 76' lang='lat' dir='ltr'><strong>laudent</strong></span> <span class='ocrx_word' id='word_1_591' title='bbox 3718 1781 3781 1817; x_wconf 67' lang='lat' dir='ltr'><strong>ex</strong></span> <span class='ocrx_word' id='word_1_592' title='bbox 3807 1764 3923 1817; x_wconf 85' lang='lat' dir='ltr'><strong>illa.</strong></span> 
     </span>
    </p>
   </div>
   <div class='ocr_carea' id='block_1_76' title="bbox 2329 1852 3924 1924">
    <p class='ocr_par' dir='ltr' id='par_1_76' title="bbox 2329 1852 3924 1924">
     <span class='ocr_line' id='line_1_76' title="bbox 2329 1852 3924 1924; baseline 0.001 -19"><span class='ocrx_word' id='word_1_593' title='bbox 2329 1852 2391 1905; x_wconf 91' lang='lat' dir='ltr'><strong>Si</strong></span> <span class='ocrx_word' id='word_1_594' title='bbox 2436 1862 2602 1905; x_wconf 86' lang='lat' dir='ltr'><strong>autem</strong></span> <span class='ocrx_word' id='word_1_595' title='bbox 2649 1855 2837 1906; x_wconf 87' lang='lat' dir='ltr'><strong>malmn</strong></span> <span class='ocrx_word' id='word_1_596' title='bbox 2886 1855 3064 1924; x_wconf 77' lang='lat' dir='ltr'><strong>feceris</strong></span> <span class='ocrx_word' id='word_1_597' title='bbox 3085 1896 3100 1919; x_wconf 94' lang='lat'><strong>,</strong></span> <span class='ocrx_word' id='word_1_598' title='bbox 3131 1855 3249 1908; x_wconf 89' lang='lat' dir='ltr'><strong>time</strong></span> <span class='ocrx_word' id='word_1_599' title='bbox 3274 1870 3293 1907; x_wconf 90' lang='lat'><strong><em>:</em></strong></span> <span class='ocrx_word' id='word_1_600' title='bbox 3325 1871 3425 1907; x_wconf 90' lang='lat' dir='ltr'><strong>non</strong></span> <span class='ocrx_word' id='word_1_601' title='bbox 3456 1856 3586 1907; x_wconf 88' lang='lat' dir='ltr'><strong>enim</strong></span> <span class='ocrx_word' id='word_1_602' title='bbox 3616 1856 3728 1907; x_wconf 80' lang='lat' dir='ltr'><strong>sine</strong></span> <span class='ocrx_word' id='word_1_603' title='bbox 3762 1871 3924 1907; x_wconf 76' lang='lat' dir='ltr'><strong>causa</strong></span> 
     </span>
    </p>
   </div>
   <div class='ocr_carea' id='block_1_77' title="bbox 2326 1943 3922 2015">
    <p class='ocr_par' dir='ltr' id='par_1_77' title="bbox 2326 1943 3922 2015">
     <span class='ocr_line' id='line_1_77' title="bbox 2326 1943 3922 2015; baseline 0.004 -20"><span class='ocrx_word' id='word_1_604' title='bbox 2326 1943 2553 2013; x_wconf 83' lang='lat' dir='ltr'><strong>gladium</strong></span> <span class='ocrx_word' id='word_1_605' title='bbox 2583 1953 2749 2013; x_wconf 80' lang='lat' dir='ltr'><strong>portat</strong></span> <span class='ocrx_word' id='word_1_606' title='bbox 2797 1945 2970 2015; x_wconf 86' lang='lat' dir='ltr'><strong>(Rom.</strong></span> <span class='ocrx_word' id='word_1_607' title='bbox 3004 1946 3089 1999; x_wconf 80' lang='lat' dir='ltr'><strong>l5.</strong></span> <span class='ocrx_word' id='word_1_608' title='bbox 3140 1947 3192 1999; x_wconf 82' lang='grc'><strong>5.</strong></span> <span class='ocrx_word' id='word_1_609' title='bbox 3222 1948 3297 2015; x_wconf 78' lang='grc'><strong>4).</strong></span> <span class='ocrx_word' id='word_1_610' title='bbox 3333 1944 3494 2000; x_wconf 77' lang='lat' dir='ltr'><strong>Vides</strong></span> <span class='ocrx_word' id='word_1_611' title='bbox 3526 1960 3748 2015; x_wconf 84' lang='lat' dir='ltr'><strong>propter</strong></span> <span class='ocrx_word' id='word_1_612' title='bbox 3779 1962 3879 2001; x_wconf 86' lang='lat' dir='ltr'><strong>eos</strong></span> <span class='ocrx_word' id='word_1_613' title='bbox 3909 1990 3922 2009; x_wconf 88' lang='lat'><strong>,</strong></span> 
     </span>
    </p>
   </div>
   <div class='ocr_carea' id='block_1_78' title="bbox 2328 2038 3927 2108">
    <p class='ocr_par' dir='ltr' id='par_1_78' title="bbox 2328 2038 3927 2108">
     <span class='ocr_line' id='line_1_78' title="bbox 2328 2038 3927 2108; baseline 0.002 -18"><span class='ocrx_word' id='word_1_614' title='bbox 2328 2038 2419 2105; x_wconf 93' lang='lat' dir='ltr'><strong>qui</strong></span> <span class='ocrx_word' id='word_1_615' title='bbox 2447 2038 2643 2091; x_wconf 88' lang='lat' dir='ltr'><strong>malum</strong></span> <span class='ocrx_word' id='word_1_616' title='bbox 2691 2048 2997 2107; x_wconf 89' lang='lat' dir='ltr'><strong>perpetrant</strong></span> <span class='ocrx_word' id='word_1_617' title='bbox 3018 2080 3032 2103; x_wconf 92' lang='lat'><strong>,</strong></span> <span class='ocrx_word' id='word_1_618' title='bbox 3073 2050 3125 2092; x_wconf 91' lang='lat' dir='ltr'><strong>et</strong></span> <span class='ocrx_word' id='word_1_619' title='bbox 3158 2038 3450 2107; x_wconf 89' lang='lat' dir='ltr'><strong>principem</strong></span> <span class='ocrx_word' id='word_1_620' title='bbox 3476 2048 3530 2093; x_wconf 89' lang='lat' dir='ltr'><strong>et</strong></span> <span class='ocrx_word' id='word_1_621' title='bbox 3554 2039 3791 2108; x_wconf 84' lang='lat' dir='ltr'><strong>gladium</strong></span> <span class='ocrx_word' id='word_1_622' title='bbox 3825 2041 3927 2094; x_wconf 84' lang='lat' dir='ltr'><strong>im-</strong></span> 
     </span>
    </p>
   </div>
   <div class='ocr_carea' id='block_1_79' title="bbox 2330 2127 3930 2197">
    <p class='ocr_par' dir='ltr' id='par_1_79' title="bbox 2330 2127 3930 2197">
     <span class='ocr_line' id='line_1_79' title="bbox 2330 2127 3930 2197; baseline 0.003 -18"><span class='ocrx_word' id='word_1_623' title='bbox 2330 2127 2574 2182; x_wconf 80' lang='lat' dir='ltr'><strong>minere?</strong></span> <span class='ocrx_word' id='word_1_624' title='bbox 2595 2129 2731 2181; x_wconf 76' lang='lat' dir='ltr'><strong>Audi</strong></span> <span class='ocrx_word' id='word_1_625' title='bbox 2762 2128 3093 2181; x_wconf 85' lang='lat' dir='ltr'><strong>manifestius</strong></span> <span class='ocrx_word' id='word_1_626' title='bbox 3118 2128 3253 2181; x_wconf 91' lang='lat' dir='ltr'><strong>istud</strong></span> <span class='ocrx_word' id='word_1_627' title='bbox 3284 2129 3453 2197; x_wconf 91' lang='lat' dir='ltr'><strong>ipsum</strong></span> <span class='ocrx_word' id='word_1_628' title='bbox 3482 2145 3681 2183; x_wconf 87' lang='lat' dir='ltr'><strong>rursus.</strong></span> <span class='ocrx_word' id='word_1_629' title='bbox 3726 2130 3930 2183; x_wconf 70' lang='lat' dir='ltr'><strong>Vindex</strong></span> 
     </span>
    </p>
   </div>
   <div class='ocr_carea' id='block_1_80' title="bbox 2330 2219 3928 2291">
    <p class='ocr_par' dir='ltr' id='par_1_80' title="bbox 2330 2219 3928 2291">
     <span class='ocr_line' id='line_1_80' title="bbox 2330 2219 3928 2291; baseline 0 -18"><span class='ocrx_word' id='word_1_630' title='bbox 2330 2223 2473 2273; x_wconf 88' lang='lat' dir='ltr'><strong>enim</strong></span> <span class='ocrx_word' id='word_1_631' title='bbox 2499 2229 2598 2283; x_wconf 86' lang='lat' dir='ltr'><strong>est,</strong></span> <span class='ocrx_word' id='word_1_632' title='bbox 2633 2220 2821 2288; x_wconf 87' lang='lat' dir='ltr'><strong>inquit,</strong></span> <span class='ocrx_word' id='word_1_633' title='bbox 2849 2220 2895 2272; x_wconf 89' lang='lat' dir='ltr'><strong>ei</strong></span> <span class='ocrx_word' id='word_1_634' title='bbox 2918 2221 3000 2289; x_wconf 84' lang='lat' dir='ltr'><strong>qui</strong></span> <span class='ocrx_word' id='word_1_635' title='bbox 3027 2220 3218 2272; x_wconf 85' lang='lat' dir='ltr'><strong>malum</strong></span> <span class='ocrx_word' id='word_1_636' title='bbox 3250 2222 3354 2291; x_wconf 87' lang='lat' dir='ltr'><strong>agit</strong></span> <span class='ocrx_word' id='word_1_637' title='bbox 3382 2219 3589 2289; x_wconf 85' lang='lat' dir='ltr'><strong>(lbid.).</strong></span> <span class='ocrx_word' id='word_1_638' title='bbox 3623 2221 3813 2291; x_wconf 78' lang='lat' dir='ltr'><strong>Neque</strong></span> <span class='ocrx_word' id='word_1_639' title='bbox 3841 2224 3928 2274; x_wconf 63' lang='lat' dir='ltr'><strong>dio</strong></span> 
     </span>
    </p>
   </div>
   <div class='ocr_carea' id='block_1_81' title="bbox 2330 2311 3929 2382">
    <p class='ocr_par' dir='ltr' id='par_1_81' title="bbox 2330 2311 3929 2382">
     <span class='ocr_line' id='line_1_81' title="bbox 2330 2311 3929 2382; baseline 0.001 -18"><span class='ocrx_word' id='word_1_640' title='bbox 2330 2312 2445 2377; x_wconf 76' lang='lat' dir='ltr'><strong>xit,</strong></span> <span class='ocrx_word' id='word_1_641' title='bbox 2479 2311 2593 2364; x_wconf 86' lang='lat' dir='ltr'><strong>Non</strong></span> <span class='ocrx_word' id='word_1_642' title='bbox 2639 2312 2782 2366; x_wconf 89' lang='lat' dir='ltr'><strong>enim</strong></span> <span class='ocrx_word' id='word_1_643' title='bbox 2832 2314 2947 2366; x_wconf 85' lang='lat' dir='ltr'><strong>sine</strong></span> <span class='ocrx_word' id='word_1_644' title='bbox 2992 2327 3148 2366; x_wconf 88' lang='lat' dir='ltr'><strong>causa</strong></span> <span class='ocrx_word' id='word_1_645' title='bbox 3193 2315 3440 2382; x_wconf 88' lang='lat' dir='ltr'><strong>princeps</strong></span> <span class='ocrx_word' id='word_1_646' title='bbox 3481 2324 3561 2368; x_wconf 74' lang='lat' dir='ltr'><strong>est</strong></span> <span class='ocrx_word' id='word_1_647' title='bbox 3597 2315 3733 2368; x_wconf 87' lang='lat' dir='ltr'><strong>:sed</strong></span> <span class='ocrx_word' id='word_1_648' title='bbox 3759 2316 3929 2382; x_wconf 72' lang='lat' dir='ltr'><strong>quid?</strong></span> 
     </span>
    </p>
   </div>
   <div class='ocr_carea' id='block_1_82' title="bbox 2331 2402 3931 2476">
    <p class='ocr_par' dir='ltr' id='par_1_82' title="bbox 2331 2402 3931 2476">
     <span class='ocr_line' id='line_1_82' title="bbox 2331 2402 3931 2476; baseline 0.003 -20"><span class='ocrx_word' id='word_1_649' title='bbox 2331 2402 2453 2456; x_wconf 88' lang='lat' dir='ltr'><strong>Non</strong></span> <span class='ocrx_word' id='word_1_650' title='bbox 2492 2405 2622 2458; x_wconf 90' lang='lat' dir='ltr'><strong>enim</strong></span> <span class='ocrx_word' id='word_1_651' title='bbox 2662 2406 2769 2457; x_wconf 84' lang='lat' dir='ltr'><strong>sine</strong></span> <span class='ocrx_word' id='word_1_652' title='bbox 2810 2421 2963 2457; x_wconf 77' lang='lat' dir='ltr'><strong>causa</strong></span> <span class='ocrx_word' id='word_1_653' title='bbox 2989 2406 3223 2474; x_wconf 85' lang='lat' dir='ltr'><strong>gladium</strong></span> <span class='ocrx_word' id='word_1_654' title='bbox 3250 2416 3435 2476; x_wconf 78' lang='lat' dir='ltr'><strong>portat.</strong></span> <span class='ocrx_word' id='word_1_655' title='bbox 3467 2408 3746 2459; x_wconf 76' lang='lat' dir='ltr'><strong>Armatum</strong></span> <span class='ocrx_word' id='word_1_656' title='bbox 3784 2408 3931 2475; x_wconf 83' lang='lat' dir='ltr'><strong>judi-</strong></span> 
     </span>
    </p>
   </div>
   <div class='ocr_carea' id='block_1_83' title="bbox 2329 2495 3927 2567">
    <p class='ocr_par' dir='ltr' id='par_1_83' title="bbox 2329 2495 3927 2567">
     <span class='ocr_line' id='line_1_83' title="bbox 2329 2495 3927 2567; baseline 0.002 -18"><span class='ocrx_word' id='word_1_657' title='bbox 2329 2508 2444 2550; x_wconf 90' lang='lat' dir='ltr'><strong>cem</strong></span> <span class='ocrx_word' id='word_1_658' title='bbox 2478 2495 2569 2549; x_wconf 90' lang='lat' dir='ltr'><strong>tibi</strong></span> <span class='ocrx_word' id='word_1_659' title='bbox 2600 2496 2841 2564; x_wconf 68' lang='lat' dir='ltr'><strong>praifecit</strong></span> <span class='ocrx_word' id='word_1_660' title='bbox 2889 2496 2955 2551; x_wconf 90' lang='lat' dir='ltr'><strong>Ut</strong></span> <span class='ocrx_word' id='word_1_661' title='bbox 2981 2498 3123 2550; x_wconf 89' lang='lat' dir='ltr'><strong>enim</strong></span> <span class='ocrx_word' id='word_1_662' title='bbox 3154 2507 3304 2567; x_wconf 89' lang='lat' dir='ltr'><strong>pater</strong></span> <span class='ocrx_word' id='word_1_663' title='bbox 3335 2499 3563 2550; x_wconf 76' lang='lat' dir='ltr'><strong>lilionun</strong></span> <span class='ocrx_word' id='word_1_664' title='bbox 3589 2514 3801 2562; x_wconf 88' lang='lat' dir='ltr'><strong>amans,</strong></span> <span class='ocrx_word' id='word_1_665' title='bbox 3838 2500 3927 2552; x_wconf 89' lang='lat' dir='ltr'><strong>ubi</strong></span> 
     </span>
    </p>
   </div>
   <div class='ocr_carea' id='block_1_84' title="bbox 2332 2585 3929 2661">
    <p class='ocr_par' dir='ltr' id='par_1_84' title="bbox 2332 2585 3929 2661">
     <span class='ocr_line' id='line_1_84' title="bbox 2332 2585 3929 2661; baseline 0.003 -23"><span class='ocrx_word' id='word_1_666' title='bbox 2332 2586 2660 2655; x_wconf 87' lang='lat' dir='ltr'><strong>negligenter</strong></span> <span class='ocrx_word' id='word_1_667' title='bbox 2704 2585 2884 2641; x_wconf 83' lang='lat' dir='ltr'><strong>oflicio</strong></span> <span class='ocrx_word' id='word_1_668' title='bbox 2922 2602 3023 2641; x_wconf 88' lang='lat' dir='ltr'><strong>suo</strong></span> <span class='ocrx_word' id='word_1_669' title='bbox 3067 2587 3211 2661; x_wconf 78' lang='lat' dir='ltr'><strong>fungi</strong></span> <span class='ocrx_word' id='word_1_670' title='bbox 3254 2589 3400 2643; x_wconf 89' lang='lat' dir='ltr'><strong>videt</strong></span> <span class='ocrx_word' id='word_1_671' title='bbox 3429 2588 3550 2643; x_wconf 78' lang='lat' dir='ltr'><strong>illos</strong></span> <span class='ocrx_word' id='word_1_672' title='bbox 3575 2631 3591 2654; x_wconf 95' lang='lat'><strong>,</strong></span> <span class='ocrx_word' id='word_1_673' title='bbox 3621 2601 3675 2643; x_wconf 91' lang='lat' dir='ltr'><strong>et</strong></span> <span class='ocrx_word' id='word_1_674' title='bbox 3708 2602 3929 2659; x_wconf 87' lang='lat' dir='ltr'><strong>propter</strong></span> 
     </span>
    </p>
   </div>
   <div class='ocr_carea' id='block_1_85' title="bbox 2334 2679 3926 2749">
    <p class='ocr_par' dir='ltr' id='par_1_85' title="bbox 2334 2679 3926 2749">
     <span class='ocr_line' id='line_1_85' title="bbox 2334 2679 3926 2749; baseline 0.006 -19"><span class='ocrx_word' id='word_1_675' title='bbox 2334 2689 2608 2745; x_wconf 85' lang='lat' dir='ltr'><strong>paternam</strong></span> <span class='ocrx_word' id='word_1_676' title='bbox 2634 2679 3014 2749; x_wconf 88' lang='lat' dir='ltr'><strong>indulgentiam</strong></span> <span class='ocrx_word' id='word_1_677' title='bbox 3044 2696 3102 2735; x_wconf 90' lang='lat' dir='ltr'><strong>se</strong></span> <span class='ocrx_word' id='word_1_678' title='bbox 3130 2684 3198 2734; x_wconf 89' lang='lat' dir='ltr'><strong>ab</strong></span> <span class='ocrx_word' id='word_1_679' title='bbox 3225 2681 3329 2735; x_wconf 90' lang='lat' dir='ltr'><strong>illis</strong></span> <span class='ocrx_word' id='word_1_680' title='bbox 3359 2684 3651 2746; x_wconf 84' lang='lat' dir='ltr'><strong>contemni,</strong></span> <span class='ocrx_word' id='word_1_681' title='bbox 3681 2685 3752 2738; x_wconf 90' lang='lat' dir='ltr'><strong>ob</strong></span> <span class='ocrx_word' id='word_1_682' title='bbox 3772 2700 3926 2740; x_wconf 75' lang='lat' dir='ltr'><strong>suam</strong></span> 
     </span>
    </p>
   </div>
   <div class='ocr_carea' id='block_1_86' title="bbox 2333 2770 3928 2843">
    <p class='ocr_par' dir='ltr' id='par_1_86' title="bbox 2333 2770 3928 2843">
     <span class='ocr_line' id='line_1_86' title="bbox 2333 2770 3928 2843; baseline 0.004 -18"><span class='ocrx_word' id='word_1_683' title='bbox 2333 2770 2623 2825; x_wconf 85' lang='lat' dir='ltr'><strong>bonitatem</strong></span> <span class='ocrx_word' id='word_1_684' title='bbox 2672 2772 2974 2841; x_wconf 64' lang='lat' dir='ltr'><strong>pirdagogis</strong></span> <span class='ocrx_word' id='word_1_685' title='bbox 3016 2789 3078 2827; x_wconf 91' lang='lat' dir='ltr'><strong>ac</strong></span> <span class='ocrx_word' id='word_1_686' title='bbox 3119 2774 3538 2843; x_wconf 59' lang='lat' dir='ltr'><strong>prampturihus</strong></span> <span class='ocrx_word' id='word_1_687' title='bbox 3594 2774 3928 2831; x_wconf 84' lang='lat' dir='ltr'><strong>terribilibus</strong></span> 
     </span>
    </p>
   </div>
   <div class='ocr_carea' id='block_1_87' title="bbox 2334 2861 3927 2923">
    <p class='ocr_par' dir='ltr' id='par_1_87' title="bbox 2334 2861 3927 2923">
     <span class='ocr_line' id='line_1_87' title="bbox 2334 2861 3927 2923; baseline 0.003 -9"><span class='ocrx_word' id='word_1_688' title='bbox 2334 2861 2452 2915; x_wconf 89' lang='lat' dir='ltr'><strong>illos</strong></span> <span class='ocrx_word' id='word_1_689' title='bbox 2502 2862 2825 2916; x_wconf 88' lang='lat' dir='ltr'><strong>committit:</strong></span> <span class='ocrx_word' id='word_1_690' title='bbox 2855 2866 2933 2917; x_wconf 90' lang='lat' dir='ltr'><strong>sic</strong></span> <span class='ocrx_word' id='word_1_691' title='bbox 2975 2874 3029 2917; x_wconf 86' lang='lat' dir='ltr'><strong>et</strong></span> <span class='ocrx_word' id='word_1_692' title='bbox 3075 2880 3102 2916; x_wconf 75' lang='grc' dir='ltr'><strong>ιι</strong></span> <span class='ocrx_word' id='word_1_693' title='bbox 3133 2877 3314 2917; x_wconf 83' lang='lat' dir='ltr'><strong>nostra</strong></span> <span class='ocrx_word' id='word_1_694' title='bbox 3357 2874 3543 2919; x_wconf 88' lang='lat' dir='ltr'><strong>natura</strong></span> <span class='ocrx_word' id='word_1_695' title='bbox 3576 2881 3636 2920; x_wconf 87' lang='lat' dir='ltr'><strong>se</strong></span> <span class='ocrx_word' id='word_1_696' title='bbox 3681 2879 3927 2923; x_wconf 83' lang='lat' dir='ltr'><strong>contem-</strong></span> 
     </span>
    </p>
   </div>
   <div class='ocr_carea' id='block_1_88' title="bbox 2335 2954 3928 3030">
    <p class='ocr_par' dir='ltr' id='par_1_88' title="bbox 2335 2954 3928 3030">
     <span class='ocr_line' id='line_1_88' title="bbox 2335 2954 3928 3030; baseline 0.008 -28"><span class='ocrx_word' id='word_1_697' title='bbox 2335 2964 2482 3021; x_wconf 89' lang='lat' dir='ltr'><strong>ptum</strong></span> <span class='ocrx_word' id='word_1_698' title='bbox 2526 2956 2753 3008; x_wconf 78' lang='lat' dir='ltr'><strong>cernens</strong></span> <span class='ocrx_word' id='word_1_699' title='bbox 2799 2954 2980 3022; x_wconf 81' lang='lat' dir='ltr'><strong>Deus,</strong></span> <span class='ocrx_word' id='word_1_700' title='bbox 3014 2957 3083 3009; x_wconf 89' lang='lat' dir='ltr'><strong>ob</strong></span> <span class='ocrx_word' id='word_1_701' title='bbox 3112 2973 3262 3010; x_wconf 87' lang='lat' dir='ltr'><strong>suam</strong></span> <span class='ocrx_word' id='word_1_702' title='bbox 3313 2959 3603 3013; x_wconf 83' lang='lat' dir='ltr'><strong>bonitatem</strong></span> <span class='ocrx_word' id='word_1_703' title='bbox 3657 2972 3928 3030; x_wconf 85' lang='lat' dir='ltr'><strong>tamquam</strong></span> 
     </span>
    </p>
   </div>
   <div class='ocr_carea' id='block_1_89' title="bbox 2336 3044 3927 3119">
    <p class='ocr_par' dir='ltr' id='par_1_89' title="bbox 2336 3044 3927 3119">
     <span class='ocr_line' id='line_1_89' title="bbox 2336 3044 3927 3119; baseline 0.006 -23"><span class='ocrx_word' id='word_1_704' title='bbox 2336 3044 2601 3113; x_wconf 88' lang='lat' dir='ltr'><strong>magistris</strong></span> <span class='ocrx_word' id='word_1_705' title='bbox 2630 3059 2691 3098; x_wconf 85' lang='lat' dir='ltr'><strong>ac</strong></span> <span class='ocrx_word' id='word_1_706' title='bbox 2719 3046 3025 3117; x_wconf 72' lang='lat' dir='ltr'><strong>paedagogis</strong></span> <span class='ocrx_word' id='word_1_707' title='bbox 3064 3048 3380 3115; x_wconf 59' lang='lat' dir='ltr'><strong>quilmsdam</strong></span> <span class='ocrx_word' id='word_1_708' title='bbox 3422 3050 3753 3119; x_wconf 86' lang='lat' dir='ltr'><strong>principibus</strong></span> <span class='ocrx_word' id='word_1_709' title='bbox 3786 3051 3927 3106; x_wconf 69' lang='lat' dir='ltr'><strong>illam</strong></span> 
     </span>
    </p>
   </div>
   <div class='ocr_carea' id='block_1_90' title="bbox 2340 3138 3927 3208">
    <p class='ocr_par' dir='ltr' id='par_1_90' title="bbox 2340 3138 3927 3208">
     <span class='ocr_line' id='line_1_90' title="bbox 2340 3138 3927 3208; baseline 0.006 -19"><span class='ocrx_word' id='word_1_710' title='bbox 2340 3138 2595 3200; x_wconf 90' lang='lat' dir='ltr'><strong>tradidit,</strong></span> <span class='ocrx_word' id='word_1_711' title='bbox 2632 3148 2688 3190; x_wconf 87' lang='lat' dir='ltr'><strong>ut</strong></span> <span class='ocrx_word' id='word_1_712' title='bbox 2737 3139 3115 3207; x_wconf 87' lang='lat' dir='ltr'><strong>negligentiam</strong></span> <span class='ocrx_word' id='word_1_713' title='bbox 3153 3139 3271 3208; x_wconf 86' lang='lat' dir='ltr'><strong>ejus</strong></span> <span class='ocrx_word' id='word_1_714' title='bbox 3316 3140 3669 3208; x_wconf 85' lang='lat' dir='ltr'><strong>corrigereut.</strong></span> <span class='ocrx_word' id='word_1_715' title='bbox 3718 3142 3829 3197; x_wconf 86' lang='lat' dir='ltr'><strong>Sed</strong></span> <span class='ocrx_word' id='word_1_716' title='bbox 3882 3144 3927 3197; x_wconf 88' lang='lat' dir='ltr'><strong>si</strong></span> 
     </span>
    </p>
   </div>
   <div class='ocr_carea' id='block_1_91' title="bbox 2337 3230 3930 3304">
    <p class='ocr_par' dir='ltr' id='par_1_91' title="bbox 2337 3230 3930 3304">
     <span class='ocr_line' id='line_1_91' title="bbox 2337 3230 3930 3304; baseline 0.003 -22"><span class='ocrx_word' id='word_1_717' title='bbox 2337 3230 2494 3284; x_wconf 85' lang='lat' dir='ltr'><strong>vultis</strong></span> <span class='ocrx_word' id='word_1_718' title='bbox 2519 3273 2533 3292; x_wconf 87' lang='lat'><strong>,</strong></span> <span class='ocrx_word' id='word_1_719' title='bbox 2558 3247 2621 3285; x_wconf 81' lang='lat' dir='ltr'><strong>ex</strong></span> <span class='ocrx_word' id='word_1_720' title='bbox 2651 3232 2815 3286; x_wconf 88' lang='lat' dir='ltr'><strong>veteri</strong></span> <span class='ocrx_word' id='word_1_721' title='bbox 2844 3231 3190 3288; x_wconf 83' lang='lat' dir='ltr'><strong>Testamento</strong></span> <span class='ocrx_word' id='word_1_722' title='bbox 3213 3232 3341 3288; x_wconf 89' lang='lat' dir='ltr'><strong>illud</strong></span> <span class='ocrx_word' id='word_1_723' title='bbox 3371 3244 3679 3304; x_wconf 73' lang='lat' dir='ltr'><strong>Spectamus</strong></span> <span class='ocrx_word' id='word_1_724' title='bbox 3698 3276 3713 3299; x_wconf 88' lang='lat'><strong>,</strong></span> <span class='ocrx_word' id='word_1_725' title='bbox 3739 3235 3812 3290; x_wconf 93' lang='lat' dir='ltr'><strong>ob</strong></span> <span class='ocrx_word' id='word_1_726' title='bbox 3839 3250 3930 3289; x_wconf 87' lang='lat' dir='ltr'><strong>no-</strong></span> 
     </span>
    </p>
   </div>
   <div class='ocr_carea' id='block_1_92' title="bbox 2336 3324 3926 3396">
    <p class='ocr_par' dir='ltr' id='par_1_92' title="bbox 2336 3324 3926 3396">
     <span class='ocr_line' id='line_1_92' title="bbox 2336 3324 3926 3396; baseline 0.004 -21"><span class='ocrx_word' id='word_1_727' title='bbox 2336 3334 2501 3375; x_wconf 76' lang='lat' dir='ltr'><strong>Stram</strong></span> <span class='ocrx_word' id='word_1_728' title='bbox 2552 3324 2799 3376; x_wconf 86' lang='lat' dir='ltr'><strong>nimirum</strong></span> <span class='ocrx_word' id='word_1_729' title='bbox 2851 3324 3163 3391; x_wconf 86' lang='lat' dir='ltr'><strong>pravitatem</strong></span> <span class='ocrx_word' id='word_1_730' title='bbox 3195 3325 3297 3379; x_wconf 89' lang='lat' dir='ltr'><strong>hoc</strong></span> <span class='ocrx_word' id='word_1_731' title='bbox 3342 3340 3476 3394; x_wconf 84' lang='lat' dir='ltr'><strong>Opus</strong></span> <span class='ocrx_word' id='word_1_732' title='bbox 3521 3325 3687 3381; x_wconf 86' lang='lat' dir='ltr'><strong>fuisse</strong></span> <span class='ocrx_word' id='word_1_733' title='bbox 3725 3329 3926 3396; x_wconf 88' lang='lat' dir='ltr'><strong>princi-</strong></span> 
     </span>
    </p>
   </div>
   <div class='ocr_carea' id='block_1_93' title="bbox 2340 3414 3934 3484">
    <p class='ocr_par' dir='ltr' id='par_1_93' title="bbox 2340 3414 3934 3484">
     <span class='ocr_line' id='line_1_93' title="bbox 2340 3414 3934 3484; baseline 0.006 -20"><span class='ocrx_word' id='word_1_734' title='bbox 2340 3426 2483 3481; x_wconf 86' lang='lat' dir='ltr'><strong>patu.</strong></span> <span class='ocrx_word' id='word_1_735' title='bbox 2516 3414 2745 3482; x_wconf 83' lang='lat' dir='ltr'><strong>Propter</strong></span> <span class='ocrx_word' id='word_1_736' title='bbox 2776 3415 2987 3484; x_wconf 89' lang='lat' dir='ltr'><strong>iniquos</strong></span> <span class='ocrx_word' id='word_1_737' title='bbox 3012 3416 3273 3484; x_wconf 86' lang='lat' dir='ltr'><strong>quispiam</strong></span> <span class='ocrx_word' id='word_1_738' title='bbox 3303 3418 3559 3484; x_wconf 76' lang='lat' dir='ltr'><strong>propheta</strong></span> <span class='ocrx_word' id='word_1_739' title='bbox 3600 3432 3934 3473; x_wconf 86' lang='lat' dir='ltr'><strong>succensens</strong></span> 
     </span>
    </p>
   </div>
   <div class='ocr_carea' id='block_1_94' title="bbox 2338 3507 3932 3584">
    <p class='ocr_par' dir='ltr' id='par_1_94' title="bbox 2338 3507 3932 3584">
     <span class='ocr_line' id='line_1_94' title="bbox 2338 3507 3932 3584; baseline 0.001 -23"><span class='ocrx_word' id='word_1_740' title='bbox 2338 3508 2421 3561; x_wconf 88' lang='lat' dir='ltr'><strong>his</strong></span> <span class='ocrx_word' id='word_1_741' title='bbox 2450 3507 2627 3561; x_wconf 76' lang='lat' dir='ltr'><strong>verbis</strong></span> <span class='ocrx_word' id='word_1_742' title='bbox 2658 3508 2822 3561; x_wconf 90' lang='lat' dir='ltr'><strong>utitur</strong></span> <span class='ocrx_word' id='word_1_743' title='bbox 2847 3526 2858 3560; x_wconf 92' lang='lat'><strong>:</strong></span> <span class='ocrx_word' id='word_1_744' title='bbox 2888 3507 3098 3561; x_wconf 79' lang='lat' dir='ltr'><strong>Tacebis</strong></span> <span class='ocrx_word' id='word_1_745' title='bbox 3125 3509 3244 3561; x_wconf 83' lang='lat' dir='ltr'><strong>dum</strong></span> <span class='ocrx_word' id='word_1_746' title='bbox 3273 3509 3458 3576; x_wconf 83' lang='lat' dir='ltr'><strong>impius</strong></span> <span class='ocrx_word' id='word_1_747' title='bbox 3483 3511 3691 3564; x_wconf 87' lang='lat' dir='ltr'><strong>devorat</strong></span> <span class='ocrx_word' id='word_1_748' title='bbox 3707 3514 3932 3584; x_wconf 75' lang='lat' dir='ltr'><strong>justum,</strong></span> 
     </span>
    </p>
   </div>
   <div class='ocr_carea' id='block_1_95' title="bbox 2337 3601 3934 3673">
    <p class='ocr_par' dir='ltr' id='par_1_95' title="bbox 2337 3601 3934 3673">
     <span class='ocr_line' id='line_1_95' title="bbox 2337 3601 3934 3673; baseline 0.002 -20"><span class='ocrx_word' id='word_1_749' title='bbox 2337 3611 2382 3653; x_wconf 87' lang='lat' dir='ltr'><strong>ct</strong></span> <span class='ocrx_word' id='word_1_750' title='bbox 2411 3601 2564 3671; x_wconf 79' lang='lat' dir='ltr'><strong>[acies</strong></span> <span class='ocrx_word' id='word_1_751' title='bbox 2592 3602 2611 3630; x_wconf 82' lang='lat'><strong>’</strong></span> <span class='ocrx_word' id='word_1_752' title='bbox 2635 3602 2861 3653; x_wconf 81' lang='lat' dir='ltr'><strong>homines</strong></span> <span class='ocrx_word' id='word_1_753' title='bbox 2894 3602 3037 3670; x_wconf 87' lang='lat' dir='ltr'><strong>quasi</strong></span> <span class='ocrx_word' id='word_1_754' title='bbox 3068 3602 3227 3669; x_wconf 81' lang='lat' dir='ltr'><strong>pisces</strong></span> <span class='ocrx_word' id='word_1_755' title='bbox 3270 3601 3441 3661; x_wconf 77' lang='lat' dir='ltr'><strong>utaris,</strong></span> <span class='ocrx_word' id='word_1_756' title='bbox 3476 3611 3521 3653; x_wconf 86' lang='lat' dir='ltr'><strong>et</strong></span> <span class='ocrx_word' id='word_1_757' title='bbox 3550 3604 3698 3671; x_wconf 86' lang='lat' dir='ltr'><strong>quasi</strong></span> <span class='ocrx_word' id='word_1_758' title='bbox 3727 3605 3934 3673; x_wconf 81' lang='lat' dir='ltr'><strong>replilia</strong></span> 
     </span>
    </p>
   </div>
   <div class='ocr_carea' id='block_1_96' title="bbox 2340 3690 3932 3762">
    <p class='ocr_par' dir='ltr' id='par_1_96' title="bbox 2340 3690 3932 3762">
     <span class='ocr_line' id='line_1_96' title="bbox 2340 3690 3932 3762; baseline 0.004 -19"><span class='ocrx_word' id='word_1_759' title='bbox 2340 3711 2437 3747; x_wconf 88' lang='lat' dir='ltr'><strong>non</strong></span> <span class='ocrx_word' id='word_1_760' title='bbox 2462 3694 2694 3746; x_wconf 72' lang='lat' dir='ltr'><strong>habentia</strong></span> <span class='ocrx_word' id='word_1_761' title='bbox 2717 3695 2893 3745; x_wconf 86' lang='lat' dir='ltr'><strong>ducem</strong></span> <span class='ocrx_word' id='word_1_762' title='bbox 2921 3690 3145 3760; x_wconf 70' lang='lat' dir='ltr'><strong>(ﬂabat.</strong></span> <span class='ocrx_word' id='word_1_763' title='bbox 3171 3694 3221 3746; x_wconf 79' lang='grc'><strong>1.</strong></span> <span class='ocrx_word' id='word_1_764' title='bbox 3252 3693 3335 3745; x_wconf 78' lang='lat' dir='ltr'><strong>l5.</strong></span> <span class='ocrx_word' id='word_1_765' title='bbox 3367 3692 3492 3762; x_wconf 63' lang='lat' dir='ltr'><strong>ll)?</strong></span> <span class='ocrx_word' id='word_1_766' title='bbox 3521 3693 3660 3759; x_wconf 74' lang='lat' dir='ltr'><strong>Ergo</strong></span> <span class='ocrx_word' id='word_1_767' title='bbox 3690 3694 3932 3749; x_wconf 75' lang='lat' dir='ltr'><strong>ideodux</strong></span> 
     </span>
    </p>
   </div>
   <div class='ocr_carea' id='block_1_97' title="bbox 2340 3775 3935 3854">
    <p class='ocr_par' dir='ltr' id='par_1_97' title="bbox 2340 3775 3935 3854">
     <span class='ocr_line' id='line_1_97' title="bbox 2340 3775 3935 3854; baseline 0.001 -15"><span class='ocrx_word' id='word_1_768' title='bbox 2340 3797 2461 3849; x_wconf 88' lang='lat' dir='ltr'><strong>est,</strong></span> <span class='ocrx_word' id='word_1_769' title='bbox 2494 3799 2560 3840; x_wconf 92' lang='lat' dir='ltr'><strong>ne</strong></span> <span class='ocrx_word' id='word_1_770' title='bbox 2605 3795 2873 3852; x_wconf 87' lang='lat' dir='ltr'><strong>tamquam</strong></span> <span class='ocrx_word' id='word_1_771' title='bbox 2916 3784 3124 3851; x_wconf 87' lang='lat' dir='ltr'><strong>reptilia</strong></span> <span class='ocrx_word' id='word_1_772' title='bbox 3156 3775 3359 3837; x_wconf 72' lang='lat' dir='ltr'><strong>sitatis:</strong></span> <span class='ocrx_word' id='word_1_773' title='bbox 3386 3784 3507 3837; x_wconf 91' lang='lat' dir='ltr'><strong>ideo</strong></span> <span class='ocrx_word' id='word_1_774' title='bbox 3535 3787 3793 3854; x_wconf 86' lang='lat' dir='ltr'><strong>princeps</strong></span> <span class='ocrx_word' id='word_1_775' title='bbox 3818 3829 3834 3852; x_wconf 93' lang='lat'><strong>,</strong></span> <span class='ocrx_word' id='word_1_776' title='bbox 3872 3803 3935 3841; x_wconf 90' lang='lat' dir='ltr'><strong>nc</strong></span> 
     </span>
    </p>
   </div>
   <div class='ocr_carea' id='block_1_98' title="bbox 2344 3873 3938 3946">
    <p class='ocr_par' dir='ltr' id='par_1_98' title="bbox 2344 3873 3938 3946">
     <span class='ocr_line' id='line_1_98' title="bbox 2344 3873 3938 3946; baseline 0.001 -17"><span class='ocrx_word' id='word_1_777' title='bbox 2344 3887 2608 3946; x_wconf 86' lang='lat' dir='ltr'><strong>tamquam</strong></span> <span class='ocrx_word' id='word_1_778' title='bbox 2660 3878 2832 3944; x_wconf 88' lang='lat' dir='ltr'><strong>pisces</strong></span> <span class='ocrx_word' id='word_1_779' title='bbox 2860 3875 2881 3906; x_wconf 85' lang='grc'><strong><em>³</em></strong></span> <span class='ocrx_word' id='word_1_780' title='bbox 2908 3890 3006 3929; x_wconf 89' lang='lat' dir='ltr'><strong>nos</strong></span> <span class='ocrx_word' id='word_1_781' title='bbox 3054 3875 3280 3930; x_wconf 77' lang='lat' dir='ltr'><strong>invicem</strong></span> <span class='ocrx_word' id='word_1_782' title='bbox 3331 3873 3678 3929; x_wconf 86' lang='lat' dir='ltr'><strong>devoremus.</strong></span> <span class='ocrx_word' id='word_1_783' title='bbox 3713 3875 3851 3931; x_wconf 82' lang='lat' dir='ltr'><strong>Nam</strong></span> <span class='ocrx_word' id='word_1_784' title='bbox 3883 3888 3938 3931; x_wconf 91' lang='lat' dir='ltr'><strong>ut</strong></span> 
     </span>
    </p>
   </div>
   <div class='ocr_carea' id='block_1_99' title="bbox 2342 3966 3941 4037">
    <p class='ocr_par' dir='ltr' id='par_1_99' title="bbox 2342 3966 3941 4037">
     <span class='ocr_line' id='line_1_99' title="bbox 2342 3966 3941 4037; baseline 0.003 -18"><span class='ocrx_word' id='word_1_785' title='bbox 2342 3977 2561 4037; x_wconf 87' lang='lat' dir='ltr'><strong>propter</strong></span> <span class='ocrx_word' id='word_1_786' title='bbox 2603 3967 2823 4035; x_wconf 66' lang='lat' dir='ltr'><strong>morbos</strong></span> <span class='ocrx_word' id='word_1_787' title='bbox 2864 3966 3252 4020; x_wconf 87' lang='lat' dir='ltr'><strong>medicamenta</strong></span> <span class='ocrx_word' id='word_1_788' title='bbox 3283 3976 3407 4020; x_wconf 85' lang='lat' dir='ltr'><strong>sunt</strong></span> <span class='ocrx_word' id='word_1_789' title='bbox 3428 3967 3547 4021; x_wconf 85' lang='lat' dir='ltr'><strong>data</strong></span> <span class='ocrx_word' id='word_1_790' title='bbox 3567 4009 3583 4033; x_wconf 90' lang='lat'><strong>,</strong></span> <span class='ocrx_word' id='word_1_791' title='bbox 3612 3968 3691 4021; x_wconf 88' lang='lat' dir='ltr'><strong>sic</strong></span> <span class='ocrx_word' id='word_1_792' title='bbox 3714 3980 3941 4037; x_wconf 72' lang='lat' dir='ltr'><strong>propter</strong></span> 
     </span>
    </p>
   </div>
   <div class='ocr_carea' id='block_1_100' title="bbox 2340 4057 3941 4128">
    <p class='ocr_par' dir='ltr' id='par_1_100' title="bbox 2340 4057 3941 4128">
     <span class='ocr_line' id='line_1_100' title="bbox 2340 4057 3941 4128; baseline 0 -17"><span class='ocrx_word' id='word_1_793' title='bbox 2340 4060 2557 4123; x_wconf 87' lang='lat' dir='ltr'><strong>delicta,</strong></span> <span class='ocrx_word' id='word_1_794' title='bbox 2588 4059 2868 4128; x_wconf 89' lang='lat' dir='ltr'><strong>supplicia.</strong></span> <span class='ocrx_word' id='word_1_795' title='bbox 2896 4057 3159 4123; x_wconf 84' lang='lat' dir='ltr'><strong>Queniam</strong></span> <span class='ocrx_word' id='word_1_796' title='bbox 3200 4058 3343 4111; x_wconf 90' lang='lat' dir='ltr'><strong>enim</strong></span> <span class='ocrx_word' id='word_1_797' title='bbox 3372 4058 3416 4110; x_wconf 90' lang='lat' dir='ltr'><strong>is</strong></span> <span class='ocrx_word' id='word_1_798' title='bbox 3444 4058 3531 4126; x_wconf 89' lang='lat' dir='ltr'><strong>qui</strong></span> <span class='ocrx_word' id='word_1_799' title='bbox 3560 4059 3763 4113; x_wconf 83' lang='lat' dir='ltr'><strong>virtute</strong></span> <span class='ocrx_word' id='word_1_800' title='bbox 3798 4076 3941 4128; x_wconf 82' lang='lat' dir='ltr'><strong>pra-—</strong></span> 
     </span>
    </p>
   </div>
   <div class='ocr_carea' id='block_1_101' title="bbox 2342 4146 3940 4219">
    <p class='ocr_par' dir='ltr' id='par_1_101' title="bbox 2342 4146 3940 4219">
     <span class='ocr_line' id='line_1_101' title="bbox 2342 4146 3940 4219; baseline 0.001 -16"><span class='ocrx_word' id='word_1_801' title='bbox 2342 4151 2483 4204; x_wconf 83' lang='lat' dir='ltr'><strong>tlitus</strong></span> <span class='ocrx_word' id='word_1_802' title='bbox 2515 4151 2670 4213; x_wconf 91' lang='lat' dir='ltr'><strong>vivit,</strong></span> <span class='ocrx_word' id='word_1_803' title='bbox 2698 4148 2961 4219; x_wconf 78' lang='lat' dir='ltr'><strong>ejusmodi</strong></span> <span class='ocrx_word' id='word_1_804' title='bbox 3000 4146 3319 4219; x_wconf 68' lang='lat' dir='ltr'><strong>przefectura</strong></span> <span class='ocrx_word' id='word_1_805' title='bbox 3374 4163 3481 4202; x_wconf 91' lang='lat' dir='ltr'><strong>non</strong></span> <span class='ocrx_word' id='word_1_806' title='bbox 3527 4148 3767 4216; x_wconf 66' lang='lat' dir='ltr'><strong>indiget,</strong></span> <span class='ocrx_word' id='word_1_807' title='bbox 3812 4152 3940 4204; x_wconf 88' lang='lat' dir='ltr'><strong>audi</strong></span> 
     </span>
    </p>
   </div>
   <div class='ocr_carea' id='block_1_102' title="bbox 2342 4242 3940 4313">
    <p class='ocr_par' dir='ltr' id='par_1_102' title="bbox 2342 4242 3940 4313">
     <span class='ocr_line' id='line_1_102' title="bbox 2342 4242 3940 4313; baseline 0.001 -18"><span class='ocrx_word' id='word_1_808' title='bbox 2342 4244 2465 4313; x_wconf 88' lang='lat' dir='ltr'><strong>quid</strong></span> <span class='ocrx_word' id='word_1_809' title='bbox 2511 4245 2652 4298; x_wconf 86' lang='lat' dir='ltr'><strong>dicat</strong></span> <span class='ocrx_word' id='word_1_810' title='bbox 2674 4243 2869 4296; x_wconf 83' lang='lat' dir='ltr'><strong>Paulus</strong></span> <span class='ocrx_word' id='word_1_811' title='bbox 2900 4262 2912 4296; x_wconf 93' lang='lat'>:</span> <span class='ocrx_word' id='word_1_812' title='bbox 2938 4242 3033 4296; x_wconf 90' lang='lat' dir='ltr'><strong>Sin</strong></span> <span class='ocrx_word' id='word_1_813' title='bbox 3062 4252 3231 4294; x_wconf 82' lang='lat' dir='ltr'><strong>autent</strong></span> <span class='ocrx_word' id='word_1_814' title='bbox 3261 4243 3335 4293; x_wconf 80' lang='lat' dir='ltr'><strong>vis</strong></span> <span class='ocrx_word' id='word_1_815' title='bbox 3364 4259 3463 4294; x_wconf 87' lang='lat' dir='ltr'><strong>non</strong></span> <span class='ocrx_word' id='word_1_816' title='bbox 3508 4242 3685 4294; x_wconf 86' lang='lat' dir='ltr'><strong>timere</strong></span> <span class='ocrx_word' id='word_1_817' title='bbox 3710 4256 3940 4312; x_wconf 53' lang='lat' dir='ltr'><strong>potestis.</strong></span> 
     </span>
    </p>
   </div>
   <div class='ocr_carea' id='block_1_103' title="bbox 2345 4334 3935 4402">
    <p class='ocr_par' dir='ltr' id='par_1_103' title="bbox 2345 4334 3935 4402">
     <span class='ocr_line' id='line_1_103' title="bbox 2345 4334 3935 4402; baseline 0 -15"><span class='ocrx_word' id='word_1_818' title='bbox 2345 4348 2441 4388; x_wconf 84' lang='lat' dir='ltr'><strong>tem</strong></span> <span class='ocrx_word' id='word_1_819' title='bbox 2470 4378 2481 4397; x_wconf 87' lang='lat'><strong>,</strong></span> <span class='ocrx_word' id='word_1_820' title='bbox 2529 4337 2714 4389; x_wconf 85' lang='lat' dir='ltr'><strong>bonum</strong></span> <span class='ocrx_word' id='word_1_821' title='bbox 2758 4336 2840 4402; x_wconf 80' lang='lat' dir='ltr'><strong>[ac</strong></span> <span class='ocrx_word' id='word_1_822' title='bbox 2868 4374 2882 4397; x_wconf 89' lang='lat'><strong>,</strong></span> <span class='ocrx_word' id='word_1_823' title='bbox 2916 4342 2962 4387; x_wconf 87' lang='lat' dir='ltr'><strong>et</strong></span> <span class='ocrx_word' id='word_1_824' title='bbox 3011 4335 3214 4386; x_wconf 80' lang='lat' dir='ltr'><strong>habebis</strong></span> <span class='ocrx_word' id='word_1_825' title='bbox 3254 4335 3452 4387; x_wconf 81' lang='lat' dir='ltr'><strong>laudent</strong></span> <span class='ocrx_word' id='word_1_826' title='bbox 3500 4350 3562 4388; x_wconf 81' lang='lat' dir='ltr'><strong>ea:</strong></span> <span class='ocrx_word' id='word_1_827' title='bbox 3603 4334 3695 4387; x_wconf 85' lang='lat' dir='ltr'><strong>illa</strong></span> <span class='ocrx_word' id='word_1_828' title='bbox 3754 4334 3935 4399; x_wconf 77' lang='lat' dir='ltr'><strong>(liam.</strong></span> 
     </span>
    </p>
   </div>
   <div class='ocr_carea' id='block_1_104' title="bbox 2348 4423 3944 4494">
    <p class='ocr_par' dir='ltr' id='par_1_104' title="bbox 2348 4423 3944 4494">
     <span class='ocr_line' id='line_1_104' title="bbox 2348 4423 3944 4494; baseline -0.001 -15"><span class='ocrx_word' id='word_1_829' title='bbox 2348 4429 2429 4481; x_wconf 79' lang='lat' dir='ltr'><strong>l5.</strong></span> <span class='ocrx_word' id='word_1_830' title='bbox 2457 4428 2531 4491; x_wconf 82' lang='lat'><strong>5).</strong></span> <span class='ocrx_word' id='word_1_831' title='bbox 2564 4425 2842 4494; x_wconf 82' lang='lat' dir='ltr'><strong>Spectator</strong></span> <span class='ocrx_word' id='word_1_832' title='bbox 2872 4436 2993 4479; x_wconf 89' lang='lat' dir='ltr'><strong>tuus</strong></span> <span class='ocrx_word' id='word_1_833' title='bbox 3015 4466 3029 4487; x_wconf 91' lang='lat'><strong>,</strong></span> <span class='ocrx_word' id='word_1_834' title='bbox 3051 4424 3241 4494; x_wconf 90' lang='lat' dir='ltr'><strong>inquit,</strong></span> <span class='ocrx_word' id='word_1_835' title='bbox 3275 4437 3356 4477; x_wconf 89' lang='lat' dir='ltr'><strong>est</strong></span> <span class='ocrx_word' id='word_1_836' title='bbox 3383 4423 3567 4492; x_wconf 78' lang='lat' dir='ltr'><strong>judex.</strong></span> <span class='ocrx_word' id='word_1_837' title='bbox 3596 4426 3654 4479; x_wconf 88' lang='lat' dir='ltr'><strong>Si</strong></span> <span class='ocrx_word' id='word_1_838' title='bbox 3687 4437 3834 4479; x_wconf 60' lang='lat' dir='ltr'><strong>recte</strong></span> <span class='ocrx_word' id='word_1_839' title='bbox 3870 4427 3944 4477; x_wconf 83' lang='lat' dir='ltr'><strong>vi-</strong></span> 
     </span>
    </p>
   </div>
   <div class='ocr_carea' id='block_1_105' title="bbox 2347 4515 3943 4586">
    <p class='ocr_par' dir='ltr' id='par_1_105' title="bbox 2347 4515 3943 4586">
     <span class='ocr_line' id='line_1_105' title="bbox 2347 4515 3943 4586; baseline -0.001 -17"><span class='ocrx_word' id='word_1_840' title='bbox 2347 4535 2438 4572; x_wconf 82' lang='lat' dir='ltr'><strong>vas</strong></span> <span class='ocrx_word' id='word_1_841' title='bbox 2462 4561 2476 4583; x_wconf 90' lang='lat'><strong>,</strong></span> <span class='ocrx_word' id='word_1_842' title='bbox 2508 4535 2611 4572; x_wconf 90' lang='lat' dir='ltr'><strong>non</strong></span> <span class='ocrx_word' id='word_1_843' title='bbox 2655 4526 2923 4586; x_wconf 87' lang='lat' dir='ltr'><strong>spectator</strong></span> <span class='ocrx_word' id='word_1_844' title='bbox 2946 4517 3117 4570; x_wconf 90' lang='lat' dir='ltr'><strong>solum</strong></span> <span class='ocrx_word' id='word_1_845' title='bbox 3141 4557 3153 4579; x_wconf 92' lang='lat'><strong>,</strong></span> <span class='ocrx_word' id='word_1_846' title='bbox 3188 4516 3282 4569; x_wconf 90' lang='lat' dir='ltr'><strong>sed</strong></span> <span class='ocrx_word' id='word_1_847' title='bbox 3322 4516 3483 4569; x_wconf 89' lang='lat' dir='ltr'><strong>etiam</strong></span> <span class='ocrx_word' id='word_1_848' title='bbox 3534 4515 3804 4570; x_wconf 88' lang='lat' dir='ltr'><strong>laudator.</strong></span> <span class='ocrx_word' id='word_1_849' title='bbox 3834 4517 3943 4570; x_wconf 81' lang='lat' dir='ltr'><strong>Sed</strong></span> 
     </span>
    </p>
   </div>
   <div class='ocr_carea' id='block_1_106' title="bbox 2345 4608 3942 4682">
    <p class='ocr_par' dir='ltr' id='par_1_106' title="bbox 2345 4608 3942 4682">
     <span class='ocr_line' id='line_1_106' title="bbox 2345 4608 3942 4682; baseline 0.001 -19"><span class='ocrx_word' id='word_1_850' title='bbox 2345 4614 2467 4682; x_wconf 87' lang='lat' dir='ltr'><strong>quid</strong></span> <span class='ocrx_word' id='word_1_851' title='bbox 2514 4628 2612 4681; x_wconf 81' lang='lat' dir='ltr'><strong>ego</strong></span> <span class='ocrx_word' id='word_1_852' title='bbox 2653 4610 2721 4665; x_wconf 92' lang='lat' dir='ltr'><strong>de</strong></span> <span class='ocrx_word' id='word_1_853' title='bbox 2771 4610 3068 4681; x_wconf 86' lang='lat' dir='ltr'><strong>principum</strong></span> <span class='ocrx_word' id='word_1_854' title='bbox 3117 4608 3308 4678; x_wconf 89' lang='lat' dir='ltr'><strong>loquor</strong></span> <span class='ocrx_word' id='word_1_855' title='bbox 3336 4608 3657 4663; x_wconf 89' lang='lat' dir='ltr'><strong>necessitate</strong></span> <span class='ocrx_word' id='word_1_856' title='bbox 3682 4648 3697 4671; x_wconf 87' lang='lat'><strong>,</strong></span> <span class='ocrx_word' id='word_1_857' title='bbox 3726 4625 3851 4663; x_wconf 90' lang='lat' dir='ltr'><strong>cum</strong></span> <span class='ocrx_word' id='word_1_858' title='bbox 3882 4622 3942 4665; x_wconf 90' lang='lat' dir='ltr'><strong>et</strong></span> 
     </span>
    </p>
   </div>
   <div class='ocr_carea' id='block_1_107' title="bbox 2346 4699 3947 4771">
    <p class='ocr_par' dir='ltr' id='par_1_107' title="bbox 2346 4699 3947 4771">
     <span class='ocr_line' id='line_1_107' title="bbox 2346 4699 3947 4771; baseline 0 -14"><span class='ocrx_word' id='word_1_859' title='bbox 2346 4706 2463 4758; x_wconf 85' lang='lat' dir='ltr'><strong>aliis</strong></span> <span class='ocrx_word' id='word_1_860' title='bbox 2508 4706 2673 4758; x_wconf 90' lang='lat' dir='ltr'><strong>multo</strong></span> <span class='ocrx_word' id='word_1_861' title='bbox 2704 4703 2995 4771; x_wconf 91' lang='lat' dir='ltr'><strong>majoribus</strong></span> <span class='ocrx_word' id='word_1_862' title='bbox 3024 4699 3369 4756; x_wconf 83' lang='lat' dir='ltr'><strong>sublimiores</strong></span> <span class='ocrx_word' id='word_1_863' title='bbox 3413 4700 3521 4754; x_wconf 90' lang='lat' dir='ltr'><strong>sint</strong></span> <span class='ocrx_word' id='word_1_864' title='bbox 3561 4700 3652 4771; x_wconf 89' lang='lat' dir='ltr'><strong>qui</strong></span> <span class='ocrx_word' id='word_1_865' title='bbox 3700 4702 3947 4771; x_wconf 65' lang='lat' dir='ltr'><strong>philos».</strong></span> 
     </span>
    </p>
   </div>
   <div class='ocr_carea' id='block_1_108' title="bbox 2349 4793 3945 4868">
    <p class='ocr_par' dir='ltr' id='par_1_108' title="bbox 2349 4793 3945 4868">
     <span class='ocr_line' id='line_1_108' title="bbox 2349 4793 3945 4868; baseline 0.001 -19"><span class='ocrx_word' id='word_1_866' title='bbox 2349 4800 2525 4868; x_wconf 83' lang='lat' dir='ltr'><strong>phiam</strong></span> <span class='ocrx_word' id='word_1_867' title='bbox 2554 4796 2763 4853; x_wconf 81' lang='lat' dir='ltr'><strong>colunt?</strong></span> <span class='ocrx_word' id='word_1_868' title='bbox 2787 4795 3058 4866; x_wconf 84' lang='lat' dir='ltr'><strong>Siquidem</strong></span> <span class='ocrx_word' id='word_1_869' title='bbox 3083 4794 3381 4864; x_wconf 90' lang='lat' dir='ltr'><strong>principum</strong></span> <span class='ocrx_word' id='word_1_870' title='bbox 3402 4793 3637 4861; x_wconf 88' lang='lat' dir='ltr'><strong>ipsorum</strong></span> <span class='ocrx_word' id='word_1_871' title='bbox 3666 4794 3945 4865; x_wconf 73' lang='lat' dir='ltr'><strong>principes</strong></span> 
     </span>
    </p>
   </div>
   <div class='ocr_carea' id='block_1_109' title="bbox 2348 4886 3941 4960">
    <p class='ocr_par' dir='ltr' id='par_1_109' title="bbox 2348 4886 3941 4960">
     <span class='ocr_line' id='line_1_109' title="bbox 2348 4886 3941 4960; baseline -0.001 -16"><span class='ocrx_word' id='word_1_872' title='bbox 2348 4900 2473 4944; x_wconf 87' lang='lat' dir='ltr'><strong>sunt</strong></span> <span class='ocrx_word' id='word_1_873' title='bbox 2515 4890 2679 4960; x_wconf 80' lang='lat' dir='ltr'><strong>leges.</strong></span> <span class='ocrx_word' id='word_1_874' title='bbox 2716 4890 2961 4943; x_wconf 76' lang='lat' dir='ltr'><strong>Attamen</strong></span> <span class='ocrx_word' id='word_1_875' title='bbox 3008 4902 3180 4956; x_wconf 83' lang='lat' dir='ltr'><strong>neque</strong></span> <span class='ocrx_word' id='word_1_876' title='bbox 3233 4887 3439 4957; x_wconf 87' lang='lat' dir='ltr'><strong>legibus</strong></span> <span class='ocrx_word' id='word_1_877' title='bbox 3482 4886 3683 4955; x_wconf 85' lang='lat' dir='ltr'><strong>indiget</strong></span> <span class='ocrx_word' id='word_1_878' title='bbox 3729 4888 3816 4953; x_wconf 87' lang='lat' dir='ltr'><strong>is,</strong></span> <span class='ocrx_word' id='word_1_879' title='bbox 3847 4893 3941 4957; x_wconf 84' lang='lat' dir='ltr'><strong>qni</strong></span> 
     </span>
    </p>
   </div>
   <div class='ocr_carea' id='block_1_110' title="bbox 2348 4974 3942 5049">
    <p class='ocr_par' dir='ltr' id='par_1_110' title="bbox 2348 4974 3942 5049">
     <span class='ocr_line' id='line_1_110' title="bbox 2348 4974 3942 5049; baseline -0.003 -12"><span class='ocrx_word' id='word_1_880' title='bbox 2348 4998 2468 5037; x_wconf 84' lang='lat' dir='ltr'><strong>cum</strong></span> <span class='ocrx_word' id='word_1_881' title='bbox 2518 4980 2776 5035; x_wconf 89' lang='lat' dir='ltr'><strong>modestia</strong></span> <span class='ocrx_word' id='word_1_882' title='bbox 2806 4990 2859 5033; x_wconf 92' lang='lat' dir='ltr'><strong>et</strong></span> <span class='ocrx_word' id='word_1_883' title='bbox 2903 4978 3155 5049; x_wconf 67' lang='lat' dir='ltr'><strong>aequitate</strong></span> <span class='ocrx_word' id='word_1_884' title='bbox 3185 4974 3320 5031; x_wconf 89' lang='lat' dir='ltr'><strong>vivit</strong></span> <span class='ocrx_word' id='word_1_885' title='bbox 3352 4996 3364 5029; x_wconf 89' lang='lat'>:</span> <span class='ocrx_word' id='word_1_886' title='bbox 3392 4987 3554 5047; x_wconf 87' lang='lat' dir='ltr'><strong>atque</strong></span> <span class='ocrx_word' id='word_1_887' title='bbox 3595 4980 3696 5033; x_wconf 89' lang='lat' dir='ltr'><strong>hoc</strong></span> <span class='ocrx_word' id='word_1_888' title='bbox 3730 4989 3942 5033; x_wconf 82' lang='lat' dir='ltr'><strong>testan-</strong></span> 
     </span>
    </p>
   </div>
   <div class='ocr_carea' id='block_1_111' title="bbox 2350 5070 3943 5144">
    <p class='ocr_par' dir='ltr' id='par_1_111' title="bbox 2350 5070 3943 5144">
     <span class='ocr_line' id='line_1_111' title="bbox 2350 5070 3943 5144; baseline -0.003 -13"><span class='ocrx_word' id='word_1_889' title='bbox 2350 5086 2456 5131; x_wconf 90' lang='lat' dir='ltr'><strong>tem</strong></span> <span class='ocrx_word' id='word_1_890' title='bbox 2499 5076 2620 5128; x_wconf 90' lang='lat' dir='ltr'><strong>audi</strong></span> <span class='ocrx_word' id='word_1_891' title='bbox 2648 5073 2867 5127; x_wconf 85' lang='lat' dir='ltr'><strong>Paulum</strong></span> <span class='ocrx_word' id='word_1_892' title='bbox 2904 5071 2986 5125; x_wconf 88' lang='lat' dir='ltr'><strong>his</strong></span> <span class='ocrx_word' id='word_1_893' title='bbox 3015 5072 3227 5137; x_wconf 86' lang='lat' dir='ltr'><strong>verbis,</strong></span> <span class='ocrx_word' id='word_1_894' title='bbox 3254 5070 3405 5125; x_wconf 82' lang='lat' dir='ltr'><strong>Justo</strong></span> <span class='ocrx_word' id='word_1_895' title='bbox 3427 5072 3510 5124; x_wconf 75' lang='lat' dir='ltr'><strong>lea:</strong></span> <span class='ocrx_word' id='word_1_896' title='bbox 3539 5088 3641 5124; x_wconf 86' lang='lat' dir='ltr'><strong>non</strong></span> <span class='ocrx_word' id='word_1_897' title='bbox 3666 5082 3739 5125; x_wconf 85' lang='lat' dir='ltr'><strong>est</strong></span> <span class='ocrx_word' id='word_1_898' title='bbox 3767 5077 3943 5144; x_wconf 80' lang='lat' dir='ltr'><strong>posita</strong></span> 
     </span>
    </p>
   </div>
   <div class='ocr_carea' id='block_1_112' title="bbox 2352 5166 3943 5238">
    <p class='ocr_par' dir='ltr' id='par_1_112' title="bbox 2352 5166 3943 5238">
     <span class='ocr_line' id='line_1_112' title="bbox 2352 5166 3943 5238; baseline 0 -15"><span class='ocrx_word' id='word_1_899' title='bbox 2352 5171 2426 5238; x_wconf 91' lang='lat' dir='ltr'><strong>(l.</strong></span> <span class='ocrx_word' id='word_1_900' title='bbox 2455 5168 2583 5222; x_wconf 80' lang='lat' dir='ltr'><strong>Tim.</strong></span> <span class='ocrx_word' id='word_1_901' title='bbox 2614 5171 2662 5222; x_wconf 91' lang='lat' dir='ltr'><strong>l.</strong></span> <span class='ocrx_word' id='word_1_902' title='bbox 2699 5167 2773 5234; x_wconf 89' lang='lat'><strong>9).</strong></span> <span class='ocrx_word' id='word_1_903' title='bbox 2806 5166 2957 5233; x_wconf 86' lang='lat' dir='ltr'><strong>Quod</strong></span> <span class='ocrx_word' id='word_1_904' title='bbox 2984 5168 3028 5221; x_wconf 90' lang='lat' dir='ltr'><strong>si</strong></span> <span class='ocrx_word' id='word_1_905' title='bbox 3059 5167 3143 5222; x_wconf 77' lang='lat' dir='ltr'><strong>lex</strong></span> <span class='ocrx_word' id='word_1_906' title='bbox 3163 5167 3331 5236; x_wconf 79' lang='lat' dir='ltr'><strong>posita</strong></span> <span class='ocrx_word' id='word_1_907' title='bbox 3360 5182 3465 5221; x_wconf 89' lang='lat' dir='ltr'><strong>non</strong></span> <span class='ocrx_word' id='word_1_908' title='bbox 3490 5176 3595 5227; x_wconf 87' lang='lat' dir='ltr'><strong>est.</strong></span> <span class='ocrx_word' id='word_1_909' title='bbox 3625 5169 3798 5223; x_wconf 90' lang='lat' dir='ltr'><strong>multo</strong></span> <span class='ocrx_word' id='word_1_910' title='bbox 3828 5184 3943 5223; x_wconf 82' lang='lat' dir='ltr'><strong>ma-</strong></span> 
     </span>
    </p>
   </div>
   <div class='ocr_carea' id='block_1_113' title="bbox 2346 5257 3945 5343">
    <p class='ocr_par' dir='ltr' id='par_1_113' title="bbox 2346 5257 3945 5343">
     <span class='ocr_line' id='line_1_113' title="bbox 2346 5257 3945 5343; baseline 0 -30"><span class='ocrx_word' id='word_1_911' title='bbox 2346 5262 2426 5330; x_wconf 87' lang='lat' dir='ltr'><strong>gis</strong></span> <span class='ocrx_word' id='word_1_912' title='bbox 2439 5260 2698 5343; x_wconf 47' lang='lat' dir='ltr'><strong>princeps</strong></span> <span class='ocrx_word' id='word_1_913' title='bbox 2728 5258 2777 5313; x_wconf 88' lang='lat' dir='ltr'><strong>ei</strong></span> <span class='ocrx_word' id='word_1_914' title='bbox 2805 5258 3083 5326; x_wconf 73' lang='lat' dir='ltr'><strong>praefectus</strong></span> <span class='ocrx_word' id='word_1_915' title='bbox 3104 5270 3209 5310; x_wconf 90' lang='lat' dir='ltr'><strong>non</strong></span> <span class='ocrx_word' id='word_1_916' title='bbox 3240 5266 3342 5311; x_wconf 85' lang='lat' dir='ltr'><strong>est.</strong></span> <span class='ocrx_word' id='word_1_917' title='bbox 3378 5257 3456 5313; x_wconf 82' lang='lat' dir='ltr'><strong>En</strong></span> <span class='ocrx_word' id='word_1_918' title='bbox 3485 5258 3575 5311; x_wconf 88' lang='lat' dir='ltr'><strong>tibi</strong></span> <span class='ocrx_word' id='word_1_919' title='bbox 3603 5259 3823 5313; x_wconf 87' lang='lat' dir='ltr'><strong>tertium</strong></span> <span class='ocrx_word' id='word_1_920' title='bbox 3852 5276 3945 5329; x_wconf 86' lang='lat' dir='ltr'><strong>ge-</strong></span> 
     </span>
    </p>
   </div>
   <div class='ocr_carea' id='block_1_114' title="bbox 2348 5350 3947 5422">
    <p class='ocr_par' dir='ltr' id='par_1_114' title="bbox 2348 5350 3947 5422">
     <span class='ocr_line' id='line_1_114' title="bbox 2348 5350 3947 5422; baseline 0.001 -15"><span class='ocrx_word' id='word_1_921' title='bbox 2348 5369 2448 5408; x_wconf 92' lang='lat' dir='ltr'><strong>nus</strong></span> <span class='ocrx_word' id='word_1_922' title='bbox 2490 5355 2821 5422; x_wconf 85' lang='lat' dir='ltr'><strong>principatus</strong></span> <span class='ocrx_word' id='word_1_923' title='bbox 2845 5392 2859 5415; x_wconf 92' lang='lat'><strong>,</strong></span> <span class='ocrx_word' id='word_1_924' title='bbox 2888 5352 2976 5419; x_wconf 92' lang='lat' dir='ltr'><strong>qui</strong></span> <span class='ocrx_word' id='word_1_925' title='bbox 3017 5360 3070 5405; x_wconf 93' lang='lat' dir='ltr'><strong>et</strong></span> <span class='ocrx_word' id='word_1_926' title='bbox 3102 5350 3216 5421; x_wconf 88' lang='lat' dir='ltr'><strong>ipse</strong></span> <span class='ocrx_word' id='word_1_927' title='bbox 3258 5351 3472 5407; x_wconf 88' lang='lat' dir='ltr'><strong>ductam</strong></span> <span class='ocrx_word' id='word_1_928' title='bbox 3510 5352 3666 5407; x_wconf 80' lang='lat' dir='ltr'><strong>habet</strong></span> <span class='ocrx_word' id='word_1_929' title='bbox 3698 5356 3947 5409; x_wconf 67' lang='lat' dir='ltr'><strong>occasio.</strong></span> 
     </span>
    </p>
   </div>
   <div class='ocr_carea' id='block_1_115' title="bbox 2348 5443 3225 5513">
    <p class='ocr_par' dir='ltr' id='par_1_115' title="bbox 2348 5443 3225 5513">
     <span class='ocr_line' id='line_1_115' title="bbox 2348 5443 3225 5513; baseline -0.001 -16"><span class='ocrx_word' id='word_1_930' title='bbox 2348 5460 2467 5499; x_wconf 88' lang='lat' dir='ltr'><strong>nem</strong></span> <span class='ocrx_word' id='word_1_931' title='bbox 2494 5459 2523 5497; x_wconf 90' lang='lat' dir='ltr'><strong>a</strong></span> <span class='ocrx_word' id='word_1_932' title='bbox 2548 5451 2766 5513; x_wconf 79' lang='lat' dir='ltr'><strong>peccato</strong></span> <span class='ocrx_word' id='word_1_933' title='bbox 2790 5452 2843 5495; x_wconf 88' lang='lat' dir='ltr'><strong>et</strong></span> <span class='ocrx_word' id='word_1_934' title='bbox 2870 5443 3225 5512; x_wconf 88' lang='lat' dir='ltr'><strong>improbitate.</strong></span> 
     </span>
    </p>
   </div>
   <div class='ocr_carea' id='block_1_116' title="bbox 2410 5616 3945 5684">
    <p class='ocr_par' dir='ltr' id='par_1_116' title="bbox 2410 5616 3945 5684">
     <span class='ocr_line' id='line_1_116' title="bbox 2410 5616 3945 5684; baseline 0.001 -14"><span class='ocrx_word' id='word_1_935' title='bbox 2410 5628 2425 5655; x_wconf 78' lang='grc' dir='ltr'><strong>ι</strong></span> <span class='ocrx_word' id='word_1_936' title='bbox 2464 5630 2577 5684; x_wconf 74' lang='lat' dir='ltr'><strong>Reg.</strong></span> <span class='ocrx_word' id='word_1_937' title='bbox 2606 5633 2763 5680; x_wconf 87' lang='lat' dir='ltr'><strong>unus,</strong></span> <span class='ocrx_word' id='word_1_938' title='bbox 2789 5631 2879 5668; x_wconf 87' lang='lat' dir='ltr'><strong>non</strong></span> <span class='ocrx_word' id='word_1_939' title='bbox 2903 5616 3143 5668; x_wconf 84' lang='lat' dir='ltr'><strong>emendati</strong></span> <span class='ocrx_word' id='word_1_940' title='bbox 3165 5631 3345 5668; x_wconf 81' lang='lat' dir='ltr'><strong>sumus.</strong></span> <span class='ocrx_word' id='word_1_941' title='bbox 3372 5619 3487 5667; x_wconf 72' lang='lat' dir='ltr'><strong>Fdit.</strong></span> <span class='ocrx_word' id='word_1_942' title='bbox 3509 5653 3525 5675; x_wconf 87' lang='lat'><strong>,</strong></span> <span class='ocrx_word' id='word_1_943' title='bbox 3549 5616 3631 5669; x_wconf 82' lang='lat' dir='ltr'><strong>ille</strong></span> <span class='ocrx_word' id='word_1_944' title='bbox 3666 5633 3763 5669; x_wconf 75' lang='lat' dir='ltr'><strong>rust</strong></span> <span class='ocrx_word' id='word_1_945' title='bbox 3784 5634 3945 5672; x_wconf 69' lang='lat' dir='ltr'><strong>erm</strong></span> 
     </span>
    </p>
   </div>
   <div class='ocr_carea' id='block_1_117' title="bbox 2348 5688 3952 5812">
    <p class='ocr_par' dir='ltr' id='par_1_117' title="bbox 2348 5688 3952 5812">
     <span class='ocr_line' id='line_1_117' title="bbox 2348 5688 3952 5812; baseline 0.002 -18"><span class='ocrx_word' id='word_1_946' title='bbox 2348 5688 2594 5812; x_wconf 41' lang='lat' dir='ltr'><strong>(mining.</strong></span> <span class='ocrx_word' id='word_1_947' title='bbox 2628 5756 2780 5799; x_wconf 87' lang='lat' dir='ltr'><strong>unus,</strong></span> <span class='ocrx_word' id='word_1_948' title='bbox 2828 5756 2857 5791; x_wconf 91' lang='grc' dir='ltr'><strong><em>ο</em></strong></span> <span class='ocrx_word' id='word_1_949' title='bbox 2887 5742 3141 5812; x_wconf 79' lang='lat' dir='ltr'><strong>providens</strong></span> <span class='ocrx_word' id='word_1_950' title='bbox 3182 5752 3324 5800; x_wconf 78' lang='lat' dir='ltr'><strong>nens.</strong></span> <span class='ocrx_word' id='word_1_951' title='bbox 3368 5751 3497 5792; x_wconf 77' lang='lat' dir='ltr'><strong>lares</strong></span> <span class='ocrx_word' id='word_1_952' title='bbox 3538 5745 3657 5793; x_wconf 74' lang='lat' dir='ltr'><strong>dm</strong></span> <span class='ocrx_word' id='word_1_953' title='bbox 3706 5748 3865 5803; x_wconf 71' lang='lat' dir='ltr'><strong>iustus</strong></span> <span class='ocrx_word' id='word_1_954' title='bbox 3888 5750 3952 5797; x_wconf 68' lang='lat' dir='ltr'><strong>ab</strong></span> 
     </span>
    </p>
   </div>
   <div class='ocr_carea' id='block_1_118' title="bbox 2350 5810 3015 5874">
    <p class='ocr_par' dir='ltr' id='par_1_118' title="bbox 2350 5810 3015 5874">
     <span class='ocr_line' id='line_1_118' title="bbox 2350 5810 3015 5874; baseline -0.009 -16"><span class='ocrx_word' id='word_1_955' title='bbox 2350 5812 2492 5864; x_wconf 75' lang='lat' dir='ltr'><strong>inuno</strong></span> <span class='ocrx_word' id='word_1_956' title='bbox 2515 5810 2788 5858; x_wconf 61' lang='lat' dir='ltr'><strong>deteratur.</strong></span> <span class='ocrx_word' id='word_1_957' title='bbox 2812 5814 2855 5855; x_wconf 74' lang='lat' dir='ltr'><strong>et</strong></span> <span class='ocrx_word' id='word_1_958' title='bbox 2878 5810 3015 5874; x_wconf 72' lang='lat' dir='ltr'><strong>facts.</strong></span> 
     </span>
    </p>
   </div>
   <div class='ocr_carea' id='block_1_119' title="bbox 2415 5874 2969 5935">
    <p class='ocr_par' dir='ltr' id='par_1_119' title="bbox 2415 5874 2969 5935">
     <span class='ocr_line' id='line_1_119' title="bbox 2415 5874 2969 5935; baseline -0.002 -18"><span class='ocrx_word' id='word_1_959' title='bbox 2415 5874 2433 5904; x_wconf 82' lang='grc'>³</span> <span class='ocrx_word' id='word_1_960' title='bbox 2469 5880 2605 5935; x_wconf 56' lang='grc' dir='ltr'>ιιιιεη</span> <span class='ocrx_word' id='word_1_961' title='bbox 2628 5883 2781 5933; x_wconf 62' lang='lat' dir='ltr'><strong>usus</strong></span> <span class='ocrx_word' id='word_1_962' title='bbox 2805 5881 2969 5916; x_wconf 78' lang='lat' dir='ltr'><strong>mam.</strong></span> 
     </span>
    </p>
   </div>
  </div>
