4086 6422
252 382 357 436 5εοῖ

324 493 362 551 3
410 493 655 564 Quonam
699 491 859 563 igitur
890 494 1047 559 pacto
1075 485 1150 539 ait
1186 480 1381 538 Paulus
1409 487 1726 548 potestatem
1760 486 1867 523 non

253 599 379 642 esse
404 562 508 639 nisi
538 600 568 636 a
612 562 928 651 DeolRom.
958 577 1047 633 is.
1077 575 1136 645 ε)
1154 574 1180 628 t
1206 570 1360 641 Quod
1390 567 1641 623 nimirum
1666 565 1733 619 ad
1761 562 1869 618 uti-

256 676 463 732 litatem
508 684 746 729 tiostram
790 670 944 727 nobis
982 668 1132 726 illam
1172 664 1315 720 Deus
1347 654 1703 715 constituerit.
1736 653 1869 710 Nam

256 774 542 836 peccamus
584 762 803 833 quidem
845 758 1224 816 necessitatem
1266 754 1387 823 ejus
1434 748 1635 805 invexit
1671 764 1687 800 :
1730 745 1873 801 Deus

251 870 438 911 autem
463 854 531 909 ad
559 863 798 910 nostram
829 850 1114 905 utilitatem
1142 855 1227 903 est
1253 858 1401 900 usus.
1434 842 1499 897 Et
1526 836 1873 911 quemadmo-

255 946 387 1002 dum
416 962 484 1001 cx
513 943 827 1001 vulneribus
854 944 914 997 lit
945 948 1006 995 ut
1047 935 1456 995 medicamentis
1500 933 1870 1003 indigeamus;

256 1052 329 1094 ex
352 1036 687 1092 medicorum
711 1042 893 1089 autem
920 1028 1203 1101 sapientia,
1233 1036 1291 1082 ut
1314 1023 1671 1080 adhibeantur
1698 1020 1874 1077 medi-

257 1138 513 1181 camenta
546 1143 561 1179 :
588 1125 668 1180 sic
698 1133 755 1180 et
790 1121 1089 1179 necessitas
1124 1116 1398 1185 secvitutis
1423 1125 1603 1169 ortum
1632 1110 1817 1168 habuit
1844 1124 1874 1165 a

262 1227 487 1290 peccato
519 1235 535 1272 :
568 1226 626 1289 ut
648 1225 829 1272 autem
855 1215 923 1270 ad
950 1214 1003 1270 id
1028 1212 1171 1284 quod
1199 1226 1335 1283 opus
1359 1217 1478 1265 erat
1502 1207 1589 1263 illa
1615 1205 1877 1277 dirigere-

260 1318 373 1376 ων,
399 1307 454 1365 id
479 1322 614 1365 sane
638 1307 837 1364 divina
862 1316 1143 1377 acceptum
1170 1301 1449 1359 terendum
1469 1308 1553 1355 est
1577 1296 1875 1369 sapientiae.

263 1402 472 1458 Verum
509 1401 699 1458 adeste
726 1400 922 1456 animis
940 1440 956 1467 ,
988 1408 1046 1455 et
1072 1397 1336 1456 desidiam
1366 1409 1581 1450 omnem
1620 1391 1873 1450 excutite.

261 1494 373 1550 Cur
402 1493 621 1549 tandem
647 1493 699 1549 id
726 1492 882 1548 dico!
907 1492 1212 1562 Scripturas
1236 1488 1391 1544 vobis
1418 1499 1755 1549 enarramus,
1782 1497 1881 1538 vos

264 1599 397 1643 vero
421 1586 629 1643 aversis
650 1602 680 1641 a
709 1586 866 1642 nobis
884 1585 1080 1650 oculis,
1104 1583 1173 1639 ad
1200 1584 1449 1639 lucernas
1473 1589 1529 1636 et
1552 1579 1619 1634 ad
1644 1593 1769 1634 eum
1788 1577 1881 1649 qui

266 1680 518 1736 lucernas
535 1679 863 1736 accendebat
886 1677 989 1748 (o),
1010 1693 1107 1733 eos
1128 1672 1493 1732 convertistis.
1513 1672 1738 1742 Quantae
1760 1684 1883 1740 por-

266 1785 335 1827 ro
360 1777 449 1827 est
483 1769 589 1826 hoc
613 1770 877 1826 socordia:
895 1810 913 1836 ,
943 1767 1100 1824 nobis
1140 1767 1344 1823 relictis
1366 1808 1383 1833 ,
1415 1764 1539 1820 huic
1566 1760 1884 1819 attendere?

268 1859 454 1933 Ignem
482 1875 585 1932 ego
611 1874 827 1930 quoque
850 1859 1089 1917 acceodo
1110 1860 1125 1891 ³
1146 1898 1164 1926 ,
1192 1859 1283 1928 qui
1313 1857 1444 1911 latet
1473 1856 1526 1909 in
1552 1852 1844 1923 Scriptum
1864 1892 1880 1915 ,

266 1961 326 2008 et
351 1951 407 2007 in
438 1959 623 2007 nostra
649 1950 825 2022 lingua
854 1949 1199 2007 succenditur
1218 1950 1438 2005 lucerna
1463 1945 1745 2002 doctrinm.
1769 1942 1886 1998 Hoc

270 2041 369 2098 illo
398 2033 573 2111 majus
605 2049 691 2096 est
732 2040 913 2095 lumen
941 2055 1009 2095 ac
1046 2038 1240 2095 melius
1266 2053 1283 2093 :
1316 2052 1422 2091 non
1448 2036 1593 2092 enim
1620 2034 1744 2090 oleo
1769 2049 1887 2089 ma-

268 2132 410 2189 dens
445 2130 773 2203 ellycbnimn
799 2172 815 2197 ,
853 2140 911 2185 ut
938 2130 1074 2193 iste,
1103 2126 1449 2185 accendimus
1470 2168 1487 2192 ,
1517 2126 1612 2182 sed
1641 2127 1890 2196 irrigatas

272 2225 477 2297 pietate
502 2226 712 2294 animus
736 2222 987 2279 audiendi
1009 2220 1305 2292 cupiditate
1333 2220 1749 2275 inllauunamus.
1781 2218 1891 2273 Dis-

271 2318 494 2376 serebat
522 2318 683 2373 etiam
724 2317 921 2372 l’anlus
949 2314 1238 2386 aliquando
1268 2314 1320 2373 in
1354 2314 1632 2369 cmnaculo
1656 2312 1889 2383 quodam

272 2410 414 2482 (Act.
440 2409 533 2465 20.
570 2410 705 2478 7-9).
733 2409 904 2465 Nemo
931 2419 1110 2464 tamen
1150 2408 1442 2463 arbitretur
1466 2406 1731 2476 mcipsum
1754 2406 1892 2459 velle

272 2515 365 2558 me
390 2517 514 2557 cum
542 2500 710 2559 Paulo
737 2516 1053 2571 comparare
1076 2541 1091 2561 .
1118 2514 1226 2555 non
1254 2500 1399 2555 enim
1426 2499 1564 2555 adeo
1592 2513 1712 2554 sum
1744 2497 1891 2553 insa-

275 2608 416 2659 nus,
446 2592 542 2649 sed
574 2602 633 2648 ut
677 2593 986 2664 intelligatis
1022 2601 1283 2664 quantum
1321 2591 1480 2647 studii
1514 2606 1610 2647 vos
1645 2598 1895 2661 oporteat

274 2685 343 2739 ad
386 2683 717 2741 audiendum
759 2684 1039 2740 adbibere.
1080 2683 1389 2740 Disserebat
1428 2697 1560 2753 ergo
1604 2681 1800 2737 Paulus
1839 2681 1891 2735 in

275 2778 581 2843 caenaculo,
608 2787 664 2833 et
684 2794 924 2847 vespera,
951 2788 1004 2831 ut
1036 2794 1177 2833 nunc
1198 2777 1384 2840 etiam,
1407 2775 1611 2837 incidit.
1632 2785 1896 2846 erantque

279 2867 517 2925 lueerme
546 2871 599 2925 in
626 2872 907 2926 retinaculo
937 2888 950 2923 :
978 2858 1177 2925 deinde
1204 2868 1397 2925 cecidit
1426 2867 1701 2939 Eutychus
1728 2866 1798 2922 de
1828 2866 1896 2922 fe-

281 2971 463 3017 nestra
490 3002 506 3020 .
538 2978 714 3033 neque
737 2973 1059 3017 conventum
1090 2975 1249 3017 casus
1287 2960 1377 3016 ille
1404 2960 1650 3015 dissolvit
1673 3001 1688 3024 ,
1721 2975 1899 3030 neque

280 3068 433 3110 mors
477 3053 747 3108 theatrum
792 3055 1053 3109 sustulit:
1088 3069 1271 3108 verum
1317 3053 1387 3106 ita
1432 3051 1631 3106 divinis
1670 3051 1900 3121 eloquiis

280 3146 565 3203 audiendis
595 3146 743 3201 allixi
769 3155 959 3211 crant,
991 3154 1050 3199 nt
1090 3161 1265 3216 neque
1293 3160 1453 3201 casus
1492 3144 1639 3200 illius
1678 3158 1897 3200 sensum

283 3236 456 3291 ullum
484 3237 731 3307 ceperint
757 3252 773 3291 :
803 3251 899 3292 vos
934 3252 1063 3293 vero
1094 3237 1238 3291 nulla
1283 3236 1492 3291 insolita
1525 3252 1583 3290 rc
1610 3245 1899 3306 compecto

284 3330 368 3386 vel
392 3331 551 3393 mira,
572 3328 670 3385 sed
695 3328 916 3385 homine
942 3339 1168 3390 tantum.
1190 3329 1280 3399 qui
1303 3328 1519 3383 solitum
1544 3328 1899 3383 ministerium

283 3420 491 3486 obibat,
520 3420 648 3474 illuc
671 3420 860 3474 oculos
883 3419 1246 3474 convcrtistis.
1277 3418 1345 3473 Et
1369 3434 1473 3488 qna
1502 3419 1717 3474 tandem
1747 3419 1902 3473 venia

284 3512 508 3584 dignum
542 3512 646 3567 hoc
683 3511 884 3567 fuerit?
909 3510 1079 3567 Nemo
1109 3512 1287 3581 igitur.
1316 3510 1649 3565 dilectissimi
1671 3552 1685 3574 .
1719 3525 1904 3580 reprc-

287 3604 605 3661 bensionem
650 3601 931 3659 molestam
975 3612 1031 3657 et
1072 3618 1291 3672 gravem
1333 3602 1627 3657 arbitretur
1669 3619 1682 3655 :
1731 3616 1907 3671 neque

283 3698 436 3773 enim
463 3693 589 3749 odio
616 3694 852 3764 impulsi,
877 3692 1362 3749 sed-sollicitudine
1382 3692 1582 3747 inducti
1610 3691 1905 3762 reprobi-n.-

287 3794 488 3849 dianus.
523 3789 789 3846 Fideliora
810 3792 1010 3862 quippe
1036 3802 1155 3847 sunt
1179 3792 1459 3845 amicorum
1491 3794 1723 3859 vulnera,
1752 3808 1907 3861 quam

288 3895 574 3955 spontaneo
597 3883 774 3938 oscula
801 3883 1120 3938 ininticornm
1148 3882 1332 3948 (Pror.
1361 3883 1451 3937 9.7.
1486 3882 1562 3953 6).

365 3973 446 4030 Ds
476 3973 651 4045 οΜὸσ
686 3974 911 4044 filiorum
940 3992 1062 4044 ergo
1091 3984 1365 4045 parentes;
1396 3978 1461 4029 de
1485 3975 1905 4029 retunncrulioui-

290 4069 385 4123 bus
410 4066 731 4122 manentibus
756 4076 1023 4137 parentum
1052 4068 1301 4122 cultores.
1329 4065 1407 4120 De
1430 4069 1591 4137 paruis
1620 4068 1905 4133 parricida-

292 4174 410 4214 rum
432 4173 452 4212 :
476 4173 569 4212 cur
592 4156 819 4227 lapidari
847 4174 932 4212 eos
960 4158 1117 4211 roluit
1150 4156 1305 4212 Deus.
1330 4188 1402 4200 -—-
1423 4159 1696 4214 Attendite
1727 4160 1905 4229 igitur,

291 4262 502 4319 unumst),
526 4258 583 4303 ct
609 4246 711 4303 hoc
740 4248 863 4320 igne
893 4248 1081 4304 relicto
1106 4249 1175 4303 ad
1204 4264 1480 4305 sacmrum
1509 4250 1907 4321 Scripturarum

296 4340 479 4395 lumen
504 4338 741 4393 animum
767 4338 1038 4394 adhibete.
1068 4340 1248 4395 Alium
1270 4342 1413 4396 enim
1437 4341 1769 4413 principatus
1796 4358 1907 4398 mo.

292 4431 425 4487 dum
466 4430 627 4487 statui
662 4431 878 4497 dicere,
909 4435 997 4503 qui
1036 4449 1142 4488 non
1172 4448 1201 4487 a
1235 4444 1490 4504 peccato,
1524 4434 1618 4490 sed
1653 4444 1909 4490 a'natura

296 4523 411 4591 ipsa
453 4521 618 4577 traxit
653 4523 936 4593 originem.
970 4524 1102 4591 Quis
1143 4525 1234 4580 ille
1278 4541 1437 4594 porro
1470 4529 1591 4582 est?
1621 4526 1910 4581 Parentum

297 4612 353 4667 in
394 4611 615 4668 liberos.
654 4612 753 4668 Est
790 4614 934 4670 enim
975 4616 1343 4670 remuneratio
1375 4628 1558 4685 partus
1588 4617 1761 4672 bonor
1788 4618 1909 4674 iste.

300 4705 589 4774 Propterea
617 4705 832 4776 sapiens
857 4708 1123 4776 quispiam
1146 4708 1279 4763 dicit
1313 4728 1324 4762 :
1357 4710 1518 4776 Quasi
1543 4710 1763 4765 dominis
1784 4713 1912 4766 servi

298 4798 362 4852 iis
383 4835 397 4855 .
428 4798 513 4866 qui
545 4807 594 4851 te
616 4810 897 4869 genuerunt
925 4798 1113 4870 (Ειτιὶ.
1145 4801 1197 4855 3.
1227 4800 1301 4869 8).
1343 4802 1543 4856 lli-inde
1569 4819 1784 4857 causam
1814 4805 1911 4856 ad.

298 4886 413 4957 jicit
436 4887 628 4942 dicens
656 4906 672 4942 ;
701 4889 837 4955 Quid
860 4892 992 4944 enim
1017 4889 1264 4946 retribues
1292 4893 1417 4957 illis,
1444 4896 1696 4962 quomodo
1725 4896 1804 4947 illi
1826 4896 1916 4949 tibi

297 4979 318 5046 ζ
343 4979 479 5032 Ibid.
509 4979 564 5032 7.
593 4977 744 5050 50)?
793 4981 1027 5036 Tametsi
1059 4984 1187 5051 quid
1214 4984 1429 5039 tandem
1457 4996 1573 5046 est.
1604 4986 1744 5056 quod
1777 4988 1916 5044 filius

302 5069 443 5138 putri
480 5069 783 5126 retrilmere
827 5089 931 5125 non
970 5075 1179 5140 possit?
1210 5074 1351 5129 Nihil
1379 5090 1512 5146 ergo
1545 5077 1687 5131 aliud
1722 5089 1918 5147 prastcr

302 5161 408 5217 hoc
437 5161 567 5216 dicit
598 5179 612 5215 :
643 5161 714 5219 Ut
738 5174 788 5218 te
815 5165 911 5233 ipsi
943 5180 1261 5235 genuerunt,
1293 5178 1347 5224 tu
1377 5171 1494 5225 illos
1518 5172 1736 5241 gignere
1761 5175 1916 5228 mini-

306 5267 397 5309 me
441 5254 659 5323 pcteris.
693 5256 916 5320 Quando
955 5257 1114 5326 igitur
1152 5260 1206 5314 in
1252 5260 1352 5316 bac
1397 5279 1455 5317 re
1493 5263 1597 5317 illis
1636 5266 1918 5321 inferiores

310 5359 517 5407 smnus,
548 5344 764 5399 aliunde
794 5347 933 5411 illos,
966 5347 1159 5402 delatis
1189 5351 1317 5418 ipsis
1349 5353 1663 5417 honoribus,
1697 5374 1919 5427 supere-

308 5449 450 5497 mus,
481 5450 587 5488 non
615 5440 685 5489 ob
714 5437 882 5506 legem
914 5448 1119 5495 natura:
1149 5451 1374 5505 tantum,
1401 5447 1496 5501 sed
1522 5457 1647 5502 ante
1674 5459 1915 5503 naturam

307 5525 381 5581 ob
410 5524 505 5581 Dei
543 5526 811 5581 timorem.
844 5528 1065 5583 Multum
1094 5532 1238 5587 cnitn
1272 5546 1520 5602 parentes
1548 5554 1573 5588 a
1608 5540 1791 5593 liberis
1820 5537 1933 5595 bo?

312 5617 491 5675 norari
519 5618 630 5671 vult
663 5618 807 5673 Deus
836 5638 845 5672 :
878 5631 934 5674 ct
958 5623 1045 5689 qui
1080 5624 1180 5678 hoc
1220 5624 1477 5691 fecerint,
1518 5629 1723 5696 ninguis
1766 5630 1921 5685 bouis

378 5730 398 5792 ξ
433 5737 572 5785 ιιυκ..
593 5728 751 5792 ignem
770 5744 915 5791 super
939 5740 1123 5781 (errant
1146 5737 1375 5784 arrerrlo.

378 5789 453 5852 (α)
480 5789 745 5853 Lampadi-5
768 5789 872 5842 sire
898 5793 1110 5846 lucerna:
1137 5800 1182 5846 in
1209 5799 1413 5847 t‘t't‘lt‘etd
1440 5800 1849 5852 accendebantur.

1580 361 1646 419 ΙΝ
1686 354 1991 415 6158155131
2031 353 2269 411 δειυιο
2308 350 2397 409 ιν.

3488 342 3594 401 5θό

1979 477 2355 521 remuneratur
2380 477 2444 518 ac
2470 460 2647 522 donis.
2671 474 2769 515 eos
2799 472 2930 513 vero
2956 456 3042 527 qui
3070 455 3243 526 legem
3274 454 3595 522 transgressi

1978 560 2197 625 fuerint,
2224 555 2432 627 magnis
2456 564 2512 611 et
2532 552 2787 624 gravibus
2811 550 2969 606 malis
2996 549 3165 619 punit.
3195 546 3299 616 Qui
3318 545 3597 601 maledics-

1975 652 2063 715 rit,
2096 649 2287 720 inquit,
2321 646 2458 717 putri
2485 647 2561 701 oet
2591 643 2763 710 matri,
2793 651 2956 697 morte
2982 639 3231 695 moriatur
3252 638 3272 709 (
3291 635 3461 693 Exod.
3492 635 3599 692 2|.
3654 630 3655 633 “

1979 742 2094 809 Π).
2127 740 2217 796 Eis
2241 754 2392 806 vero,
2418 738 2508 809 qui
2537 737 2809 792 honorant
2833 733 2976 799 illos,
3005 732 3087 788 sic
3111 730 3189 785 ait
3212 746 3226 783 :
3259 727 3475 784 Honora
3503 744 3604 797 pu-

1979 845 2106 891 trem
2131 844 2271 889 tuum
2298 842 2345 889 et
2374 841 2589 885 matrem
2615 838 2778 895 tamn,
2805 835 2860 881 ut
2888 827 3012 881 bene
3037 824 3102 880 sit
3126 822 3219 878 tibi
3245 838 3265 877 :
3291 830 3338 877 et
3362 822 3463 877 eris
3482 821 3604 875 leta-

1979 945 2149 1003 gtcous
2174 943 2329 998 super
2358 936 2549 981 terram
2579 922 2792 995 (Exod.
2822 920 2916 978 20.
2951 921 3020 977 i2
3039 922 3078 991 ).
3114 917 3271 989 Quod
3306 917 3603 973 maximum

1980 1037 2102 1080 esse
2129 1021 2328 1078 bonum
2356 1028 2632 1084 censetur,
2663 1020 2873 1075 beatam
2910 1014 3119 1071 scilicet
3156 1019 3518 1075 senectutem,
3547 1017 3605 1065 et

1982 1115 2108 1171 vitae
2150 1112 2510 1187 prolixitatem
2536 1151 2553 1178 ,
2601 1108 2708 1164 hoc
2750 1105 3032 1179 preposuit
3076 1101 3359 1175 pmmium
3408 1100 3474 1156 iis
3511 1097 3604 1171 qui

1984 1207 2132 1277 ipsos
2171 1203 2482 1259 honoraria!
2514 1218 2527 1255 :
2556 1209 2614 1257 et
2637 1197 2781 1270 quod
2820 1210 3093 1254 summum
3131 1208 3256 1250 esse
3286 1192 3488 1247 malum
3520 1188 3607 1244 vi-

1983 1298 2161 1361 detur,
2191 1304 2419 1351 mortem
2446 1292 2788 1348 immaturam
2809 1329 2826 1356 ,
2855 1287 2960 1342 hoc
2988 1286 3042 1340 in
3074 1298 3290 1356 plenam
3323 1280 3607 1353 proposuit

1986 1389 2054 1444 iis
2078 1429 2094 1455 ,
2125 1386 2216 1459 qui
2242 1382 2621 1442 contumeliosi
2650 1382 2706 1437 in
2731 1394 2827 1437 eos
2853 1377 3050 1434 fitcrint
3081 1395 3093 1430 :
3121 1384 3284 1446 atque
3310 1374 3382 1428 ita
3410 1371 3609 1429 horum

1986 1479 2204 1550 quidem
2233 1474 2665 1533 benevolentiam
2690 1471 2792 1529 sibi
2819 1470 3043 1526 honoris
3072 1463 3457 1537 pollicitatione
3476 1476 3610 1518 con-

1985 1571 2156 1638 ciliat,
2189 1568 2313 1625 illus
2338 1582 2469 1623 vero
2494 1569 2660 1622 etiam
2687 1562 2885 1619 invitos
2916 1575 3089 1630 pmice
3117 1555 3404 1614 formidine
3428 1569 3460 1607 a
3485 1567 3609 1607 con-

1990 1662 2210 1718 tumelia
2251 1668 2489 1717 revocat.
2534 1655 2654 1713 Non
2701 1654 2877 1711 solum
2914 1652 3060 1709 enim
3100 1649 3240 1704 mori
3285 1642 3609 1717 parricidam

1985 1755 2159 1827 jubet,
2183 1768 2358 1826 neque
2380 1752 2664 1822 abreptum
2685 1764 2715 1804 a
2733 1746 2936 1819 judicio
2964 1759 3058 1815 per
3080 1742 3254 1797 lorum
3275 1754 3310 1795 a
3331 1736 3613 1827 lictoribus

1987 1826 2145 1905 educi
2165 1888 2181 1914 ,
2211 1859 2387 1916 neque
2413 1852 2568 1901 extra
2604 1841 2877 1898 civitatem
2907 1834 3084 1906 capite
3115 1830 3353 1889 truncari
3388 1845 3403 1885 :
3431 1826 3612 1884 sedin

1993 1938 2230 1995 mediam
2256 1937 2530 1993 civitatem
2554 1932 2772 1989 deducit
2799 1931 2973 2003 ipsum
3000 1936 3171 1998 pater,
3198 1931 3255 1981 et
3276 1921 3483 1991 absque
3507 1918 3627 1983 alia,

1991 2032 2179 2104 quavis
2224 2029 2540 2100 probatione
2571 2026 2706 2082 fides
2735 2023 2811 2079 illi
2849 2022 3080 2077 habetur
3110 2036 3124 2073 :
3157 2032 3223 2074 ac
3255 2014 3454 2074 merito
3487 2010 3611 2104 quis

1992 2103 2138 2181 dem.
2168 2123 2303 2179 Nam
2331 2120 2424 2192 qui
2458 2119 2717 2191 pecunias
2753 2124 2810 2173 et
2846 2127 3074 2184 corpora
3118 2120 3171 2167 et
3209 2107 3357 2165 aliud
3398 2103 3615 2178 quidvis

1996 2232 2094 2288 pro
2134 2215 2247 2271 lilio
2287 2213 2519 2269 libenter
2558 2207 2927 2282 impenderet,
2966 2218 3258 2275 numquam
3301 2199 3422 2271 ejus
3460 2198 3617 2255 tlcrct

1994 2314 2299 2370 accusator.
2334 2303 2439 2359 nisi
2473 2316 2685 2359 summa
2723 2299 2795 2354 ab
2832 2298 2927 2353 illo
2966 2295 3160 2365 injuria
3190 2299 3337 2349 esset
3364 2288 3614 2345 allectus.

1999 2398 2221 2454 Deducit
2263 2397 2426 2468 igitur
2452 2394 2605 2451 illtun
2633 2393 2687 2448 in
2724 2390 2963 2448 medium
2993 2385 3224 2443 civitatis
3243 2425 3262 2451 ,
3291 2380 3488 2438 deinde
3517 2395 3617 2450 po-

1997 2492 2123 2564 pulo
2146 2492 2413 2548 advocato
2441 2488 2840 2546 accusationem
2869 2483 3216 2555 pronuntiat:
3243 2478 3336 2549 qui
3366 2489 3619 2533 vero‘au-

1995 2587 2171 2648 diunt.
2198 2582 2394 2656 singuli
2424 2590 2643 2653 arrepto
2666 2579 2849 2649 lapide
2881 2574 3205 2648 parricidam
3232 2569 3386 2627 illum
3417 2580 3617 2638 percu-

1999 2679 2160 2734 tiunt.
2205 2676 2323 2733 Non
2366 2675 2516 2731 enim
2561 2679 2898 2744 spectatores
2938 2676 3148 2723 tantum
3194 2660 3479 2734 supplicii,
3519 2656 3618 2712 sed

1999 2770 2164 2827 etiam
2192 2767 2471 2825 ministros
2496 2782 2594 2823 eos
2625 2778 2751 2821 esse
2778 2762 2887 2817 vult
2921 2760 3217 2831 Irgislatot,
3248 2764 3307 2811 ut
3334 2767 3459 2811 cum
3488 2750 3622 2807 dexc

2002 2871 2175 2919 teram
2200 2875 2357 2917 suam
2375 2860 2605 2932 quisque
2630 2854 2997 2927 conspexerit,
3027 2865 3130 2922 qua
3162 2846 3397 2920 lapidem
3421 2854 3476 2902 et
3504 2844 3623 2914 ipse

2002 2955 2066 3011 in
2087 2952 2366 3025 parricidae
2388 2960 2549 3022 caput
2579 2949 2826 3019 projecit,
2852 2945 2953 3000 bac
2977 2940 3268 2997 sul‘tlcienti
3294 2935 3625 2993 admonitio-

2005 3061 2074 3101 ne
2110 3045 2404 3099 instructus
2441 3040 2507 3096 ad
2543 3040 2824 3096 meliorem
2863 3036 3068 3103 frugem
3098 3037 3407 3085 revocetur.
3435 3025 3627 3096 Neque

2007 3153 2139 3195 vero
2172 3137 2225 3194 id
2268 3138 2448 3193 solum
2470 3177 2485 3201 ,
2519 3134 2614 3191 sed
2655 3143 2710 3188 et
2747 3130 2891 3186 aliud
2934 3126 3090 3183 nobis
3121 3124 3297 3181 innuit
3325 3120 3626 3193 legislatm',

2005 3250 2131 3290 eum
2161 3233 2437 3293 nimirum.
2465 3230 2557 3298 qui
2586 3225 2913 3283 contumelia
2943 3227 3197 3292 parentes
3221 3215 3486 3282 ail‘ecerit,
3514 3228 3636 3270 non

2008 3324 2131 3379 illos
2155 3330 2384 3389 tantum,
2413 3320 2507 3377 sed
2535 3320 2700 3375 etiam
2736 3330 2927 3371 omnes
2956 3312 3205 3367 homines
3232 3307 3464 3365 laesisse.
3494 3304 3630 3361 Pro-

2008 3425 2190 3484 pterea
2228 3422 2454 3468 cunctos
2492 3410 2559 3466 ad
2599 3406 2847 3479 supplicii
2884 3403 3219 3461 consortium
3257 3406 3444 3463 vocat,
3471 3396 3629 3469 quasi

2008 3503 2335 3559 contumelia
2377 3501 2575 3558 fuerint
2612 3500 2694 3554 all'
2708 3499 2792 3553 'cti
2823 3509 3013 3551 omnes
3037 3536 3054 3560 ,
3086 3509 3151 3549 ac
3179 3493 3438 3564 populum
3466 3488 3631 3545 simul

2009 3607 2063 3650 et
2104 3606 2272 3652 totam
2299 3603 2562 3651 convocat
2601 3592 2875 3648 civitatem
2899 3630 2914 3655 ,
2945 3597 3003 3642 ut
3040 3587 3238 3641 doceat
3259 3625 3276 3650 ,
3305 3596 3405 3639 eos
3431 3580 3633 3652 quibus

2011 3688 2143 3744 nihil
2171 3697 2257 3743 est
2282 3702 2568 3743 commune
2593 3700 2716 3741 eum
2758 3684 2862 3738 illis
2890 3681 2981 3751 qui
3016 3678 3195 3735 allecti
3233 3684 3359 3733 sunt
3396 3674 3591 3743 injuria
3613 3715 3628 3735 .

2013 3783 2064 3836 in
2086 3795 2184 3836 eos
2209 3779 2579 3849 indignatione
2603 3775 2964 3839 commoveri,
2991 3772 3082 3842 qui
3108 3766 3486 3826 contumeliosi
3518 3766 3633 3821 lue-

2013 3875 2117 3930 rint
2160 3873 2215 3929 in
2257 3881 2508 3943 parentes
2531 3910 2549 3936 ,
2588 3879 2860 3938 tamquam
2899 3868 2953 3921 in
2992 3876 3338 3921 communem
3382 3868 3632 3916 naturam

2011 3963 2240 4022 cadente
2270 3963 2468 4033 injuria
2491 4003 2506 4023 .
2540 3971 2702 4027 utque
2729 3959 2892 4015 talem
2928 3956 3209 4013 hominem
3231 3952 3387 4025 quasi
3424 3958 3637 4021 pestem

2012 4054 2301 4127 quamdam
2326 4067 2779 4122 communemque
2817 4050 3070 4105 morbum
3111 4060 3220 4100 non
3258 4059 3325 4100 ex
3369 4042 3503 4097 urbe
3541 4054 3635 4095 soo-

2015 4149 2146 4213 lum,
2178 4148 2274 4202 sed
2301 4162 2367 4202 ex
2396 4147 2508 4215 ipsa
2538 4160 2756 4217 quoque
2782 4144 2890 4197 vita
2916 4141 3154 4211 ejiciant.
3180 4137 3365 4194 Hostis
3382 4134 3638 4192 enimtest

2016 4241 2097 4295 vir
2126 4238 2427 4310 ejusmodi,
2469 4249 2524 4293 et
2561 4238 2803 4293 Otttttittm
2842 4234 3147 4291 communis
3186 4232 3472 4295 inimicus,
3504 4229 3638 4293 Deis.

2016 4344 2244 4399 naturte,
2268 4332 2466 4402 legum.
2487 4340 2542 4386 et
2556 4330 2798 4385 omnium
2821 4338 3067 4384 nostrum
3086 4325 3403 4383 viventium.
3430 4321 3642 4379 Idcirco

2016 4423 2177 4480 simul
2215 4436 2405 4479 omnes
2443 4420 2661 4493 aggredi
2704 4420 2910 4476 caedem
2947 4418 3131 4490 jubet,
3174 4424 3236 4472 ut
3269 4415 3639 4487 expiationem

2017 4515 2307 4585 quamdam
2334 4513 2577 4584 perficiat
2606 4514 2860 4568 civitatis.
2889 4513 3051 4566 Multa
3078 4510 3239 4565 vobis
3258 4510 3396 4565 bona
3424 4507 3638 4564 contin-

2018 4618 2167 4678 gant,
2189 4606 2329 4678 quod
2353 4616 2497 4661 tanta
2512 4621 2636 4661 cum
2659 4605 2937 4674 voluptate
2954 4603 3024 4658 de
3048 4602 3309 4674 parricida
3327 4615 3638 4658 sermonem

2019 4698 2341 4770 exceperitis
2366 4738 2382 4764 ,
2410 4712 2475 4753 ac
2500 4695 2734 4765 lapidum
2768 4696 2892 4751 loco
2915 4694 3139 4750 vocnhns
3168 4693 3317 4748 illum
3353 4705 3637 4762 percussc~

2022 4793 2175 4845 ritis:
2206 4792 2305 4845 boc
2341 4793 2486 4845 enim
2532 4790 2786 4844 indicimn
2829 4789 3062 4857 ingentis
3090 4783 3600 4842 est.benet'oleuti.c
3622 4822 3645 4850 ,

2021 4898 2124 4949 qua
2154 4894 2359 4953 patrem
2387 4895 2543 4936 suum
2574 4890 2813 4934 vestrum
2847 4878 3215 4947 unusquisque
3240 4875 3641 4945 enmp'et'titur.

2022 4976 2175 5031 Tunc
2211 4976 2353 5030 enim
2394 4978 2663 5045 prtccipue
2709 4975 2890 5043 leges,
2931 4988 3050 5041 qlia:
3089 4971 3283 5027 delicta
3326 4970 3641 5037 vindicant,

2025 5067 2243 5122 laudare
2275 5068 2655 5122 consuevimus
2675 5107 2691 5129 ,
2721 5082 2843 5121 cum
2875 5065 3191 5119 delictorum
3222 5064 3320 5133 ipsi
3351 5063 3508 5117 nobis
3538 5062 3640 5117 mi-

2026 5161 2170 5211 nime
2208 5159 2407 5213 conscii
2453 5158 2732 5213 foeriums.
2782 5158 2886 5212 l‘ro
2930 5157 3009 5210 Itis
3052 5158 3211 5223 igitur
3244 5155 3498 5211 omnibus
3536 5155 3643 5209 cle-

2028 5255 2189 5305 menti
2232 5252 2343 5306 Deo
2382 5253 2580 5322 gratias
2623 5268 2879 5321 agminis.
2924 5252 3013 5320 qui
3056 5254 3177 5304 \‘itrc
3218 5259 3417 5303 nostra:
3457 5264 3643 5301 curam

2025 5347 2184 5414 gerit,
2213 5345 2301 5414 qui
2333 5346 2641 5414 parentibus
2670 5345 2935 5411 providet,
2964 5346 3050 5411 qni
3080 5343 3148 5398 de
3176 5343 3356 5397 liberis
3383 5352 3467 5397 est
3491 5342 3643 5396 solli-

2026 5439 2183 5495 citus,
2209 5446 2263 5488 ιιι
2285 5451 2381 5503 pro
2404 5445 2584 5490 nostra
2610 5439 2783 5490 salute
2803 5447 2991 5489 cuncta
3016 5437 3271 5504 disponit.
3300 5436 3477 5500 lpnnu
3496 5434 3642 5487 enim

2027 5526 2183 5579 decet
2208 5526 2394 5596 gloria,
2425 5526 2618 5587 honor,
2651 5537 2703 5581 ct
2734 5526 2997 5592 adoratio,
3035 5544 3134 5580 una
3164 5544 3285 5581 Clllll
3317 5527 3471 5581 l‘att’e
3499 5526 3652 5593 prin-

2027 5620 2151 5687 cipii
2178 5630 2418 5689 experte,
2442 5636 2505 5675 ac
2531 5630 2719 5675 smcto
2740 5621 2964 5690 Spiritu,
2995 5639 3133 5677 llUllC
3163 5632 3211 5675 ct
3241 5635 3475 5690 semper,
3507 5629 3561 5675 et
3592 5621 3644 5677 in

2030 5715 2225 5769 smcula
2254 5715 2595 5771 saeculorum.
2634 5716 2825 5769 Amen.
