4086 6422
173 424 283 481 599

840 529 1060 585 ΛΟΓΟΣ
1087 527 1162 582 Ε’.

182 683 310 746 ὀτι
342 689 417 743 οὐ
445 685 545 740 διὰ
573 683 678 736 τὸν
724 681 907 750 Ἀδὰμ
938 677 1311 750 κολοζόμεθᾳ
1330 715 1346 741 ,
1379 674 1482 727 καὶ
1503 673 1610 750 ’ὅτι
1644 670 1778 750 μεὶ-

242 758 386 821 ζονα
417 753 539 810 τῶν
577 752 652 806 δι’
701 746 939 806 ἐκείνου
962 746 1446 821 ἐίσενέχβέντων
1479 746 1771 821 λυπηρῶγ

246 809 320 882 τά
349 809 607 894 ὶρὴστὰ,
636 822 747 894 ἐὰν
778 819 1013 894 ἑαυτοῖς
1041 809 1436 894 προσέχωμεν
1453 831 1466 844 ⁸
1491 813 1588 867 καί
1620 809 1774 866 κατὰ

244 887 891 964 τῶνῖτὰρατρεχόντων
912 889 1056 956 τοὺς
1083 887 1370 955 πένητας.

243 1068 316 1116 α’.
334 1060 526 1131 Ὑμεῖς
545 1059 645 1129 μέν
659 1053 1052 1126 ίσωςνομίζετε
1077 1053 1168 1108 τὸν
1183 1052 1431 1124 περὶτῆς
1451 1047 1776 1110 δεσποτείας

167 1151 310 1220 ἡμῖν
346 1150 566 1204 άπαντα
618 1143 956 1217 ἀπηρτίσθαι
1007 1142 1167 1210 λόγον
1197 1157 1212 1171 ⁸
1253 1138 1366 1209 ἐγὼ
1395 1137 1452 1192 δέ
1480 1137 1561 1192 ἔτι
1605 1137 1776 1190 πολὺν

164 1239 283 1305 ὁρῶ
315 1238 408 1291 τὸν
438 1233 652 1305 καρπὺν
683 1232 742 1285 ἐν
770 1229 922 1300 αὐτῷ
946 1228 1293 1299 φαινόμενον.
1333 1224 1497 1280 Ἀλλά
1531 1224 1606 1296 μὴ
1635 1225 1777 1278 ἀπο-

166 1328 389 1394 κάμητε
409 1363 424 1385 ,
467 1317 775 1392 παρακαλῶ
799 1359 814 1383 ,
846 1317 954 1381 ἕως
987 1315 1154 1371 αὑτὸν
1175 1315 1395 1370 ἅπαντα
1423 1312 1778 1384 ἐκτρυγήσω-

169 1430 293 1482 μεν.
328 1410 442 1465 Kal
470 1410 579 1480 7&9
619 1408 674 1460 οί
703 1405 982 1476 φιλόπονοι
1007 1403 1116 1457 τῶν
1139 1401 1402 1474 γεωργῶν
1438 1402 1568 1455 ὅταν
1594 1401 1776 1454 ἴδωσιν

165 1499 419 1569 ἄμπελον
453 1496 672 1559 πολλοῖς
706 1495 806 1565 μὲν
838 1496 951 1556 τοῖς
983 1492 1202 1562 φύλλοις
1238 1489 1502 1561 κομῶσαν
1523 1533 1538 1551 ,
1591 1487 1776 1560 πολλῷ

166 1587 224 1640 δὲ
252 1585 332 1657 τῷ
359 1583 562 1657 καρταῷ
595 1581 923 1656 βριθομένην
949 1622 964 1645 ,
994 1580 1118 1650 ούχὶ
1151 1580 1278 1642 τοὺς
1311 1577 1512 1643 ἔξωθεν
1542 1577 1775 1648 βότρυας

169 1675 500 1744 ἐκτέμνουσι
555 1671 715 1743 μόνον
740 1709 756 1733 ,
800 1667 938 1722 ἀλλά
981 1667 1078 1721 καὶ
1121 1666 1384 1735 ἐνδοτέρω
1424 1665 1662 1736 χωροῦσι
1705 1663 1777 1717 τὰ

172 1760 436 1832 κλήματα
473 1757 851 1820 ἀνακλῶντες,
884 1755 979 1808 καὶ
1009 1753 1079 1807 τά
1113 1753 1290 1823 φύλλα
1323 1749 1774 1816 ἀναστέλλοντες,

171 1849 313 1903 ὥστε
336 1847 476 1920 μηδέ
504 1844 713 1917 μικρὰς
729 1843 1007 1913 σταφυλῆς
1044 1844 1220 1914 ῥᾶγας
1247 1841 1354 1895 ὑπὸ
1381 1842 1494 1903 τοῖς
1522 1841 1777 1904 πετάλοις

172 1936 565 2008 κρυπτομένας
625 1933 830 1987 λαθεῖν.
897 1930 992 2002 Μὴ
1041 1930 1221 1984 τοίνυν
1283 1929 1510 1984 ἐκείνων
1567 1928 1777 1999 φανῆτε

170 2023 561 2101 ρᾳθυμότεροι,
597 2019 732 2090 μηδὲ
760 2019 1060 2089 ἀποστῆτε,
1098 2017 1204 2081 hoc
1234 2015 1303 2070 ἀν
1327 2017 1389 2070 τὸ
1415 2017 1527 2070 πᾶν
1548 2015 1774 2085 λάϐητε·

171 2112 266 2165 καὶ
295 2110 557 2181 μάλιστα,
580 2107 717 2189 ὃτιό
731 2105 844 2192 μιν
861 2104 1209 2194 πόνος-δμὺς,
1244 2105 1274 2158 6
1305 2102 1362 2158 δέ
1393 2103 1610 2176 καρπὸς
1643 2102 1779 2173 ὑμέο

169 2211 350 2266 τερος.
888 2212 904 2228 ι

241 2348 724 2420 Κατηγορήσαμεν
747 2345 877 2422 χθές
897 2345 1007 2400 τῶν
1029 2345 1328 2416 γυναικῶν,
1354 2345 1558 2418 μᾶλλον
1579 2347 1635 2400 δὲ
1655 2346 1779 2417 οὐχὶ

169 2436 278 2490 τῶν
307 2428 610 2505 γυναικῶν,
642 2433 779 2489 ἀλλά
806 2436 907 2506 τῆς
931 2433 1096 2499 Εὔας,
1129 2437 1211 2488 ὅτι
1245 2435 1337 2489 διὰ
1366 2435 1466 2506 τῆς
1500 2436 1780 2506 ἁμαρτίας

169 2526 267 2596 τὴν
317 2523 567 2578 δουλείαν
619 2523 938 2595 εἰσήγαγεν.
997 2523 1219 2578 Εἴποιεν
1278 2523 1346 2578 ἂν
1405 2524 1461 2577 αἰ
1516 2526 1780 2592 γυναῖκες

176 2615 304 2684 ἡμῖν
337 2611 522 2676 ’Τίνος
554 2605 652 2664 οὖν
683 2610 892 2675 ἐνεκεν,
919 2611 1137 2680 ἐκείνης
1166 2611 1588 2683 ἀμαρτησάσης,
1618 2611 1781 2681 ἡμεῖς

172 2696 698 2768 κατεδικάσθημεν,
751 2697 847 2751 καὶ
891 2697 954 2750 τὸ
1005 2697 1104 2768 μὲν
1151 2698 1510 2768 παράπτωμα
1557 2699 1780 2766 γέγονεν

171 2784 293 2848 ινδς
327 2783 666 2856 προσώπου,
702 2783 765 2837 τδ
804 2783 860 2836 δὲ
904 2783 1159 2854 ἐγκλημα
1199 2785 1378 2838 κοινὸν
1421 2784 1782 2853 τῆςφύσεως

176 2871 434 2942 ἀπάσης;
469 2869 643 2924 Τοῦτο
669 2871 766 2924 καὶ
786 2869 963 2924 δοῦλοι
989 2869 1195 2924 εἴποιεν
1217 2870 1284 2924 ἄν
1304 2882 1317 2895 ⁸
1345 2868 1412 2923 Τί
1435 2859 1660 2940 δήποτε,
1684 2871 1781 2926 τοῦ

175 2958 405 3014 Χαναὰν
439 2959 520 3021 εἰς
572 2957 665 3011 τὸν
713 2958 930 3030 πατέρα
956 2957 1280 3030 ὑϐρίσαντος
1304 2999 1320 3021 ,
1352 2958 1421 3011 τὰ
1471 2959 1572 3027 τῆς
1605 2975 1781 3026 τιμωο

173 3048 300 3120 ρίας
328 3049 412 3110 εἰς
445 3046 595 3101 άπαν
620 3045 772 3117 διέϐη
805 3046 866 3100 τὸ
893 3047 1079 3115 γένοςς
1117 3047 1230 3101 Kal
1273 3047 1323 3101 οἰ
1356 3047 1482 3110 τοὺς
1511 3046 1784 3118 ἄρχοντας

171 3133 232 3188 δέ
262 3132 594 3204 φοϐούμενοι
617 3132 776 3187 τοῦτο
799 3133 868 3186 ἂν
893 3133 1233 3186 αἰτιάσαιντο
1256 3149 1271 3164 ⁸
1297 3131 1363 3184 Τί
1386 3131 1592 3200 δήποτε
1613 3172 1628 3192 ,
1668 3133 1785 3186 ἐτέ-

174 3239 283 3293 ρων
307 3221 369 3274 ἐν
397 3220 637 3291 πονηρίᾳ
659 3219 964 3290 ζησάντων,
990 3219 1149 3273 αὐτοὶ
1176 3218 1256 3290 τῷ
1291 3217 1443 3290 ζυγῷ
1472 3221 1572 3291 τῆς
1605 3220 1783 3292 ἀρχῆς

177 3307 590 3380 παρεδόθησανς
619 3307 684 3361 Τί
709 3301 804 3360 οὖν
831 3306 899 3359 ἂν
923 3307 1175 3377 εἴποιμεν
1206 3307 1374 3377 ἡμεῖς
1403 3307 1541 3378 πρὸς
1561 3307 1783 3370 τούτους

175 3396 426 3459 άπαντας
448 3409 463 3458 ;
488 3394 606 3448 Μία
631 3391 741 3465 γάρ
771 3393 924 3447 ἔσται
947 3394 1168 3449 πάντων
1195 3393 1531 3465 ζητημάτων
1555 3395 1779 3466 ἡλύσις·

171 3483 254 3537 ὅτι
283 3485 540 3553 ἥμαρτον
565 3481 666 3551 μὲν
686 3483 738 3534 οἰ
767 3480 1048 3551 πρότεροι,
1067 3481 1162 3533 καὶ
1193 3479 1284 3534 διὰ
1300 3479 1402 3550 τῆς
1433 3482 1642 3544 οἰκείας
1678 3498 1784 3534 πα-

173 3569 384 3641 ρακοῆς
434 3568 537 3639 τὴν
585 3566 832 3620 δουλείαν
882 3567 1179 3636 εἰσήγαγον
1209 3582 1223 3596 ⁸
1260 3566 1613 3638 εἰσαχθεῖσαν
1641 3568 1700 3621 δὲ
1733 3570 1783 3620 οἱ

173 3656 334 3730 [665]
366 3654 508 3726 μετά
532 3652 708 3708 ταῦτα
737 3656 859 3716 ταῖς
887 3655 1018 3725 παρ’
1053 3653 1264 3707 ἐαυτῶν
1297 3654 1585 3726 ἐκύρωσαν
1613 3657 1787 3727 ἀμαρ-

170 3746 342 3808 τίαις.
390 3741 458 3796 Εἰ
503 3742 601 3812 μὲν
643 3741 754 3810 7&9
792 3741 970 3811 ἐχοιεν
1013 3741 1244 3801 ἑαυτοὺς
1280 3740 1452 3807 δεῖξαι
1489 3742 1785 3806 διαπαντὸς

172 3828 598 3904 ἁμαρτημάτων
642 3828 802 3891 ὄντας
848 3827 1123 3900 καθαροὺς
1145 3868 1160 3889 .
1215 3828 1347 3893 ἴσως
1389 3830 1457 3884 ἂν
1489 3829 1573 3900 εἴη
1599 3831 1786 3897 αὐτοῖς

171 3918 366 3981 καλῶς
415 3916 593 3970 ὼκεῖν
645 3915 950 3983 ἀντιλέγειν
977 3930 991 3943 ⁸
1023 3915 1071 3968 εἰ
1116 3915 1172 3968 δὲ
1216 3916 1312 3970 καὶ
1356 3917 1514 3970 αὐτοὶ
1567 3917 1786 3981 πολλοῖς

170 4007 316 4060 εἰσιν
340 4002 644 4074 δπιτιμίοις
670 4001 987 4066 ὑπεύθυνοι,
1011 4003 1244 4075 περιττά
1273 4003 1342 4059 τά
1363 4006 1463 4076 τῆς
1488 4005 1787 4068 ἀπολογίας

168 4095 385 4164 ταύτης
429 4092 600 4146 ἐστίν.
661 4091 803 4161 Ἐγὼ
831 4093 944 4164 γάρ
973 4093 1075 4146 οὒκ
1111 4088 1303 4157 εἶπον,
1351 4094 1434 4147 δτι
1623 4094 1784 4165 μὲνὴ

172 4178 430 4253 ἁμαρτία
447 4179 694 4234 δουλείαν
716 4181 816 4233 ούκ
846 4181 1078 4249 εἰσάγει,
1109 4180 1223 4233 ἀλλ’
1254 4182 1337 4235 ὅτι
1364 4184 1515 4236 πᾶσα
1539 4182 1787 4253 ἁμαρτία

173 4266 396 4339 δουλείᾳ
423 4265 900 4342 συγκεκλήρωται,
937 4267 1032 4320 καὶ
1061 4266 1226 4336 φύσιν
1256 4267 1554 4340 ἁμαρτίας,
1585 4269 1647 4321 ού
1670 4268 1786 4322 δια-

179 4356 360 4428 φορὰν
381 4353 656 4424 ἁμαρτίας
676 4353 991 4425 ᾐτιασάμην
1016 4351 1196 4424 μόνον.
1217 4355 1432 4426 Ὥσπερ
1453 4352 1546 4409 οὖν
1570 4356 1786 4410 ἅπαντα

183 4449 284 4516 μὲν
337 4447 410 4502 τά
467 4445 665 4499 ἀνίατα
726 4446 1012 4516 νοσήματα
1069 4447 1149 4510 εἰς
1207 4445 1440 4501 θάνατον
1480 4448 1642 4517 ἄγει,
1689 4449 1790 4520 οὐχ

181 4538 402 4591 ἅπαντα
453 4537 510 4590 δὲ
562 4535 664 4606 τῆς
709 4535 879 4606 αύτῆς
924 4537 1041 4590 ἐστι
1092 4536 1310 4606 φύσεως
1342 4555 1356 4568 ⁸
1387 4537 1531 4592 οὕτω
1581 4540 1676 4592 καὶ
1719 4539 1792 4593 τὰ

182 4632 567 4702 ἁμαρτήματα
593 4631 808 4684 ᾶπαντα
835 4630 935 4699 μὲν
957 4629 1203 4684 δουλείαν
1232 4632 1427 4698 τίκτει,
1445 4634 1545 4704 οὐχ
1574 4634 1790 4687 ἅπαντα

179 4723 238 4776 δέ
267 4723 370 4792 τῆς
400 4721 575 4790 αὐτῆς
604 4722 721 4773 ἐστι
757 4720 997 4789 φύσεως.
1031 4721 1320 4793 Ἦμαρτεν
1339 4725 1371 4793 ἡ
1392 4723 1505 4777 Εὕα
1533 4725 1788 4796 ἁψαμένη

184 4809 278 4862 τοῦ
336 4808 532 4876 ξύλου,
583 4808 677 4862 καὶ
724 4807 1025 4878 κατεκρίθη
1076 4808 1144 4861 δι’
1196 4808 1349 4862 αὑτό.
1394 4811 1494 4864 Διά
1519 4810 1679 4864 τοῦτο
1714 4813 1789 4882 μὴ

184 4897 516 4966 άμαρτήσης
552 4893 617 4947 σὺ
649 4893 811 4947 πάλιν
843 4893 1038 4963 ἑτέραν
1070 4895 1201 4958 ἴσως
1249 4897 1465 4968 ἐκείνης
1513 4897 1792 4968 ἁμαρτίαν

184 4987 600 5057 χαλεπωτέραν.
633 4987 804 5040 Τοῦτο
831 4985 927 5038 καὶ
955 4985 1176 5039 ἐπὶτῶν
1192 4987 1396 5042 δούλων
1420 4989 1790 5054 ἄξιονέἰπεῖν,

184 5078 345 5133 τοῦτο
377 5078 474 5132 καὶ
517 5079 610 5131 ἐπὶ
649 5077 755 5130 τῶν
794 5078 1116 5148 ἀρχομένων
1140 5120 1154 5141 ,
1182 5079 1264 5132 ὅτι
1295 5082 1589 5150 εἰσήγαγον
1618 5082 1715 5150 μὲν
1744 5083 1793 5134 οἰ

186 5172 397 5244 πρῶτοι
427 5170 528 5239 τὴν
561 5170 864 5239 ἁμαρτίαν,
886 5171 936 5221 οί
964 5169 1020 5222 δὲ
1056 5170 1172 5239 μετ’
1207 5171 1451 5234 ἐκείνους
1470 5172 1793 5242 διαδεξάμε-

185 5283 269 5319 νοι
325 5264 597 5334 κατέσχον
648 5261 745 5330 τῆς
807 5261 1128 5325 δεσποτείας
1181 5263 1280 5334 τὴν
1335 5264 1564 5335 δύναμιν
1607 5265 1675 5317 δι’
1721 5257 1797 5319 ὧν

186 5357 645 5428 ἐπλημμέλησαν.
675 5355 825 5426 Ἔχω
849 5355 944 5409 καὶ
977 5357 1178 5426 ἑτέρως
1209 5356 1686 5426 ἀπολογήσασθαι·
1714 5358 1797 5410 ὅτι

189 5450 377 5504 πολλοὶ
397 5449 535 5520 πρὸς
564 5446 764 5519 ἀρετὴν
791 5447 1181 5512 ἐπανελθόντες
1205 5489 1218 5510 ,
1259 5450 1656 5520 ἀπηλλάγησαν
1698 5451 1798 5520 τῆς

189 5539 532 5601 δεσποτείας.
591 5538 702 5591 Kal
729 5538 1024 5608 πρότερον,
1063 5539 1110 5590 εἰ
1143 5537 1318 5600 δοκεῖ,
1349 5540 1441 5591 ἐπὶ
1472 5540 1582 5591 τῶν
1609 5557 1797 5607 γυναι-

194 5630 306 5684 κῶν
333 5633 425 5682 τὸν
457 5628 617 5696 λόγον
640 5629 1010 5698 γυμνάσωμεν
1032 5671 1043 5689 ,
1084 5630 1147 5681 ἵν’
1185 5630 1300 5701 ἴδῃς
1327 5632 1444 5692 πῶς
1471 5634 1498 5683 ό
1525 5633 1796 5701 μακάριος

195 5721 407 5784 Παῦλος
431 5761 447 5780 ,
481 5723 510 5773 ὁ
543 5720 788 5792 περιθεὶς
826 5721 1020 5784 αὑταῖς
1061 5720 1130 5773 τὰ
1179 5719 1355 5791 δεσμά
1379 5762 1394 5784 ,
1445 5725 1607 5786 αὐτὸς
1655 5726 1798 5776 αὐτὰ

205 5812 357 5866 πάλιν
386 5812 577 5875 ἀνῆκε.
611 5812 682 5865 Εἴ
716 5829 800 5877 τις
844 5811 1018 5879 γυνὴ,
1059 5812 1246 5881 φησὶν,
1282 5813 1470 5884 ἄνδρα
1499 5815 1622 5884 ἔχει
1654 5819 1790 5871 ἀπι-

1394 410 1461 466 ΙΝ
1498 407 1804 467 (ἶΕΝΕὸΙΜ
1839 405 2075 463 SERMO
2115 406 2180 462 V.

3369 410 3480 469 600

1879 538 2052 585 στον,
2080 521 2178 574 καί
2199 518 2383 584 αὐτὸς
2411 512 2776 572 συνευδοκεῖ
2794 509 2986 566 οἰκεῖν
3003 510 3137 580 μετ’
3165 506 3378 576 αὐτῆς,
3391 508 3478 577 μὴ

1875 608 2097 678 ἀφιέτω
2123 607 2334 662 αὐτόν.
2363 604 2465 659 Διά
2489 604 2574 670 τί;
2605 601 2673 657 Τί
2690 601 2804 671 γὰρ
2829 599 3000 666 σίδας
3019 638 3034 660 ,
3065 599 3262 668 γύναι,
3294 599 3345 650 εἰ
3374 594 3481 649 τὸν

1877 695 2068 765 ἀνδρα
2093 695 2356 760 σώσεις;
2379 694 2494 747 Kal
2511 691 2651 755 πῶς,
2671 689 2828 760 φησὶ,
2854 688 3080 743 δύναται
3115 684 3290 738 σῶσαι
3319 682 3482 755 γυνης

1876 783 2216 838 Διδάσκουσα
2241 823 2256 845 ,
2281 779 2599 850 κατηχοῦσα
2619 819 2635 843 ,
2661 775 2937 846 ἐνάγουσα
2971 773 3111 844 πρὸς
3135 771 3230 826 τὸν
3258 769 3362 841 τῆς
3393 773 3478 822 εὑ-

1880 869 2100 934 σεϐείας
2125 869 2305 938 λόγον.
2323 867 2518 922 Καίτοι
2535 865 2685 937 χθὲς,
2703 857 2750 917 ὦ
2774 862 3013 934 μακάριε
3041 858 3244 922 Παῦλε,
3275 858 3486 926 ἔλεγες,

1877 959 1960 1012 ὃτι
2004 955 2260 1010 Γυναικί
2308 954 2626 1009 διδάσκειν
2673 954 2787 1006 οὐκ
2829 947 3147 1016 ἐπιτρέπω.
3212 946 3335 1010 Πῶς
3389 941 3485 999 οὖν

1879 1047 2045 1101 πάλιν
2074 1045 2398 1100 διδάσκαλον
2430 1043 2603 1115 αὐτὴν
2637 1043 2811 1106 ποιεῖς
2842 1039 2937 1094 τοῦ
2959 1037 3187 1110 άνδρός;
3209 1036 3349 1106 Οὐχὶ
3375 1052 3486 1107 μα-

1879 1133 2111 1205 χόμενος
2141 1130 2367 1202 ἐμαυτῷ
2387 1130 2547 1184 τοῦτο
2574 1128 2736 1193 ποιῶ,
2784 1125 2921 1181 ἀλλά
2963 1126 3060 1179 καὶ
3096 1124 3305 1194 σφόδρα
3343 1137 3484 1194 συμ-

1879 1219 2094 1291 φωνῶν.
2119 1221 2321 1273 ’Ἄκουε
2349 1215 2483 1287 γοῦν
2514 1219 2622 1284 καὶ,
2639 1216 2786 1280 τίνος
2808 1214 2998 1268 ἐνεκεν
3028 1212 3202 1281 αὐτὴν
3234 1209 3483 1276 ἐξέϐαλε,

1879 1309 1976 1362 καὶ
1995 1308 2140 1370 τίνος
2171 1307 2360 1360 ἕνεκεν
2391 1304 2562 1375 αὐτὴν
2600 1303 2764 1358 πάλιν
2793 1299 3062 1368 ἐπανάγει
3093 1297 3230 1368 πρὸς
3259 1297 3351 1351 τὸν
3383 1296 3484 1366 τῆς

1877 1394 2232 1459 διδασκαλίας
2273 1394 2485 1466 θρόνον,
2533 1393 2623 1446 ἵνα
2673 1389 2852 1463 μάθῃς
2883 1389 2986 1459 τὴν
3014 1386 3230 1441 Παύλου
3268 1385 3482 1454 σοφίαν.

1878 1481 2250 1545 Διδωκέτω,
2312 1481 2514 1551 φησὶν,
2549 1481 2582 1534 ὁ
2623 1477 2800 1547 ἁνήρ.
2863 1475 2964 1530 Διά
3011 1475 3100 1539 τί;
3161 1475 3284 1528 οὐκ
3325 1471 3488 1540 ἠπα-

1879 1657 2276 1720 Μανθανέτω,
2319 1655 2521 1728 φησὶν,
2567 1655 2606 1721 ἡ
2643 1651 2825 1724 γυνή.
2877 1649 2977 1704 Διά
3025 1650 3114 1715 τί;
3173 1649 3189 1667 ⁹

1877 1745 2010 1814 γάρ.
2051 1745 2114 1798 Ἢ
2142 1743 2282 1815 γυνὴ
2327 1745 2457 1814 γὰρ,
2487 1743 2675 1811 φησιν,
2705 1737 3056 1809 άπατηθεῖσα
3082 1739 3141 1790 ἐν
3169 1735 3488 1808 παραϐάσει

1879 1832 2128 1900 γέγονεν.
2194 1829 2463 1884 Ἐνταῦθα
2507 1829 2565 1882 δὲ
2605 1827 2668 1880 τὸ
2712 1825 2981 1881 ἐναντίον.
3036 1824 3208 1878 Ὅταν
3240 1822 3341 1893 μὲν
3377 1820 3488 1892 7&9

1879 1919 2111 1982 ἄπιστος
2157 1913 2191 1993 ᾖ
2242 1920 2272 1972 6
2320 1916 2481 1989 ἀνὴρ,
2537 1915 2707 1986 πιστὴ
2750 1913 2807 1968 δὲ
2865 1913 2900 1983 ἠ
2954 1910 3116 1980 γυνὴ,
3162 1909 3487 1970 διδασκέτω,

1880 2005 2081 2077 φησὶν,
2122 2008 2156 2076 ἡ
2201 2004 2360 2074 γυνή.
2408 2002 2508 2056 Διά
2543 2002 2634 2066 τί;
2669 2001 2796 2054 Ὅτι
2827 1999 2931 2052 οὐκ
2957 1998 3238 2068 ἠπάτηται
3266 2012 3281 2027 ⁸
3319 1995 3489 2067 πιστὴ

1878 2097 1989 2167 γάρ
2014 2099 2152 2150 ἐστι.
2184 2093 2523 2149 Μανθανέτω
2552 2092 2732 2144 τοίνυν
2772 2089 2803 2142 6
2827 2089 2968 2159 ἀνήρ
2993 2101 3008 2116 ⁸
3042 2084 3303 2162 ἠπατήθη
3333 2084 3486 2156 γάρ,-

1878 2182 2110 2245 ἄπιστος
2150 2182 2260 2254 γάρ
2293 2181 2464 2233 ἐστιν.
2523 2176 2902 2249 ’Δντεστράφη
2924 2213 2940 2239 ,
2973 2174 3140 2245 φησι,
3172 2172 3243 2226 τὰ
3271 2173 3370 2243 τῆς
3406 2170 3490 2225 δι-

1879 2269 2178 2332 δασκαλίας
2208 2282 2222 2297 ⁸
2253 2265 2651 2339 άντεστράφθω
2685 2264 2875 2317 λοιπὸν
2913 2262 3012 2315 καὶ
3048 2260 3120 2313 τά
3159 2259 3261 2330 τῆς
3296 2259 3492 2314 δεσπο-

1879 2358 2052 2421 τείας.
2095 2352 2247 2420 Εἶδες
2286 2354 2403 2418 πῶς
2451 2351 2732 2423 πανταχοῦ
2783 2350 2847 2404 ού
2898 2351 2966 2421 τῇ
3014 2348 3176 2418 φύσει
3201 2387 3217 2411 ,
3251 2346 3390 2401 ἀλλά
3421 2350 3489 2419 τῇ

1880 2447 2069 2520 ἀπάτῃ
2096 2448 2190 2500 καὶ
2212 2447 2279 2516 τῇ
2309 2445 2559 2516 ἁμαρτία
2582 2443 2829 2497 δείκνυσι
2858 2442 2960 2512 τὴν
2993 2440 3243 2494 δουλείαν
3269 2437 3494 2492 ἀκολου-

1881 2529 2112 2598 θοῦσανς
2136 2528 2311 2586 Ἦλθε
2348 2532 2534 2586 τοίνυν
2585 2531 2726 2603 πρὸς
2771 2531 2873 2600 τὴν
2924 2529 3162 2598 γυναῖκα
3214 2528 3250 2598 η
3304 2527 3491 2596 ἀπάτη

1881 2619 2036 2690 ποιρά
2063 2619 2166 2690 τὴν
2193 2620 2393 2691 ἀρχὴν.
2428 2619 2771 2690 ἠκολούθησε
2799 2620 2869 2690 τῇ
2902 2618 3093 2690 άπάτη
3123 2617 3158 2686 η
3192 2614 3446 2684 ὑποταγή
3474 2625 3490 2641 ⁸

1884 2711 2123 2780 μετέστη
2148 2708 2287 2780 μετά
2310 2707 2484 2761 ταῦτα
2506 2707 2646 2779 πρὸς
2664 2705 2756 2760 τὸν
2770 2707 2992 2777 ἀνδραὴ
3013 2705 3222 2774 ἀπάτη,
3253 2697 3498 2774 μετέστη

1842 2827 1848 2837 ι
1881 2797 1976 2850 καὶ
2000 2798 2034 2867 η
2056 2796 2325 2867 ύποταγή.
2345 2797 2456 2850 Kal
2473 2794 2731 2867 καθάπερ
2747 2796 2806 2847 ἐν
2826 2796 2969 2865 ἀρχῇ
2991 2793 3071 2864 τῷ
3089 2791 3245 2864 ἀνδρὶ
3264 2790 3363 2862 τὴν
3387 2807 3494 2843 σω-

1878 2903 1946 2958 τη
1957 2887 2078 2958 ρίαν
2089 2889 2190 2957 τῆς
2204 2885 2464 2956 γυναικὸς
2478 2886 2884 2950 ἐνεπίστευσεν,
2897 2884 3088 2952 ἐπειδὴ
3103 2883 3204 2936 οὐκ
3217 2882 3492 2953 ὴπάτητο,

1881 2975 2083 3028 οὑτωσὶ
2115 2973 2292 3042 λέγων
2313 3012 2328 3034 .
2359 2972 2518 3041 Πρὸς
2544 2973 2654 3028 τὸν
2675 2971 2870 3042 ἄνδρα
2897 2989 3017 3027 σου
3041 2971 3081 3038 ἠ
3131 2967 3493 3039 ἀποστροφή

1883 3078 2022 3129 σου,
2039 3059 2137 3114 καὶ
2159 3060 2343 3126 αὐτός
2364 3075 2482 3114 σου
2499 3061 2808 3128 κυριεύσει
2825 3075 2838 3089 ⁸
2859 3059 3005 3112 οὕτω
3028 3058 3124 3112 καὶ
3138 3056 3373 3112 ἐνταῦθα
3397 3057 3495 3110 ἐπὶ

1883 3149 1983 3219 τῆς
2013 3146 2213 3217 πιστῆς
2238 3147 2342 3216 τῆς
2367 3147 2459 3200 τὸν
2481 3146 2713 3200 ἄπιστον
2741 3145 2911 3218 ἀνδρα
2943 3145 3179 3217 ἐχούσης
3202 3187 3218 3210 ,
3248 3145 3348 3216 τὴν
3382 3161 3492 3199 σω-

1882 3234 2082 3306 τηρίαν
2130 3232 2228 3286 τοῦ
2274 3233 2469 3303 ἀνδρὸς
2507 3232 2834 3304 ἐμπιστεύει
2871 3235 2938 3303 τῇ
2990 3232 3235 3301 γυναικὶ,
3262 3231 3439 3300 λέγων
3475 3248 3491 3264 ⁸

1885 3322 2039 3393 [666]
2075 3322 2137 3376 Τί
2167 3321 2281 3392 γὰρ
2315 3317 2504 3387 οἶδας,
2547 3321 2747 3390 γύναι,
2781 3322 2834 3374 εἰ
2863 3321 2974 3374 τὸν
3005 3319 3196 3387 ἄνδρα
3235 3320 3494 3386 σώσειςς

1884 3409 1952 3464 Τί
1983 3409 2188 3480 ταύτης
2213 3409 2317 3480 τῆς
2345 3407 2674 3472 ἀποδείξεως
2699 3407 3035 3480 σαφέστερον
3065 3408 3260 3476 γένοιτ’
3280 3407 3366 3471 ἂν,
3393 3406 3492 3460 τοῦ

1887 3497 1963 3568 μὴ
1988 3499 2057 3568 τῇ
2091 3496 2252 3566 φύσει
2275 3495 2371 3567 τὴν
2391 3493 2660 3558 δουλείαν,
2696 3495 2838 3552 ἀλλά
2857 3499 2924 3567 τῇ
2949 3496 3197 3567 ἁμαρτία
3219 3493 3450 3549 ἕπεσθαι
3474 3511 3492 3561 ;

1885 3584 2059 3639 Τοῦτο
2106 3584 2202 3638 καὶ
2251 3584 2345 3636 ἐπὶ
2399 3582 2508 3636 τῶν
2557 3581 2764 3637 δούλων
2816 3582 2964 3637 ἐστιν
3021 3585 3218 3636 εἰπεῖν.
3266 3582 3495 3649 Δοῦλος

1883 3673 2152 3743 ἐκλήθης
2169 3692 2190 3740 ,°
2208 3673 2306 3740 Μή
2337 3689 2438 3727 σοι
2457 3672 2712 3741 μελέτω.
2742 3674 2908 3747 Ὁρᾷς
2927 3673 3046 3738 πῶς
3068 3672 3229 3727 πάλιν
3251 3671 3495 3726 δείκνυσι

1884 3759 2040 3830 ψιλὸν
2068 3759 2241 3831 θνομα
2287 3760 2389 3830 τὴν
2428 3759 2677 3814 δουλείαν
2708 3756 2879 3814 οὖσαν
2898 3801 2913 3826 ,
2943 3761 3074 3816 ὅταν
3098 3761 3270 3832 ἀρετὴ
3301 3761 3453 3830 παρῇ
3475 3776 3506 3827 ;ι

1901 3848 2056 3903 Ἀλλ’
2089 3850 2144 3902 εἰ
2173 3847 2270 3902 καί
2309 3846 2568 3902 δύνασαι
2596 3849 2915 3917 ἐλεύθερος
2935 3848 3234 3920 γενέσθαι,
3254 3847 3500 3918 μᾶλλον

1887 3932 2134 4006 χρῆσαι,
2171 3935 2446 4000 τουτέστι,
2509 3936 2711 4007 μᾶλλον
2758 3936 2888 4006 μένε
2915 3938 2976 3990 ἐν
3007 3938 3074 4008 τῇ
3108 3936 3342 4008 δουλείᾳ.
3395 3936 3498 3990 Διά

1887 4025 1976 4089 τί;
2016 4024 2081 4077 '0
2103 4025 2214 4094 γὰρ
2236 4024 2308 4079 ἐν
2339 4025 2537 4093 Κυρίῳ
2572 4026 2823 4095 κληθείς
2864 4024 3124 4092 δοῦλος,
3169 4025 3497 4080 ἀπελεύθε-

1881 4115 1993 4182 ρος
2024 4114 2246 4181 Κυρίου
2294 4113 2489 4167 ἐστίν.
2537 4109 2692 4178 Εἶδες
2753 4115 2917 4185 μέχρι
2966 4115 3344 4186 προσηγορίας
3395 4113 3496 4185 τὴν

1888 4199 2136 4254 δουλείαν
2160 4241 2173 4264 ,
2203 4202 2262 4254 ἐν
2291 4200 2372 4272 τῷ
2410 4201 2702 4272 πράγματι
2732 4202 2789 4254 δὲ
2823 4203 2923 4270 τὴν
2949 4201 3304 4274 ἐλευθερίαν;
3336 4200 3496 4266 Τίνος

1888 4285 1947 4341 δὲ
1985 4289 2174 4342 ἕνεκεν
2209 4288 2390 4361 ἀφῆκε
2434 4289 2617 4360 μένειν
2645 4289 2866 4358 δοῦλον;
2900 4290 3021 4343 ’Ίνα
3050 4291 3151 4361 τῆς
3183 4289 3498 4362 ἐλευθερίας

1895 4379 2076 4453 μάθῃς
2116 4380 2218 4451 τὴν
2267 4380 2608 4449 περιουσίαν.
2653 4380 2865 4450 Ὥσπερ
2903 4379 3015 4451 7&9
3042 4378 3139 4433 τοῦ
3172 4379 3364 4434 σϐέσαι
3398 4381 3498 4450 τὴν

1894 4468 2124 4538 κάμινον
2152 4468 2252 4536 τὴν
2281 4467 2374 4520 ἐπὶ
2403 4466 2511 4519 τῶν
2542 4466 2714 4537 τριῶν
2757 4466 2968 4521 παίδων
2999 4467 3136 4520 πολὺ
3183 4468 3496 4538 θαυμαστό-

1892 4571 2051 4626 τερον
2087 4550 2154 4626 ἧν
2199 4554 2260 4607 τὸ
2310 4553 2583 4624 μενούσης
2629 4555 2804 4625 αὐτῆς
2852 4555 3014 4625 ἀσινῆ
3059 4555 3391 4626 διατηρῆσαι
3428 4557 3499 4610 τά

1894 4643 2156 4710 σώματα·
2181 4641 2324 4695 οὕτω
2355 4639 2452 4694 τοῦ
2490 4640 2654 4694 λύσαι
2697 4640 2796 4711 τὴν
2829 4641 3077 4696 δουλείαν
3117 4643 3177 4694 τὸ
3227 4645 3496 4713 μενούσης

1894 4730 2067 4799 αὐτῆς
2102 4727 2276 4794 δεῖξαι
2320 4729 2420 4801 τὴν
2450 4722 2768 4802 ἐλευθερίαν
2803 4729 2986 4799 πολλῷ
3023 4728 3211 4800 μεῖζόν
3247 4734 3363 4783 ἐστι
3403 4732 3498 4783 καὶ

1894 4819 2356 4898 θαυμαστότερον.
2422 4822 2521 4874 Διά
2566 4819 2727 4874 τοῦτό
2773 4837 2971 4891 φησιν’
3035 4823 3104 4875 Εἰ
3157 4821 3259 4874 καὶ
3313 4821 3497 4874 δύνα-

1895 4930 1999 4965 σαι
2035 4913 2357 4981 ἐλεύθερος
2403 4913 2707 4983 γενέσθαι,
2744 4914 2991 4982 μᾶλλον
3027 4913 3284 4983 χρῆσαι·
3336 4931 3498 4968 τουτ-

1896 5005 2032 5064 έστι,
2073 5005 2204 5074 μένε
2233 5005 2419 5070 δοῦλος
2450 5024 2464 5037 ⁸
2507 5007 2740 5078 τὴνγάρ
2769 5005 3147 5078 ἀληθεστάτην
3175 5007 3322 5078 ἔχεις
3344 5006 3498 5060 ἐλευο

1899 5096 2108 5166 θερίαν.

1973 5266 2037 5336 β’.
2065 5267 2253 5322 Βούλει
2277 5267 2370 5321 καὶ
2387 5268 2480 5321 ἐπὶ
2504 5267 2614 5321 τῶν
2645 5267 2923 5339 ἀρχόντων
2935 5267 3094 5321 τοῦτο
3131 5266 3288 5334 ίδεῖν;
3332 5266 3500 5320 Βασι-

1898 5358 2023 5422 λεὺς
2057 5355 2124 5428 ἦν
2156 5361 2184 5411 6
2214 5358 2724 5430 Ναϐουχοδονόσορ,
2775 5360 2872 5413 καὶ
2906 5359 3006 5432 τὴν
3050 5359 3284 5430 κάμινον
3324 5358 3500 5430 άνῆψσ

1902 5452 2043 5520 μετὰ
2066 5451 2272 5522 πολλῆς
2293 5451 2393 5523 τῆς
2421 5452 2806 5525 σφοδρότητος,
2837 5453 2932 5508 καὶ
2961 5455 3090 5515 τοὺς
3118 5454 3268 5523 τρεῖς
3300 5451 3502 5516 παῖδας

1899 5541 1978 5603 εἰς
2023 5540 2190 5609 μέσον
2221 5543 2536 5613 παρήγαγε,
2575 5542 2749 5606 νέους,
2776 5543 3040 5614 ἐρήμους,
3071 5541 3327 5612 οὐδεμίαν
3353 5541 3500 5612 ἔχον-

1898 5651 1998 5694 τας
2035 5635 2373 5704 προστασίαν
2398 5676 2412 5698 ,
2438 5634 2659 5698 δούλους
2683 5674 2696 5698 ,
2745 5634 3129 5706 αἰχμαλώτους
3149 5674 3165 5698 ,
3216 5633 3502 5696 ἀπόλιδας.

1900 5729 2010 5781 Kal
2035 5728 2086 5780 τί
2122 5745 2323 5798 (manu;
2357 5730 2424 5782 Εἰ
2447 5727 2708 5795 ἀληθῶς.
2744 5727 3002 5796 Σεδρίικ,
3038 5727 3271 5785 Μισάκ.
3316 5726 3501 5781 Ἀϐδε-

1904 5820 2083 5890 111780,
2121 5820 2246 5888 τοῖς
2271 5819 2428 5887 θεοῖς
2451 5839 2569 5891 μου
2592 5823 2666 5876 οὐ
2691 5822 3012 5891 .ῖιιτρεύετε
3032 5862 3045 5887 ,
3080 5819 3177 5875 καὶ
3210 5821 3279 5890 τῇ
3317 5823 3499 5878 εἰκόνι
