4086 6422
247 481 390 550 Quid
419 497 551 554 ergo
577 480 851 546 illi?Vide,
876 497 985 552 quo
1013 492 1170 552 pacto
1201 479 1371 536 virtus
1399 495 1513 544 eos,
1541 481 1632 549 qtti
1661 479 1861 548 captivi

245 583 426 641 erant,
449 575 619 646 magis
649 575 825 644 regios
851 589 1011 644 quam
1045 589 1225 644 regem
1255 573 1430 642 ipsum
1457 571 1776 635 reddiderit,
1802 586 1866 626 ac

246 665 424 720 multo
447 664 732 719 excelsiori
760 663 940 719 animo
962 663 1216 733 pneditos
1239 663 1360 716 illos
1391 662 1708 717 ostenderit.
1746 660 1864 716 Non

245 756 396 811 enim
422 767 693 826 tamquam
725 770 906 826 regem
933 756 1293 824 alloquentes,
1318 756 1412 808 sed
1445 765 1714 822 tamquam
1742 769 1864 806 cum

245 845 433 916 aliquo
460 845 564 899 sibi
603 844 822 900 subdito
858 859 1168 900 sermonem
1212 854 1460 899 serentes
1497 858 1623 898 cum
1671 843 1865 898 ﬁducia

246 933 674 1006 respondebant.
722 935 845 990 Non
889 952 1020 1004 opus
1065 935 1328 1001 habemus,
1359 936 1625 1005 inquiunt,
1671 951 1762 988 nos
1803 936 1867 988 de

245 1027 398 1082 verba
426 1030 523 1083 hoc
557 1028 866 1096 respondere
895 1029 1004 1098 regi
1046 1030 1065 1092 (
1095 1027 1232 1081 Dan.
1267 1028 1321 1084 5.
1358 1029 1489 1099 16).
1522 1027 1638 1083 Νοιι
1665 1028 1863 1095 verbis,

245 1118 346 1173 sed
391 1120 561 1174 rebus
606 1118 736 1188 ipsis
782 1117 1303 1174 demonstrationem
1346 1118 1744 1174 exhibebimus.
1773 1117 1867 1174 Est

243 1207 386 1264 Deus
417 1211 470 1262 in
500 1209 646 1275 calo,
679 1219 858 1277 potens
882 1211 1084 1280 eripere
1105 1227 1196 1265 nos
1223 1211 1243 1280 (
1264 1207 1405 1264 Ibid.
1429 1226 1477 1264 υ.
1505 1208 1628 1280 17).
1656 1210 1865 1265 Beneﬁ-

244 1299 392 1354 cium
437 1315 467 1352 a
510 1299 731 1355 Daniele
779 1309 1060 1369 acceptum
1113 1301 1164 1354 in
1203 1301 1521 1356 memoriam
1551 1301 1628 1356 illi
1656 1316 1867 1357 revoca.

245 1398 376 1444 runt
419 1390 610 1444 iisdem
651 1391 732 1443 usi
777 1392 975 1454 verbis,
1008 1407 1129 1460 qnte
1161 1392 1425 1461 prepbeta
1466 1402 1591 1448 tunc
1621 1393 1859 1462 protulit.

239 1482 381 1551 Quid
424 1483 573 1539 enim
603 1483 694 1538 ille
733 1483 984 1538 dicebat?
1017 1481 1137 1538 Non
1169 1495 1244 1538 est
1270 1501 1540 1556 magorum
1574 1485 1866 1540 Gusareno-

239 1591 379 1641 rum,
429 1573 792 1628 Chaldteoruns
833 1574 1058 1638 verbum,
1091 1575 1228 1644 quod
1260 1576 1474 1645 requirit
1514 1592 1642 1631 rex:
1669 1577 1759 1632 sed
1789 1587 1865 1631 est

242 1663 386 1722 Deus
402 1665 454 1719 in
483 1665 624 1720 aclis
643 1663 872 1721 revelant
898 1667 1139 1736 mysteria
1169 1669 1186 1734 (
1221 1664 1308 1721 Id.
1337 1665 1396 1720 2.
1414 1665 1508 1721 27.
1535 1665 1607 1722 28
1713 1666 1864 1723 Hanc

240 1757 406 1828 igitur
444 1759 520 1812 illi
551 1772 738 1812 vocem
773 1760 826 1812 in
847 1758 1164 1813 memoriam
1195 1766 1468 1821 revocant,
1489 1767 1544 1814 ut
1565 1757 1862 1814 modestio-

241 1865 356 1906 rem
380 1850 532 1904 illum
553 1849 800 1904 reddant.
824 1849 1026 1904 Deinde
1041 1849 1190 1904 addit
1229 1849 1539 1920 Scriptura:
1573 1849 1641 1904 Et
1661 1852 1707 1903 si
1736 1867 1858 1916 non,

239 1951 419 1994 notum
445 1941 509 1993 sit
537 1941 648 2003 tibi,
681 1957 794 2007 rex,
824 1942 944 2010 quia
968 1940 1090 1992 deos
1116 1949 1229 1994 tuos
1253 1957 1355 1994 non
1381 1940 1618 2004 colimus,
1651 1949 1698 1993 et
1727 1940 1861 1994 ima-

238 2032 410 2101 ginem
439 2046 672 2097 auream,
727 2048 882 2099 quam
931 2031 1174 2097 statuisti,
1206 2048 1307 2084 non
1342 2031 1621 2086 adoramus
1646 2030 1665 2102 (
1686 2031 1771 2085 Id.
1804 2035 1858 2087 4.

239 2122 308 2177 18
341 2124 388 2191 ).
415 2121 552 2178 Vide
577 2122 840 2192 juvenum
871 2123 1213 2192 sapientiam.
1243 2121 1380 2177 Nam
1413 2132 1581 2188 utne,
1611 2125 1703 2194 qui
1736 2135 1864 2180 tunc

234 2213 486 2276 aderant.
531 2213 698 2268 Deum
740 2212 1072 2268 inﬁrmitatis
1113 2224 1453 2281 accusarent,
1494 2214 1542 2269 si
1582 2212 1720 2269 forte
1748 2217 1863 2271 col-

233 2306 419 2375 lapsos
451 2305 573 2358 illos
615 2305 667 2358 in
709 2304 981 2358 fornacem
1021 2304 1158 2360 mori
1193 2305 1528 2374 contigisset,
1565 2307 1858 2375 potentiam

235 2395 360 2464 ejus
391 2405 520 2450 ante
549 2395 876 2449 conﬁtentur
900 2395 1165 2461 dicentes,
1205 2393 1303 2449 Est
1342 2393 1481 2450 Deus
1519 2397 1574 2449 in
1603 2397 1749 2462 ctelo,
1771 2399 1861 2467 qui

235 2497 399 2558 potest
429 2503 523 2542 nos
565 2488 760 2557 eripere
792 2503 811 2541 :
844 2503 912 2542 ne
949 2500 1130 2542 autem
1179 2503 1367 2542 rursus
1411 2503 1533 2542 cunt
1583 2487 1856 2544 ﬂammam

232 2579 560 2643 evasissent,
588 2579 857 2634 mercedis
877 2595 939 2634 ac
962 2580 1167 2649 praemii
1188 2594 1351 2634 causa
1384 2579 1492 2633 Deo
1516 2583 1731 2635 servire
1759 2597 1852 2652 puo

233 2680 502 2736 tarcntur,
533 2671 888 2740 adjecerunt:
919 2669 986 2724 Et
1021 2671 1066 2726 si
1108 2688 1232 2736 non,
1266 2682 1441 2725 notum
1479 2673 1545 2725 sit
1583 2673 1693 2739 tibi,
1738 2689 1852 2739 rex,

229 2763 354 2833 quia
405 2763 528 2816 deos
577 2773 692 2818 tuos
730 2781 831 2818 non
882 2765 1130 2830 colimus,
1172 2774 1220 2819 et
1277 2765 1553 2835 imaginem
1603 2781 1814 2819 auream
1835 2805 1852 2831 ,

228 2872 388 2924 quam
422 2854 664 2921 statuisti,
706 2873 808 2910 non
837 2855 1152 2921 adoramus;
1181 2855 1378 2928 quibus
1408 2857 1586 2912 verbis
1613 2857 1770 2912 simul
1801 2867 1857 2914 et

235 2948 534 3014 praedicant
571 2947 668 3002 Dei
715 2948 964 3002 virtutem
989 2958 1044 3003 et
1066 2963 1386 3018 generosam
1417 2950 1612 3004 animae
1641 2965 1754 3004 sua:
1791 2951 1858 3004 ιι-

229 3037 450 3093 duciam
496 3054 606 3109 pra:
653 3053 714 3094 se
759 3041 958 3105 ferunt,
997 3055 1065 3094 ne
1105 3040 1244 3095 forte
1281 3039 1350 3096 de
1389 3041 1496 3096 illis
1522 3042 1645 3112 quis
1669 3041 1856 3099 dicere

195 3170 204 3176 .
235 3139 441 3197 posset,
459 3145 584 3200 quae
597 3131 885 3187 adversum
907 3131 1011 3186 Job
1030 3132 1278 3187 diabolus
1294 3133 1675 3191 calumniando
1689 3136 1853 3206 jacta-

235 3218 351 3275 bat.
382 3219 522 3288 Quid
555 3236 684 3276 vero
712 3221 927 3276 dicebat
953 3221 1202 3278 diabolus
1219 3221 1400 3278 i'Non
1442 3226 1602 3296 gratis
1638 3227 1760 3280 colit
1805 3236 1855 3280 te

229 3308 334 3365 Job
357 3327 376 3364 :
395 3312 645 3383 siquidem
673 3314 880 3366 ntunisti
902 3330 981 3367 res
1005 3315 1138 3384 ejus,
1170 3330 1286 3384 qua
1314 3316 1470 3382 intra,
1495 3325 1542 3370 et
1569 3333 1687 3386 qua!
1706 3327 1853 3372 atra

230 3412 354 3457 sunt
398 3401 541 3476 (Job
593 3405 645 3459 1.
679 3405 734 3460 9.
769 3406 904 3476 10).
950 3406 1028 3460 Ne
1073 3406 1234 3474 igitur
1273 3407 1341 3462 de
1388 3409 1470 3462 liis
1513 3410 1675 3464 etiam
1723 3409 1850 3464 illud

227 3491 338 3548 dici
373 3503 576 3563 posset,
602 3496 676 3552 illi
700 3505 1064 3558 antevertunt,
1084 3507 1141 3552 et
1172 3497 1456 3569 impudens
1480 3513 1543 3553 os
1570 3499 1844 3556 obturant.

316 3582 566 3638 Virtutem
602 3587 690 3654 qui
727 3597 970 3651 sectatur,
1001 3588 1128 3641 liber
1155 3598 1229 3643 est
1264 3598 1310 3643 et
1343 3590 1802 3661 superior'regibus
1828 3609 1848 3656 ,°

226 3679 392 3731 virtus
412 3695 612 3732 onmem
638 3689 824 3734 metum
846 3679 1276 3736 excludit.—Sed
1293 3722 1308 3746 ,
1339 3690 1397 3736 ut
1428 3681 1697 3750 dicebam,
1723 3683 1850 3740 licet

230 3767 480 3838 captivus
511 3769 581 3822 sit
607 3769 823 3840 aliquis,
865 3771 990 3826 licet
1016 3785 1228 3837 servus,
1268 3771 1395 3827 licet
1422 3773 1758 3842 peregrinus,
1783 3774 1850 3829 li-

224 3870 315 3914 cet
346 3861 397 3915 in
425 3861 597 3916 aliena
623 3863 840 3931 regione
872 3872 1136 3929 versetur,
1167 3873 1223 3918 et
1245 3862 1500 3919 virtutem
1530 3879 1716 3919 secum
1750 3865 1846 3921 ba-

227 3952 350 4006 bcat
375 3993 388 4016 ,
421 3953 670 4021 superior
701 3955 952 4009 omnibus
978 3953 1082 4008 erit
1106 3953 1346 4022 regibus.
1379 3953 1542 4009 Vides
1565 3963 1620 4010 et
1648 3954 1844 4011 mulie—

227 4057 349 4096 rum
371 4042 602 4097 solutam
625 4058 746 4099 esse
773 4045 1109 4108 servitutem,
1129 4053 1184 4100 et
1200 4044 1545 4114 famulorum,
1573 4056 1628 4101 et
1654 4060 1843 4102 eorum

223 4134 316 4204 qui
349 4134 680 4204 principibus
704 4135 968 4191 subsunt?
995 4137 1109 4207 Age
1136 4135 1394 4207 deinceps
1435 4135 1717 4193 ostendam
1747 4138 1842 4194 tibi

224 4235 432 4280 metum
478 4240 692 4296 quoque
733 4227 1025 4282 bestiarum
1068 4241 1189 4282 esse
1218 4227 1524 4296 depulsum.
1559 4227 1616 4282 ln
1648 4226 1840 4283 eadem

222 4316 496 4386 quondam
529 4315 802 4387 Babylone
820 4318 1098 4387 conjec'us
1121 4317 1295 4373 fuerat
1325 4320 1378 4372 in
1409 4317 1585 4374 lacum
1616 4318 1802 4374 Daniel
1827 4337 1840 4373 :

224 4409 320 4464 sed
362 4424 488 4464 cum
539 4409 730 4464 leones
771 4410 1038 4480 attingere
1082 4425 1190 4465 non
1241 4409 1530 4464 audebant.
1579 4409 1846 4466 Videbant

221 4500 370 4554 enim
405 4502 680 4570 antiquam
709 4509 764 4556 et
790 4503 990 4572 regiam
1023 4503 1313 4573 imaginem
1343 4503 1396 4557 in
1425 4502 1544 4572 ipso
1573 4503 1844 4575 refulgen-

226 4601 358 4656 tetn,
409 4591 662 4662 illamque
709 4592 936 4647 formam
981 4595 1300 4660 cernebant,
1341 4612 1502 4666 quam
1549 4597 1601 4650 in
1635 4597 1843 4652 Adamn

223 4683 475 4737 viderant
518 4693 644 4738 ante
690 4693 991 4754 peccatum.
1028 4684 1307 4756 Siquidem
1339 4702 1462 4741 cum
1497 4687 1687 4743 eadem
1715 4690 1843 4744 sub-

217 4774 476 4844 jectioue,
504 4791 627 4831 cum
654 4776 721 4830 ad
752 4776 1018 4832 Adamum
1059 4781 1446 4849 accessissent,
1479 4782 1696 4836 nomina
1729 4794 1840 4838 tum

221 4877 568 4935 acceperunt.
600 4867 784 4936 Neque
814 4867 905 4922 hic
929 4869 1146 4934 solum;
1179 4871 1274 4925 sed
1305 4882 1362 4926 et
1401 4872 1455 4926 in
1487 4872 1648 4927 beato
1676 4873 1842 4928 Paulo

225 4956 367 5010 idem
409 4958 654 5027 contigit.
688 4959 819 5014 Nam
844 4968 900 5013 et
929 4960 1017 5014 ille
1056 4976 1180 5015 cum
1208 4964 1258 5015 in
1291 4963 1642 5018 barbarorum
1695 4965 1844 5019 insu-

224 5051 331 5101 lam
358 5047 566 5116 ejectus
602 5059 768 5111 esset,
802 5065 948 5120 pyra:
979 5051 1268 5115 assidebat,
1303 5063 1359 5106 ut
1391 5054 1668 5109 calt-ﬁeret
1700 5053 1838 5127 (Act.

221 5136 369 5207 28):
422 5137 618 5193 deinde
669 5139 954 5207 prosiliens
985 5155 1016 5194 e
1048 5143 1337 5196 sarmentis
1384 5144 1566 5212 vipera
1613 5160 1834 5200 manum

225 5231 341 5300 ejus
387 5231 599 5286 invasit.
638 5230 775 5298 Quid
826 5247 955 5301 etgo
1003 5243 1186 5301 postea
1233 5236 1500 5306 contigit?
1540 5233 1837 5292 Confestim

226 5324 397 5377 bestia
427 5323 640 5378 cecidit.
680 5324 807 5377 Nam
843 5325 1095 5392 quoniam
1129 5339 1408 5394 peccatum
1457 5344 1563 5382 non
1609 5329 1835 5396 invenit,

227 5430 296 5470 ne
325 5418 575 5470 mordere
602 5418 815 5485 quidem
853 5419 1067 5484 potuit:
1108 5419 1200 5472 5rd
1231 5422 1682 5488 quemadmodum
1717 5438 1836 5486 nos,

225 5511 270 5562 si
303 5511 516 5579 quando
544 5511 717 5564 levem
766 5512 1001 5580 aliquem
1039 5513 1320 5580 scopulum
1360 5514 1654 5568 ascendere
1685 5516 1836 5568 volu-

229 5619 370 5666 mus.
400 5603 527 5658 dum
572 5619 834 5674 tuisquam
883 5605 1201 5673 reperimus,
1255 5606 1396 5676 quod
1437 5605 1836 5676 apprehensum

232 5708 547 5761 teneamus,
602 5709 825 5766 tepente
865 5696 1230 5764 enm-idimus,
1283 5700 1397 5752 sive
1441 5699 1492 5752 in
1537 5696 1836 5767 subjectum

232 5796 473 5863 pelagus,
507 5792 614 5845 sive
645 5795 692 5845 in
728 5809 816 5862 ptui
840 5792 1077 5862 cipitium
1116 5812 1124 5844 :
1158 5795 1230 5848 sic
1275 5800 1326 5848 ct
1364 5793 1449 5847 illa
1493 5790 1683 5857 bestia,
1714 5805 1834 5844 cum

1553 366 1614 423 IN
1655 359 1958 422 GENESN
1995 362 2229 421 SEBMO
2263 363 2328 421 ν.

3494 365 3602 420 (κη

1977 477 2217 548 subjecta
2250 487 2394 535 esset
2421 493 2554 552 pyra
2577 518 2592 544 ,
2625 476 2769 550 quod
2803 488 3082 549 peccatum
3109 521 3124 545 ,
3158 478 3243 532 cui
3266 475 3573 534 adhaereret

1977 583 2083 622 non
2116 569 2432 636 invenisset,
2466 583 2641 640 neque
2677 570 2766 624 cui
2789 568 2984 625 dentes
3015 570 3284 639 infigeret,
3322 569 3374 622 itt
3405 583 3598 641 pyram

1974 659 2196 724 decidit,
2225 669 2280 716 et
2311 663 2637 730 interempta
2669 669 2772 715 est.
2811 659 2906 716 Vis
2936 661 3166 715 alterum
3198 660 3290 714 tibi
3319 659 3598 715 delensio-

1977 750 2061 803 nis
2103 764 2276 819 genns
2326 750 2378 804 in
2425 750 2662 805 meditnn
2711 751 2980 805 alteram?
3023 750 3200 808 Unum
3245 749 3462 820 quidem
3490 760 3596 815 est,

1973 843 2118 913 quod
2149 861 2256 896 non
2291 845 2499 912 priores
2531 852 2737 897 tantum
2780 845 3086 912 peccarint,
3119 843 3214 897 sed
3259 853 3314 896 ct
3349 843 3441 911 qui
3476 852 3599 910 post

1976 933 2094 987 illos
2120 935 2231 989 nati
2261 943 2426 998 sunt;
2452 933 2683 988 alterum
2716 948 2868 995 vero,
2901 933 3042 1002 quod
3075 933 3164 1002 qui
3195 933 3335 986 bene
3377 946 3438 985 se
3473 946 3600 1002 ges-

1974 1025 2147 1079 set-int
2167 1067 2182 1090 ,
2219 1025 2380 1094 idque
2407 1023 2535 1078 dum
2564 1025 2616 1078 in
2650 1026 2751 1080 hac
2780 1025 2888 1077 vita
2920 1034 3292 1088 versarentur,
3337 1022 3598 1078 leviorem

1973 1117 2325 1186 experiantur
2354 1117 2672 1171 servitutem
2702 1133 2716 1170 :
2749 1115 2832 1171 vel
2860 1116 3036 1185 potius
3064 1116 3132 1170 ab
3165 1116 3252 1169 illa
3281 1117 3491 1185 integra
3526 1113 3597 1169 li-

1975 1207 2253 1273 berentur,
2304 1217 2362 1261 ιιι
2405 1209 2568 1263 etiam
2610 1208 2661 1260 in
2707 1207 3048 1272 mulieribus,
3079 1218 3134 1262 et
3163 1208 3216 1261 in
3246 1206 3500 1272 subditis,
3535 1213 3594 1260 et

1973 1301 2026 1354 in
2061 1301 2255 1356 bclluis
2298 1317 2326 1352 ιι
2365 1299 2522 1354 nobis
2557 1309 2836 1354 ostensum
2881 1309 2982 1354 est.
3015 1298 3258 1353 Tertium
3304 1313 3434 1353 vero
3473 1307 3598 1369 post.

1973 1391 2086 1455 illa,
2138 1389 2279 1459 quod
2328 1390 2575 1444 Christus
2629 1405 2752 1442 cmn
2800 1389 3146 1456 advenisset,
3192 1389 3397 1457 majora
3448 1402 3594 1442 nunc

1971 1484 2112 1538 bo-.ta
2157 1485 2226 1538 sit
2267 1482 2420 1536 nobis
2466 1481 2758 1552 pollicitus,
2806 1497 2969 1549 quant
3026 1495 3088 1536 ea
3132 1479 3328 1550 quibus
3372 1479 3587 1548 spoliati

1972 1575 2168 1628 l'uimus
2194 1575 2265 1627 ab
2295 1574 2380 1636 iis,
2422 1573 2514 1643 qui
2543 1591 2571 1624 a
2612 1572 2874 1642 principio
2903 1581 3211 1643 peccarant.
3244 1569 3386 1638 Quid
3417 1571 3587 1633 enim,

1969 1681 2172 1736 QIIJPSO,
2209 1683 2350 1720 nune
2382 1665 2566 1735 luges?
2589 1681 2657 1718 an
2689 1664 2833 1734 quod
2868 1665 3107 1719 admisso
3139 1675 3362 1732 peccato
3383 1677 3414 1718 e
3439 1677 3598 1731 para-

1969 1758 2089 1812 diso
2134 1769 2184 1812 te
2229 1757 2401 1811 Adam
2445 1758 2705 1826 ejecerit?
2752 1755 2856 1810 Fac
2910 1755 3048 1809 bona
3101 1769 3288 1824 opera,
3339 1758 3590 1808 virtutem

1967 1849 2255 1909 inundare;
2277 1864 2375 1901 nec
2400 1848 2508 1917 jam
2541 1847 2871 1916 paradisum,
2897 1845 2993 1901 sed
3025 1845 3120 1900 tibi
3151 1844 3344 1900 aulum
3378 1860 3587 1908 reseru,

1969 1954 2150 2008 neque
2183 1941 2468 2008 perudtto,
2503 1947 2560 1990 ut
2583 1953 2648 1991 ex
2683 1937 2838 2007 primi
2875 1936 3115 2007 parentis
3143 1936 3592 2006 praivaricatione

1969 2033 2097 2086 mali
2131 2032 2225 2084 tibi
2259 2030 2550 2099 quidquam
2579 2030 2855 2084 obveniat.
2889 2032 2972 2083 An
3018 2029 3192 2098 luges,
3229 2026 3374 2098 quod
3407 2027 3587 2082 domi-

1968 2133 2094 2178 natu
2123 2123 2176 2176 in
2206 2123 2346 2175 l'eras
2377 2123 2617 2190 privatus
2639 2121 2752 2175 sis?
2775 2121 2915 2176 Ecce
2939 2121 3032 2175 tibi
3063 2121 3342 2174 dmmones
3367 2133 3586 2190 quoque

1965 2215 2216 2284 subjicio,
2245 2215 2288 2267 si
2322 2215 2453 2268 velis
2478 2213 2778 2267 attendere.
2810 2211 3016 2267 Calcate
3057 2227 3292 2280 namque
3315 2252 3330 2274 ,
3376 2211 3584 2280 inquit,

1965 2323 2122 2374 supra
2145 2315 2403 2375 serpentes
2429 2315 2474 2356 et
2505 2303 2822 2374 scorpiones,
2857 2312 2902 2356 et
2929 2319 3085 2372 super
3111 2317 3316 2355 omnem
3350 2299 3586 2354 virtutem

1965 2397 2159 2452 inimici
2184 2402 2199 2466 (
2225 2397 2356 2451 Luc.
2391 2396 2476 2450 l0.
2519 2395 2646 2466 19).
2676 2393 2865 2464 Neque
2891 2394 3025 2449 dixit
3046 2435 3062 2461 ,
3098 2393 3458 2449 Dominamini
3481 2433 3495 2456 ,
3527 2401 3590 2447 ut

1963 2504 2086 2544 cum
2113 2488 2182 2543 de
2209 2489 2396 2544 bestiis
2423 2497 2644 2558 ageret,
2673 2488 2801 2556 scd,
2831 2485 3074 2552 Calcate,
3103 2493 3163 2540 ut
3185 2499 3457 2540 summum
3503 2486 3586 2540 itt-

1965 2582 2190 2636 duceret
2215 2582 2573 2634 dominalttttt.

2038 2675 2091 2728 3.
2149 2674 2442 2743 Propterea
2472 2672 2672 2728 Paulus
2704 2687 2922 2743 quoque
2949 2687 3056 2727 non
3088 2671 3246 2737 dixit,
3279 2671 3421 2726 Deus
3452 2670 3583 2727 sub-

1956 2764 2106 2834 jiciet
2155 2774 2399 2818 satanatn
2440 2765 2542 2818 sub
2584 2762 2810 2832 pedibus
2856 2765 3084 2830 vestris,
3122 2763 3241 2826 sed,
3272 2762 3413 2817 Deus
3457 2779 3581 2817 con-

1961 2866 2083 2912 teret
2127 2869 2362 2912 suntnam
2385 2857 2479 2911 sub
2510 2856 2721 2927 pedibus
2756 2856 2931 2910 uestris
2975 2856 3152 2926 (Rom.
3181 2855 3271 2912 16.
3304 2855 3422 2927 ‘20).
3463 2854 3582 2910 Non

1955 2948 2091 3019 jam,
2127 2957 2184 3002 ut
2209 2949 2376 3017 prius,
2402 2947 2427 3000 Ι
2435 2963 2525 3017 pse
2555 2948 2834 3001 observavit
2871 2958 3027 3014 caput
3067 2957 3233 3014 tuum,
3262 2955 3310 3000 et
3335 2958 3391 3000 tu
3418 2947 3582 3017 ipsius

1958 3039 2257 3093 calcaneunt
2285 3039 2572 3092 observabis
2596 3053 2615 3091 :
2659 3037 2752 3094 sed
2792 3038 3002 3106 integra
3045 3045 3130 3091 est
3170 3037 3416 3102 victoria,
3449 3051 3580 3108 per-

1959 3127 2132 3184 fectus
2160 3130 2485 3198 triumphus,
2512 3130 2666 3198 plena
2697 3137 2904 3197 strages
2936 3128 3128 3190 bustis,
3169 3129 3491 3192 internecio,
3524 3138 3582 3184 et

1957 3222 2202 3276 exitium.
2241 3221 2366 3276 \‘iro
2404 3231 2455 3276 te
2494 3220 2723 3289 subjecit
2770 3219 2877 3274 Eva
2902 3237 2915 3284 ;
2943 3233 3045 3290 ego
3089 3235 3218 3274 vero
3249 3231 3301 3276 te
3323 3236 3431 3276 non
3463 3221 3580 3275 viro

1959 3322 2188 3376 ιειιιειιιιι,
2219 3312 2315 3368 st-d
2356 3321 2411 3367 et
2454 3312 2586 3381 ipsis
2615 3311 2822 3382 angelis
2847 3310 3058 3365 honore
3085 3313 3351 3383 :equalem
3382 3312 3576 3381 reddo,

1955 3403 2001 3456 si
2031 3403 2179 3456 vt-lis.
2216 3402 2328 3456 Vita
2369 3415 2421 3457 te
2467 3403 2717 3471 praesenti
2751 3402 3016 3472 privavit:
3052 3418 3153 3473 ego
3179 3419 3307 3458 vero
3339 3403 3574 3459 futuram

1958 3495 2053 3549 tibi
2083 3496 2312 3564 largior,
2348 3509 2664 3563 perennem,
2717 3495 3101 3560 immortalem,
3139 3504 3195 3550 et
3234 3495 3390 3550 bonis
3417 3496 3578 3550 innu-

1956 3587 2121 3640 tueris
2150 3585 2561 3641 redundantem.
2585 3584 2756 3640 Nemo
2777 3587 2940 3656 igitur
2969 3598 3188 3656 preptcr
3217 3587 3340 3643 illos
3365 3586 3575 3658 priores

1955 3679 2154 3732 damno
2195 3694 2255 3734 sc
2301 3679 2552 3733 allectum
2602 3680 2934 3735 arbitretur:
2993 3679 3195 3734 etenim
3243 3679 3290 3733 si
3344 3680 3575 3735 velimus

1953 3771 2159 3835 omnia,
2213 3786 2333 3838 quae
2376 3770 2534 3825 nobis
2581 3771 2873 3840 largiturus
2924 3782 3030 3838 est,
3074 3771 3350 3842 persequi,
3403 3771 3576 3826 multo

1955 3864 2159 3932 majora
2205 3864 2308 3927 bis,
2337 3878 2459 3933 qua:
2491 3863 2796 3929 amisimus,
2827 3864 2984 3918 nobis
3028 3880 3151 3919 esse
3193 3864 3389 3918 donata
3423 3879 3575 3918 eom-

1956 3957 2246 4025 perietnus.
2289 3955 2558 4010 (Ia-terum
2599 3972 2663 4010 ex
2717 3957 2803 4016 iis.
2837 3974 2958 4026 qua:
2997 3956 3139 4012 dicta
3171 3968 3317 4024 sunt,
3348 3957 3416 4013 de
3445 3959 3573 4013 reli-

1951 4045 2074 4114 quis
2100 4047 2262 4100 etiam
2293 4046 2580 4099 co:.stabit.
2629 4044 2982 4101 Laboriosum
3027 4047 3267 4102 Adamus
3295 4050 3458 4102 vitam
3494 4050 3576 4104 in-

1954 4135 2139 4198 vexit;
2171 4145 2226 4188 at
2255 4135 2501 4189 Christus
2531 4136 2692 4189 vitam
2729 4138 2998 4206 promisit,
3034 4138 3176 4193 unde
3219 4139 3350 4210 fugit
3391 4139 3567 4204 dolor,

1955 4225 2189 4288 tristitia,
2221 4235 2274 4280 ct
2299 4227 2552 4296 gemitus,
2590 4241 2758 4296 seque
2789 4242 3015 4298 regnum
3055 4229 3312 4283 crciorum
3346 4230 3571 4301 largitu’-

1953 4333 2072 4370 rum
2105 4317 2408 4386 ριΙΙίωιιιι·.
2454 4316 2627 4372 Venite
2659 4333 2912 4388 namque,
2959 4319 3152 4389 inquit,
3195 4323 3442 4376 benedicti
3467 4321 3574 4377 Pa-

1953 4409 2044 4461 tris
2063 4410 2178 4469 ntei,
2210 4409 2461 4478 possidete
2481 4420 2716 4478 paratum
2744 4411 2882 4463 vobis
2909 4426 3125 4478 regnum
3154 4429 3186 4464 a
3210 4415 3574 4468 constitutione

1951 4502 2148 4554 mundi.
2167 4500 2372 4554 Esnrivi
2392 4502 2547 4566 enim,
2574 4511 2622 4554 et
2651 4501 2864 4556 dedistis
2887 4503 3012 4556 mihi
3034 4504 3386 4561 manducare:
3413 4507 3568 4569 sitivi,

1951 4603 1996 4644 et
2022 4593 2232 4646 dedistis
2261 4595 2386 4646 mitti
2410 4593 2574 4647 bibere
2599 4609 2617 4646 :
2648 4595 2831 4663 hospes
2858 4611 3019 4663 eratn,
3061 4608 3112 4652 et
3142 4599 3420 4670 collegistis
3455 4615 3572 4653 me:

1951 4685 2120 4738 nudus
2155 4701 2320 4750 eram,
2353 4694 2398 4737 et
2431 4685 2764 4753 coeperuistis
2793 4702 2872 4739 me
2895 4702 2914 4738 :
2943 4688 2996 4740 in
3035 4705 3258 4754 carcere,
3288 4699 3332 4742 et
3364 4691 3572 4743 venistis

1949 4777 2017 4828 atl
2048 4793 2125 4829 me
2148 4773 2361 4846 (Matth.
2391 4775 2480 4830 25.
2515 4775 2583 4830 5i
2605 4805 2629 4816 -
2653 4775 2770 4847 56).

2023 4868 2242 4922 Moralis
2257 4868 2507 4939 epilogus.
2534 4867 2586 4921 11
2591 4879 2788 4923 oriatur
2809 4870 2877 4922 ad
2898 4873 3290 4943 eleemosynam.
3311 4905 3382 4916 --
3404 4875 3567 4930 Nunt-

1949 4963 2075 5032 quid
2108 4963 2269 5031 igitur
2297 4977 2395 5016 nos
2438 4978 2653 5030 quoque
2701 4961 2914 5017 licatatn
2958 4965 3103 5019 illam
3141 4982 3329 5022 vocem
3375 4969 3566 5025 audier-

1951 5053 2114 5110 mus?
2144 5055 2406 5124 Equidem
2451 5073 2557 5109 non
2598 5056 2888 5110 admodum
2927 5058 2976 5110 id
3008 5059 3183 5113 ausim
3224 5076 3566 5125 asseverare,

1950 5149 2251 5215 praesertim
2284 5162 2404 5199 cum
2439 5161 2704 5214 pauperes
2737 5147 2891 5202 valde
2916 5162 3350 5206 contemnamus.
3371 5152 3566 5221 Jejnuil

1950 5246 2160 5305 tempus
2187 5248 2290 5301 est,
2324 5247 2396 5289 tot
2427 5237 2832 5293 t'OilOlittlioneS
2862 5242 3014 5302 liunt,
3061 5249 3138 5294 tot
3180 5241 3435 5298 salutaria
3464 5246 3566 5298 do‘

1948 5341 2194 5383 cumeuta
2232 5342 2618 5398 proponuntur,
2667 5345 2852 5398 preces
2892 5333 3185 5398 continuae,
3235 5335 3564 5403 quotidiana

1951 5421 2211 5478 ctvllectm,
2240 5419 2366 5489 quid
2404 5429 2580 5474 l.‘atttt'lt
2627 5433 2743 5488 post
2779 5432 2979 5476 tantum
3026 5441 3209 5479 curam
3253 5427 3350 5480 ista
3400 5431 3566 5497 proli-

1947 5512 2138 5566 ciuut?
2170 5510 2312 5564 Nihil
2349 5512 2524 5578 plane.
2559 5513 2693 5567 lliuc
2721 5517 2865 5567 enim
2900 5519 3202 5572 recedimus
3232 5521 3424 5575 ordine
3453 5523 3563 5575 dis-

1951 5603 2120 5671 posita
2156 5619 2448 5672 pauperum
2479 5606 2689 5674 agmina
2728 5606 2852 5661 hinc
2890 5609 3014 5663 inde
3053 5613 3309 5667 stantium
3345 5614 3560 5671 ἰιιιιιυιι-

1949 5705 2064 5760 tes;
2093 5707 2146 5749 et
2175 5698 2324 5766 quasi
2362 5697 2663 5761 Columnas,
2709 5714 2814 5752 non
2855 5699 3085 5755 humana
3115 5719 3340 5772 Corpora
3373 5724 3565 5763 cerne--

1954 5803 2153 5858 remus,
2201 5790 2277 5845 sic
2317 5789 2519 5860 alisque
2571 5793 2936 5848 misericordia
2983 5797 3341 5866 pra-terimus.
3377 5800 3558 5872 itaque
