4086 6446
544 535 653 576 non
681 530 838 574 secus
864 529 927 569 ac
950 510 995 569 si
1018 518 1220 566 statuas
1241 506 1416 560 anima
1442 507 1711 564 carentes,
1736 509 1843 550 non
1870 490 2137 561 spirantes

546 611 794 666 homines
822 612 1208 677 spectaremus,
1227 598 1296 652 ita
1317 595 1535 667 domum
1565 598 1932 677 properamus.
1955 578 2140 677 ‘Euim-

546 716 679 757 vero
699 671 868 753 fames
894 694 1057 766 cogit,
1088 690 1349 761 inquiunt.
1373 686 1487 740 lmo
1516 679 1744 737 suadere
1764 675 1925 733 debet
1949 671 2135 766 fames.

549 802 610 848 ut
636 789 897 846 sultsistas
921 804 937 853 ;
964 761 1251 856 siquidem,
1282 788 1342 834 ut
1364 777 1577 846 vulgato
1623 771 1791 827 fertur
1829 761 2135 856 proverbio,

548 880 698 938 Pleni
739 889 955 935 ventres
997 853 1299 932 esurientes
1339 885 1444 924 non
1484 874 1749 922 noverunt
1776 878 1788 912 :
1813 868 1869 913 at
1904 853 1995 926 qui
2025 868 2142 908 esu-

553 974 699 1028 riunt
734 985 801 1027 ex
848 968 1167 1025 necessitate
1192 978 1287 1020 sua
1333 962 1494 1017 etiam
1533 957 1766 1012 alienam
1809 953 2138 1022 agnoscunt;

549 1064 638 1119 vel
671 1063 848 1134 potius
878 1076 947 1117 ne
974 1060 1051 1115 sic
1075 1054 1293 1127 quidem
1325 1051 1437 1107 ﬁeri
1467 1057 1659 1120 potest,
1694 1054 1751 1099 ut
1790 1043 1935 1097 illam
1975 1048 2138 1094 totam

550 1165 888 1228 perspectam
932 1152 1181 1206 habeant.
1233 1146 1367 1201 Nam
1412 1153 1465 1198 tu
1510 1140 1726 1212 quidem
1776 1136 1842 1190 ad
1898 1138 2141 1205 paratam

550 1262 793 1302 mensam
829 1244 1067 1310 festinas,
1111 1251 1165 1297 et
1199 1256 1265 1293 nc
1292 1238 1359 1292 ad
1400 1236 1666 1290 modicum
1687 1228 1905 1300 quidam
1933 1235 2142 1291 tempus

548 1348 705 1409 potes
729 1346 1078 1405 exstiectare:
1116 1346 1317 1402 pauper
1341 1337 1520 1383 autem
1552 1335 1657 1380 stat
1686 1322 1750 1375 :ul
1782 1324 1949 1391 ipsam
1974 1327 2143 1409 usque

550 1406 830 1500 vesperam
853 1428 1107 1483 festinans
1137 1435 1189 1479 et
1220 1422 1407 1478 sedulo
1434 1417 1766 1480 incumbens,
1796 1420 1853 1465 ut
1877 1406 2142 1500 quotidia-

550 1496 680 1578 num
724 1522 921 1576 victum
947 1524 1256 1587 comparet:
1281 1525 1510 1580 cumque
1534 1509 1674 1563 diem
1699 1504 1904 1558 ﬁnitum
1926 1496 2140 1558 viderit.

550 1612 831 1686 pecuniam
862 1625 991 1666 vero
1020 1607 1254 1662 nondum
1279 1614 1441 1659 totam
1462 1601 1763 1661 collectam,
1782 1591 1987 1686 qutead
2013 1603 2148 1686 quo:

555 1676 812 1760 iidianum
843 1701 1040 1757 victum
1069 1696 1320 1763 sufﬁciat,
1352 1693 1499 1748 dolet
1530 1698 1583 1743 et
1608 1683 1965 1743 excandescit,
1996 1688 2051 1735 et
2077 1676 2144 1767 ad

550 1808 615 1849 ea
646 1808 765 1863 qua:
807 1791 950 1846 vires
997 1788 1161 1858 ipsius
1206 1784 1473 1840 excedunt
1510 1777 1753 1834 audenda
1783 1770 2139 1842 compellitur.

552 1884 678 1940 ideo
704 1883 805 1940 sub
829 1895 1109 1953 vesperam
1134 1874 1525 1934 vehementius.
1537 1887 1635 1927 nos
1670 1868 1927 1925 invadunt
1958 1863 2144 1934 juran-

556 1984 659 2041 tes,
686 1973 1013 2043 adiurantes,
1045 1972 1317 2041 lugentes,
1350 1965 1642 2035 plorantes.
1684 1970 1874 2016 manus
1918 1953 2146 2010 tenden-

554 2073 657 2130 tes,
683 2063 785 2118 atia
811 2063 1088 2117 innumera
1122 2057 1457 2128 impudenter
1480 2070 1638 2125 agere
1662 2050 1852 2108 coacti.
1884 2048 2150 2101 Verentur

554 2155 699 2210 enim
754 2168 842 2218 ne,
888 2168 1012 2207 cum
1058 2165 1246 2205 omnes
1283 2149 1499 2203 domum
1548 2144 1888 2207 recesserint,
1929 2141 1980 2193 in
2013 2141 2150 2195 urbe

557 2254 828 2314 tamquam
861 2244 911 2297 in
938 2242 1153 2297 deserto
1182 2241 1289 2295 sint
1317 2237 1546 2295 erraturi
1580 2254 1593 2289 :
1623 2246 1679 2291 et
1703 2237 1838 2290 sicut
1870 2232 1959 2304 qui
1987 2233 2151 2286 inter-

554 2336 647 2392 diu
677 2334 1007 2406 naufragium
1035 2336 1296 2395 fecerunt.
1326 2331 1502 2386 tabula
1533 2336 1766 2400 arrepta,
1797 2335 1922 2380 ante
1962 2338 2150 2392 vespe-

555 2443 674 2483 ram
695 2426 764 2482 ad
793 2436 1004 2496 portum
1034 2425 1315 2495 pervenire
1344 2422 1615 2487 festinant,
1638 2436 1707 2475 ne
1732 2419 1866 2473 forte
1895 2433 2014 2472 cum
2046 2431 2147 2469 nux

556 2518 856 2579 advenerit,
915 2517 1043 2572 foris
1095 2526 1376 2573 manentes
1422 2514 1636 2584 gravius
1685 2509 2021 2578 naufragium
2052 2522 2149 2575 pa-

558 2611 758 2664 tiantur
786 2629 799 2663 :
835 2610 905 2663 ita
935 2617 991 2663 et
1016 2621 1278 2679 pauperes
1305 2606 1433 2661 dum
1474 2604 1669 2660 famem
1716 2614 1988 2671 tamquam
2019 2614 2151 2652 uau-

558 2700 785 2771 fragium
829 2700 1234 2770 pertimescuut,
1281 2705 1405 2751 ante
1450 2707 1725 2764 vesperam
1767 2690 2045 2761 pecuniam
2086 2686 2153 2741 ad

559 2791 811 2845 diurnum
844 2790 1044 2843 victum
1095 2786 1449 2849 sufﬁcientem
1496 2784 1749 2853 colligere
1782 2780 2054 2839 festinant,
2087 2792 2154 2831 ne

558 2898 681 2937 cum
708 2895 897 2937 omnes
917 2880 1136 2935 domum
1162 2876 1523 2940 discesserint,
1554 2884 1702 2929 extra
1735 2882 1945 2940 portum
1974 2884 2153 2923 rema-

560 2983 744 3031 neant.
770 2974 961 3031 Portus
981 2972 1124 3029 enim
1157 2971 1261 3025 illis
1282 2978 1407 3025 sunt
1430 2983 1617 3024 eorum
1644 2980 1856 3033 manus,
1879 2964 1970 3034 qui
1996 2976 2153 3033 opem

560 3066 759 3122 ferunt.

634 3160 688 3213 4.
722 3156 1013 3225 Pauperum
1044 3156 1278 3209 miseram
1313 3152 1651 3207 conditionem
1686 3148 1957 3213 describit,
1988 3147 2158 3202 diuiti-

564 3251 752 3318 busque
777 3248 1018 3301 duritiam
1060 3246 1228 3301 cordis
1258 3244 1543 3315 exprobrat.
1570 3273 1641 3283 -—
1672 3246 1739 3297 At
1775 3256 1873 3298 nos
1902 3250 2078 3312 neque
2107 3241 2159 3295 in

564 3341 682 3395 foro
707 3337 1094 3406 calamitatibus
1121 3353 1308 3393 eorum
1347 3351 1754 3392 commovemur
1777 3375 1791 3398 ,
1840 3349 2011 3404 neque
2037 3349 2159 3388 cum

564 3430 785 3484 domum
811 3429 1015 3484 reversi
1043 3443 1226 3483 smnus
1261 3445 1274 3481 :
1308 3427 1402 3481 sed
1426 3437 1625 3480 etcum
1665 3441 1847 3481 mensa
1886 3426 2038 3481 nobis
2066 3442 2160 3493 ap-

564 3520 738 3590 posita
758 3518 915 3573 fuerit
939 3559 955 3584 ,
998 3532 1143 3587 sche
1174 3517 1390 3572 inﬁnitis
1436 3516 1592 3571 bonis
1624 3514 1819 3571 referta
1860 3516 2159 3586 (siquidem

565 3627 629 3666 ea
680 3611 816 3665 bona
844 3610 1077 3663 vocanda
1109 3618 1234 3663 sunt
1262 3624 1381 3678 qua:
1422 3608 1488 3662 ad
1531 3615 1726 3661 nostra:
1762 3606 2163 3661 iuhmnauitatis

564 3702 1066 3759 condemnationem
1112 3701 1527 3769 comedimus),
1584 3716 1950 3755 verumtamen
2001 3701 2160 3753 etiam

567 3809 690 3847 cum
720 3794 959 3864 apposita
988 3790 1148 3846 fuerit
1177 3807 1385 3858 mensa,
1415 3791 1539 3845 dum
1567 3806 1663 3859 per
1682 3791 1994 3859 angiportus
2026 3790 2163 3845 infe-

570 3886 683 3937 rius
726 3884 848 3938 illos
897 3882 1205 3936 incedentes
1247 3880 1529 3945 audimus,
1577 3888 1631 3934 et
1668 3881 1720 3934 in
1762 3881 1933 3934 triviis
1972 3896 2164 3951 magna

571 3991 703 4031 voce
732 3977 1025 4031 clamantes
1046 4016 1059 4039 ,
1107 3974 1384 4044 profundis
1426 3973 1670 4027 dolentes
1709 3972 1759 4026 in
1790 3972 2025 4027 tenebris
2049 4013 2063 4035 ,
2115 3978 2164 4027 in

569 4066 735 4121 multa
767 4065 1049 4119 solitudine
1069 4107 1083 4129 ,
1132 4081 1199 4119 uc
1228 4066 1303 4119 sic
1328 4063 1541 4134 quidem
1584 4078 1990 4118 commoremur
2022 4080 2034 4116 :
2068 4064 2167 4119 sed

570 4166 629 4211 et
657 4156 824 4209 saturi
850 4155 975 4209 dum
1004 4154 1072 4208 ad
1114 4168 1360 4209 somnum
1406 4168 1504 4208 nos
1546 4154 1943 4218 convertimus,
1977 4163 2032 4208 ct
2076 4155 2167 4207 illo

572 4260 761 4300 rursus
789 4253 1029 4314 tempore
1055 4245 1233 4299 mttltis
1274 4245 1595 4299 clamoribus
1634 4245 1873 4300 dolorem
1908 4257 2168 4301 testantes

574 4335 844 4398 audimus,
876 4334 1027 4403 quasi
1072 4335 1313 4389 rabidum
1344 4349 1571 4399 canem,
1618 4350 1723 4389 nou
1751 4335 2036 4389 bumanun
2069 4353 2167 4391 vo-

577 4442 691 4482 cem
715 4426 1041 4492 audiremus,
1070 4425 1140 4480 ita
1173 4428 1508 4495 prrcterimus
1534 4444 1547 4480 :
1578 4436 1631 4481 et
1660 4442 1834 4496 neque
1860 4426 2170 4483 difﬁcultate

576 4519 839 4598 temporis
868 4534 1165 4583 lllOVlell',
1195 4519 1335 4589 quod
1365 4520 1681 4589 intempesta
1714 4529 1871 4575 nocte
1898 4521 2169 4575 dormien-

576 4611 720 4665 tibus
748 4612 998 4665 omnihus
1024 4612 1343 4666 lamentetur
1369 4612 1459 4666 ille
1482 4612 1649 4678 solus,
1682 4629 1857 4682 neque
1882 4616 2021 4682 quod
2053 4631 2169 4683 per-

580 4706 827 4774 exiguum
859 4704 982 4772 quid
1027 4705 1290 4773 postulet,
1338 4705 1478 4773 quod
1507 4706 1634 4758 nihil
1664 4707 1892 4774 amplius
1942 4724 1968 4761 a
2017 4709 2171 4764 nobis

578 4811 739 4864 quant
767 4812 957 4871 panem
978 4837 993 4860 ,
1040 4806 1129 4849 aut
1156 4796 1372 4866 paulum
1402 4798 1603 4867 argenti
1631 4808 1829 4865 petat,
1855 4816 2023 4869 neque
2055 4817 2169 4855 ma-

579 4885 853 4954 gnitudine
876 4887 1193 4941 calamitatis
1219 4928 1232 4950 ,
1270 4886 1413 4955 quod
1445 4897 1700 4956 perpetua
1733 4890 1868 4943 fame
1894 4891 2171 4945 coziﬁéctc-

581 4987 691 5043 tur,
726 4994 897 5048 neque
943 4978 1204 5033 modestia
1246 4978 1614 5047 supplicantis,
1646 4982 1875 5048 quicum
1911 4992 2052 5035 tanta
2081 4999 2174 5035 ne-

578 5070 829 5122 cessitate
873 5081 1171 5138 prcmatur,
1214 5084 1318 5121 non
1364 5068 1427 5122 ad
1470 5068 1611 5125 fores
1644 5070 1901 5126 accedere
1942 5072 2172 5138 audeat,

582 5175 690 5215 non
716 5162 959 5216 cominus
990 5171 1149 5224 stare,
1184 5161 1275 5214 sed
1309 5162 1526 5214 inferius
1547 5162 1704 5231 longo
1736 5172 1973 5217 remotus
2006 5174 2171 5219 mter-

580 5258 725 5312 vallo
755 5255 1193 5327 supplicationem
1240 5268 1388 5307 suam
1421 5256 1627 5308 ollerat.
1670 5257 1744 5309 Ac
1774 5258 1815 5309 si
1839 5258 2049 5325 quidem
2084 5274 2175 5311 nc-

585 5348 745 5416 cipiat
773 5390 787 5411 ,
830 5348 1132 5401 innumeras
1164 5361 1349 5414 preces
1390 5347 1636 5415 rependit
1662 5365 1674 5400 :
1704 5349 1747 5403 si
1778 5364 1881 5402 non
1925 5350 2171 5417 accipiat,

588 5455 654 5494 ne
676 5439 753 5492 sic
772 5438 983 5508 quidem
1008 5454 1252 5507 asperum
1282 5439 1501 5492 verbum
1520 5440 1734 5504 emittit,
1767 5454 1938 5510 neque
1967 5442 2175 5510 probris

587 5531 877 5584 insectatur
899 5538 991 5583 aut
1015 5529 1233 5583 infamat
1261 5546 1374 5593 eos,
1404 5529 1494 5599 qui
1521 5544 1640 5584 cum
1670 5531 1797 5585 dare
1826 5532 2051 5601 possint,
2097 5534 2175 5586 ni-

589 5620 661 5673 hil
697 5621 933 5689 prtebeut
962 5638 974 5673 :
1009 5621 1100 5675 sed
1146 5631 1201 5675 ut
1239 5622 1499 5691 quispiam
1531 5620 1654 5674 dum
1685 5621 1750 5676 ad
1782 5623 2171 5678 intolerandum

587 5712 854 5780 quoddam
882 5713 1199 5783 supplicium
1230 5728 1259 5765 a
1285 5712 1533 5770 carniﬁce
1559 5714 1767 5769 ducitur
1789 5756 1803 5780 ,
1831 5715 2024 5770 deinde
2053 5732 2173 5770 cum

590 5813 973 5873 praetereuntes
997 5820 1181 5860 omnes
1206 5805 1490 5861 cohortans
1516 5816 1568 5863 et
1610 5807 1899 5863 obsecrans
1920 5849 1934 5875 ,
1970 5808 2171 5865 nullum

1321 392 1377 446 S.
1421 384 1701 444 JOANNIS
1739 366 2219 438 CHRYSOSTOMI
2261 365 2584 421 AllClllEP.
2624 360 3161 421 CONSTANTINUP.

3749 357 3851 412 6M

2254 477 2551 535 subsidium
2578 477 2825 532 obtinere
2852 475 3104 545 pottterit,
3130 472 3292 527 multa
3317 487 3439 526 cum
3464 470 3861 527 inhumanitate

2250 572 2316 625 ad
2345 570 2662 642 supplicium
2690 568 2903 622 ducitur
2927 586 2940 620 :
2970 567 3041 621 ita
3072 564 3159 620 hic
3186 579 3401 635 quoque
3430 562 3555 617 dum
3580 574 3857 631 antiquam

2248 680 2277 718 a
2300 662 2552 719 carniﬁce
2583 660 2811 715 trahitur
2840 659 2905 713 ad
2933 667 3145 713 noctem
3172 673 3203 712 a
3228 656 3390 718 fame.
3419 667 3583 726 atque
3610 654 3678 709 ad
3715 656 3854 724 rigi-

2250 755 2349 811 lias
2391 753 2753 811 intolerabiles
2778 794 2792 817 ,
2846 765 3037 805 manus
3062 748 3267 811 tendit.
3308 760 3362 803 et
3394 747 3700 802 vehementi
3728 763 3858 799 cum

2248 848 2487 901 clamore
2533 859 2744 900 sursum
2776 843 2828 898 in
2858 841 3065 897 a-dihus
3093 840 3345 897 sedentes
3371 840 3704 909 deprecans,
3758 853 3861 893 nec

2250 938 2412 990 ullum
2445 935 2790 991 humanitatis
2829 932 3086 988 auxilium
3135 932 3467 1001 impetratis,
3513 918 3654 986 cum.
3690 929 3857 984 multa

2247 1028 2566 1084 crudelitate
2607 1026 3106 1083 immisericorditer
3128 1022 3467 1079 amandatur.
3500 1022 3641 1078 Nihil
3676 1033 3861 1077 tamen

2248 1123 2438 1177 borum
2470 1136 2570 1177 nos
2603 1122 2822 1177 inﬂectit
2842 1162 2858 1186 ,
2904 1119 2998 1174 sed
3020 1126 3142 1188 post
3172 1126 3372 1171 tantam
3409 1114 3858 1171 inbumanitatem

2248 1227 2440 1268 manus
2470 1211 2522 1266 in
2549 1211 2740 1265 etclam
2766 1208 2990 1264 tendere
3014 1207 3276 1263 audemus
3300 1248 3316 1270 ,
3364 1222 3427 1260 ac
3453 1206 3523 1260 de
3548 1205 3862 1261 misericor-

2247 1303 2332 1357 dia
2364 1300 2504 1370 apud
2547 1302 2713 1357 Deum
2738 1300 2900 1356 verba
2928 1299 3106 1354 facere
3131 1338 3147 1365 ,
3193 1299 3514 1367 veniamque
3544 1305 3859 1352 uestrorum

2248 1393 2569 1450 delictorum
2600 1393 2873 1462 postulare
2898 1408 2912 1453 ;
2969 1406 3069 1447 nec
3099 1391 3384 1454 timemus,
3428 1405 3495 1444 ne
3526 1388 3692 1444 ﬁnitis
3714 1388 3866 1459 ejus-

2250 1485 2394 1539 modi
2426 1485 2675 1554 precibus
2704 1492 2821 1553 post
2867 1493 3066 1536 tantam
3109 1482 3482 1537 crudelitatem
3524 1491 3579 1536 et
3608 1481 3864 1534 imniani-
3920 1492 3933 1498 ‘

2250 1588 2412 1633 tatem
2439 1578 2508 1633 de
2529 1577 2663 1632 ca-lo
2690 1576 2887 1631 fulmen
2922 1575 2973 1628 iu
3008 1590 3107 1629 uos
3132 1584 3272 1630 ruat.
3304 1574 3429 1642 Qui,
3457 1586 3660 1644 qttwso,
3692 1572 3772 1637 ﬁt,
3804 1582 3867 1626 ut

2250 1683 2371 1723 cum
2394 1668 2459 1721 ad
2483 1682 2730 1722 somnum
2752 1674 2808 1722 et
2834 1665 3069 1736 quietem
3096 1664 3388 1735 pergimus,
3417 1676 3522 1719 non
3549 1677 3864 1727 vereamur,

2254 1776 2321 1814 ne
2347 1759 2504 1814 nobis
2535 1758 2621 1814 hic
2649 1758 2767 1829 ipse
2793 1772 2996 1828 pauper
3026 1757 3078 1810 in
3118 1756 3323 1811 somnis
3360 1768 3625 1825 apparens
3652 1754 3869 1831 squaIi-_

2251 1849 2375 1915 dus,
2406 1847 2682 1914 sordidus,
2714 1847 2906 1917 pannis
2932 1846 3161 1913 obsitus,
3190 1846 3536 1909 lamentetur,
3564 1858 3629 1899 ac
3657 1844 3866 1914 lugeat,

2253 1948 2308 1993 ct
2343 1939 2718 1994 crudelitatem
2766 1936 3098 2008 exprobret?
3142 1936 3234 1992 Sic
3276 1936 3421 1993 enim
3452 1935 3653 1990 multos
3679 1933 3867 1988 auditi

2253 2029 2494 2084 dicentes
2535 2043 2594 2083 se
2624 2070 2639 2096 ,
2689 2044 2812 2083 cum
2861 2028 2930 2083 de
2978 2028 3066 2082 die
3095 2027 3420 2099 pauperibus
3444 2027 3737 2082 subvenire
3768 2043 3868 2080 ne-

2254 2120 2563 2190 glexissent,
2586 2121 2731 2176 visos
2756 2119 2856 2175 sibi
2884 2120 2951 2176 de
2974 2130 3131 2175 nocte
3153 2119 3370 2175 funibus
3395 2119 3717 2175 constrictos
3737 2135 3868 2188 ege-

2256 2226 2448 2266 norum
2467 2226 2626 2266 manu
2649 2210 2810 2274 trahi,
2835 2211 3087 2275 cruciari,
3111 2221 3166 2267 et
3190 2211 3487 2265 innumeris
3516 2211 3675 2265 malis
3696 2209 3866 2264 afﬁci.

2255 2301 2363 2357 Sed
2392 2302 2506 2358 lucc
2528 2301 2744 2372 quidem
2772 2316 2995 2356 somnus
3011 2310 3133 2356 sunt
3155 2311 3212 2357 et
3237 2302 3587 2365 insomnium,
3614 2315 3679 2355 ac
3704 2316 3868 2371 paena

2257 2395 2577 2465 temporaria
2605 2412 2619 2448 :
2652 2410 2752 2450 nos
2774 2403 2959 2450 autem
2979 2408 3159 2450 nonne
3186 2395 3495 2456 metuimus,
3546 2409 3755 2464 quzcso,
3800 2409 3872 2447 ne

2255 2483 2471 2555 quando
2498 2499 2786 2554 pauperem
2811 2484 2953 2540 hunc
2975 2484 3384 2550 lamentantem,
3416 2484 3743 2538 clamantem
3761 2525 3776 2548 ,
3806 2493 3871 2537 et

2259 2577 2559 2646 plorantem
2586 2577 2637 2630 iu
2662 2575 2893 2632 Abrahae
2908 2575 3027 2630 sinu
3050 2576 3349 2641 videamus,
3374 2585 3431 2631 ut
3453 2576 3579 2631 olim
3604 2574 3870 2630 Lazarum

2260 2670 2350 2725 ille
2371 2669 2566 2724 dives?
2590 2669 2722 2737 Qua:
2747 2683 2878 2724 vero
2907 2677 2963 2724 et
2991 2678 3289 2739 sequuntur
3320 2669 3475 2734 inde,
3508 2678 3704 2723 vestra:
3731 2682 3871 2723 con-

2259 2760 2501 2815 scientia:
2527 2759 2830 2830 colligenda
2860 2758 3128 2830 relinquo,
3157 2760 3471 2829 peracerba,
3498 2769 3554 2814 et
3578 2759 3873 2814 intoleran-

2259 2852 2326 2907 da
2354 2852 2442 2907 illa
2473 2861 2753 2918 termenta,
2781 2868 2895 2923 quo
2926 2861 3084 2923 pacto
3112 2868 3305 2922 aquam
3328 2852 3561 2921 petierit,
3584 2867 3693 2921 quo
3715 2863 3875 2925 parto

2261 2962 2329 3002 ne
2353 2955 2557 3016 guttam
2582 2944 2803 3017 quidem
2833 2945 3148 3009 obtinuerit,
3183 2961 3290 3015 quo
3324 2952 3478 3014 pacto
3508 2944 3748 2997 cruciata
3772 2945 3874 2997 litt-

2260 3052 2364 3107 gua
2394 3036 2573 3101 fuerit,
2602 3034 2873 3106 quomodo
2900 3046 3019 3105 post
3049 3036 3244 3090 multas
3275 3048 3463 3105 preces
3490 3034 3636 3088 fusas
3664 3034 3872 3088 nullam

2265 3129 2426 3183 fuerit
2462 3126 2674 3183 veniam
2714 3137 3117 3196 consequutus,
3171 3136 3227 3181 et
3273 3125 3548 3196 quomodo
3594 3125 3878 3195 suppliciis

2266 3227 2611 3290 torqueretur
2635 3219 2872 3274 aeternis.
2902 3220 2971 3271 At
2999 3218 3142 3272 enim
3174 3218 3313 3272 absit
3352 3225 3412 3271 ut
3442 3216 3540 3271 ista
3574 3231 3676 3270 nos
3705 3231 3877 3285 erpe-

2264 3309 2500 3365 rimento
2526 3322 2812 3379 noscamus
2835 3346 2850 3373 ,
2906 3307 3002 3361 sed
3028 3322 3089 3361 ea
3118 3316 3323 3361 tantum
3365 3307 3506 3361 dicta
3554 3306 3844 3361 audientes
3862 3350 3878 3373 ,

2265 3402 2440 3456 minas
2460 3400 2715 3470 operibus
2742 3398 2915 3453 illatas
2935 3399 3220 3465 evitemus,
3242 3414 3304 3454 ac
3330 3399 3473 3470 digni
3500 3400 3716 3464 redditi,
3739 3416 3883 3469 quos

2268 3506 2499 3563 proavus
2528 3493 2796 3547 Abraham
2828 3491 3053 3547 comiter
3077 3507 3139 3546 ac
3166 3503 3511 3562 peramantcr
3530 3494 3789 3562 excipiat,
3814 3494 3883 3548 ad

2267 3583 2516 3638 eumdem
2548 3598 2672 3637 cum
2701 3583 2793 3635 illo
2816 3582 3099 3651 pervenire
3137 3583 3311 3637 locmn
3359 3584 3628 3653 possimus
3648 3624 3663 3648 ,
3710 3586 3885 3656 gratia

2268 3683 2323 3728 et
2354 3673 2681 3745 benignitate
2714 3674 2923 3727 Domini
2954 3674 3119 3727 nostri
3152 3673 3279 3727 Jesu
3320 3672 3516 3728 Christi
3540 3716 3555 3739 ,
3607 3689 3733 3729 cum
3774 3691 3888 3745 quo

2270 3764 2413 3819 Patri
2437 3764 2627 3833 gloria,
2648 3762 2840 3828 honor,
2866 3764 3174 3833 imperium,
3194 3780 3294 3817 una
3312 3779 3433 3818 cum
3450 3763 3650 3833 Spiritu
3669 3775 3887 3834 sancto,

2273 3872 2413 3911 nunc
2444 3865 2497 3913 et
2523 3870 2755 3926 semper,
2791 3865 2843 3911 et
2867 3857 2920 3911 in
2950 3857 3147 3911 sarcula
3175 3857 3515 3911 steculorum.
3547 3862 3743 3911 Amen.

2842 3989 3075 4046 SERMO
3116 3990 3180 4045 γι
3207 3989 3307 4064 (α).

2273 4126 2351 4180 De
2394 4126 2551 4196 ligno,
2601 4142 2667 4179 an
2710 4142 2774 4179 ex
2826 4142 2881 4180 eo
2916 4126 3252 4195 cognitione»:
3283 4127 3401 4180 boni
3424 4137 3471 4181 et
3499 4128 3623 4181 mali
3653 4127 3893 4185 Adams

2343 4220 2557 4286 adeptus
2577 4219 2662 4282 sit,
2690 4236 2757 4271 an
2784 4234 2896 4272 vero
2928 4228 3195 4289 antequam
3240 4219 3427 4283 ederet,
3456 4220 3550 4273 huc
3575 4222 3893 4291 dignosceu-

2344 4310 2397 4361 di
2424 4310 2667 4379 facultate
2694 4311 2935 4377 prmditus
2966 4310 3114 4377 fuerit
3149 4327 3167 4363 :
3194 4310 3412 4379 itemque
3460 4312 3523 4365 de
3560 4312 3797 4383 jejunio,
3846 4325 3893 4367 et

2345 4402 2480 4470 quod
2499 4410 2726 4468 oporteat
2757 4401 2894 4453 domi
2930 4402 3162 4454 meditari
3187 4417 3300 4470 qua:
3326 4402 3379 4455 in
3407 4402 3613 4457 ecclesia
3642 4405 3892 4457 dicuntur

2348 4495 2363 4557 (
2392 4491 2518 4545 Gen.
2543 4492 2598 4545 9..
2628 4492 2711 4545 l7.
2734 4508 2844 4561 sqq.
2881 4493 2920 4560 ).

2350 4606 2401 4659 1.
2444 4604 2649 4669 Quanto
2703 4603 2878 4657 utilius
2917 4604 2984 4656 sit
3022 4603 3345 4657 concionibus
3395 4604 3635 4661 interesse
3663 4646 3678 4668 ,
3733 4623 3894 4673 quam

2282 4696 2511 4765 profanis
2538 4696 2878 4748 conventibus.
2909 4724 2979 4733 —
3006 4693 3275 4762 Jejtmium
3304 4696 3517 4765 quidem
3546 4696 3714 4767 diligo
3741 4700 3891 4767 quod

2283 4788 2646 4855 temperantia:
2683 4788 2751 4841 sit
2789 4801 3003 4855 parens,
3036 4795 3088 4841 et
3112 4787 3230 4841 fons
3256 4788 3432 4842 omnis
3478 4789 3844 4859 philosophia:
3877 4812 3891 4845 :

2280 4878 2375 4931 sed
2429 4887 2484 4931 et
2532 4877 2660 4931 illud
2698 4886 2912 4946 propter
2943 4892 3037 4931 vos
3057 4877 3243 4947 diligo.
3274 4888 3329 4934 et
3381 4890 3602 4950 propter
3651 4892 3894 4938 vestram

2280 4971 2579 5033 caritatem,
2602 4970 2742 5037 quod
2772 4970 2911 5023 hunc
2926 4970 3055 5023 mihi
3084 4984 3294 5026 sacrum
3325 4983 3485 5042 atque
3510 4976 3889 5029 venerandum

2280 5071 2473 5115 coetum
2487 5060 2741 5129 coegerit,
2757 5060 2914 5129 idque
2932 5069 3166 5130 praestet,
3183 5072 3237 5115 ut
3256 5073 3466 5130 optatos
3482 5064 3657 5119 vultus
3678 5077 3894 5120 vestros

2282 5151 2471 5204 intueri
2489 5151 2772 5219 possimus,
2788 5151 3134 5214 etcoucedat,
3158 5162 3217 5205 ttt
3234 5153 3334 5203 hoc
3362 5168 3515 5208 sacro
3534 5167 3811 5208 conventu
3832 5172 3892 5212 ac

2284 5244 2426 5297 fL‘Sii\
2442 5246 2566 5299 itate
2578 5259 2697 5298 cum
2723 5243 2909 5297 ﬁducia
2929 5244 3275 5299 delectemur.
3300 5245 3412 5299 Non
3437 5247 3578 5301 enim
3592 5249 3797 5302 errabit
3828 5251 3894 5311 is.

2282 5338 2369 5403 qui
2392 5351 2701 5391 consessum
2721 5336 2862 5391 hunc
2878 5347 3114 5391 vestrum
3142 5349 3195 5391 et
3224 5354 3433 5393 sacrum
3450 5351 3802 5401 Conventum.
3843 5356 3894 5397 et

2286 5426 2641 5490 festivitatem,
2671 5435 2725 5479 et
2749 5425 2849 5479 alia
2872 5438 3118 5483 sexcenta
3144 5429 3279 5482 bona
3303 5430 3644 5498 nuncuparit.
3678 5431 3818 5485 Nam
3850 5437 3895 5489 si

2286 5515 2336 5568 in
2378 5515 2549 5569 forum
2589 5515 2856 5585 profectus
2882 5518 3166 5586 quispiam,
3199 5519 3327 5573 etin
3357 5522 3585 5590 aliquem
3643 5524 3893 5580 incidens

2285 5622 2346 5661 cx
2371 5608 2575 5671 amicis,
2603 5624 2820 5663 omnem
2845 5624 2986 5679 satpe
3016 5610 3284 5665 tristitiam
3329 5612 3589 5682 sbstergit
3622 5630 3635 5666 :
3662 5629 3766 5668 nos
3803 5620 3893 5683 qu‘:

2288 5760 2431 5884 sug)‘
2454 5767 2595 5873 ttoulne1
2610 5769 2889 5873 is'ttsarmoncm
2917 5773 2969 5815 et
2992 5772 3291 5828 sequentem
3306 5766 3474 5818 confer
3490 5782 3601 5819 cum
3614 5768 3795 5821 llomil.
3820 5770 3879 5818 ιε

2407 5839 2413 5847 '
2455 5836 2481 5873 C
2539 5859 2548 5869 .
2673 5860 2683 5871 .

2407 5836 2431 5871 a
2455 5836 2548 5873 COI.
2575 5836 2595 5873 1
2610 5836 2683 5873 ιδ.
