4086 6468
293 475 400 527 θίὶὸ

289 587 617 659 ἀνθρώπους
650 586 964 657 βλέποντες,
994 584 1168 649 οὕτως
1193 582 1377 638 οἴκαδε
1413 582 1768 651 ἐπειγόμεθα.
1820 582 1893 633 Τὸ

291 678 403 749 γάρ
436 681 630 750 πεινῇν
661 676 1100 744 καταναγκάζει,
1134 676 1289 746 φησί.
1328 675 1438 727 Καὶ
1477 674 1582 744 μὴν
1607 672 1669 725 τὸ
1704 674 1895 741 πεινῇν

290 770 536 824 πειθέτω
561 770 745 841 μένειν
764 786 777 798 ·
797 770 854 821 αἱ
876 768 977 838 μὲν
994 767 1105 839 γὰρ
1122 766 1581 837 ἐμπεπλησμέναι
1603 763 1769 833 γαστέ
1780 778 1892 834 ρες,

290 862 442 916 κατά
470 862 567 931 τὴν
595 860 918 931 παροιμίαν,
950 860 1051 923 τέις
1084 857 1364 937 ¹ιΞεινώσας
1393 855 1683 925 ἀγνοοῦσιν
1711 871 1725 886 ·
1758 856 1811 907 αί
1836 853 1894 905 δὲ

291 952 566 1006 πεινῶσαι
596 952 662 1003 ἐκ
700 954 799 1022 τῆς
833 951 1045 1013 οἰκείας
1077 950 1326 1020 ἀνάγκης
1352 948 1448 1003 καὶ¹
1476 948 1574 1016 τὴν
1603 945 1893 1015 ἀλλοτρίαν

292 1041 725 1110 ἐπιγινώσκωσι
763 1058 776 1071 ·
814 1040 1017 1111 μᾶλλον
1042 1040 1099 1093 δὲ
1119 1040 1240 1093 οὐδὲ
1278 1038 1424 1091 οὑτω
1454 1037 1678 1091 δυνατὸν
1710 1038 1892 1091 πᾶσαν

288 1133 465 1203 αὐτὴν
503 1132 764 1185 κατιδεῖν.
813 1132 886 1183 Σὺ
926 1131 1025 1199 μὲν
1073 1129 1184 1199 γάρ
1236 1129 1329 1181 ἐπὶ
1362 1127 1892 1199 παρεσκευασμένην

288 1224 509 1293 τρέχεις
538 1222 842 1295 τράπεζαν,
885 1223 977 1274 καὶ
995 1220 1117 1274 οὑδὲ
1157 1220 1352 1291 μικρὸν
1379 1216 1671 1290 ἀναμεῖναι
1697 1218 1889 1291 ἀνέχῃ·

287 1319 316 1369 ό
344 1317 403 1368 δὲ
428 1316 598 1385 πένης
620 1314 819 1385 ⁴έστηκε
855 1314 1019 1384 μέχρι
1033 1316 1133 1385 τῆς
1164 1312 1405 1384 ἑσπέρας
1430 1312 1621 1381 αὐτῆς,
1643 1310 1891 1364 σπεύδων

290 1408 388 1460 καὶ
411 1406 765 1476 ἐπειγόμενος
796 1406 901 1475 τὴν
922 1407 1198 1476 ἐφήμερον
1220 1406 1428 1475 τροφὴν
1446 1404 1771 1473 ἀπαρτίσαι·
1798 1403 1891 1454 καὶ

285 1500 436 1570 ὀρῶν
471 1500 572 1571 τὴν
591 1500 688 1569 μὲν
722 1498 936 1568 ἡμέραν
982 1496 1386 1567 πληρωθεῖσαν,
1418 1495 1479 1547 τὸ
1535 1496 1591 1548 δὲ
1625 1494 1889 1564 ἀργύριον

286 1592 507 1644 οὐδέπω
537 1588 825 1661 πληρωθὲν
850 1587 1017 1646 άπαν,
1045 1588 1105 1640 τὸ
1132 1588 1268 1658 πρὸς
1295 1586 1502 1657 τροφὴν
1537 1585 1741 1655 ἀρκοῦν
1793 1587 1890 1652 ἐφ-

288 1688 519 1756 ήμερον,
546 1684 798 1736 ὀδυνᾶται
832 1683 925 1734 καὶ
963 1680 1328 1751 ἐμπίπραται,
1372 1678 1467 1731 καὶ
1516 1678 1738 1749 μείζονα
1789 1676 1890 1745 τῆς

286 1777 501 1838 οἰκείας
532 1774 820 1843 δυνάμεως
860 1772 1067 1841 τολμᾷν
1101 1771 1490 1839 ἀναγκάζεται.
1512 1768 1611 1821 Διά
1647 1768 1805 1821 τοῦτο
1832 1772 1889 1820 ἐν

287 1868 505 1937 ἑσπέρᾳ.
547 1864 904 1934 σφοδρότερον
928 1863 1059 1931 ἡμῖν
1085 1861 1443 1919 ἐπιτίθενται,
1467 1860 1759 1930 ὀμνύντες,
1792 1859 1885 1927 ὀρ-

287 1959 536 2022 κοῦντες,
562 1956 909 2027 θρηνοῦντες,
942 1953 1353 2031 όλοφιηιέμενοι,
1384 1954 1482 2015 τάς
1508 1956 1696 2023 χεῖρας
1714 1952 1891 2003 ἐκτείσ

288 2068 495 2113 νοντες,
556 2050 727 2118 μυρία
789 2048 953 2117 ἕτερα
988 2020 1368 2114 ἀπλιχυντείν
1430 2045 1883 2113 ἀναγκαζόμενοι.

287 2142 576 2195 Δεδοίκασι
631 2140 741 2210 γὰρ
786 2139 881 2208 μὴ.
924 2138 1143 2189 πάντων
1178 2132 1363 2189 οἶκαδε
1390 2136 1885 2205 ἀναχωρησάντων,

291 2231 445 2304 [669]
468 2232 544 2294 ὡς
566 2234 623 2283 ἐν
647 2232 860 2301 ἐρήμῳ.
883 2232 947 2299 τῇ
982 2228 1132 2281 πόλει
1161 2226 1469 2280 πλανᾶσθαι
1504 2229 1759 2293 μέλλωσι.
1781 2226 1889 2280 Καὶ

289 2324 549 2392 καθάπερ
582 2323 631 2375 οἱ
659 2322 905 2391 ναυαγίῳ
928 2316 1400 2389 περιπεσόντεςέν
1427 2320 1631 2390 ἡμέρᾳ,
1669 2318 1889 2371 ἐπειδὰν

289 2416 661 2467 ἐπιλάϐωνται
710 2413 939 2475 σανίδος,
989 2412 1096 2482 πρὸ
1144 2412 1247 2480 τῆς
1294 2410 1533 2481 ἑσπέρας
1568 2411 1656 2463 τὸν
1695 2411 1889 2479 λιμένα

291 2506 623 2559 καταλαϐεῖν
647 2505 981 2572 ἐπείγονται,
1002 2506 1215 2573 μήποτε
1245 2502 1345 2572 τῆς
1381 2502 1575 2565 νυκτὸς
1633 2502 1891 2554 ἐπελθού-

292 2615 393 2668 σης
422 2598 529 2661 ἔξω
556 2598 839 2666 μείναντες
862 2594 1245 2664 χαλεπωτέρου
1272 2593 1576 2663 πειραθῶσι
1603 2593 1695 2645 τοῦ
1724 2609 1892 2645 ναυα-

288 2691 434 2756 γίου·
464 2686 609 2741 οὕτω
625 2688 718 2741 καὶ
739 2688 789 2739 οί
825 2688 1079 2755 πένητες,
1097 2686 1349 2757 καθάπερ
1374 2686 1633 2753 ναυάγιον
1653 2684 1890 2737 δεδοικό-

290 2799 380 2844 τες
411 2781 506 2833 τὸν
524 2780 703 2849 λιμδν,
738 2778 1028 2831 σπεύδουσι
1077 2777 1184 2849 πρὸ
1230 2776 1331 2848 τῆς
1381 2777 1619 2846 ἑσπέρας
1653 2775 1714 2827 τὸ
1754 2776 1890 2846 πρὸς

290 2871 495 2941 τροφὴν
525 2872 709 2933 αὑτοῖς
726 2869 990 2940 ἀργύριον
1028 2869 1233 2941 ἀρκοῦν
1284 2871 1634 2937 συναγαγεῖν,
1672 2869 1758 2923 ἵνα
1793 2869 1888 2938 μὴ,

291 2961 510 3013 πάντων
572 2959 1048 3029 ἀποδημησάντων
1116 2958 1323 3021 οἶκαδε,
1383 2957 1487 3022 ἐξω
1552 2956 1643 3010 τοῦ
1674 2957 1891 3027 λιμένος

292 3049 540 3117 μείνωσι.
565 3048 745 3118 Λιμὴν
764 3046 875 3117 γάρ
903 3047 1089 3109 αὐτοῖς
1124 3047 1306 3099 αἰτῶν
1333 3046 1892 3116 ἀντιλαμϐανομένων

291 3141 474 3213 χεῖρές
498 3142 659 3193 εἰσιν.
1820 3150 1827 3158 ·

360 3326 426 3381 δ’.
450 3327 641 3395 Ἡμεῖς
669 3326 727 3379 δὲ
738 3323 861 3381 οὕτε
879 3326 937 3379 ἐν
953 3326 1129 3396 ἀγορᾷ
1147 3324 1283 3397 πρὸς
1305 3323 1403 3387 τὰς
1428 3323 1654 3377 ἐκείνων
1675 3324 1889 3395 ὲκκαμ-

290 3419 542 3490 πτόμεθα
568 3418 877 3489 συμφοράς,
910 3417 1035 3470 οὕτε
1065 3416 1248 3470 οἶκαδε
1275 3415 1623 3479 ἀπελθόντες
1648 3414 1892 3468 ἀλλάκαὶ

287 3512 391 3580 τῆς
413 3510 697 3580 τραπέζης
727 3512 759 3575 ἡ
770 3510 861 3578 μίν
898 3508 1333 3579 παρακειμένης,
1369 3507 1634 3571 πολλάκις
1672 3508 1766 3561 καὶ
1791 3525 1893 3577 μυ-

293 3603 428 3673 ρίων
476 3600 758 3671 γεμούσης
801 3599 1025 3667 ἀγαθῶν
1070 3599 1206 3669 (είγε
1240 3599 1422 3668 ἀγαθά
1461 3600 1568 3671 χρὴ
1613 3600 1821 3664 καλεῖν,
1856 3599 1893 3655 ά

290 3695 386 3746 ἐπὶ
427 3693 752 3762 κατακρίσει
795 3692 894 3761 τῆς
938 3689 1098 3761 ἡμῶν
1148 3690 1550 3761 ἀπανθρωπίας
1587 3691 1889 3762 ἐσθίομεν),

292 3786 432 3855 πλὴν
458 3784 595 3837 ἀλλά
625 3786 721 3838 καὶ
745 3787 844 3852 τῆς
879 3780 1159 3853 τραπέζης
1191 3784 1631 3855 παρακειμένης,
1658 3784 1889 3837 ἀκούον-

289 3895 385 3939 τες
413 3875 658 3930 κάτωθεν
685 3876 776 3929 διὰ
804 3874 915 3927 τῶν
958 3874 1250 3927 στενωπῶν
1284 3874 1612 3944 βαδιζόντων
1642 3875 1890 3937 ἐκείνων,

293 3972 390 4024 καὶ
425 3968 636 4039 μεγάλα
674 3966 921 4037 βοώντων
958 3968 1017 4018 ὲν
1071 3968 1184 4029 τοῖς
1229 3966 1513 4035 ἀμφόδοις,
1535 3967 1893 4038 ὀδυνωμένων

293 4064 352 4113 ὲν
408 4061 697 4130 βαθυτάτῳ
750 4058 950 4128 σκότῳ,
989 4058 1046 4109 ὲν
1082 4058 1289 4129 ἐρημίᾳ
1316 4058 1510 4130 πολλῇ,
1568 4058 1691 4113 οὑδὲ
1718 4058 1894 4121 οὕτως

293 4150 783 4223 ἰπικαμπτόμεθα’
836 4150 971 4203 ἀλλά
1014 4150 1111 4203 καὶ
1145 4148 1575 4219 ἐμπλησθέντες,
1608 4150 1704 4204 καὶ
1754 4152 1892 4221 πρὸς

295 4242 465 4296 ’ύπνον
492 4242 818 4311 βαδίζοντες,
856 4244 948 4293 καὶ
981 4245 1036 4293 ὲν
1070 4241 1264 4310 ἐκείνῳ
1297 4241 1459 4294 πάλιν
1475 4240 1553 4312 τῷ
1588 4242 1765 4314 καιρῷ
1792 4261 1891 4313 με·

296 4337 439 4407 γάλα
471 4334 715 4390 κάτωθεν
745 4335 1091 4405 ὀδυρομένων
1146 4335 1459 4400 ἀκούοντες,
1509 4334 1699 4406 ῶσπερ
1730 4336 1893 4398 κυνὸς

294 4425 617 4490 λυττῶντος,
642 4426 756 4479 ἀλλ’
810 4426 911 4477 οὑκ
944 4426 1297 4496 ἀνθρωπίνης
1352 4426 1642 4489 ἀκούοντες
1706 4427 1893 4495 φωνῆς

295 4518 440 4570 οῦτω
470 4517 912 4586 παρατρέχομεν·
946 4518 1039 4569 καὶ
1092 4516 1217 4569 οῦτε
1246 4517 1386 4588 πρὸς
1428 4517 1520 4569 τόν
1556 4519 1749 4588 καιρὸν
1772 4521 1889 4570 ὲπι-

300 4610 667 4682 στρεφόμεθα,
697 4610 778 4661 ὅτι
820 4610 961 4680 ἀωρὶ
994 4609 1181 4662 λοιπὸν
1208 4609 1319 4661 τῶν
1342 4609 1555 4661 νυκτῶν
1597 4610 1892 4663 καθευδόνο

298 4716 408 4752 των
436 4698 693 4751 ἀπάντων
722 4697 929 4759 ἐκεῖνος
958 4695 1209 4766 ὀδύρεται
1252 4697 1431 4765 μόνος,
1466 4695 1590 4749 οῦτε
1634 4698 1774 4767 πρὸς
1833 4697 1893 4749 τὸ

302 4788 503 4853 κοῦφον
533 4788 629 4857 τῆς
659 4787 950 4857 αἰτήσεως,
981 4787 1063 4840 δτι
1116 4787 1281 4858 ἄρτου
1335 4787 1499 4841 πλέον
1546 4789 1700 4841 οῦδὲν
1744 4791 1894 4858 ἡμᾶς

299 4883 395 4935 ἀπ.
424 4883 543 4946 .τεῖ,
566 4881 599 4952 ἢ
626 4880 889 4951 ἀργύριον
912 4880 1112 4949 ὀλίγον,
1137 4880 1262 4933 οὗτε
1289 4881 1423 4951 πρὸς
1464 4881 1525 4933 τὸ
1548 4882 1777 4951 μέγεθος
1796 4885 1895 4953 τῆς

300 4972 610 5041 συμφοράς,
638 4971 879 5041 δτιλιμῷ
901 4972 1123 5025 παλαίει
1166 4972 1424 5043 διηνεκεῖ,
1454 4972 1578 5026 οὔτε
1629 4975 1766 5044 πρὸς
1794 4975 1896 5041 τὴν

299 5062 600 5115 ἐπιείκειαν
658 5064 749 5115 τοῦ
803 5064 1025 5128 ἱκέτου,
1080 5066 1162 5118 ὃτι
1226 5066 1463 5137 τοσαύτῃ
1529 5068 1893 5137 κατεχόμενος

298 5153 538 5221 ἀνάγκη,
555 5151 619 5203 ού
640 5152 773 5221 πρὸς
794 5152 893 5215 τὰς
923 5154 1094 5223 θύρας
1120 5155 1315 5218 ἐλθεῖν,
1334 5157 1433 5208 ούκ
1451 5158 1617 5225 ἐγγὺς
1639 5160 1895 5225 γενέσθαι

298 5240 496 5309 τολμᾷ,
548 5240 684 5293 άλλά
742 5241 986 5296 κάτωθεν
1025 5244 1090 5295 ἐκ
1137 5244 1333 5299 πολλοῦ
1369 5245 1464 5298 τοῦ
1524 5247 1897 5319 διαστήματος

301 5334 535 5385 ποιεῖται
557 5334 656 5402 τὴν
686 5333 983 5403 ἱκετηρίαν.
1018 5335 1134 5387 Κᾶν
1170 5337 1267 5404 μὲν
1295 5338 1455 5411 λάϐῃ,
1490 5340 1687 5411 μυρίας
1712 5342 1897 5396 δίδωσι

298 5424 399 5486 τὰς
422 5425 609 5493 εύχάς’
637 5423 703 5477 ἂν
734 5424 789 5477 δὲ
820 5424 899 5495 μὴ
929 5425 1069 5497 λάϐῃ
1091 5468 1104 5489 ,
1131 5428 1250 5480 οὑδὲ
1280 5430 1428 5483 οὕτω
1471 5433 1669 5501 πικρὸν
1700 5434 1898 5487 ἐκϐάλ-

301 5515 382 5567 λει
406 5514 579 5584 ῥῆμα,
610 5516 729 5568 οὐδὲ
762 5516 1089 5587 λοιδορεῖται
1112 5520 1206 5571 καὶ
1236 5520 1549 5593 βλασφημεῖ
1578 5524 1703 5587 τοὺς
1731 5525 1889 5577 δυνα-

304 5607 499 5675 μένους
528 5606 731 5672 δοῦναι,
771 5610 863 5661 καὶ
902 5611 977 5681 μὴ
1031 5611 1395 5683 παρέχονταςν
1436 5614 1548 5667 ἀλλ’
1580 5614 1771 5687 ὥσπερ
1812 5635 1894 5683 τις

302 5698 407 5751 ὑπὸ
436 5698 633 5768 δημίου
682 5701 827 5763 τινὸς
860 5702 951 5754 ἐπὶ
1006 5702 1230 5756 κόλασιν
1268 5706 1536 5775 ἀγόμενος
1595 5708 1892 5779 ἀφόρητον,

301 5782 419 5840 εἷτα
438 5789 563 5849 τοῦς
599 5790 892 5858 παριόντας
919 5792 1165 5856 ἃπαντας
1210 5797 1567 5865 παρακαλῶν,
1612 5799 1891 5861 ἱκετεύων,

300 5878 395 5931 καὶ
441 5880 713 5950 μηδεμιᾶς
773 5884 1055 5951 τυγχάνων
1108 5886 1467 5955 ἀντιλήψεως,
1503 5890 1642 5955 μετά
1689 5890 1895 5957 πολλῆς

1539 465 1601 520 IN
1640 462 1944 519 GENESIM
1987 460 2225 520 SERMO
2278 465 2365 521 Π.

3492 468 3599 524 60’.

2004 580 2104 649 τῆς
2142 580 2540 650 ἀπανθρωπίας
2563 580 2699 651 πρὸς
2728 580 2825 651 τὴν
2859 580 3082 635 κολασιν
3105 583 3320 650 ἄγεται·
3345 581 3488 635 οὕτω
3508 588 3599 638 καὶ

2002 663 2181 736 οὗτος,
2223 670 2477 741 καθάπερ
2497 670 2603 724 ὑπὸ
2622 671 2817 742 δημίου
2850 670 2944 724 τοῦ
2974 672 3133 743 λιμοῦ
3157 673 3293 745 πρὸς
3308 674 3408 746 τὴν
3429 673 3599 728 νύκτα

2004 761 2297 832 ἑλκόμενος
2328 762 2421 816 καὶ
2446 762 2547 833 τὴν
2568 764 2842 834 ἀφόρητον
2869 764 3203 835 ἀγρυπνίαν,
3243 764 3474 818 ἐκτείνει
3503 766 3602 835 μὲν

2001 854 2101 917 τάς
2140 856 2347 923 χεῖρας,
2380 854 2520 923 μετά
2564 856 2798 926 σφοδρᾶς
2826 856 2925 926 τῆς
2953 855 3083 927 βοῆς
3132 856 3259 919 τοὺς
3286 858 3343 909 ἐν
3375 859 3495 921 ταῖς
3525 860 3603 910 oi-

2004 945 2150 1009 κίαις
2176 946 2290 999 ἀνω
2325 945 2668 1017 καθημένους
2724 947 3083 1018 παρακαλῶν,
3111 948 3370 1018 οὐδεμιᾶς
3403 949 3460 1002 δέ
3481 949 3602 1017 φιλ-

2002 1036 2321 1108 ανθρωπίας
2383 1040 2701 1107 τυγχάνων,
2755 1038 3001 1109 ἀνηλεῶς
3050 1040 3473 1115 ἀποπέμπεται¹
3508 1042 3602 1095 καὶ

2004 1130 2143 1201 μιτά
2185 1130 2387 1199 πολλῆς
2415 1130 2514 1199 τῆς
2542 1129 2845 1200 ὠμότητος.
2876 1130 3016 1183 Ἀλλ’
3043 1131 3198 1184 οὐδὲν
3221 1132 3433 1186 τούτων
3454 1134 3604 1204 ἡμᾶς

2000 1222 2364 1290 ἐπικάμπτει,
2412 1222 2548 1275 ἀλλά
2580 1222 2719 1292 μετά
2752 1223 3025 1294 τοσαύτην
3073 1222 3473 1295 ἀπανθρωπίαν
3522 1226 3605 1287 εἰς

2000 1316 2091 1368 τὸν
2117 1315 2347 1385 οὐρανὸν
2376 1317 2615 1367 ἐκτεῖναι
2642 1315 2740 1377 τάς
2767 1318 2956 1385 χεῖρας
2988 1316 3301 1386 τολμῶμεν,
3338 1318 3434 1370 καὶ
3473 1319 3605 1389 περὶ

2000 1409 2152 1461 ἐλέου
2181 1407 2530 1479 διαλεχθῆναι
2558 1406 2638 1477 τῷ
2690 1407 2829 1477 Θεῷ,
2862 1409 2952 1462 καὶ
3003 1408 3337 1479 συγγνώμην
3376 1409 3604 1479 αἰτῆσαι

1998 1501 2107 1554 τῶν
2136 1500 2354 1553 οἰκείων
2376 1500 2816 1571 ἁμαρτημάτων
2838 1502 2931 1553 καὶ
2965 1502 3025 1553 ού
3057 1501 3379 1571 δεδοίκαμεν
3412 1501 3486 1572 μὴ
3510 1518 3603 1555 κε-

2001 1594 2194 1663 ραυνὸς
2228 1592 2366 1663 μετά
2387 1594 2486 1663 τὴν
2517 1593 2775 1664 τοιαύτην
2790 1593 2957 1665 εύχὴν
2988 1595 3315 1665 κατενεχθῇ,
3341 1596 3480 1664 μετά
3502 1595 3605 1665 τὴν

1998 1684 2269 1755 τοσαύτην
2318 1684 2577 1754 ὠμότητα
2632 1685 2729 1737 καὶ
2785 1685 3210 1756 ἀπανθρωπίαν.
3279 1686 3404 1751 Πῶς
3464 1687 3603 1757 πρὸς

2003 1775 2192 1838 ῦπνον,
2236 1775 2357 1827 εἰπέ
2401 1792 2513 1843 μοι,
2548 1774 2835 1845 βαδίζομεν
2890 1776 2985 1829 καὶ
3014 1777 3344 1839 ἀνάπαυσιν,
3390 1777 3485 1830 καὶ
3538 1778 3601 1828 ού

1997 1868 2320 1937 δεδοίκαμεν
2360 1868 2513 1939 [670]
2549 1870 2624 1938 μὴ
2679 1871 2800 1923 κατ’
2837 1867 2971 1939 ὄναρ
2999 1870 3163 1933 αὑτὸς
3209 1865 3365 1931 οὗτος
3412 1871 3543 1939 ὑμῖν
3574 1873 3605 1923 ὁ

2000 1962 2169 2029 πένης
2192 1960 2441 2024 ἐπιστάς,
2472 1960 2722 2030 αὐχμῶν,
2751 1960 2941 2031 ῥυπῶν
2999 1962 3167 2032 ῥάκια
3196 1961 3603 2032 περιϐεϐλημέ-

1999 2070 2109 2115 νος,
2145 2054 2407 2123 ὀδύρηται
2438 2053 2532 2105 καὶ
2560 2052 2829 2125 θρηνὴσῃ,
2876 2053 2977 2124 τὴν
3006 2052 3271 2123 ὠμότητα
3320 2053 3601 2121 ἐγκαλῶν;

1999 2142 2111 2194 Καὶ
2142 2142 2250 2212 γάρ
2283 2141 2495 2194 πολλῶν
2523 2142 2784 2205 πολλάκις
2811 2144 3025 2213 ἤκουσα
3060 2143 3351 2212 λεγόντων,
3376 2146 3459 2198 ὅτι
3482 2146 3606 2215 μεθ’

2000 2234 2215 2304 ἡμέραν
2239 2234 2592 2305 ὑπεριδόντες
2615 2234 2714 2302 τῆς
2743 2234 2850 2287 τῶν
2882 2235 3115 2306 πτωχῶν
3146 2236 3507 2307 ἀντιλήψεως,
3544 2239 3602 2288 ἐν

2000 2330 2155 2383 νυκτὶ
2198 2329 2411 2398 σχοινία
2459 2328 2968 2399 περιϐεϐλημένους
3025 2330 3255 2392 ἑαυτοὺς
3310 2326 3451 2382 εἶδον
3480 2329 3607 2397 ικαὶ

2000 2421 2327 2490 ἑλκομένους
2358 2421 2463 2473 ὑπὸ
2490 2420 2588 2490 τῆς
2605 2420 2713 2472 τῶν
2765 2422 3018 2490 πενήτων
3051 2420 3253 2491 χειρὸς,
3288 2436 3601 2490 σπαραττο-

2003 2512 2219 2582 μένους,
2246 2511 2415 2581 μυρία
2442 2512 2753 2580 πάσχοντας
2779 2513 3107 2581 πράγματα.
3127 2510 3291 2563 Ἀλλά
3310 2510 3485 2564 ταῦτα
3504 2510 3604 2581 μὲν

2001 2608 2168 2669 ὕπνος
2194 2606 2288 2657 καὶ
2324 2604 2477 2673 δναρ,
2519 2606 2613 2656 καὶ
2669 2605 3008 2674 πρόσκαιρος
3064 2603 3327 2673 τιμωρία·
3350 2604 3510 2673 ἡμεῖς
3547 2603 3605 2656 δὲ

1998 2698 2061 2750 οὑ
2088 2697 2431 2766 δεδοίκαμεν,
2461 2696 2582 2748 είπὲ
2619 2713 2731 2765 μοι,
2785 2698 2998 2765 μήποτε
3030 2696 3123 2748 τὸν
3174 2696 3385 2765 πένητα
3414 2695 3608 2748 τοῦτον

1999 2791 2091 2843 τὸν
2122 2790 2446 2860 ὀδυρόμενον
2475 2790 2568 2841 καὶ
2599 2788 2809 2858 βοῶντα
2847 2790 2940 2841 καὶ
2974 2790 3375 2859 ὀλοφυρόμενον
3407 2789 3468 2841 ἐν
3492 2792 3607 2849 τοῖς

2000 2883 2223 2945 κόλποις
2256 2880 2456 2950 ίδωμεν
2485 2880 2579 2933 τοῦ
2616 2880 2889 2951 Ἀϐραάμ,
2929 2881 3184 2951 καθάπερ
3217 2880 3349 2935 ποτέ
3373 2882 3467 2933 τὸν
3494 2882 3608 2935 Λά-
3670 2891 3682 2900 ’

2000 2972 2169 3046 ζαρον
2222 2973 2253 3025 ὁ
2297 2971 2554 3033 πλούσιος
2603 2972 2841 3037 ὲκείνος;
2897 2973 2979 3026 Τά
3009 2974 3065 3026 δὲ
3118 2972 3368 3026 ἐντεῦθεν
3399 2974 3606 3043 ἀφίημι

2001 3065 2155 3135 ὑμῶν
2187 3063 2266 3133 τῷ
2326 3064 2613 3125 συνειδότι,
2677 3064 2746 3116 τά
2815 3065 2989 3134 πικρά
3043 3066 3136 3117 καὶ
3185 3066 3607 3136 ἀπαραμύθητα

2000 3160 2187 3211 ἐκεῖνα
2218 3158 2581 3227 κολαστήρια,
2604 3156 2720 3218 πῶς
2742 3156 2945 3227 ᾔτησεν
2971 3157 3133 3227 W9,
3164 3156 3283 3220 πῶς
3327 3156 3449 3209 οὐδὲ
3480 3173 3607 3209 στα-

2002 3250 2158 3317 γόνος
2193 3248 2373 3317 ἓτυχε,
2409 3247 2529 3310 πῶς
2558 3248 2590 3317 ἡ
2620 3246 2839 3314 γλῶττα
2860 3246 3453 3317 ἀπετηγανίζετο,πῶς
3473 3248 3607 3300 πολν

2000 3342 2096 3412 λὴν
2126 3341 2226 3411 τὴν
2252 3340 2534 3410 ἱκετηρίαν
2556 3339 2690 3403 θεὶς,
2714 3339 2973 3408 οὐδεμιᾶς
3002 3338 3337 3410 συγγνώμης
3375 3338 3607 3393 ἀπέλαυ-

2002 3450 2061 3485 σε
2084 3471 2098 3494 ,
2127 3434 2222 3484 καὶ
2256 3431 2373 3495 πῶς
2400 3430 2647 3484 ἀθάνατα
2699 3430 3009 3495 ἐκολάζετο.
3046 3430 3208 3483 Ἀλλά
3235 3431 3345 3501 γὰρ
3409 3430 3483 3501 μὴ
3509 3433 3605 3498 γέ-

1999 3541 2142 3576 νοιτο
2168 3525 2317 3594 ἡμᾶς
2356 3522 2531 3576 ταῦτα
2572 3522 2661 3576 διά
2706 3524 2804 3591 τῆς
2842 3522 3037 3591 πείρας
3087 3522 3299 3591 μαθεῖν,
3350 3522 3489 3576 ἀλλά
3517 3522 3607 3577 διά

1999 3618 2109 3669 τῶν
2134 3616 2310 3684 λόγων
2369 3616 2709 3677 ἀκούσαντας
2742 3617 2936 3683 φυγεῖν
2994 3616 3095 3685 τὴν
3136 3614 3225 3667 διὰ
3266 3614 3372 3667 τῶν
3430 3614 3609 3685 ἔργων

2002 3706 2255 3776 ἀπειλὴν,
2288 3706 2507 3774 καὶτῆς
2536 3705 2629 3758 τοῦ
2668 3707 3017 3776 προπάτορος
3056 3704 3312 3775 Ἀϐραὰμ
3346 3704 3606 3776 φιλοφρο-

2004 3802 2168 3871 σύνης
2188 3801 2375 3865 ἀξίους
2400 3799 2846 3869 ἀποδειχθέντας,
2880 3801 2960 3861 εἰς
2984 3800 3072 3851 τὸν
3100 3799 3262 3852 αὐτὸν
3289 3800 3482 3868 ἐκείνῳ
3502 3817 3607 3869 χω-

2005 3894 2168 3963 ρῆσαι
2202 3892 2369 3944 τόπον
2394 3933 2410 3957 ,
2471 3892 2652 3962 χάριτι
2697 3891 2794 3943 καὶ
2847 3888 3239 3960 φιλανθρωπίᾳ
3266 3887 3363 3942 τοῦ
3396 3888 3609 3958 Κυρίου

2001 3986 2159 4057 ἡμῶν
2198 3984 2371 4053 Ἰησοῦ
2401 3983 2662 4054 Χριστοῦ,
2695 3982 2814 4053 μεθ’
2848 3976 2909 4034 οὗ
2938 3983 3017 4052 τῷ
3044 3982 3221 4053 Πατρὶ
3260 3981 3392 4051 τιμὴ
3413 4020 3429 4042 ,
3456 3980 3607 4046 δόξα,

2002 4078 2205 4148 κράτος
2230 4075 2327 4128 σὺν
2359 4080 2436 4144 τῳ
2458 4075 2601 4145 ἁγίῳ
2630 4075 2936 4145 Πνεύματι,
2968 4076 3066 4128 νῦν
3115 4074 3210 4127 καὶ
3239 4074 3349 4137 ἀεὶ,
3401 4075 3496 4126 καὶ
3526 4074 3607 4136 είς

2000 4170 2127 4231 τοὺς
2153 4167 2359 4229 αἰῶνας
2384 4166 2495 4219 τῶν
2517 4166 2751 4220 αἰώνων,
2796 4167 2992 4237 Ἀμήν.

2648 4342 2870 4395 ΛΟΓοΣ
2901 4344 2991 4408 ς’.

2004 4470 2290 4551 Περίᾳτοῦ
2310 4470 2531 4551 ξιμον,
2568 4472 2617 4523 ει
2642 4469 2720 4550 ἐξ
2750 4470 2994 4551 ἐκεινοιὶ
3028 4470 3287 4551 γέγοδςεζ
3304 4472 3353 4551 ’ἡ
3384 4468 3615 4551 τιςῶσις

2074 4543 2181 4596 τοῦ
2212 4540 2405 4611 καλοῦ
2434 4541 2533 4593 καὶ
2565 4539 2670 4594 τοῦ
2712 4539 3003 4611 ίτυνηροῆ
3052 4539 3134 4611 τῷ
3186 4539 3401 4611 Ἀδὰμ,
3436 4542 3474 4608 ἢ
3510 4543 3612 4595 καὶ

2076 4610 2333 4679 πρὸῌτῆς
2355 4611 2643 4679 ,βρώσεως
2679 4606 2804 4677 εἶχε
2832 4610 2947 4676 τὴν
2977 4606 3606 4679 διάγνωσιν⁷ταῦτηγ·

2072 4676 2143 4735 ἐκ
2173 4676 2222 4746 ᾧ
2262 4682 2359 4733 καὶ
2394 4676 2528 4745 περὶ
2559 4676 2848 4745 νηστείας
2868 4719 2881 4738 ,
2924 4678 3024 4731 καὶ
3074 4676 3209 4746 περὶ
3241 4680 3349 4733 τοῦ
3383 4680 3513 4733 δεῖν
3533 4676 3614 4733 γὲν

2074 4755 2232 4819 οὶκίᾳ
2256 4751 2517 4819 μελετᾷν
2548 4752 2622 4803 τὰ
2640 4752 2946 4818 λεγόμενα·
2959 4750 3030 4802 ἐν
3048 4750 3372 4819 ἐκκλησίᾳ.

2074 4886 2145 4933 α’.
2170 4876 2315 4931 Φιλῶ
2346 4877 2443 4947 μὲν
2468 4876 2567 4946 τὴν
2588 4875 2849 4945 νηστείαν
2868 4914 2882 4934 ,
2907 4876 2988 4928 ὅτι
3018 4877 3206 4947 μήτηρ
3248 4874 3611 4945 σωφροσύνης

2003 4973 2172 5031 ἐστὶν,
2204 4971 2300 5023 καὶ
2331 4969 2485 5039 πηγὴ
2516 4968 2838 5037 φιλοσοφίας
2889 4970 3131 5036 ἁπάσης
3166 4966 3309 5037 φιλῶ
3338 4968 3395 5021 δὲ
3434 4967 3608 5038 αὐτὴν

2003 5064 2100 5117 καὶ
2126 5059 2198 5115 δι’
2219 5063 2392 5131 ὑμᾶς,
2444 5062 2542 5113 καὶ
2566 5060 2655 5113 διά
2680 5061 2782 5130 τὴν
2810 5060 3089 5130 ὑμετέραν
3118 5060 3362 5130 ἀγάπην,
3396 5060 3477 5113 ὅτι
3516 5076 3609 5129 μοι

2003 5154 2214 5224 ταύτην
2239 5152 2339 5224 τὴν
2372 5152 2525 5222 ἱεράν
2555 5152 2651 5205 καὶ
2667 5153 2854 5222 τιμίαν
2881 5152 3037 5222 ὑμῶν
3060 5152 3339 5221 συνήγαγε
3368 5150 3609 5215 σύνοδον,

2006 5246 2183 5302 καὶτὰ
2230 5246 2544 5316 ποθούμενα
2599 5246 2868 5315 πρόσωπα
2916 5244 3102 5297 δίδωσι
3134 5244 3297 5297 πάλιν
3330 5242 3481 5306 ίδεῖν,
3514 5244 3612 5295 καὶ

2005 5342 2236 5411 παρέχει
2265 5340 2403 5410 μετά
2425 5340 2611 5402 ἀδείας
2638 5339 2979 5409 ἐντρυφῆσαι
3002 5340 3067 5408 τῇ
3089 5338 3226 5408 καλῇ
3267 5337 3443 5408 ταύτῃ
3473 5354 3608 5389 παν-

2003 5432 2200 5502 ηγύρει
2231 5433 2326 5484 καὶ
2343 5434 2527 5502 ἑορτῇ.
2558 5431 2669 5483 Καὶ
2698 5432 2807 5501 γὰρ
2836 5433 2931 5484 καὶ
2956 5432 3267 5502 πανήγυριν
3298 5429 3391 5483 καὶ
3414 5428 3613 5499 ἑορτὴν

2004 5527 2099 5577 καὶ
2140 5524 2309 5594 μυρία
2331 5523 2517 5591 ἀγαθὰ
2554 5524 2655 5576 οὑκ
2679 5524 2745 5577 ἀν
2774 5540 2858 5587 τις
2901 5525 3138 5594 ἁμάρτοι
3185 5523 3285 5593 τὴν
3334 5522 3613 5592 ὑμετέραν

2005 5616 2222 5670 σύνοδον
2250 5616 2587 5687 προσειπών.
2638 5617 2699 5667 Εί
2731 5615 2840 5687 γάρ
2873 5618 2954 5679 είς
2982 5616 3189 5688 ἀγοράν
3218 5634 3303 5691 ηις
3328 5613 3607 5686 ἐμϐαλὼν,

2003 5709 2097 5763 καὶ
2125 5708 2205 5761 ἐνὶ
2229 5709 2614 5775 συντυγχάνων
2657 5707 2819 5778 φίλῳ,
2854 5707 3117 5772 πολλάκις
3160 5697 3342 5761 πάσαν
3368 5708 3614 5778 ἀθυμίαν

2003 5798 2341 5855 άποτίθεταυ
2364 5801 2524 5870 ἡμεῖς
2558 5800 2659 5853 οὑκ
2689 5802 2770 5864 είς
2794 5801 3023 5871 ἀγοράν,
3056 5801 3173 5854 ἀλλ’
3193 5803 3274 5864 εἰς
3309 5800 3611 5870 ἐκκλησίαν

2006 5892 2375 5957 ἀπαντῶντες,
2411 5896 2505 5947 καὶ
2536 5895 2630 5961 οὐχ
2664 5895 2743 5947 ἑνὶ
2779 5898 3242 5961 συντυγχάνοντες
3282 5893 3445 5963 φίλῳ,
3470 5894 3611 5948 ἀλλά
