  <div class='ocr_page' id='page_1' title='image "/cluster/home/n/w/nwhite01/storage/ocr_20150623/54/ien.35556001660810/238.png"; bbox 0 0 4086 6430; ppageno 0'>
   <div class='ocr_carea' id='block_1_1' title="bbox 163 466 266 526">
    <p class='ocr_par' dir='ltr' id='par_1_1' title="bbox 163 466 266 526">
     <span class='ocr_line' id='line_1_1' title="bbox 163 466 266 526; baseline 0 -2"><span class='ocrx_word' id='word_1_1' title='bbox 163 466 266 526; x_wconf 73' lang='grc' dir='ltr'><strong>ωε</strong></span> 
     </span>
    </p>
   </div>
   <div class='ocr_carea' id='block_1_2' title="bbox 159 553 1771 642">
    <p class='ocr_par' dir='ltr' id='par_1_2' title="bbox 159 553 1771 642">
     <span class='ocr_line' id='line_1_2' title="bbox 159 553 1771 642; baseline -0.025 -1"><span class='ocrx_word' id='word_1_2' title='bbox 159 601 266 641; x_wconf 82' lang='lat' dir='ltr'><strong>non</strong></span> <span class='ocrx_word' id='word_1_3' title='bbox 316 583 373 638; x_wconf 86' lang='lat' dir='ltr'><strong>in</strong></span> <span class='ocrx_word' id='word_1_4' title='bbox 402 579 602 642; x_wconf 86' lang='lat' dir='ltr'><strong>forum,</strong></span> <span class='ocrx_word' id='word_1_5' title='bbox 654 573 746 630; x_wconf 85' lang='lat' dir='ltr'><strong>scd</strong></span> <span class='ocrx_word' id='word_1_6' title='bbox 775 571 828 625; x_wconf 90' lang='lat' dir='ltr'><strong>in</strong></span> <span class='ocrx_word' id='word_1_7' title='bbox 845 564 1128 625; x_wconf 72' lang='lat' dir='ltr'><strong>ecclesiam</strong></span> <span class='ocrx_word' id='word_1_8' title='bbox 1160 559 1425 619; x_wconf 84' lang='lat' dir='ltr'><strong>venimus,</strong></span> <span class='ocrx_word' id='word_1_9' title='bbox 1481 564 1534 610; x_wconf 88' lang='lat' dir='ltr'><strong>et</strong></span> <span class='ocrx_word' id='word_1_10' title='bbox 1563 553 1618 607; x_wconf 92' lang='lat' dir='ltr'><strong>in</strong></span> <span class='ocrx_word' id='word_1_11' title='bbox 1637 565 1771 604; x_wconf 74' lang='lat' dir='ltr'><strong>con—</strong></span> 
     </span>
    </p>
   </div>
   <div class='ocr_carea' id='block_1_3' title="bbox 157 650 1773 752">
    <p class='ocr_par' dir='ltr' id='par_1_3' title="bbox 157 650 1773 752">
     <span class='ocr_line' id='line_1_3' title="bbox 157 650 1773 752; baseline -0.026 -13"><span class='ocrx_word' id='word_1_12' title='bbox 157 693 407 752; x_wconf 62' lang='lat' dir='ltr'><strong>gruum</strong></span> <span class='ocrx_word' id='word_1_13' title='bbox 427 690 528 732; x_wconf 86' lang='lat' dir='ltr'><strong>nos</strong></span> <span class='ocrx_word' id='word_1_14' title='bbox 541 672 734 728; x_wconf 84' lang='lat' dir='ltr'><strong>damus</strong></span> <span class='ocrx_word' id='word_1_15' title='bbox 753 680 857 720; x_wconf 87' lang='lat' dir='ltr'><strong>nou</strong></span> <span class='ocrx_word' id='word_1_16' title='bbox 877 661 1034 718; x_wconf 85' lang='lat' dir='ltr'><strong>unius</strong></span> <span class='ocrx_word' id='word_1_17' title='bbox 1053 655 1234 715; x_wconf 80' lang='lat' dir='ltr'><strong>amici.</strong></span> <span class='ocrx_word' id='word_1_18' title='bbox 1247 650 1340 706; x_wconf 86' lang='lat' dir='ltr'><strong>sed</strong></span> <span class='ocrx_word' id='word_1_19' title='bbox 1359 659 1466 704; x_wconf 88' lang='lat' dir='ltr'><strong>tam</strong></span> <span class='ocrx_word' id='word_1_20' title='bbox 1480 650 1773 702; x_wconf 87' lang='lat' dir='ltr'><strong>multorum</strong></span> 
     </span>
    </p>
   </div>
   <div class='ocr_carea' id='block_1_4' title="bbox 157 741 1771 829">
    <p class='ocr_par' dir='ltr' id='par_1_4' title="bbox 157 741 1771 829">
     <span class='ocr_line' id='line_1_4' title="bbox 157 741 1771 829; baseline -0.026 -1"><span class='ocrx_word' id='word_1_21' title='bbox 157 741 222 828; x_wconf 65' lang='lat' dir='ltr'><strong>ac</strong></span> <span class='ocrx_word' id='word_1_22' title='bbox 246 770 443 827; x_wconf 84' lang='lat' dir='ltr'><strong>talium</strong></span> <span class='ocrx_word' id='word_1_23' title='bbox 463 767 685 820; x_wconf 87' lang='lat' dir='ltr'><strong>fratrum</strong></span> <span class='ocrx_word' id='word_1_24' title='bbox 712 767 1052 829; x_wconf 83' lang='lat' dir='ltr'><strong>patrumque,</strong></span> <span class='ocrx_word' id='word_1_25' title='bbox 1080 747 1171 818; x_wconf 90' lang='lat' dir='ltr'><strong>qui</strong></span> <span class='ocrx_word' id='word_1_26' title='bbox 1202 743 1315 798; x_wconf 80' lang='lat' dir='ltr'><strong>ﬁeri</strong></span> <span class='ocrx_word' id='word_1_27' title='bbox 1339 741 1554 810; x_wconf 65' lang='grc' dir='ltr'><strong>βαίη-ει.</strong></span> <span class='ocrx_word' id='word_1_28' title='bbox 1580 748 1646 829; x_wconf 72' lang='lat' dir='ltr'><strong>ut</strong></span> <span class='ocrx_word' id='word_1_29' title='bbox 1666 749 1771 788; x_wconf 92' lang='lat' dir='ltr'><strong>non</strong></span> 
     </span>
    </p>
   </div>
   <div class='ocr_carea' id='block_1_5' title="bbox 156 827 1771 919">
    <p class='ocr_par' dir='ltr' id='par_1_5' title="bbox 156 827 1771 919">
     <span class='ocr_line' id='line_1_5' title="bbox 156 827 1771 919; baseline -0.025 0"><span class='ocrx_word' id='word_1_30' title='bbox 156 827 380 919; x_wconf 76' lang='lat' dir='ltr'><strong>omnem</strong></span> <span class='ocrx_word' id='word_1_31' title='bbox 408 827 1096 916; x_wconf 11' lang='lat' dir='ltr'><strong>mestitiamﬁdeponamus,</strong></span> <span class='ocrx_word' id='word_1_32' title='bbox 1120 853 1226 894; x_wconf 89' lang='lat' dir='ltr'><strong>non</strong></span> <span class='ocrx_word' id='word_1_33' title='bbox 1247 834 1430 890; x_wconf 68' lang='lat' dir='ltr'><strong>Iretitia</strong></span> <span class='ocrx_word' id='word_1_34' title='bbox 1459 830 1605 885; x_wconf 91' lang='lat' dir='ltr'><strong>omni</strong></span> <span class='ocrx_word' id='word_1_35' title='bbox 1625 827 1771 882; x_wconf 79' lang='lat' dir='ltr'><strong>frua-</strong></span> 
     </span>
    </p>
   </div>
   <div class='ocr_carea' id='block_1_6' title="bbox 157 919 1766 1016">
    <p class='ocr_par' dir='ltr' id='par_1_6' title="bbox 157 919 1766 1016">
     <span class='ocr_line' id='line_1_6' title="bbox 157 919 1766 1016; baseline -0.026 -2"><span class='ocrx_word' id='word_1_36' title='bbox 157 956 316 1014; x_wconf 73' lang='lat' dir='ltr'><strong>mur?</strong></span> <span class='ocrx_word' id='word_1_37' title='bbox 345 954 463 1011; x_wconf 78' lang='lat' dir='ltr'><strong>Non</strong></span> <span class='ocrx_word' id='word_1_38' title='bbox 483 951 627 1006; x_wconf 91' lang='lat' dir='ltr'><strong>enim</strong></span> <span class='ocrx_word' id='word_1_39' title='bbox 654 953 872 1016; x_wconf 89' lang='lat' dir='ltr'><strong>propter</strong></span> <span class='ocrx_word' id='word_1_40' title='bbox 892 932 1288 994; x_wconf 73' lang='lat' dir='ltr'><strong>multitudinem</strong></span> <span class='ocrx_word' id='word_1_41' title='bbox 1318 933 1528 982; x_wconf 87' lang='lat' dir='ltr'><strong>tantum</strong></span> <span class='ocrx_word' id='word_1_42' title='bbox 1573 919 1766 976; x_wconf 81' lang='lat' dir='ltr'><strong>melior</strong></span> 
     </span>
    </p>
   </div>
   <div class='ocr_carea' id='block_1_7' title="bbox 155 1013 1770 1108">
    <p class='ocr_par' dir='ltr' id='par_1_7' title="bbox 155 1013 1770 1108">
     <span class='ocr_line' id='line_1_7' title="bbox 155 1013 1770 1108; baseline -0.027 0"><span class='ocrx_word' id='word_1_43' title='bbox 155 1013 583 1108; x_wconf 10' lang='lat' dir='ltr'><strong>estiforeusibus</strong></span> <span class='ocrx_word' id='word_1_44' title='bbox 613 1013 718 1094; x_wconf 84' lang='lat' dir='ltr'><strong>illis</strong></span> <span class='ocrx_word' id='word_1_45' title='bbox 759 1034 994 1088; x_wconf 67' lang='lat' dir='ltr'><strong>coetibus</strong></span> <span class='ocrx_word' id='word_1_46' title='bbox 1027 1027 1116 1081; x_wconf 90' lang='lat' dir='ltr'><strong>ltic</strong></span> <span class='ocrx_word' id='word_1_47' title='bbox 1135 1033 1444 1082; x_wconf 88' lang='lat' dir='ltr'><strong>consessus,</strong></span> <span class='ocrx_word' id='word_1_48' title='bbox 1501 1013 1595 1070; x_wconf 82' lang='lat' dir='ltr'><strong>scd</strong></span> <span class='ocrx_word' id='word_1_49' title='bbox 1642 1028 1770 1084; x_wconf 91' lang='lat' dir='ltr'><strong>pro-</strong></span> 
     </span>
    </p>
   </div>
   <div class='ocr_carea' id='block_1_8' title="bbox 157 1103 1773 1213">
    <p class='ocr_par' dir='ltr' id='par_1_8' title="bbox 157 1103 1773 1213">
     <span class='ocr_line' id='line_1_8' title="bbox 157 1103 1773 1213; baseline -0.03 -11"><span class='ocrx_word' id='word_1_50' title='bbox 157 1103 285 1213; x_wconf 66' lang='lat' dir='ltr'><strong>pter</strong></span> <span class='ocrx_word' id='word_1_51' title='bbox 338 1137 509 1207; x_wconf 78' lang='lat' dir='ltr'><strong>ipsam</strong></span> <span class='ocrx_word' id='word_1_52' title='bbox 553 1126 942 1197; x_wconf 84' lang='lat' dir='ltr'><strong>colloquiorum</strong></span> <span class='ocrx_word' id='word_1_53' title='bbox 961 1115 1349 1174; x_wconf 73' lang='lat' dir='ltr'><strong>conditionem.</strong></span> <span class='ocrx_word' id='word_1_54' title='bbox 1383 1109 1514 1165; x_wconf 76' lang='lat' dir='ltr'><strong>Nam</strong></span> <span class='ocrx_word' id='word_1_55' title='bbox 1543 1103 1773 1213; x_wconf 53' lang='lat' dir='ltr'><strong>iniqui-</strong></span> 
     </span>
    </p>
   </div>
   <div class='ocr_carea' id='block_1_9' title="bbox 155 1193 1770 1287">
    <p class='ocr_par' dir='ltr' id='par_1_9' title="bbox 155 1193 1770 1287">
     <span class='ocr_line' id='line_1_9' title="bbox 155 1193 1770 1287; baseline -0.025 -1"><span class='ocrx_word' id='word_1_56' title='bbox 155 1193 283 1287; x_wconf 71' lang='lat' dir='ltr'><strong>dent</strong></span> <span class='ocrx_word' id='word_1_57' title='bbox 307 1193 374 1282; x_wconf 53' lang='lat' dir='ltr'><strong>iu&#39;</strong></span> <span class='ocrx_word' id='word_1_58' title='bbox 391 1225 509 1281; x_wconf 88' lang='lat' dir='ltr'><strong>foro</strong></span> <span class='ocrx_word' id='word_1_59' title='bbox 534 1193 898 1278; x_wconf 77' lang='lat' dir='ltr'><strong>considentes,</strong></span> <span class='ocrx_word' id='word_1_60' title='bbox 921 1219 975 1267; x_wconf 88' lang='lat' dir='ltr'><strong>et</strong></span> <span class='ocrx_word' id='word_1_61' title='bbox 996 1211 1048 1264; x_wconf 92' lang='lat' dir='ltr'><strong>in</strong></span> <span class='ocrx_word' id='word_1_62' title='bbox 1075 1207 1260 1261; x_wconf 88' lang='lat' dir='ltr'><strong>orbem</strong></span> <span class='ocrx_word' id='word_1_63' title='bbox 1285 1204 1425 1256; x_wconf 91' lang='lat' dir='ltr'><strong>inter</strong></span> <span class='ocrx_word' id='word_1_64' title='bbox 1453 1213 1514 1252; x_wconf 83' lang='lat' dir='ltr'><strong>se</strong></span> <span class='ocrx_word' id='word_1_65' title='bbox 1535 1193 1770 1258; x_wconf 79' lang='lat' dir='ltr'><strong>collecti,</strong></span> 
     </span>
    </p>
   </div>
   <div class='ocr_carea' id='block_1_10' title="bbox 156 1290 1773 1392">
    <p class='ocr_par' dir='ltr' id='par_1_10' title="bbox 156 1290 1773 1392">
     <span class='ocr_line' id='line_1_10' title="bbox 156 1290 1773 1392; baseline -0.026 -13"><span class='ocrx_word' id='word_1_66' title='bbox 156 1319 394 1392; x_wconf 85' lang='lat' dir='ltr'><strong>atquein</strong></span> <span class='ocrx_word' id='word_1_67' title='bbox 416 1313 630 1372; x_wconf 81' lang='lat' dir='ltr'><strong>circulis</strong></span> <span class='ocrx_word' id='word_1_68' title='bbox 644 1307 802 1364; x_wconf 75' lang='lat' dir='ltr'><strong>otiosi</strong></span> <span class='ocrx_word' id='word_1_69' title='bbox 826 1315 1068 1374; x_wconf 68' lang='lat' dir='ltr'><strong>persaepe</strong></span> <span class='ocrx_word' id='word_1_70' title='bbox 1087 1299 1155 1352; x_wconf 92' lang='lat' dir='ltr'><strong>de</strong></span> <span class='ocrx_word' id='word_1_71' title='bbox 1177 1297 1334 1350; x_wconf 82' lang='lat' dir='ltr'><strong>rebus</strong></span> <span class='ocrx_word' id='word_1_72' title='bbox 1356 1290 1636 1346; x_wconf 89' lang='lat' dir='ltr'><strong>inutilibus</strong></span> <span class='ocrx_word' id='word_1_73' title='bbox 1655 1300 1773 1392; x_wconf 69' lang='lat' dir='ltr'><strong>ser-</strong></span> 
     </span>
    </p>
   </div>
   <div class='ocr_carea' id='block_1_11' title="bbox 155 1374 1772 1468">
    <p class='ocr_par' dir='ltr' id='par_1_11' title="bbox 155 1374 1772 1468">
     <span class='ocr_line' id='line_1_11' title="bbox 155 1374 1772 1468; baseline -0.026 1"><span class='ocrx_word' id='word_1_74' title='bbox 155 1374 352 1468; x_wconf 51' lang='lat' dir='ltr'><strong>iuiities</strong></span> <span class='ocrx_word' id='word_1_75' title='bbox 370 1409 686 1464; x_wconf 57' lang='lat' dir='ltr'><strong>conserunt,</strong></span> <span class='ocrx_word' id='word_1_76' title='bbox 710 1411 757 1452; x_wconf 87' lang='lat' dir='ltr'><strong>et</strong></span> <span class='ocrx_word' id='word_1_77' title='bbox 787 1396 968 1465; x_wconf 91' lang='lat' dir='ltr'><strong>jejuna</strong></span> <span class='ocrx_word' id='word_1_78' title='bbox 999 1385 1400 1458; x_wconf 86' lang='lat' dir='ltr'><strong>colloquutione</strong></span> <span class='ocrx_word' id='word_1_79' title='bbox 1426 1377 1665 1436; x_wconf 87' lang='lat' dir='ltr'><strong>instituta</strong></span> <span class='ocrx_word' id='word_1_80' title='bbox 1703 1374 1772 1428; x_wconf 87' lang='lat' dir='ltr'><strong>de</strong></span> 
     </span>
    </p>
   </div>
   <div class='ocr_carea' id='block_1_12' title="bbox 157 1465 1774 1559">
    <p class='ocr_par' dir='ltr' id='par_1_12' title="bbox 157 1465 1774 1559">
     <span class='ocr_line' id='line_1_12' title="bbox 157 1465 1774 1559; baseline -0.022 -2"><span class='ocrx_word' id='word_1_81' title='bbox 251 1500 420 1557; x_wconf 84' lang='lat' dir='ltr'><strong>verba</strong></span> <span class='ocrx_word' id='word_1_82' title='bbox 464 1495 688 1555; x_wconf 85' lang='lat' dir='ltr'><strong>faciunt,</strong></span> <span class='ocrx_word' id='word_1_83' title='bbox 717 1505 837 1559; x_wconf 68' lang='lat' dir='ltr'><strong>qua:</strong></span> <span class='ocrx_word' id='word_1_84' title='bbox 886 1484 952 1539; x_wconf 89' lang='lat' dir='ltr'><strong>ad</strong></span> <span class='ocrx_word' id='word_1_85' title='bbox 1005 1483 1153 1553; x_wconf 83' lang='lat' dir='ltr'><strong>ipsos</strong></span> <span class='ocrx_word' id='word_1_86' title='bbox 1195 1474 1328 1531; x_wconf 92' lang='lat' dir='ltr'><strong>ttihil</strong></span> <span class='ocrx_word' id='word_1_87' title='bbox 1377 1473 1626 1528; x_wconf 81' lang='lat' dir='ltr'><strong>attint-nt.</strong></span> <span class='ocrx_word' id='word_1_88' title='bbox 1680 1465 1774 1522; x_wconf 84' lang='lat' dir='ltr'><strong>Sic</strong></span> 
     </span>
    </p>
   </div>
   <div class='ocr_carea' id='block_1_13' title="bbox 154 1565 1769 1651">
    <p class='ocr_par' dir='ltr' id='par_1_13' title="bbox 154 1565 1769 1651">
     <span class='ocr_line' id='line_1_13' title="bbox 154 1565 1769 1651; baseline -0.022 -1"><span class='ocrx_word' id='word_1_89' title='bbox 154 1594 307 1650; x_wconf 90' lang='lat' dir='ltr'><strong>enim</strong></span> <span class='ocrx_word' id='word_1_90' title='bbox 337 1591 450 1646; x_wconf 88' lang='lat' dir='ltr'><strong>fere</strong></span> <span class='ocrx_word' id='word_1_91' title='bbox 470 1589 548 1651; x_wconf 90' lang='lat' dir='ltr'><strong>lit,</strong></span> <span class='ocrx_word' id='word_1_92' title='bbox 581 1594 640 1641; x_wconf 88' lang='lat' dir='ltr'><strong>ut</strong></span> <span class='ocrx_word' id='word_1_93' title='bbox 669 1580 856 1650; x_wconf 80' lang='lat' dir='ltr'><strong>majori</strong></span> <span class='ocrx_word' id='word_1_94' title='bbox 883 1575 1061 1632; x_wconf 89' lang='lat' dir='ltr'><strong>studio</strong></span> <span class='ocrx_word' id='word_1_95' title='bbox 1078 1588 1168 1627; x_wconf 88' lang='lat' dir='ltr'><strong>res</strong></span> <span class='ocrx_word' id='word_1_96' title='bbox 1186 1570 1393 1625; x_wconf 79' lang='lat' dir='ltr'><strong>alienas</strong></span> <span class='ocrx_word' id='word_1_97' title='bbox 1413 1565 1769 1635; x_wconf 85' lang='lat' dir='ltr'><strong>inquiramns,</strong></span> 
     </span>
    </p>
   </div>
   <div class='ocr_carea' id='block_1_14' title="bbox 155 1660 1773 1747">
    <p class='ocr_par' dir='ltr' id='par_1_14' title="bbox 155 1660 1773 1747">
     <span class='ocr_line' id='line_1_14' title="bbox 155 1660 1773 1747; baseline -0.023 -2"><span class='ocrx_word' id='word_1_98' title='bbox 155 1699 214 1744; x_wconf 88' lang='lat' dir='ltr'><strong>et</strong></span> <span class='ocrx_word' id='word_1_99' title='bbox 238 1683 507 1743; x_wconf 76' lang='lat' dir='ltr'><strong>curiosius</strong></span> <span class='ocrx_word' id='word_1_100' title='bbox 535 1677 868 1747; x_wconf 87' lang='lat' dir='ltr'><strong>indagemus.</strong></span> <span class='ocrx_word' id='word_1_101' title='bbox 895 1670 1016 1726; x_wconf 72' lang='lat' dir='ltr'><strong>iam</strong></span> <span class='ocrx_word' id='word_1_102' title='bbox 1046 1681 1177 1721; x_wconf 84' lang='lat' dir='ltr'><strong>vero</strong></span> <span class='ocrx_word' id='word_1_103' title='bbox 1221 1660 1488 1718; x_wconf 85' lang='lat' dir='ltr'><strong>lubricum</strong></span> <span class='ocrx_word' id='word_1_104' title='bbox 1538 1671 1660 1711; x_wconf 84' lang='lat' dir='ltr'><strong>esse</strong></span> <span class='ocrx_word' id='word_1_105' title='bbox 1708 1667 1773 1708; x_wconf 92' lang='lat' dir='ltr'><strong>ac</strong></span> 
     </span>
    </p>
   </div>
   <div class='ocr_carea' id='block_1_15' title="bbox 157 1748 1774 1853">
    <p class='ocr_par' dir='ltr' id='par_1_15' title="bbox 157 1748 1774 1853">
     <span class='ocr_line' id='line_1_15' title="bbox 157 1748 1774 1853; baseline -0.024 -16"><span class='ocrx_word' id='word_1_106' title='bbox 157 1776 384 1853; x_wconf 70' lang='lat' dir='ltr'><strong>periodi</strong></span> <span class='ocrx_word' id='word_1_107' title='bbox 411 1773 630 1846; x_wconf 83' lang='lat' dir='ltr'><strong>plenum</strong></span> <span class='ocrx_word' id='word_1_108' title='bbox 677 1766 800 1822; x_wconf 84' lang='lat' dir='ltr'><strong>talia</strong></span> <span class='ocrx_word' id='word_1_109' title='bbox 832 1761 996 1819; x_wconf 85' lang='lat' dir='ltr'><strong>verba</strong></span> <span class='ocrx_word' id='word_1_110' title='bbox 1027 1755 1250 1813; x_wconf 86' lang='lat' dir='ltr'><strong>fundere</strong></span> <span class='ocrx_word' id='word_1_111' title='bbox 1280 1763 1441 1822; x_wconf 90' lang='lat' dir='ltr'><strong>atque</strong></span> <span class='ocrx_word' id='word_1_112' title='bbox 1468 1748 1684 1810; x_wconf 89' lang='lat' dir='ltr'><strong>audire,</strong></span> <span class='ocrx_word' id='word_1_113' title='bbox 1716 1754 1774 1800; x_wconf 89' lang='lat' dir='ltr'><strong>et</strong></span> 
     </span>
    </p>
   </div>
   <div class='ocr_carea' id='block_1_16' title="bbox 157 1841 1767 1934">
    <p class='ocr_par' dir='ltr' id='par_1_16' title="bbox 157 1841 1767 1934">
     <span class='ocr_line' id='line_1_16' title="bbox 157 1841 1767 1934; baseline -0.02 -7"><span class='ocrx_word' id='word_1_114' title='bbox 157 1841 368 1934; x_wconf 52' lang='lat' dir='ltr'><strong>ieduci,</strong></span> <span class='ocrx_word' id='word_1_115' title='bbox 399 1841 704 1932; x_wconf 77' lang='lat' dir='ltr'><strong>multasque</strong></span> <span class='ocrx_word' id='word_1_116' title='bbox 727 1858 798 1912; x_wconf 91' lang='lat' dir='ltr'><strong>ob</strong></span> <span class='ocrx_word' id='word_1_117' title='bbox 826 1850 1089 1924; x_wconf 77' lang='lat' dir='ltr'><strong>ejusmodi</strong></span> <span class='ocrx_word' id='word_1_118' title='bbox 1136 1857 1437 1905; x_wconf 78' lang='lat' dir='ltr'><strong>c0uvctttus</strong></span> <span class='ocrx_word' id='word_1_119' title='bbox 1490 1841 1767 1897; x_wconf 84' lang='lat' dir='ltr'><strong>tnultoties</strong></span> 
     </span>
    </p>
   </div>
   <div class='ocr_carea' id='block_1_17' title="bbox 157 1939 1773 2019">
    <p class='ocr_par' dir='ltr' id='par_1_17' title="bbox 157 1939 1773 2019">
     <span class='ocr_line' id='line_1_17' title="bbox 157 1939 1773 2019; baseline -0.021 1"><span class='ocrx_word' id='word_1_120' title='bbox 157 1963 426 2019; x_wconf 75' lang='lat' dir='ltr'><strong>excitatas</strong></span> <span class='ocrx_word' id='word_1_121' title='bbox 454 1970 575 2013; x_wconf 86' lang='lat' dir='ltr'><strong>esse</strong></span> <span class='ocrx_word' id='word_1_122' title='bbox 622 1955 676 2008; x_wconf 93' lang='lat' dir='ltr'><strong>in</strong></span> <span class='ocrx_word' id='word_1_123' title='bbox 724 1949 938 2006; x_wconf 75' lang='lat' dir='ltr'><strong>familiis</strong></span> <span class='ocrx_word' id='word_1_124' title='bbox 985 1951 1352 2014; x_wconf 65' lang='lat' dir='ltr'><strong>tempestates,</strong></span> <span class='ocrx_word' id='word_1_125' title='bbox 1399 1939 1581 1991; x_wconf 79' lang='lat' dir='ltr'><strong>dicere</strong></span> <span class='ocrx_word' id='word_1_126' title='bbox 1628 1948 1773 1987; x_wconf 89' lang='lat' dir='ltr'><strong>nunc</strong></span> 
     </span>
    </p>
   </div>
   <div class='ocr_carea' id='block_1_18' title="bbox 156 2041 1774 2127">
    <p class='ocr_par' dir='ltr' id='par_1_18' title="bbox 156 2041 1774 2127">
     <span class='ocr_line' id='line_1_18' title="bbox 156 2041 1774 2127; baseline -0.022 -12"><span class='ocrx_word' id='word_1_127' title='bbox 156 2052 490 2127; x_wconf 74' lang='lat' dir='ltr'><strong>supersedeo</strong></span> <span class='ocrx_word' id='word_1_128' title='bbox 522 2056 707 2105; x_wconf 88' lang='lat' dir='ltr'><strong>:certc</strong></span> <span class='ocrx_word' id='word_1_129' title='bbox 733 2043 975 2100; x_wconf 89' lang='lat' dir='ltr'><strong>inutilem</strong></span> <span class='ocrx_word' id='word_1_130' title='bbox 1009 2055 1072 2094; x_wconf 89' lang='lat' dir='ltr'><strong>ac</strong></span> <span class='ocrx_word' id='word_1_131' title='bbox 1098 2051 1292 2092; x_wconf 86' lang='lat' dir='ltr'><strong>vanam</strong></span> <span class='ocrx_word' id='word_1_132' title='bbox 1317 2047 1438 2088; x_wconf 86' lang='lat' dir='ltr'><strong>esse</strong></span> <span class='ocrx_word' id='word_1_133' title='bbox 1464 2041 1623 2100; x_wconf 87' lang='lat' dir='ltr'><strong>atque</strong></span> <span class='ocrx_word' id='word_1_134' title='bbox 1671 2044 1774 2081; x_wconf 70' lang='lat' dir='ltr'><strong>sw-</strong></span> 
     </span>
    </p>
   </div>
   <div class='ocr_carea' id='block_1_19' title="bbox 155 2127 1773 2206">
    <p class='ocr_par' dir='ltr' id='par_1_19' title="bbox 155 2127 1773 2206">
     <span class='ocr_line' id='line_1_19' title="bbox 155 2127 1773 2206; baseline -0.02 -2"><span class='ocrx_word' id='word_1_135' title='bbox 155 2149 402 2204; x_wconf 86' lang='lat' dir='ltr'><strong>cularcm</strong></span> <span class='ocrx_word' id='word_1_136' title='bbox 451 2153 670 2198; x_wconf 88' lang='lat' dir='ltr'><strong>omnem</strong></span> <span class='ocrx_word' id='word_1_137' title='bbox 718 2131 986 2206; x_wconf 86' lang='lat' dir='ltr'><strong>ejusmodi</strong></span> <span class='ocrx_word' id='word_1_138' title='bbox 1027 2127 1536 2202; x_wconf 81' lang='lat' dir='ltr'><strong>confabulatimtcm,</strong></span> <span class='ocrx_word' id='word_1_139' title='bbox 1594 2133 1773 2189; x_wconf 85' lang='lat' dir='ltr'><strong>neque</strong></span> 
     </span>
    </p>
   </div>
   <div class='ocr_carea' id='block_1_20' title="bbox 155 2212 1768 2308">
    <p class='ocr_par' dir='ltr' id='par_1_20' title="bbox 155 2212 1768 2308">
     <span class='ocr_line' id='line_1_20' title="bbox 155 2212 1768 2308; baseline -0.017 -14"><span class='ocrx_word' id='word_1_140' title='bbox 155 2240 315 2297; x_wconf 87' lang='lat' dir='ltr'><strong>facile</strong></span> <span class='ocrx_word' id='word_1_141' title='bbox 359 2233 695 2308; x_wconf 87' lang='lat' dir='ltr'><strong>spiritualem</strong></span> <span class='ocrx_word' id='word_1_142' title='bbox 740 2241 998 2298; x_wconf 82' lang='lat' dir='ltr'><strong>umquam</strong></span> <span class='ocrx_word' id='word_1_143' title='bbox 1054 2235 1360 2279; x_wconf 80' lang='lat' dir='ltr'><strong>sermonem</strong></span> <span class='ocrx_word' id='word_1_144' title='bbox 1395 2217 1448 2272; x_wconf 92' lang='lat' dir='ltr'><strong>in</strong></span> <span class='ocrx_word' id='word_1_145' title='bbox 1499 2212 1768 2285; x_wconf 82' lang='lat' dir='ltr'><strong>ejusmodi</strong></span> 
     </span>
    </p>
   </div>
   <div class='ocr_carea' id='block_1_21' title="bbox 153 2310 1772 2394">
    <p class='ocr_par' dir='ltr' id='par_1_21' title="bbox 153 2310 1772 2394">
     <span class='ocr_line' id='line_1_21' title="bbox 153 2310 1772 2394; baseline -0.02 -2"><span class='ocrx_word' id='word_1_146' title='bbox 153 2347 475 2390; x_wconf 77' lang='lat' dir='ltr'><strong>consessum</strong></span> <span class='ocrx_word' id='word_1_147' title='bbox 515 2325 747 2392; x_wconf 80' lang='lat' dir='ltr'><strong>admitti,</strong></span> <span class='ocrx_word' id='word_1_148' title='bbox 779 2321 994 2394; x_wconf 81' lang='lat' dir='ltr'><strong>negabit</strong></span> <span class='ocrx_word' id='word_1_149' title='bbox 1017 2331 1198 2374; x_wconf 91' lang='lat' dir='ltr'><strong>nemo.</strong></span> <span class='ocrx_word' id='word_1_150' title='bbox 1227 2315 1322 2370; x_wconf 91' lang='lat' dir='ltr'><strong>llic</strong></span> <span class='ocrx_word' id='word_1_151' title='bbox 1349 2321 1532 2366; x_wconf 88' lang='lat' dir='ltr'><strong>autem</strong></span> <span class='ocrx_word' id='word_1_152' title='bbox 1559 2323 1664 2363; x_wconf 89' lang='lat' dir='ltr'><strong>non</strong></span> <span class='ocrx_word' id='word_1_153' title='bbox 1697 2310 1772 2360; x_wconf 89' lang='lat' dir='ltr'><strong>ita</strong></span> 
     </span>
    </p>
   </div>
   <div class='ocr_carea' id='block_1_22' title="bbox 155 2396 1771 2490">
    <p class='ocr_par' dir='ltr' id='par_1_22' title="bbox 155 2396 1771 2490">
     <span class='ocr_line' id='line_1_22' title="bbox 155 2396 1771 2490; baseline -0.02 -9"><span class='ocrx_word' id='word_1_154' title='bbox 155 2427 238 2490; x_wconf 83' lang='lat' dir='ltr'><strong>lit,</strong></span> <span class='ocrx_word' id='word_1_155' title='bbox 267 2423 364 2480; x_wconf 83' lang='lat' dir='ltr'><strong>sed</strong></span> <span class='ocrx_word' id='word_1_156' title='bbox 423 2418 754 2477; x_wconf 86' lang='lat' dir='ltr'><strong>contrarium</strong></span> <span class='ocrx_word' id='word_1_157' title='bbox 781 2414 942 2485; x_wconf 82' lang='lat' dir='ltr'><strong>plane</strong></span> <span class='ocrx_word' id='word_1_158' title='bbox 982 2406 1295 2478; x_wconf 82' lang='lat' dir='ltr'><strong>:siquidem</strong></span> <span class='ocrx_word' id='word_1_159' title='bbox 1341 2401 1519 2457; x_wconf 89' lang='lat' dir='ltr'><strong>omnis</strong></span> <span class='ocrx_word' id='word_1_160' title='bbox 1567 2396 1771 2452; x_wconf 89' lang='lat' dir='ltr'><strong>inutilis</strong></span> 
     </span>
    </p>
   </div>
   <div class='ocr_carea' id='block_1_23' title="bbox 153 2491 1773 2583">
    <p class='ocr_par' dir='ltr' id='par_1_23' title="bbox 153 2491 1773 2583">
     <span class='ocr_line' id='line_1_23' title="bbox 153 2491 1773 2583; baseline -0.02 -10"><span class='ocrx_word' id='word_1_161' title='bbox 153 2528 344 2572; x_wconf 85' lang='lat' dir='ltr'><strong>sermo</strong></span> <span class='ocrx_word' id='word_1_162' title='bbox 364 2512 625 2583; x_wconf 87' lang='lat' dir='ltr'><strong>rejieitur,</strong></span> <span class='ocrx_word' id='word_1_163' title='bbox 647 2506 825 2562; x_wconf 87' lang='lat' dir='ltr'><strong>omnis</strong></span> <span class='ocrx_word' id='word_1_164' title='bbox 845 2517 974 2558; x_wconf 88' lang='lat' dir='ltr'><strong>vero</strong></span> <span class='ocrx_word' id='word_1_165' title='bbox 994 2500 1238 2556; x_wconf 87' lang='lat' dir='ltr'><strong>doctrina</strong></span> <span class='ocrx_word' id='word_1_166' title='bbox 1263 2492 1556 2567; x_wconf 74' lang='lat' dir='ltr'><strong>spiritualis</strong></span> <span class='ocrx_word' id='word_1_167' title='bbox 1580 2491 1632 2545; x_wconf 93' lang='lat' dir='ltr'><strong>in</strong></span> <span class='ocrx_word' id='word_1_168' title='bbox 1659 2503 1773 2543; x_wconf 86' lang='lat' dir='ltr'><strong>me-</strong></span> 
     </span>
    </p>
   </div>
   <div class='ocr_carea' id='block_1_24' title="bbox 149 2581 1767 2676">
    <p class='ocr_par' dir='ltr' id='par_1_24' title="bbox 149 2581 1767 2676">
     <span class='ocr_line' id='line_1_24' title="bbox 149 2581 1767 2676; baseline -0.017 -15"><span class='ocrx_word' id='word_1_169' title='bbox 149 2609 308 2663; x_wconf 90' lang='lat' dir='ltr'><strong>dium</strong></span> <span class='ocrx_word' id='word_1_170' title='bbox 335 2581 627 2676; x_wconf 75' lang='lat' dir='ltr'><strong>profertur.</strong></span> <span class='ocrx_word' id='word_1_171' title='bbox 683 2598 973 2655; x_wconf 82' lang='lat' dir='ltr'><strong>Enimvero</strong></span> <span class='ocrx_word' id='word_1_172' title='bbox 996 2593 1066 2648; x_wconf 90' lang='lat' dir='ltr'><strong>de</strong></span> <span class='ocrx_word' id='word_1_173' title='bbox 1094 2592 1273 2644; x_wconf 87' lang='lat' dir='ltr'><strong>anima</strong></span> <span class='ocrx_word' id='word_1_174' title='bbox 1305 2595 1486 2641; x_wconf 88' lang='lat' dir='ltr'><strong>nostra</strong></span> <span class='ocrx_word' id='word_1_175' title='bbox 1540 2581 1767 2638; x_wconf 84' lang='lat' dir='ltr'><strong>disseri-</strong></span> 
     </span>
    </p>
   </div>
   <div class='ocr_carea' id='block_1_25' title="bbox 149 2676 1770 2768">
    <p class='ocr_par' dir='ltr' id='par_1_25' title="bbox 149 2676 1770 2768">
     <span class='ocr_line' id='line_1_25' title="bbox 149 2676 1770 2768; baseline -0.02 -11"><span class='ocrx_word' id='word_1_176' title='bbox 149 2715 302 2762; x_wconf 82' lang='lat' dir='ltr'><strong>mus.</strong></span> <span class='ocrx_word' id='word_1_177' title='bbox 342 2697 519 2768; x_wconf 84' lang='lat' dir='ltr'><strong>deque</strong></span> <span class='ocrx_word' id='word_1_178' title='bbox 567 2691 721 2749; x_wconf 85' lang='lat' dir='ltr'><strong>bonis</strong></span> <span class='ocrx_word' id='word_1_179' title='bbox 779 2689 904 2753; x_wconf 90' lang='lat' dir='ltr'><strong>illis,</strong></span> <span class='ocrx_word' id='word_1_180' title='bbox 959 2701 1081 2754; x_wconf 75' lang='lat' dir='ltr'><strong>qua:</strong></span> <span class='ocrx_word' id='word_1_181' title='bbox 1108 2683 1174 2738; x_wconf 86' lang='lat' dir='ltr'><strong>ad</strong></span> <span class='ocrx_word' id='word_1_182' title='bbox 1213 2681 1448 2736; x_wconf 84' lang='lat' dir='ltr'><strong>animam</strong></span> <span class='ocrx_word' id='word_1_183' title='bbox 1479 2676 1770 2746; x_wconf 71' lang='lat' dir='ltr'><strong>pertinent,</strong></span> 
     </span>
    </p>
   </div>
   <div class='ocr_carea' id='block_1_26' title="bbox 147 2767 1769 2860">
    <p class='ocr_par' dir='ltr' id='par_1_26' title="bbox 147 2767 1769 2860">
     <span class='ocr_line' id='line_1_26' title="bbox 147 2767 1769 2860; baseline -0.018 -12"><span class='ocrx_word' id='word_1_184' title='bbox 147 2793 337 2860; x_wconf 83' lang='lat' dir='ltr'><strong>deque</strong></span> <span class='ocrx_word' id='word_1_185' title='bbox 362 2767 615 2857; x_wconf 82' lang='lat' dir='ltr'><strong>repositis</strong></span> <span class='ocrx_word' id='word_1_186' title='bbox 640 2784 692 2838; x_wconf 90' lang='lat' dir='ltr'><strong>in</strong></span> <span class='ocrx_word' id='word_1_187' title='bbox 719 2781 854 2837; x_wconf 60' lang='lat' dir='ltr'><strong>caelo</strong></span> <span class='ocrx_word' id='word_1_188' title='bbox 873 2777 1112 2838; x_wconf 83' lang='lat' dir='ltr'><strong>coronis,</strong></span> <span class='ocrx_word' id='word_1_189' title='bbox 1130 2775 1197 2827; x_wconf 88' lang='lat' dir='ltr'><strong>de</strong></span> <span class='ocrx_word' id='word_1_190' title='bbox 1223 2775 1460 2826; x_wconf 87' lang='lat' dir='ltr'><strong>virorum</strong></span> <span class='ocrx_word' id='word_1_191' title='bbox 1482 2767 1769 2824; x_wconf 89' lang='lat' dir='ltr'><strong>illustrium</strong></span> 
     </span>
    </p>
   </div>
   <div class='ocr_carea' id='block_1_27' title="bbox 147 2859 1770 2953">
    <p class='ocr_par' dir='ltr' id='par_1_27' title="bbox 147 2859 1770 2953">
     <span class='ocr_line' id='line_1_27' title="bbox 147 2859 1770 2953; baseline -0.018 -13"><span class='ocrx_word' id='word_1_192' title='bbox 147 2859 477 2953; x_wconf 66' lang='lat' dir='ltr'><strong>vita,deque</strong></span> <span class='ocrx_word' id='word_1_193' title='bbox 503 2877 596 2935; x_wconf 89' lang='lat' dir='ltr'><strong>Dei</strong></span> <span class='ocrx_word' id='word_1_194' title='bbox 625 2872 955 2944; x_wconf 71' lang='lat' dir='ltr'><strong>benignitate</strong></span> <span class='ocrx_word' id='word_1_195' title='bbox 977 2877 1141 2939; x_wconf 87' lang='lat' dir='ltr'><strong>atque</strong></span> <span class='ocrx_word' id='word_1_196' title='bbox 1158 2865 1390 2922; x_wconf 90' lang='lat' dir='ltr'><strong>universi</strong></span> <span class='ocrx_word' id='word_1_197' title='bbox 1412 2859 1770 2932; x_wconf 86' lang='lat' dir='ltr'><strong>providentia,</strong></span> 
     </span>
    </p>
   </div>
   <div class='ocr_carea' id='block_1_28' title="bbox 146 2959 1768 3047">
    <p class='ocr_par' dir='ltr' id='par_1_28' title="bbox 146 2959 1768 3047">
     <span class='ocr_line' id='line_1_28' title="bbox 146 2959 1768 3047; baseline -0.017 -13"><span class='ocrx_word' id='word_1_198' title='bbox 146 2976 395 3047; x_wconf 87' lang='lat' dir='ltr'><strong>denique</strong></span> <span class='ocrx_word' id='word_1_199' title='bbox 413 2973 484 3029; x_wconf 86' lang='lat' dir='ltr'><strong>dc</strong></span> <span class='ocrx_word' id='word_1_200' title='bbox 507 2971 628 3027; x_wconf 87' lang='lat' dir='ltr'><strong>aliis</strong></span> <span class='ocrx_word' id='word_1_201' title='bbox 654 2969 922 3032; x_wconf 88' lang='lat' dir='ltr'><strong>omnibus,</strong></span> <span class='ocrx_word' id='word_1_202' title='bbox 955 2981 1076 3035; x_wconf 87' lang='lat' dir='ltr'><strong>qu:e</strong></span> <span class='ocrx_word' id='word_1_203' title='bbox 1103 2963 1168 3017; x_wconf 89' lang='lat' dir='ltr'><strong>ad</strong></span> <span class='ocrx_word' id='word_1_204' title='bbox 1201 2977 1299 3016; x_wconf 84' lang='lat' dir='ltr'><strong>nos</strong></span> <span class='ocrx_word' id='word_1_205' title='bbox 1348 2959 1624 3029; x_wconf 86' lang='lat' dir='ltr'><strong>pertinent</strong></span> <span class='ocrx_word' id='word_1_206' title='bbox 1649 2969 1768 3008; x_wconf 80' lang='lat' dir='ltr'><strong>ma-</strong></span> 
     </span>
    </p>
   </div>
   <div class='ocr_carea' id='block_1_29' title="bbox 148 3047 1775 3136">
    <p class='ocr_par' dir='ltr' id='par_1_29' title="bbox 148 3047 1775 3136">
     <span class='ocr_line' id='line_1_29' title="bbox 148 3047 1775 3136; baseline -0.017 -10"><span class='ocrx_word' id='word_1_207' title='bbox 148 3069 324 3135; x_wconf 76' lang='lat' dir='ltr'><strong>xime,</strong></span> <span class='ocrx_word' id='word_1_208' title='bbox 351 3067 506 3136; x_wconf 86' lang='lat' dir='ltr'><strong>cujus</strong></span> <span class='ocrx_word' id='word_1_209' title='bbox 525 3064 602 3119; x_wconf 85' lang='lat' dir='ltr'><strong>rei</strong></span> <span class='ocrx_word' id='word_1_210' title='bbox 625 3061 796 3134; x_wconf 73' lang='lat' dir='ltr'><strong>gratia</strong></span> <span class='ocrx_word' id='word_1_211' title='bbox 827 3059 934 3114; x_wconf 87' lang='lat' dir='ltr'><strong>nati</strong></span> <span class='ocrx_word' id='word_1_212' title='bbox 965 3057 1156 3121; x_wconf 86' lang='lat' dir='ltr'><strong>simus,</strong></span> <span class='ocrx_word' id='word_1_213' title='bbox 1180 3065 1232 3107; x_wconf 87' lang='lat' dir='ltr'><strong>ct</strong></span> <span class='ocrx_word' id='word_1_214' title='bbox 1263 3068 1384 3124; x_wconf 71' lang='lat' dir='ltr'><strong>qum</strong></span> <span class='ocrx_word' id='word_1_215' title='bbox 1411 3047 1628 3132; x_wconf 79' lang='lat' dir='ltr'><strong>tandem</strong></span> <span class='ocrx_word' id='word_1_216' title='bbox 1655 3060 1775 3100; x_wconf 85' lang='lat' dir='ltr'><strong>sors</strong></span> 
     </span>
    </p>
   </div>
   <div class='ocr_carea' id='block_1_30' title="bbox 149 3128 1769 3219">
    <p class='ocr_par' dir='ltr' id='par_1_30' title="bbox 149 3128 1769 3219">
     <span class='ocr_line' id='line_1_30' title="bbox 149 3128 1769 3219; baseline -0.016 -1"><span class='ocrx_word' id='word_1_217' title='bbox 149 3171 210 3219; x_wconf 90' lang='lat' dir='ltr'><strong>et</strong></span> <span class='ocrx_word' id='word_1_218' title='bbox 239 3157 485 3215; x_wconf 89' lang='lat' dir='ltr'><strong>conditio</strong></span> <span class='ocrx_word' id='word_1_219' title='bbox 505 3128 748 3211; x_wconf 69' lang='lat' dir='ltr'><strong>nostrum</strong></span> <span class='ocrx_word' id='word_1_220' title='bbox 773 3168 838 3208; x_wconf 81' lang='lat' dir='ltr'><strong>ex</strong></span> <span class='ocrx_word' id='word_1_221' title='bbox 869 3151 970 3205; x_wconf 88' lang='lat' dir='ltr'><strong>bac</strong></span> <span class='ocrx_word' id='word_1_222' title='bbox 998 3149 1100 3202; x_wconf 84' lang='lat' dir='ltr'><strong>vita</strong></span> <span class='ocrx_word' id='word_1_223' title='bbox 1126 3148 1425 3201; x_wconf 84' lang='lat' dir='ltr'><strong>discessum</strong></span> <span class='ocrx_word' id='word_1_224' title='bbox 1477 3128 1769 3208; x_wconf 78' lang='lat' dir='ltr'><strong>exceptura</strong></span> 
     </span>
    </p>
   </div>
   <div class='ocr_carea' id='block_1_31' title="bbox 149 3233 1774 3323">
    <p class='ocr_par' dir='ltr' id='par_1_31' title="bbox 149 3233 1774 3323">
     <span class='ocr_line' id='line_1_31' title="bbox 149 3233 1774 3323; baseline -0.018 -13"><span class='ocrx_word' id='word_1_225' title='bbox 149 3255 248 3321; x_wconf 89' lang='lat' dir='ltr'><strong>sit,</strong></span> <span class='ocrx_word' id='word_1_226' title='bbox 269 3264 487 3323; x_wconf 89' lang='lat' dir='ltr'><strong>quoque</strong></span> <span class='ocrx_word' id='word_1_227' title='bbox 512 3247 564 3304; x_wconf 92' lang='lat' dir='ltr'><strong>in</strong></span> <span class='ocrx_word' id='word_1_228' title='bbox 586 3255 726 3303; x_wconf 88' lang='lat' dir='ltr'><strong>statu</strong></span> <span class='ocrx_word' id='word_1_229' title='bbox 752 3260 841 3301; x_wconf 89' lang='lat' dir='ltr'><strong>res</strong></span> <span class='ocrx_word' id='word_1_230' title='bbox 867 3251 1065 3298; x_wconf 83' lang='lat' dir='ltr'><strong>nostra:</strong></span> <span class='ocrx_word' id='word_1_231' title='bbox 1085 3250 1195 3300; x_wconf 90' lang='lat' dir='ltr'><strong>tum</strong></span> <span class='ocrx_word' id='word_1_232' title='bbox 1215 3237 1476 3308; x_wconf 89' lang='lat' dir='ltr'><strong>temporis</strong></span> <span class='ocrx_word' id='word_1_233' title='bbox 1491 3234 1601 3290; x_wconf 87' lang='lat' dir='ltr'><strong>sint</strong></span> <span class='ocrx_word' id='word_1_234' title='bbox 1629 3233 1774 3287; x_wconf 86' lang='lat' dir='ltr'><strong>futu-</strong></span> 
     </span>
    </p>
   </div>
   <div class='ocr_carea' id='block_1_32' title="bbox 155 3327 1772 3413">
    <p class='ocr_par' dir='ltr' id='par_1_32' title="bbox 155 3327 1772 3413">
     <span class='ocr_line' id='line_1_32' title="bbox 155 3327 1772 3413; baseline -0.014 -13"><span class='ocrx_word' id='word_1_235' title='bbox 155 3360 258 3400; x_wconf 67' lang='lat' dir='ltr'><strong>rae.</strong></span> <span class='ocrx_word' id='word_1_236' title='bbox 293 3345 472 3413; x_wconf 81' lang='lat' dir='ltr'><strong>Atque</strong></span> <span class='ocrx_word' id='word_1_237' title='bbox 509 3339 670 3410; x_wconf 87' lang='lat' dir='ltr'><strong>hujus</strong></span> <span class='ocrx_word' id='word_1_238' title='bbox 689 3334 966 3392; x_wconf 85' lang='lat' dir='ltr'><strong>conciunis</strong></span> <span class='ocrx_word' id='word_1_239' title='bbox 997 3332 1285 3402; x_wconf 81' lang='lat' dir='ltr'><strong>participes</strong></span> <span class='ocrx_word' id='word_1_240' title='bbox 1315 3343 1421 3383; x_wconf 91' lang='lat' dir='ltr'><strong>non</strong></span> <span class='ocrx_word' id='word_1_241' title='bbox 1449 3327 1625 3380; x_wconf 86' lang='lat' dir='ltr'><strong>solum</strong></span> <span class='ocrx_word' id='word_1_242' title='bbox 1670 3338 1772 3379; x_wconf 90' lang='lat' dir='ltr'><strong>nos</strong></span> 
     </span>
    </p>
   </div>
   <div class='ocr_carea' id='block_1_33' title="bbox 151 3416 1776 3501">
    <p class='ocr_par' dir='ltr' id='par_1_33' title="bbox 151 3416 1776 3501">
     <span class='ocr_line' id='line_1_33' title="bbox 151 3416 1776 3501; baseline -0.014 -9"><span class='ocrx_word' id='word_1_243' title='bbox 151 3449 370 3501; x_wconf 82' lang='lat' dir='ltr'><strong>smnus,</strong></span> <span class='ocrx_word' id='word_1_244' title='bbox 397 3431 494 3488; x_wconf 86' lang='lat' dir='ltr'><strong>sed</strong></span> <span class='ocrx_word' id='word_1_245' title='bbox 514 3440 569 3486; x_wconf 91' lang='lat' dir='ltr'><strong>et</strong></span> <span class='ocrx_word' id='word_1_246' title='bbox 606 3427 882 3500; x_wconf 72' lang='lat' dir='ltr'><strong>prophetae</strong></span> <span class='ocrx_word' id='word_1_247' title='bbox 909 3435 966 3480; x_wconf 89' lang='lat' dir='ltr'><strong>et</strong></span> <span class='ocrx_word' id='word_1_248' title='bbox 1006 3422 1234 3494; x_wconf 68' lang='lat' dir='ltr'><strong>apostoli</strong></span> <span class='ocrx_word' id='word_1_249' title='bbox 1257 3463 1272 3486; x_wconf 92' lang='lat'><strong>,</strong></span> <span class='ocrx_word' id='word_1_250' title='bbox 1321 3419 1571 3490; x_wconf 85' lang='lat' dir='ltr'><strong>quodque</strong></span> <span class='ocrx_word' id='word_1_251' title='bbox 1602 3416 1776 3486; x_wconf 80' lang='lat' dir='ltr'><strong>majus</strong></span> 
     </span>
    </p>
   </div>
   <div class='ocr_carea' id='block_1_34' title="bbox 150 3509 1777 3592">
    <p class='ocr_par' dir='ltr' id='par_1_34' title="bbox 150 3509 1777 3592">
     <span class='ocr_line' id='line_1_34' title="bbox 150 3509 1777 3592; baseline -0.015 -6"><span class='ocrx_word' id='word_1_252' title='bbox 150 3541 242 3586; x_wconf 88' lang='lat' dir='ltr'><strong>est</strong></span> <span class='ocrx_word' id='word_1_253' title='bbox 321 3526 597 3590; x_wconf 86' lang='lat' dir='ltr'><strong>omnibus,</strong></span> <span class='ocrx_word' id='word_1_254' title='bbox 655 3523 772 3592; x_wconf 88' lang='lat' dir='ltr'><strong>ipse</strong></span> <span class='ocrx_word' id='word_1_255' title='bbox 821 3518 1078 3575; x_wconf 85' lang='lat' dir='ltr'><strong>Dominus</strong></span> <span class='ocrx_word' id='word_1_256' title='bbox 1125 3513 1367 3569; x_wconf 92' lang='lat' dir='ltr'><strong>omnium</strong></span> <span class='ocrx_word' id='word_1_257' title='bbox 1417 3520 1523 3567; x_wconf 88' lang='lat' dir='ltr'><strong>stat</strong></span> <span class='ocrx_word' id='word_1_258' title='bbox 1567 3509 1777 3564; x_wconf 89' lang='lat' dir='ltr'><strong>medius</strong></span> 
     </span>
    </p>
   </div>
   <div class='ocr_carea' id='block_1_35' title="bbox 153 3601 1776 3683">
    <p class='ocr_par' dir='ltr' id='par_1_35' title="bbox 153 3601 1776 3683">
     <span class='ocr_line' id='line_1_35' title="bbox 153 3601 1776 3683; baseline -0.015 -5"><span class='ocrx_word' id='word_1_259' title='bbox 153 3625 302 3678; x_wconf 89' lang='lat' dir='ltr'><strong>inter</strong></span> <span class='ocrx_word' id='word_1_260' title='bbox 331 3632 432 3674; x_wconf 86' lang='lat' dir='ltr'><strong>nos</strong></span> <span class='ocrx_word' id='word_1_261' title='bbox 461 3616 637 3671; x_wconf 76' lang='lat' dir='ltr'><strong>Jesus.</strong></span> <span class='ocrx_word' id='word_1_262' title='bbox 688 3613 809 3683; x_wconf 83' lang='lat' dir='ltr'><strong>Ipse</strong></span> <span class='ocrx_word' id='word_1_263' title='bbox 831 3610 1026 3680; x_wconf 87' lang='lat' dir='ltr'><strong>quippe</strong></span> <span class='ocrx_word' id='word_1_264' title='bbox 1051 3607 1182 3661; x_wconf 88' lang='lat' dir='ltr'><strong>dicit</strong></span> <span class='ocrx_word' id='word_1_265' title='bbox 1216 3623 1229 3658; x_wconf 92' lang='lat'><strong>:</strong></span> <span class='ocrx_word' id='word_1_266' title='bbox 1267 3603 1367 3660; x_wconf 83' lang='lat' dir='ltr'><strong>Ubi</strong></span> <span class='ocrx_word' id='word_1_267' title='bbox 1407 3605 1509 3656; x_wconf 86' lang='lat' dir='ltr'><strong>duo</strong></span> <span class='ocrx_word' id='word_1_268' title='bbox 1555 3601 1633 3655; x_wconf 77' lang='lat' dir='ltr'><strong>vel</strong></span> <span class='ocrx_word' id='word_1_269' title='bbox 1675 3610 1776 3654; x_wconf 85' lang='lat' dir='ltr'><strong>tres</strong></span> 
     </span>
    </p>
   </div>
   <div class='ocr_carea' id='block_1_36' title="bbox 152 3694 1774 3786">
    <p class='ocr_par' dir='ltr' id='par_1_36' title="bbox 152 3694 1774 3786">
     <span class='ocr_line' id='line_1_36' title="bbox 152 3694 1774 3786; baseline -0.017 -16"><span class='ocrx_word' id='word_1_270' title='bbox 152 3710 461 3786; x_wconf 76' lang='lat' dir='ltr'><strong>congregati</strong></span> <span class='ocrx_word' id='word_1_271' title='bbox 495 3707 692 3764; x_wconf 73' lang='lat' dir='ltr'><strong>suntin</strong></span> <span class='ocrx_word' id='word_1_272' title='bbox 715 3703 920 3758; x_wconf 85' lang='lat' dir='ltr'><strong>nomine</strong></span> <span class='ocrx_word' id='word_1_273' title='bbox 945 3717 1076 3762; x_wconf 82' lang='lat' dir='ltr'><strong>meo,</strong></span> <span class='ocrx_word' id='word_1_274' title='bbox 1116 3698 1228 3752; x_wconf 86' lang='lat' dir='ltr'><strong>illic</strong></span> <span class='ocrx_word' id='word_1_275' title='bbox 1253 3713 1366 3751; x_wconf 77' lang='lat' dir='ltr'><strong>sum</strong></span> <span class='ocrx_word' id='word_1_276' title='bbox 1397 3697 1448 3748; x_wconf 88' lang='lat' dir='ltr'><strong>in</strong></span> <span class='ocrx_word' id='word_1_277' title='bbox 1482 3694 1647 3746; x_wconf 68' lang='lat' dir='ltr'><strong>malta</strong></span> <span class='ocrx_word' id='word_1_278' title='bbox 1688 3706 1774 3744; x_wconf 85' lang='lat' dir='ltr'><strong>eo-</strong></span> 
     </span>
    </p>
   </div>
   <div class='ocr_carea' id='block_1_37' title="bbox 153 3791 1767 3876">
    <p class='ocr_par' dir='ltr' id='par_1_37' title="bbox 153 3791 1767 3876">
     <span class='ocr_line' id='line_1_37' title="bbox 153 3791 1767 3876; baseline -0.017 -13"><span class='ocrx_word' id='word_1_279' title='bbox 153 3825 274 3863; x_wconf 74' lang='lat' dir='ltr'><strong>rum</strong></span> <span class='ocrx_word' id='word_1_280' title='bbox 313 3801 534 3876; x_wconf 65' lang='lat' dir='ltr'><strong>(Matth.</strong></span> <span class='ocrx_word' id='word_1_281' title='bbox 562 3798 650 3856; x_wconf 74' lang='grc'><strong>18.</strong></span> <span class='ocrx_word' id='word_1_282' title='bbox 675 3796 748 3852; x_wconf 71' lang='lat'><strong>20</strong></span> <span class='ocrx_word' id='word_1_283' title='bbox 767 3799 809 3867; x_wconf 89' lang='lat'><strong>).</strong></span> <span class='ocrx_word' id='word_1_284' title='bbox 841 3793 995 3861; x_wconf 82' lang='lat' dir='ltr'><strong>Quod</strong></span> <span class='ocrx_word' id='word_1_285' title='bbox 1017 3793 1062 3846; x_wconf 87' lang='lat' dir='ltr'><strong>si</strong></span> <span class='ocrx_word' id='word_1_286' title='bbox 1090 3792 1178 3845; x_wconf 91' lang='lat' dir='ltr'><strong>ubi</strong></span> <span class='ocrx_word' id='word_1_287' title='bbox 1202 3791 1310 3844; x_wconf 90' lang='lat' dir='ltr'><strong>duo</strong></span> <span class='ocrx_word' id='word_1_288' title='bbox 1333 3797 1514 3842; x_wconf 78' lang='lat' dir='ltr'><strong>tresve</strong></span> <span class='ocrx_word' id='word_1_289' title='bbox 1541 3798 1767 3854; x_wconf 87' lang='lat' dir='ltr'><strong>congre-</strong></span> 
     </span>
    </p>
   </div>
   <div class='ocr_carea' id='block_1_38' title="bbox 152 3879 1774 3972">
    <p class='ocr_par' dir='ltr' id='par_1_38' title="bbox 152 3879 1774 3972">
     <span class='ocr_line' id='line_1_38' title="bbox 152 3879 1774 3972; baseline -0.015 -16"><span class='ocrx_word' id='word_1_290' title='bbox 152 3902 263 3972; x_wconf 84' lang='lat' dir='ltr'><strong>gati</strong></span> <span class='ocrx_word' id='word_1_291' title='bbox 295 3905 447 3962; x_wconf 89' lang='lat' dir='ltr'><strong>sunt,</strong></span> <span class='ocrx_word' id='word_1_292' title='bbox 469 3895 526 3950; x_wconf 89' lang='lat' dir='ltr'><strong>in</strong></span> <span class='ocrx_word' id='word_1_293' title='bbox 569 3891 750 3949; x_wconf 86' lang='lat' dir='ltr'><strong>medio</strong></span> <span class='ocrx_word' id='word_1_294' title='bbox 805 3899 888 3944; x_wconf 82' lang='lat' dir='ltr'><strong>est</strong></span> <span class='ocrx_word' id='word_1_295' title='bbox 944 3889 1202 3956; x_wconf 83' lang='lat' dir='ltr'><strong>ipsorum.</strong></span> <span class='ocrx_word' id='word_1_296' title='bbox 1260 3884 1428 3938; x_wconf 91' lang='lat' dir='ltr'><strong>multo</strong></span> <span class='ocrx_word' id='word_1_297' title='bbox 1471 3880 1641 3950; x_wconf 87' lang='lat' dir='ltr'><strong>magis</strong></span> <span class='ocrx_word' id='word_1_298' title='bbox 1687 3879 1774 3932; x_wconf 88' lang='lat' dir='ltr'><strong>ubi</strong></span> 
     </span>
    </p>
   </div>
   <div class='ocr_carea' id='block_1_39' title="bbox 155 3974 1777 4052">
    <p class='ocr_par' dir='ltr' id='par_1_39' title="bbox 155 3974 1777 4052">
     <span class='ocr_line' id='line_1_39' title="bbox 155 3974 1777 4052; baseline -0.016 -4"><span class='ocrx_word' id='word_1_299' title='bbox 155 4000 238 4048; x_wconf 90' lang='lat' dir='ltr'><strong>tot</strong></span> <span class='ocrx_word' id='word_1_300' title='bbox 262 3989 390 4052; x_wconf 86' lang='lat' dir='ltr'><strong>viri.</strong></span> <span class='ocrx_word' id='word_1_301' title='bbox 442 3992 526 4042; x_wconf 74' lang='lat' dir='ltr'><strong>tot</strong></span> <span class='ocrx_word' id='word_1_302' title='bbox 571 3983 867 4045; x_wconf 81' lang='lat' dir='ltr'><strong>mulieres,</strong></span> <span class='ocrx_word' id='word_1_303' title='bbox 919 3990 1025 4036; x_wconf 81' lang='lat' dir='ltr'><strong>tam</strong></span> <span class='ocrx_word' id='word_1_304' title='bbox 1078 3976 1231 4032; x_wconf 90' lang='lat' dir='ltr'><strong>multi</strong></span> <span class='ocrx_word' id='word_1_305' title='bbox 1279 3974 1441 4029; x_wconf 87' lang='lat' dir='ltr'><strong>etiam</strong></span> <span class='ocrx_word' id='word_1_306' title='bbox 1485 3981 1688 4042; x_wconf 83' lang='lat' dir='ltr'><strong>patres,</strong></span> <span class='ocrx_word' id='word_1_307' title='bbox 1722 3975 1777 4024; x_wconf 85' lang='lat' dir='ltr'><strong>et</strong></span> 
     </span>
    </p>
   </div>
   <div class='ocr_carea' id='block_1_40' title="bbox 151 4072 1416 4156">
    <p class='ocr_par' dir='ltr' id='par_1_40' title="bbox 151 4072 1416 4156">
     <span class='ocr_line' id='line_1_40' title="bbox 151 4072 1416 4156; baseline -0.015 -18"><span class='ocrx_word' id='word_1_308' title='bbox 151 4081 390 4156; x_wconf 84' lang='lat' dir='ltr'><strong>apostoli</strong></span> <span class='ocrx_word' id='word_1_309' title='bbox 419 4094 484 4135; x_wconf 88' lang='lat' dir='ltr'><strong>ac</strong></span> <span class='ocrx_word' id='word_1_310' title='bbox 523 4074 800 4148; x_wconf 72' lang='lat' dir='ltr'><strong>propheta:</strong></span> <span class='ocrx_word' id='word_1_311' title='bbox 828 4075 881 4128; x_wconf 92' lang='lat' dir='ltr'><strong>in</strong></span> <span class='ocrx_word' id='word_1_312' title='bbox 911 4072 1091 4128; x_wconf 88' lang='lat' dir='ltr'><strong>medio</strong></span> <span class='ocrx_word' id='word_1_313' title='bbox 1113 4076 1416 4126; x_wconf 85' lang='lat' dir='ltr'><strong>versantur.</strong></span> 
     </span>
    </p>
   </div>
   <div class='ocr_carea' id='block_1_41' title="bbox 229 4155 1776 4228">
    <p class='ocr_par' dir='ltr' id='par_1_41' title="bbox 229 4155 1776 4228">
     <span class='ocr_line' id='line_1_41' title="bbox 229 4155 1776 4228; baseline -0.014 1"><span class='ocrx_word' id='word_1_314' title='bbox 229 4174 466 4228; x_wconf 72' lang='lat' dir='ltr'><strong>Adamn</strong></span> <span class='ocrx_word' id='word_1_315' title='bbox 484 4187 553 4223; x_wconf 77' lang='lat' dir='ltr'><strong>an</strong></span> <span class='ocrx_word' id='word_1_316' title='bbox 581 4167 844 4224; x_wconf 72' lang='lat' dir='ltr'><strong>scientiam</strong></span> <span class='ocrx_word' id='word_1_317' title='bbox 873 4166 990 4220; x_wconf 79' lang='lat' dir='ltr'><strong>boni</strong></span> <span class='ocrx_word' id='word_1_318' title='bbox 1018 4173 1064 4217; x_wconf 89' lang='lat' dir='ltr'><strong>et</strong></span> <span class='ocrx_word' id='word_1_319' title='bbox 1093 4162 1216 4215; x_wconf 81' lang='lat' dir='ltr'><strong>ntali</strong></span> <span class='ocrx_word' id='word_1_320' title='bbox 1242 4158 1494 4213; x_wconf 80' lang='lat' dir='ltr'><strong>habuerit.</strong></span> <span class='ocrx_word' id='word_1_321' title='bbox 1552 4155 1776 4223; x_wconf 82' lang='lat' dir='ltr'><strong>Quinam</strong></span> 
     </span>
    </p>
   </div>
   <div class='ocr_carea' id='block_1_42' title="bbox 151 4255 1773 4340">
    <p class='ocr_par' dir='ltr' id='par_1_42' title="bbox 151 4255 1773 4340">
     <span class='ocr_line' id='line_1_42' title="bbox 151 4255 1773 4340; baseline -0.014 -17"><span class='ocrx_word' id='word_1_322' title='bbox 151 4270 393 4340; x_wconf 73' lang='lat' dir='ltr'><strong>ignorent</strong></span> <span class='ocrx_word' id='word_1_323' title='bbox 422 4265 610 4318; x_wconf 72' lang='lat' dir='ltr'><strong>bonum</strong></span> <span class='ocrx_word' id='word_1_324' title='bbox 634 4268 684 4314; x_wconf 86' lang='lat' dir='ltr'><strong>et</strong></span> <span class='ocrx_word' id='word_1_325' title='bbox 713 4259 924 4313; x_wconf 73' lang='lat' dir='ltr'><strong>malum.</strong></span> <span class='ocrx_word' id='word_1_326' title='bbox 952 4286 1026 4296; x_wconf 97' lang='lat'><strong><em>—</em></strong></span> <span class='ocrx_word' id='word_1_327' title='bbox 1047 4255 1388 4324; x_wconf 87' lang='lat' dir='ltr'><strong>Quapropter</strong></span> <span class='ocrx_word' id='word_1_328' title='bbox 1431 4260 1488 4306; x_wconf 88' lang='lat' dir='ltr'><strong>et</strong></span> <span class='ocrx_word' id='word_1_329' title='bbox 1514 4265 1612 4303; x_wconf 86' lang='lat' dir='ltr'><strong>nos</strong></span> <span class='ocrx_word' id='word_1_330' title='bbox 1659 4264 1773 4302; x_wconf 86' lang='lat' dir='ltr'><strong>nta-</strong></span> 
     </span>
    </p>
   </div>
   <div class='ocr_carea' id='block_1_43' title="bbox 153 4340 1775 4430">
    <p class='ocr_par' dir='ltr' id='par_1_43' title="bbox 153 4340 1775 4430">
     <span class='ocr_line' id='line_1_43' title="bbox 153 4340 1775 4430; baseline -0.01 -19"><span class='ocrx_word' id='word_1_331' title='bbox 153 4360 260 4430; x_wconf 80' lang='lat' dir='ltr'><strong>jori</strong></span> <span class='ocrx_word' id='word_1_332' title='bbox 291 4372 420 4413; x_wconf 90' lang='lat' dir='ltr'><strong>cum</strong></span> <span class='ocrx_word' id='word_1_333' title='bbox 453 4353 643 4409; x_wconf 78' lang='lat' dir='ltr'><strong>ﬁducia</strong></span> <span class='ocrx_word' id='word_1_334' title='bbox 677 4351 842 4407; x_wconf 81' lang='lat' dir='ltr'><strong>verba</strong></span> <span class='ocrx_word' id='word_1_335' title='bbox 871 4349 1116 4410; x_wconf 87' lang='lat' dir='ltr'><strong>facimus,</strong></span> <span class='ocrx_word' id='word_1_336' title='bbox 1149 4361 1218 4400; x_wconf 89' lang='lat' dir='ltr'><strong>co</strong></span> <span class='ocrx_word' id='word_1_337' title='bbox 1245 4344 1365 4399; x_wconf 84' lang='lat' dir='ltr'><strong>freti</strong></span> <span class='ocrx_word' id='word_1_338' title='bbox 1393 4340 1657 4405; x_wconf 87' lang='lat' dir='ltr'><strong>subsidio,</strong></span> <span class='ocrx_word' id='word_1_339' title='bbox 1717 4349 1775 4394; x_wconf 91' lang='lat' dir='ltr'><strong>et</strong></span> 
     </span>
    </p>
   </div>
   <div class='ocr_carea' id='block_1_44' title="bbox 159 4432 1776 4506">
    <p class='ocr_par' dir='ltr' id='par_1_44' title="bbox 159 4432 1776 4506">
     <span class='ocr_line' id='line_1_44' title="bbox 159 4432 1776 4506; baseline -0.013 0"><span class='ocrx_word' id='word_1_340' title='bbox 159 4453 321 4506; x_wconf 83' lang='lat' dir='ltr'><strong>tidem</strong></span> <span class='ocrx_word' id='word_1_341' title='bbox 353 4447 510 4502; x_wconf 86' lang='lat' dir='ltr'><strong>vobis</strong></span> <span class='ocrx_word' id='word_1_342' title='bbox 533 4445 714 4500; x_wconf 86' lang='lat' dir='ltr'><strong>datam</strong></span> <span class='ocrx_word' id='word_1_343' title='bbox 742 4442 1003 4498; x_wconf 86' lang='lat' dir='ltr'><strong>solvimus</strong></span> <span class='ocrx_word' id='word_1_344' title='bbox 1024 4441 1064 4493; x_wconf 87' lang='grc'><strong>¹.</strong></span> <span class='ocrx_word' id='word_1_345' title='bbox 1101 4438 1352 4494; x_wconf 83' lang='lat' dir='ltr'><strong>Dicturus</strong></span> <span class='ocrx_word' id='word_1_346' title='bbox 1371 4435 1517 4492; x_wconf 87' lang='lat' dir='ltr'><strong>enim</strong></span> <span class='ocrx_word' id='word_1_347' title='bbox 1541 4449 1638 4490; x_wconf 82' lang='lat' dir='ltr'><strong>nos</strong></span> <span class='ocrx_word' id='word_1_348' title='bbox 1659 4432 1776 4505; x_wconf 88' lang='lat' dir='ltr'><strong>pol-</strong></span> 
     </span>
    </p>
   </div>
   <div class='ocr_carea' id='block_1_45' title="bbox 163 4529 1773 4610">
    <p class='ocr_par' dir='ltr' id='par_1_45' title="bbox 163 4529 1773 4610">
     <span class='ocr_line' id='line_1_45' title="bbox 163 4529 1773 4610; baseline -0.009 -14"><span class='ocrx_word' id='word_1_349' title='bbox 163 4544 293 4598; x_wconf 87' lang='lat' dir='ltr'><strong>liciti</strong></span> <span class='ocrx_word' id='word_1_350' title='bbox 316 4555 528 4602; x_wconf 86' lang='lat' dir='ltr'><strong>sutnus,</strong></span> <span class='ocrx_word' id='word_1_351' title='bbox 553 4538 785 4610; x_wconf 86' lang='lat' dir='ltr'><strong>primum</strong></span> <span class='ocrx_word' id='word_1_352' title='bbox 809 4535 878 4591; x_wconf 89' lang='lat' dir='ltr'><strong>de</strong></span> <span class='ocrx_word' id='word_1_353' title='bbox 908 4535 1074 4604; x_wconf 88' lang='lat' dir='ltr'><strong>ligno,</strong></span> <span class='ocrx_word' id='word_1_354' title='bbox 1117 4547 1184 4586; x_wconf 89' lang='lat' dir='ltr'><strong>an</strong></span> <span class='ocrx_word' id='word_1_355' title='bbox 1207 4547 1272 4586; x_wconf 77' lang='lat' dir='ltr'><strong>ex</strong></span> <span class='ocrx_word' id='word_1_356' title='bbox 1299 4545 1367 4586; x_wconf 92' lang='lat' dir='ltr'><strong>eo</strong></span> <span class='ocrx_word' id='word_1_357' title='bbox 1411 4529 1773 4600; x_wconf 77' lang='lat' dir='ltr'><strong>cognitionem</strong></span> 
     </span>
    </p>
   </div>
   <div class='ocr_carea' id='block_1_46' title="bbox 161 4627 1773 4701">
    <p class='ocr_par' dir='ltr' id='par_1_46' title="bbox 161 4627 1773 4701">
     <span class='ocr_line' id='line_1_46' title="bbox 161 4627 1773 4701; baseline -0.01 -11"><span class='ocrx_word' id='word_1_358' title='bbox 161 4637 288 4690; x_wconf 88' lang='lat' dir='ltr'><strong>boni</strong></span> <span class='ocrx_word' id='word_1_359' title='bbox 311 4650 378 4690; x_wconf 92' lang='lat' dir='ltr'><strong>ac</strong></span> <span class='ocrx_word' id='word_1_360' title='bbox 396 4634 524 4689; x_wconf 86' lang='lat' dir='ltr'><strong>mali</strong></span> <span class='ocrx_word' id='word_1_361' title='bbox 552 4647 624 4688; x_wconf 88' lang='lat' dir='ltr'><strong>stt</strong></span> <span class='ocrx_word' id='word_1_362' title='bbox 649 4629 878 4701; x_wconf 87' lang='lat' dir='ltr'><strong>adeptus</strong></span> <span class='ocrx_word' id='word_1_363' title='bbox 901 4627 1162 4691; x_wconf 79' lang='lat' dir='ltr'><strong>Adatuus,</strong></span> <span class='ocrx_word' id='word_1_364' title='bbox 1213 4640 1282 4680; x_wconf 90' lang='lat' dir='ltr'><strong>an</strong></span> <span class='ocrx_word' id='word_1_365' title='bbox 1327 4639 1457 4679; x_wconf 90' lang='lat' dir='ltr'><strong>vero</strong></span> <span class='ocrx_word' id='word_1_366' title='bbox 1486 4633 1773 4692; x_wconf 88' lang='lat' dir='ltr'><strong>antequam</strong></span> 
     </span>
    </p>
   </div>
   <div class='ocr_carea' id='block_1_47' title="bbox 157 4714 1778 4794">
    <p class='ocr_par' dir='ltr' id='par_1_47' title="bbox 157 4714 1778 4794">
     <span class='ocr_line' id='line_1_47' title="bbox 157 4714 1778 4794; baseline -0.01 -10"><span class='ocrx_word' id='word_1_367' title='bbox 157 4727 369 4792; x_wconf 83' lang='lat' dir='ltr'><strong>ederet,</strong></span> <span class='ocrx_word' id='word_1_368' title='bbox 417 4720 724 4794; x_wconf 70' lang='lat' dir='ltr'><strong>huiusmodi</strong></span> <span class='ocrx_word' id='word_1_369' title='bbox 753 4721 939 4775; x_wconf 87' lang='lat' dir='ltr'><strong>notitia</strong></span> <span class='ocrx_word' id='word_1_370' title='bbox 991 4718 1245 4788; x_wconf 73' lang='lat' dir='ltr'><strong>przeditns</strong></span> <span class='ocrx_word' id='word_1_371' title='bbox 1291 4726 1456 4772; x_wconf 83' lang='lat' dir='ltr'><strong>esset.</strong></span> <span class='ocrx_word' id='word_1_372' title='bbox 1509 4714 1778 4769; x_wconf 78' lang='lat' dir='ltr'><strong>Audacter</strong></span> 
     </span>
    </p>
   </div>
   <div class='ocr_carea' id='block_1_48' title="bbox 161 4807 1774 4894">
    <p class='ocr_par' dir='ltr' id='par_1_48' title="bbox 161 4807 1774 4894">
     <span class='ocr_line' id='line_1_48' title="bbox 161 4807 1774 4894; baseline -0.009 -20"><span class='ocrx_word' id='word_1_373' title='bbox 161 4820 326 4894; x_wconf 46' lang='lat' dir='ltr'><strong>hitur</strong></span> <span class='ocrx_word' id='word_1_374' title='bbox 369 4832 513 4873; x_wconf 88' lang='lat' dir='ltr'><strong>nunc</strong></span> <span class='ocrx_word' id='word_1_375' title='bbox 559 4815 805 4870; x_wconf 87' lang='lat' dir='ltr'><strong>dicamus</strong></span> <span class='ocrx_word' id='word_1_376' title='bbox 831 4855 847 4876; x_wconf 89' lang='lat'><strong><em>.</em></strong></span> <span class='ocrx_word' id='word_1_377' title='bbox 907 4813 1068 4868; x_wconf 85' lang='lat' dir='ltr'><strong>etiam</strong></span> <span class='ocrx_word' id='word_1_378' title='bbox 1111 4820 1397 4882; x_wconf 86' lang='lat' dir='ltr'><strong>antequam</strong></span> <span class='ocrx_word' id='word_1_379' title='bbox 1442 4807 1774 4870; x_wconf 80' lang='lat' dir='ltr'><strong>comedert-t,</strong></span> 
     </span>
    </p>
   </div>
   <div class='ocr_carea' id='block_1_49' title="bbox 161 4899 1775 4978">
    <p class='ocr_par' dir='ltr' id='par_1_49' title="bbox 161 4899 1775 4978">
     <span class='ocr_line' id='line_1_49' title="bbox 161 4899 1775 4978; baseline -0.009 -10"><span class='ocrx_word' id='word_1_380' title='bbox 161 4912 266 4967; x_wconf 78' lang='lat' dir='ltr'><strong>hac</strong></span> <span class='ocrx_word' id='word_1_381' title='bbox 288 4925 412 4964; x_wconf 88' lang='lat' dir='ltr'><strong>eum</strong></span> <span class='ocrx_word' id='word_1_382' title='bbox 439 4907 748 4978; x_wconf 81' lang='lat' dir='ltr'><strong>cognitiOne</strong></span> <span class='ocrx_word' id='word_1_383' title='bbox 769 4905 1052 4977; x_wconf 73' lang='lat' dir='ltr'><strong>praeditum</strong></span> <span class='ocrx_word' id='word_1_384' title='bbox 1083 4902 1246 4958; x_wconf 83' lang='lat' dir='ltr'><strong>fuisse</strong></span> <span class='ocrx_word' id='word_1_385' title='bbox 1277 4901 1414 4956; x_wconf 88' lang='lat' dir='ltr'><strong>:nisi</strong></span> <span class='ocrx_word' id='word_1_386' title='bbox 1456 4903 1601 4956; x_wconf 89' lang='lat' dir='ltr'><strong>enim</strong></span> <span class='ocrx_word' id='word_1_387' title='bbox 1648 4899 1775 4968; x_wconf 87' lang='lat' dir='ltr'><strong>quid</strong></span> 
     </span>
    </p>
   </div>
   <div class='ocr_carea' id='block_1_50' title="bbox 161 4993 1775 5065">
    <p class='ocr_par' dir='ltr' id='par_1_50' title="bbox 161 4993 1775 5065">
     <span class='ocr_line' id='line_1_50' title="bbox 161 4993 1775 5065; baseline -0.008 -6"><span class='ocrx_word' id='word_1_388' title='bbox 161 5003 367 5059; x_wconf 76' lang='lat' dir='ltr'><strong>bonum</strong></span> <span class='ocrx_word' id='word_1_389' title='bbox 397 5001 667 5055; x_wconf 82' lang='lat' dir='ltr'><strong>maltnuve</strong></span> <span class='ocrx_word' id='word_1_390' title='bbox 697 4996 854 5058; x_wconf 89' lang='lat' dir='ltr'><strong>foret,</strong></span> <span class='ocrx_word' id='word_1_391' title='bbox 884 4997 1142 5061; x_wconf 80' lang='lat' dir='ltr'><strong>novisset,</strong></span> <span class='ocrx_word' id='word_1_392' title='bbox 1163 4995 1296 5065; x_wconf 61' lang='lat' dir='ltr'><strong>ipsis</strong></span> <span class='ocrx_word' id='word_1_393' title='bbox 1325 4993 1549 5049; x_wconf 86' lang='lat' dir='ltr'><strong>rationis</strong></span> <span class='ocrx_word' id='word_1_394' title='bbox 1573 5007 1775 5060; x_wconf 78' lang='lat' dir='ltr'><strong>exper-</strong></span> 
     </span>
    </p>
   </div>
   <div class='ocr_carea' id='block_1_51' title="bbox 161 5083 1776 5151">
    <p class='ocr_par' dir='ltr' id='par_1_51' title="bbox 161 5083 1776 5151">
     <span class='ocr_line' id='line_1_51' title="bbox 161 5083 1776 5151; baseline -0.01 0"><span class='ocrx_word' id='word_1_395' title='bbox 161 5096 309 5151; x_wconf 86' lang='lat' dir='ltr'><strong>tibus</strong></span> <span class='ocrx_word' id='word_1_396' title='bbox 334 5090 702 5147; x_wconf 82' lang='lat' dir='ltr'><strong>animantibus</strong></span> <span class='ocrx_word' id='word_1_397' title='bbox 728 5089 1035 5151; x_wconf 88' lang='lat' dir='ltr'><strong>itumanior,</strong></span> <span class='ocrx_word' id='word_1_398' title='bbox 1070 5098 1124 5143; x_wconf 89' lang='lat' dir='ltr'><strong>et</strong></span> <span class='ocrx_word' id='word_1_399' title='bbox 1148 5087 1400 5143; x_wconf 85' lang='lat' dir='ltr'><strong>dominus</strong></span> <span class='ocrx_word' id='word_1_400' title='bbox 1423 5084 1596 5140; x_wconf 83' lang='lat' dir='ltr'><strong>servis</strong></span> <span class='ocrx_word' id='word_1_401' title='bbox 1643 5083 1776 5136; x_wconf 87' lang='lat' dir='ltr'><strong>stul-</strong></span> 
     </span>
    </p>
   </div>
   <div class='ocr_carea' id='block_1_52' title="bbox 159 5178 1777 5243">
    <p class='ocr_par' dir='ltr' id='par_1_52' title="bbox 159 5178 1777 5243">
     <span class='ocr_line' id='line_1_52' title="bbox 159 5178 1777 5243; baseline -0.009 -1"><span class='ocrx_word' id='word_1_402' title='bbox 159 5193 268 5243; x_wconf 88' lang='lat' dir='ltr'><strong>tior</strong></span> <span class='ocrx_word' id='word_1_403' title='bbox 293 5184 614 5242; x_wconf 71' lang='lat' dir='ltr'><strong>exstitisset.</strong></span> <span class='ocrx_word' id='word_1_404' title='bbox 674 5183 872 5237; x_wconf 75' lang='lat' dir='ltr'><strong>Annon</strong></span> <span class='ocrx_word' id='word_1_405' title='bbox 923 5182 1067 5236; x_wconf 88' lang='lat' dir='ltr'><strong>enim</strong></span> <span class='ocrx_word' id='word_1_406' title='bbox 1116 5180 1407 5235; x_wconf 84' lang='lat' dir='ltr'><strong>absurdum</strong></span> <span class='ocrx_word' id='word_1_407' title='bbox 1453 5178 1684 5241; x_wconf 86' lang='lat' dir='ltr'><strong>videtur,</strong></span> <span class='ocrx_word' id='word_1_408' title='bbox 1719 5185 1777 5228; x_wconf 93' lang='lat' dir='ltr'><strong>ttt</strong></span> 
     </span>
    </p>
   </div>
   <div class='ocr_carea' id='block_1_53' title="bbox 153 5265 1778 5349">
    <p class='ocr_par' dir='ltr' id='par_1_53' title="bbox 153 5265 1778 5349">
     <span class='ocr_line' id='line_1_53' title="bbox 153 5265 1778 5349; baseline -0.01 -13"><span class='ocrx_word' id='word_1_409' title='bbox 153 5294 341 5349; x_wconf 73' lang='lat' dir='ltr'><strong>capne</strong></span> <span class='ocrx_word' id='word_1_410' title='bbox 371 5275 590 5347; x_wconf 87' lang='lat' dir='ltr'><strong>quidem</strong></span> <span class='ocrx_word' id='word_1_411' title='bbox 612 5281 669 5330; x_wconf 87' lang='lat' dir='ltr'><strong>et</strong></span> <span class='ocrx_word' id='word_1_412' title='bbox 695 5287 828 5329; x_wconf 86' lang='lat' dir='ltr'><strong>oves</strong></span> <span class='ocrx_word' id='word_1_413' title='bbox 855 5272 1123 5332; x_wconf 67' lang='lat' dir='ltr'><strong>now-rint,</strong></span> <span class='ocrx_word' id='word_1_414' title='bbox 1163 5285 1410 5341; x_wconf 77' lang='lat' dir='ltr'><strong>qurenam</strong></span> <span class='ocrx_word' id='word_1_415' title='bbox 1456 5267 1622 5324; x_wconf 90' lang='lat' dir='ltr'><strong>lterba</strong></span> <span class='ocrx_word' id='word_1_416' title='bbox 1673 5265 1778 5322; x_wconf 90' lang='lat' dir='ltr'><strong>sibi</strong></span> 
     </span>
    </p>
   </div>
   <div class='ocr_carea' id='block_1_54' title="bbox 153 5364 1780 5438">
    <p class='ocr_par' dir='ltr' id='par_1_54' title="bbox 153 5364 1780 5438">
     <span class='ocr_line' id='line_1_54' title="bbox 153 5364 1780 5438; baseline -0.009 -10"><span class='ocrx_word' id='word_1_417' title='bbox 153 5375 225 5428; x_wconf 82' lang='lat' dir='ltr'><strong>sit</strong></span> <span class='ocrx_word' id='word_1_418' title='bbox 275 5371 445 5434; x_wconf 82' lang='lat' dir='ltr'><strong>utilis,</strong></span> <span class='ocrx_word' id='word_1_419' title='bbox 493 5381 685 5438; x_wconf 67' lang='lat' dir='ltr'><strong>quaeve</strong></span> <span class='ocrx_word' id='word_1_420' title='bbox 713 5365 1036 5437; x_wconf 83' lang='lat' dir='ltr'><strong>perniciosa.</strong></span> <span class='ocrx_word' id='word_1_421' title='bbox 1086 5379 1260 5434; x_wconf 83' lang='lat' dir='ltr'><strong>neque</strong></span> <span class='ocrx_word' id='word_1_422' title='bbox 1301 5364 1369 5417; x_wconf 88' lang='lat' dir='ltr'><strong>ad</strong></span> <span class='ocrx_word' id='word_1_423' title='bbox 1413 5376 1604 5416; x_wconf 83' lang='lat' dir='ltr'><strong>omnes</strong></span> <span class='ocrx_word' id='word_1_424' title='bbox 1657 5375 1780 5429; x_wconf 69' lang='lat' dir='ltr'><strong>qua:</strong></span> 
     </span>
    </p>
   </div>
   <div class='ocr_carea' id='block_1_55' title="bbox 155 5455 1783 5530">
    <p class='ocr_par' dir='ltr' id='par_1_55' title="bbox 155 5455 1783 5530">
     <span class='ocr_line' id='line_1_55' title="bbox 155 5455 1783 5530; baseline -0.009 -9"><span class='ocrx_word' id='word_1_425' title='bbox 155 5472 474 5530; x_wconf 77' lang='lat' dir='ltr'><strong>occurrunt,</strong></span> <span class='ocrx_word' id='word_1_426' title='bbox 488 5461 882 5520; x_wconf 67' lang='lat' dir='ltr'><strong>adharescant.</strong></span> <span class='ocrx_word' id='word_1_427' title='bbox 905 5457 999 5513; x_wconf 87' lang='lat' dir='ltr'><strong>sed</strong></span> <span class='ocrx_word' id='word_1_428' title='bbox 1017 5456 1326 5512; x_wconf 78' lang='lat' dir='ltr'><strong>discernere</strong></span> <span class='ocrx_word' id='word_1_429' title='bbox 1358 5455 1561 5526; x_wconf 83' lang='lat' dir='ltr'><strong>possint</strong></span> <span class='ocrx_word' id='word_1_430' title='bbox 1576 5468 1638 5507; x_wconf 90' lang='lat' dir='ltr'><strong>ac</strong></span> <span class='ocrx_word' id='word_1_431' title='bbox 1656 5467 1783 5507; x_wconf 86' lang='lat' dir='ltr'><strong>nos-</strong></span> 
     </span>
    </p>
   </div>
   <div class='ocr_carea' id='block_1_56' title="bbox 157 5548 1784 5631">
    <p class='ocr_par' dir='ltr' id='par_1_56' title="bbox 157 5548 1784 5631">
     <span class='ocr_line' id='line_1_56' title="bbox 157 5548 1784 5631; baseline -0.009 -14"><span class='ocrx_word' id='word_1_432' title='bbox 157 5578 243 5628; x_wconf 80' lang='lat' dir='ltr'><strong>se,</strong></span> <span class='ocrx_word' id='word_1_433' title='bbox 271 5559 402 5631; x_wconf 90' lang='lat' dir='ltr'><strong>quid</strong></span> <span class='ocrx_word' id='word_1_434' title='bbox 433 5559 566 5630; x_wconf 75' lang='lat' dir='ltr'><strong>ipsis</strong></span> <span class='ocrx_word' id='word_1_435' title='bbox 587 5557 817 5613; x_wconf 77' lang='lat' dir='ltr'><strong>lnoxium</strong></span> <span class='ocrx_word' id='word_1_436' title='bbox 847 5557 938 5617; x_wconf 87' lang='lat' dir='ltr'><strong>sit,</strong></span> <span class='ocrx_word' id='word_1_437' title='bbox 967 5561 1021 5606; x_wconf 87' lang='lat' dir='ltr'><strong>et</strong></span> <span class='ocrx_word' id='word_1_438' title='bbox 1046 5551 1172 5622; x_wconf 90' lang='lat' dir='ltr'><strong>quid</strong></span> <span class='ocrx_word' id='word_1_439' title='bbox 1203 5548 1546 5606; x_wconf 86' lang='lat' dir='ltr'><strong>commodum</strong></span> <span class='ocrx_word' id='word_1_440' title='bbox 1573 5566 1588 5606; x_wconf 86' lang='lat'><strong>:</strong></span> <span class='ocrx_word' id='word_1_441' title='bbox 1619 5549 1784 5602; x_wconf 89' lang='lat' dir='ltr'><strong>homo</strong></span> 
     </span>
    </p>
   </div>
   <div class='ocr_carea' id='block_1_57' title="bbox 163 5642 1778 5711">
    <p class='ocr_par' dir='ltr' id='par_1_57' title="bbox 163 5642 1778 5711">
     <span class='ocr_line' id='line_1_57' title="bbox 163 5642 1778 5711; baseline -0.011 0"><span class='ocrx_word' id='word_1_442' title='bbox 163 5668 304 5711; x_wconf 72' lang='lat' dir='ltr'><strong>vero</strong></span> <span class='ocrx_word' id='word_1_443' title='bbox 328 5662 476 5709; x_wconf 88' lang='lat' dir='ltr'><strong>tanta</strong></span> <span class='ocrx_word' id='word_1_444' title='bbox 492 5650 743 5707; x_wconf 87' lang='lat' dir='ltr'><strong>cautione</strong></span> <span class='ocrx_word' id='word_1_445' title='bbox 768 5645 1082 5704; x_wconf 80' lang='lat' dir='ltr'><strong>fraudetur?</strong></span> <span class='ocrx_word' id='word_1_446' title='bbox 1100 5643 1211 5699; x_wconf 75' lang='lat' dir='ltr'><strong>Nisi</strong></span> <span class='ocrx_word' id='word_1_447' title='bbox 1234 5643 1377 5698; x_wconf 77' lang='lat' dir='ltr'><strong>enim</strong></span> <span class='ocrx_word' id='word_1_448' title='bbox 1401 5643 1505 5698; x_wconf 91' lang='lat' dir='ltr'><strong>ltoc</strong></span> <span class='ocrx_word' id='word_1_449' title='bbox 1533 5642 1778 5705; x_wconf 87' lang='lat' dir='ltr'><strong>haberet,</strong></span> 
     </span>
    </p>
   </div>
   <div class='ocr_carea' id='block_1_58' title="bbox 163 5736 1781 5814">
    <p class='ocr_par' dir='ltr' id='par_1_58' title="bbox 163 5736 1781 5814">
     <span class='ocr_line' id='line_1_58' title="bbox 163 5736 1781 5814; baseline -0.012 -7"><span class='ocrx_word' id='word_1_450' title='bbox 163 5747 366 5807; x_wconf 84' lang='lat' dir='ltr'><strong>nullius</strong></span> <span class='ocrx_word' id='word_1_451' title='bbox 392 5755 536 5803; x_wconf 84' lang='lat' dir='ltr'><strong>esset</strong></span> <span class='ocrx_word' id='word_1_452' title='bbox 559 5743 738 5814; x_wconf 79' lang='lat' dir='ltr'><strong>pretii,</strong></span> <span class='ocrx_word' id='word_1_453' title='bbox 784 5741 879 5797; x_wconf 75' lang='lat' dir='ltr'><strong>sed</strong></span> <span class='ocrx_word' id='word_1_454' title='bbox 905 5738 1145 5794; x_wconf 88' lang='lat' dir='ltr'><strong>omnium</strong></span> <span class='ocrx_word' id='word_1_455' title='bbox 1176 5736 1569 5808; x_wconf 72' lang='lat' dir='ltr'><strong>abiectissimus</strong></span> <span class='ocrx_word' id='word_1_456' title='bbox 1617 5749 1781 5805; x_wconf 80' lang='lat' dir='ltr'><strong>appa-</strong></span> 
     </span>
    </p>
   </div>
   <div class='ocr_carea' id='block_1_59' title="bbox 227 5896 856 5967">
    <p class='ocr_par' dir='ltr' id='par_1_59' title="bbox 227 5896 856 5967">
     <span class='ocr_line' id='line_1_59' title="bbox 227 5896 856 5967; baseline -0.013 -16"><span class='ocrx_word' id='word_1_457' title='bbox 227 5907 246 5938; x_wconf 75' lang='grc' dir='ltr'>ι</span> <span class='ocrx_word' id='word_1_458' title='bbox 285 5908 430 5967; x_wconf 60' lang='grc' dir='ltr'><strong>ιρι..</strong></span> <span class='ocrx_word' id='word_1_459' title='bbox 453 5898 582 5952; x_wconf 64' lang='grc' dir='ltr'><strong>ῑώὶι</strong></span> <span class='ocrx_word' id='word_1_460' title='bbox 605 5896 856 5948; x_wconf 63' lang='lat' dir='ltr'><strong>solvamus.</strong></span> 
     </span>
    </p>
   </div>
   <div class='ocr_carea' id='block_1_60' title="bbox 1415 427 2219 496">
    <p class='ocr_par' dir='ltr' id='par_1_60' title="bbox 1415 427 2219 496">
     <span class='ocr_line' id='line_1_60' title="bbox 1415 427 2219 496; baseline -0.017 0"><span class='ocrx_word' id='word_1_461' title='bbox 1415 438 1480 496; x_wconf 68' lang='lat' dir='ltr'><strong>IN</strong></span> <span class='ocrx_word' id='word_1_462' title='bbox 1519 431 1818 494; x_wconf 77' lang='lat' dir='ltr'><strong>GENESIM</strong></span> <span class='ocrx_word' id='word_1_463' title='bbox 1859 428 2091 486; x_wconf 72' lang='lat' dir='ltr'><strong>SEllMO</strong></span> <span class='ocrx_word' id='word_1_464' title='bbox 2133 427 2219 482; x_wconf 73' lang='lat' dir='ltr'><strong>Vl.</strong></span> 
     </span>
    </p>
   </div>
   <div class='ocr_carea' id='block_1_61' title="bbox 3381 431 3488 488">
    <p class='ocr_par' dir='ltr' id='par_1_61' title="bbox 3381 431 3488 488">
     <span class='ocr_line' id='line_1_61' title="bbox 3381 431 3488 488; baseline -0.019 0"><span class='ocrx_word' id='word_1_465' title='bbox 3381 431 3488 488; x_wconf 69' lang='grc' dir='ltr'><strong>θαι</strong></span> 
     </span>
    </p>
   </div>
   <div class='ocr_carea' id='block_1_62' title="bbox 1886 547 3476 625">
    <p class='ocr_par' dir='ltr' id='par_1_62' title="bbox 1886 547 3476 625">
     <span class='ocr_line' id='line_1_62' title="bbox 1886 547 3476 625; baseline 0.008 -23"><span class='ocrx_word' id='word_1_466' title='bbox 1886 555 2050 603; x_wconf 85' lang='lat' dir='ltr'><strong>rcrct.</strong></span> <span class='ocrx_word' id='word_1_467' title='bbox 2077 547 2240 602; x_wconf 79' lang='lat' dir='ltr'><strong>Multo</strong></span> <span class='ocrx_word' id='word_1_468' title='bbox 2267 547 2411 604; x_wconf 86' lang='lat' dir='ltr'><strong>cnim</strong></span> <span class='ocrx_word' id='word_1_469' title='bbox 2439 549 2607 601; x_wconf 85' lang='lat' dir='ltr'><strong>salius</strong></span> <span class='ocrx_word' id='word_1_470' title='bbox 2632 548 2732 619; x_wconf 84' lang='lat' dir='ltr'><strong>ipsi</strong></span> <span class='ocrx_word' id='word_1_471' title='bbox 2756 549 2894 610; x_wconf 90' lang='lat' dir='ltr'><strong>foret</strong></span> <span class='ocrx_word' id='word_1_472' title='bbox 2922 553 2979 613; x_wconf 80' lang='lat' dir='ltr'><strong>in</strong></span> <span class='ocrx_word' id='word_1_473' title='bbox 3003 558 3241 617; x_wconf 80' lang='lat' dir='ltr'><strong>tenebris</strong></span> <span class='ocrx_word' id='word_1_474' title='bbox 3260 561 3476 625; x_wconf 82' lang='lat' dir='ltr'><strong>versari</strong></span> 
     </span>
    </p>
   </div>
   <div class='ocr_carea' id='block_1_63' title="bbox 1882 610 3500 722">
    <p class='ocr_par' dir='ltr' id='par_1_63' title="bbox 1882 610 3500 722">
     <span class='ocr_line' id='line_1_63' title="bbox 1882 610 3500 722; baseline 0.011 -27"><span class='ocrx_word' id='word_1_475' title='bbox 1882 641 2160 710; x_wconf 87' lang='lat' dir='ltr'><strong>oculisque</strong></span> <span class='ocrx_word' id='word_1_476' title='bbox 2185 649 2402 708; x_wconf 87' lang='lat' dir='ltr'><strong>captum</strong></span> <span class='ocrx_word' id='word_1_477' title='bbox 2452 654 2595 706; x_wconf 88' lang='lat' dir='ltr'><strong>esse,</strong></span> <span class='ocrx_word' id='word_1_478' title='bbox 2641 656 2704 697; x_wconf 86' lang='lat' dir='ltr'><strong>ac</strong></span> <span class='ocrx_word' id='word_1_479' title='bbox 2754 643 2886 700; x_wconf 88' lang='lat' dir='ltr'><strong>lucis</strong></span> <span class='ocrx_word' id='word_1_480' title='bbox 2936 660 3160 719; x_wconf 66' lang='lat' dir='ltr'><strong>aspectu</strong></span> 
     </span>
    </p>
   </div>
   <div class='ocr_carea' id='block_1_64' title="bbox 1882 729 3493 813">
    <p class='ocr_par' dir='ltr' id='par_1_64' title="bbox 1882 729 3493 813">
     <span class='ocr_line' id='line_1_64' title="bbox 1882 729 3493 813; baseline 0.011 -30"><span class='ocrx_word' id='word_1_481' title='bbox 1882 747 2045 801; x_wconf 91' lang='lat' dir='ltr'><strong>quam</strong></span> <span class='ocrx_word' id='word_1_482' title='bbox 2072 740 2134 786; x_wconf 93' lang='lat' dir='ltr'><strong>ut</strong></span> <span class='ocrx_word' id='word_1_483' title='bbox 2153 730 2280 803; x_wconf 89' lang='lat' dir='ltr'><strong>quid</strong></span> <span class='ocrx_word' id='word_1_484' title='bbox 2327 729 2529 785; x_wconf 86' lang='lat' dir='ltr'><strong>bonqu</strong></span> <span class='ocrx_word' id='word_1_485' title='bbox 2557 732 2647 798; x_wconf 87' lang='lat' dir='ltr'><strong>sit,</strong></span> <span class='ocrx_word' id='word_1_486' title='bbox 2699 734 2897 804; x_wconf 87' lang='lat' dir='ltr'><strong>quidve</strong></span> <span class='ocrx_word' id='word_1_487' title='bbox 2944 740 3168 801; x_wconf 88' lang='lat' dir='ltr'><strong>malum,</strong></span> <span class='ocrx_word' id='word_1_488' title='bbox 3198 743 3493 813; x_wconf 75' lang='lat' dir='ltr'><strong>ignoraret.</strong></span> 
     </span>
    </p>
   </div>
   <div class='ocr_carea' id='block_1_65' title="bbox 1883 824 3496 904">
    <p class='ocr_par' dir='ltr' id='par_1_65' title="bbox 1883 824 3496 904">
     <span class='ocr_line' id='line_1_65' title="bbox 1883 824 3496 904; baseline 0.007 -24"><span class='ocrx_word' id='word_1_489' title='bbox 1883 824 2040 881; x_wconf 85' lang='lat' dir='ltr'><strong>&#39;l‘olle</strong></span> <span class='ocrx_word' id='word_1_490' title='bbox 2070 825 2211 880; x_wconf 87' lang='lat' dir='ltr'><strong>banc</strong></span> <span class='ocrx_word' id='word_1_491' title='bbox 2235 839 2268 880; x_wconf 90' lang='lat' dir='ltr'><strong>e</strong></span> <span class='ocrx_word' id='word_1_492' title='bbox 2291 824 2396 880; x_wconf 82' lang='lat' dir='ltr'><strong>vita</strong></span> <span class='ocrx_word' id='word_1_493' title='bbox 2425 833 2612 881; x_wconf 87' lang='lat' dir='ltr'><strong>nostra</strong></span> <span class='ocrx_word' id='word_1_494' title='bbox 2662 827 2991 897; x_wconf 78' lang='lat' dir='ltr'><strong>facultatem,</strong></span> <span class='ocrx_word' id='word_1_495' title='bbox 3016 833 3129 902; x_wconf 83' lang='lat' dir='ltr'><strong>jam</strong></span> <span class='ocrx_word' id='word_1_496' title='bbox 3163 836 3333 904; x_wconf 85' lang='lat' dir='ltr'><strong>ipsam</strong></span> <span class='ocrx_word' id='word_1_497' title='bbox 3374 852 3496 890; x_wconf 79' lang='lat' dir='ltr'><strong>om-</strong></span> 
     </span>
    </p>
   </div>
   <div class='ocr_carea' id='block_1_66' title="bbox 1884 921 3500 986">
    <p class='ocr_par' dir='ltr' id='par_1_66' title="bbox 1884 921 3500 986">
     <span class='ocr_line' id='line_1_66' title="bbox 1884 921 3500 986; baseline 0.006 -11"><span class='ocrx_word' id='word_1_498' title='bbox 1884 936 2007 976; x_wconf 89' lang='lat' dir='ltr'><strong>nem</strong></span> <span class='ocrx_word' id='word_1_499' title='bbox 2059 921 2221 976; x_wconf 89' lang='lat' dir='ltr'><strong>vitam</strong></span> <span class='ocrx_word' id='word_1_500' title='bbox 2277 929 2517 977; x_wconf 87' lang='lat' dir='ltr'><strong>nostram</strong></span> <span class='ocrx_word' id='word_1_501' title='bbox 2568 923 2872 986; x_wconf 87' lang='lat' dir='ltr'><strong>sustuleris,</strong></span> <span class='ocrx_word' id='word_1_502' title='bbox 2915 933 2972 978; x_wconf 91' lang='lat' dir='ltr'><strong>et</strong></span> <span class='ocrx_word' id='word_1_503' title='bbox 3020 929 3260 982; x_wconf 89' lang='lat' dir='ltr'><strong>onntitnn</strong></span> <span class='ocrx_word' id='word_1_504' title='bbox 3316 945 3500 985; x_wconf 84' lang='lat' dir='ltr'><strong>rerum</strong></span> 
     </span>
    </p>
   </div>
   <div class='ocr_carea' id='block_1_67' title="bbox 1885 1012 3503 1091">
    <p class='ocr_par' dir='ltr' id='par_1_67' title="bbox 1885 1012 3503 1091">
     <span class='ocr_line' id='line_1_67' title="bbox 1885 1012 3503 1091; baseline 0.008 -26"><span class='ocrx_word' id='word_1_505' title='bbox 1885 1012 2344 1081; x_wconf 84' lang='lat' dir='ltr'><strong>perturbationem</strong></span> <span class='ocrx_word' id='word_1_506' title='bbox 2366 1013 2659 1069; x_wconf 83' lang='lat' dir='ltr'><strong>invexeris.</strong></span> <span class='ocrx_word' id='word_1_507' title='bbox 2694 1014 2806 1070; x_wconf 88' lang='lat' dir='ltr'><strong>Hoc</strong></span> <span class='ocrx_word' id='word_1_508' title='bbox 2826 1016 2969 1071; x_wconf 87' lang='lat' dir='ltr'><strong>enim</strong></span> <span class='ocrx_word' id='word_1_509' title='bbox 3004 1018 3130 1074; x_wconf 90' lang='lat' dir='ltr'><strong>illud</strong></span> <span class='ocrx_word' id='word_1_510' title='bbox 3158 1030 3262 1084; x_wconf 81' lang='lat' dir='ltr'><strong>est,</strong></span> <span class='ocrx_word' id='word_1_511' title='bbox 3313 1039 3423 1091; x_wconf 90' lang='lat' dir='ltr'><strong>quo</strong></span> <span class='ocrx_word' id='word_1_512' title='bbox 3472 1041 3503 1078; x_wconf 89' lang='lat' dir='ltr'><strong>a</strong></span> 
     </span>
    </p>
   </div>
   <div class='ocr_carea' id='block_1_68' title="bbox 1885 1103 3501 1181">
    <p class='ocr_par' dir='ltr' id='par_1_68' title="bbox 1885 1103 3501 1181">
     <span class='ocr_line' id='line_1_68' title="bbox 1885 1103 3501 1181; baseline 0.007 -23"><span class='ocrx_word' id='word_1_513' title='bbox 1885 1103 2056 1158; x_wconf 87' lang='lat' dir='ltr'><strong>brutis</strong></span> <span class='ocrx_word' id='word_1_514' title='bbox 2073 1104 2436 1161; x_wconf 86' lang='lat' dir='ltr'><strong>animantibus</strong></span> <span class='ocrx_word' id='word_1_515' title='bbox 2456 1105 2779 1173; x_wconf 69' lang='lat' dir='ltr'><strong>diﬂerimus,</strong></span> <span class='ocrx_word' id='word_1_516' title='bbox 2799 1117 2854 1163; x_wconf 90' lang='lat' dir='ltr'><strong>ct</strong></span> <span class='ocrx_word' id='word_1_517' title='bbox 2873 1124 2980 1180; x_wconf 89' lang='lat' dir='ltr'><strong>quo</strong></span> <span class='ocrx_word' id='word_1_518' title='bbox 3001 1110 3132 1164; x_wconf 84' lang='lat' dir='ltr'><strong>feris</strong></span> <span class='ocrx_word' id='word_1_519' title='bbox 3151 1123 3403 1181; x_wconf 69' lang='lat' dir='ltr'><strong>pra-stam</strong></span> <span class='ocrx_word' id='word_1_520' title='bbox 3417 1131 3501 1176; x_wconf 88' lang='lat' dir='ltr'><strong>ns,</strong></span> 
     </span>
    </p>
   </div>
   <div class='ocr_carea' id='block_1_69' title="bbox 1882 1195 3501 1278">
    <p class='ocr_par' dir='ltr' id='par_1_69' title="bbox 1882 1195 3501 1278">
     <span class='ocr_line' id='line_1_69' title="bbox 1882 1195 3501 1278; baseline 0.004 -28"><span class='ocrx_word' id='word_1_521' title='bbox 1882 1196 2025 1267; x_wconf 88' lang='lat' dir='ltr'><strong>quod</strong></span> <span class='ocrx_word' id='word_1_522' title='bbox 2053 1195 2239 1252; x_wconf 89' lang='lat' dir='ltr'><strong>vitium</strong></span> <span class='ocrx_word' id='word_1_523' title='bbox 2263 1199 2623 1268; x_wconf 85' lang='lat' dir='ltr'><strong>virtutemque</strong></span> <span class='ocrx_word' id='word_1_524' title='bbox 2651 1200 2982 1268; x_wconf 86' lang='lat' dir='ltr'><strong>noverimus,</strong></span> <span class='ocrx_word' id='word_1_525' title='bbox 3014 1211 3070 1256; x_wconf 93' lang='lat' dir='ltr'><strong>et</strong></span> <span class='ocrx_word' id='word_1_526' title='bbox 3123 1206 3268 1274; x_wconf 87' lang='lat' dir='ltr'><strong>quod</strong></span> <span class='ocrx_word' id='word_1_527' title='bbox 3325 1222 3501 1278; x_wconf 75' lang='lat' dir='ltr'><strong>agnu-</strong></span> 
     </span>
    </p>
   </div>
   <div class='ocr_carea' id='block_1_70' title="bbox 1884 1288 3499 1369">
    <p class='ocr_par' dir='ltr' id='par_1_70' title="bbox 1884 1288 3499 1369">
     <span class='ocr_line' id='line_1_70' title="bbox 1884 1288 3499 1369; baseline 0.008 -28"><span class='ocrx_word' id='word_1_528' title='bbox 1884 1302 2101 1343; x_wconf 84' lang='lat' dir='ltr'><strong>scantus</strong></span> <span class='ocrx_word' id='word_1_529' title='bbox 2129 1288 2255 1358; x_wconf 90' lang='lat' dir='ltr'><strong>quid</strong></span> <span class='ocrx_word' id='word_1_530' title='bbox 2304 1289 2506 1344; x_wconf 90' lang='lat' dir='ltr'><strong>malum</strong></span> <span class='ocrx_word' id='word_1_531' title='bbox 2548 1292 2640 1351; x_wconf 85' lang='lat' dir='ltr'><strong>sit.</strong></span> <span class='ocrx_word' id='word_1_532' title='bbox 2677 1305 2852 1361; x_wconf 82' lang='lat' dir='ltr'><strong>neque</strong></span> <span class='ocrx_word' id='word_1_533' title='bbox 2875 1292 3004 1363; x_wconf 92' lang='lat' dir='ltr'><strong>quid</strong></span> <span class='ocrx_word' id='word_1_534' title='bbox 3026 1295 3097 1348; x_wconf 90' lang='lat' dir='ltr'><strong>sit</strong></span> <span class='ocrx_word' id='word_1_535' title='bbox 3119 1293 3319 1351; x_wconf 90' lang='lat' dir='ltr'><strong>bonum</strong></span> <span class='ocrx_word' id='word_1_536' title='bbox 3347 1297 3499 1369; x_wconf 85' lang='lat' dir='ltr'><strong>igno-</strong></span> 
     </span>
    </p>
   </div>
   <div class='ocr_carea' id='block_1_71' title="bbox 1884 1379 3502 1459">
    <p class='ocr_par' dir='ltr' id='par_1_71' title="bbox 1884 1379 3502 1459">
     <span class='ocr_line' id='line_1_71' title="bbox 1884 1379 3502 1459; baseline 0.009 -26"><span class='ocrx_word' id='word_1_537' title='bbox 1884 1394 2084 1434; x_wconf 87' lang='lat' dir='ltr'><strong>remus.</strong></span> <span class='ocrx_word' id='word_1_538' title='bbox 2137 1379 2293 1448; x_wconf 85' lang='lat' dir='ltr'><strong>Quod</strong></span> <span class='ocrx_word' id='word_1_539' title='bbox 2340 1383 2384 1436; x_wconf 89' lang='lat' dir='ltr'><strong>si</strong></span> <span class='ocrx_word' id='word_1_540' title='bbox 2417 1397 2518 1437; x_wconf 87' lang='lat' dir='ltr'><strong>nos</strong></span> <span class='ocrx_word' id='word_1_541' title='bbox 2578 1380 2630 1437; x_wconf 88' lang='lat' dir='ltr'><strong>id</strong></span> <span class='ocrx_word' id='word_1_542' title='bbox 2703 1398 2847 1438; x_wconf 90' lang='lat' dir='ltr'><strong>nunc</strong></span> <span class='ocrx_word' id='word_1_543' title='bbox 2897 1385 3119 1454; x_wconf 87' lang='lat' dir='ltr'><strong>scimus,</strong></span> <span class='ocrx_word' id='word_1_544' title='bbox 3175 1403 3352 1459; x_wconf 88' lang='lat' dir='ltr'><strong>neque</strong></span> <span class='ocrx_word' id='word_1_545' title='bbox 3399 1406 3502 1447; x_wconf 86' lang='lat' dir='ltr'><strong>nos</strong></span> 
     </span>
    </p>
   </div>
   <div class='ocr_carea' id='block_1_72' title="bbox 1883 1471 3502 1546">
    <p class='ocr_par' dir='ltr' id='par_1_72' title="bbox 1883 1471 3502 1546">
     <span class='ocr_line' id='line_1_72' title="bbox 1883 1471 3502 1546; baseline 0.008 -21"><span class='ocrx_word' id='word_1_546' title='bbox 1883 1481 2114 1539; x_wconf 88' lang='lat' dir='ltr'><strong>tantum,</strong></span> <span class='ocrx_word' id='word_1_547' title='bbox 2167 1472 2265 1528; x_wconf 88' lang='lat' dir='ltr'><strong>sed</strong></span> <span class='ocrx_word' id='word_1_548' title='bbox 2313 1473 2474 1528; x_wconf 89' lang='lat' dir='ltr'><strong>etiam</strong></span> <span class='ocrx_word' id='word_1_549' title='bbox 2523 1471 2741 1546; x_wconf 63' lang='lat' dir='ltr'><strong>Scythae</strong></span> <span class='ocrx_word' id='word_1_550' title='bbox 2783 1488 2849 1530; x_wconf 88' lang='lat' dir='ltr'><strong>ac</strong></span> <span class='ocrx_word' id='word_1_551' title='bbox 2895 1475 3133 1546; x_wconf 86' lang='lat' dir='ltr'><strong>barbari,</strong></span> <span class='ocrx_word' id='word_1_552' title='bbox 3165 1480 3338 1536; x_wconf 88' lang='lat' dir='ltr'><strong>multo</strong></span> <span class='ocrx_word' id='word_1_553' title='bbox 3385 1498 3502 1537; x_wconf 79' lang='lat' dir='ltr'><strong>ma-</strong></span> 
     </span>
    </p>
   </div>
   <div class='ocr_carea' id='block_1_73' title="bbox 1880 1564 3498 1637">
    <p class='ocr_par' dir='ltr' id='par_1_73' title="bbox 1880 1564 3498 1637">
     <span class='ocr_line' id='line_1_73' title="bbox 1880 1564 3498 1637; baseline 0.007 -20"><span class='ocrx_word' id='word_1_554' title='bbox 1880 1564 1961 1634; x_wconf 86' lang='lat' dir='ltr'><strong>gis</strong></span> <span class='ocrx_word' id='word_1_555' title='bbox 1993 1572 2103 1618; x_wconf 89' lang='lat' dir='ltr'><strong>tum</strong></span> <span class='ocrx_word' id='word_1_556' title='bbox 2137 1565 2395 1636; x_wconf 84' lang='lat' dir='ltr'><strong>temporis</strong></span> <span class='ocrx_word' id='word_1_557' title='bbox 2442 1564 2605 1620; x_wconf 87' lang='lat' dir='ltr'><strong>homo</strong></span> <span class='ocrx_word' id='word_1_558' title='bbox 2653 1566 2743 1620; x_wconf 89' lang='lat' dir='ltr'><strong>ille</strong></span> <span class='ocrx_word' id='word_1_559' title='bbox 2795 1575 2923 1622; x_wconf 85' lang='lat' dir='ltr'><strong>ante</strong></span> <span class='ocrx_word' id='word_1_560' title='bbox 2969 1581 3247 1637; x_wconf 74' lang='lat' dir='ltr'><strong>peccatum</strong></span> <span class='ocrx_word' id='word_1_561' title='bbox 3291 1572 3344 1627; x_wconf 91' lang='lat' dir='ltr'><strong>id</strong></span> <span class='ocrx_word' id='word_1_562' title='bbox 3393 1591 3498 1629; x_wconf 67' lang='lat' dir='ltr'><strong>no.</strong></span> 
     </span>
    </p>
   </div>
   <div class='ocr_carea' id='block_1_74' title="bbox 1883 1665 2098 1710">
    <p class='ocr_par' dir='ltr' id='par_1_74' title="bbox 1883 1665 2098 1710">
     <span class='ocr_line' id='line_1_74' title="bbox 1883 1665 2098 1710; baseline 0.009 -2"><span class='ocrx_word' id='word_1_563' title='bbox 1883 1665 2034 1710; x_wconf 85' lang='lat' dir='ltr'><strong>verat</strong></span> <span class='ocrx_word' id='word_1_564' title='bbox 2083 1673 2098 1710; x_wconf 74' lang='grc'><strong>2</strong></span> 
     </span>
    </p>
   </div>
   <div class='ocr_carea' id='block_1_75' title="bbox 1886 1749 3498 1823">
    <p class='ocr_par' dir='ltr' id='par_1_75' title="bbox 1886 1749 3498 1823">
     <span class='ocr_line' id='line_1_75' title="bbox 1886 1749 3498 1823; baseline 0.009 -21"><span class='ocrx_word' id='word_1_565' title='bbox 1886 1758 2052 1809; x_wconf 85' lang='lat' dir='ltr'><strong>esset,</strong></span> <span class='ocrx_word' id='word_1_566' title='bbox 2111 1759 2296 1817; x_wconf 83' lang='lat' dir='ltr'><strong>utpote</strong></span> <span class='ocrx_word' id='word_1_567' title='bbox 2342 1749 2486 1819; x_wconf 91' lang='lat' dir='ltr'><strong>quod</strong></span> <span class='ocrx_word' id='word_1_568' title='bbox 2540 1751 2606 1806; x_wconf 85' lang='lat' dir='ltr'><strong>ad</strong></span> <span class='ocrx_word' id='word_1_569' title='bbox 2650 1751 2932 1823; x_wconf 86' lang='lat' dir='ltr'><strong>imaginem</strong></span> <span class='ocrx_word' id='word_1_570' title='bbox 2991 1765 3044 1810; x_wconf 92' lang='lat' dir='ltr'><strong>et</strong></span> <span class='ocrx_word' id='word_1_571' title='bbox 3086 1756 3498 1816; x_wconf 81' lang='lat' dir='ltr'><strong>similitudinem</strong></span> 
     </span>
    </p>
   </div>
   <div class='ocr_carea' id='block_1_76' title="bbox 1883 1838 3502 1919">
    <p class='ocr_par' dir='ltr' id='par_1_76' title="bbox 1883 1838 3502 1919">
     <span class='ocr_line' id='line_1_76' title="bbox 1883 1838 3502 1919; baseline 0.01 -25"><span class='ocrx_word' id='word_1_572' title='bbox 1883 1840 1975 1895; x_wconf 89' lang='lat' dir='ltr'><strong>Dei</strong></span> <span class='ocrx_word' id='word_1_573' title='bbox 2027 1838 2287 1896; x_wconf 84' lang='lat' dir='ltr'><strong>formatus</strong></span> <span class='ocrx_word' id='word_1_574' title='bbox 2339 1851 2501 1906; x_wconf 69' lang='lat' dir='ltr'><strong>esset,</strong></span> <span class='ocrx_word' id='word_1_575' title='bbox 2534 1843 2758 1914; x_wconf 84' lang='lat' dir='ltr'><strong>aliisque</strong></span> <span class='ocrx_word' id='word_1_576' title='bbox 2801 1843 3079 1902; x_wconf 78' lang='lat' dir='ltr'><strong>beneﬂciis</strong></span> <span class='ocrx_word' id='word_1_577' title='bbox 3126 1860 3372 1919; x_wconf 87' lang='lat' dir='ltr'><strong>ornatus,</strong></span> <span class='ocrx_word' id='word_1_578' title='bbox 3429 1867 3502 1910; x_wconf 77' lang='lat' dir='ltr'><strong>eo</strong></span> 
     </span>
    </p>
   </div>
   <div class='ocr_carea' id='block_1_77' title="bbox 1880 1932 3497 2003">
    <p class='ocr_par' dir='ltr' id='par_1_77' title="bbox 1880 1932 3497 2003">
     <span class='ocr_line' id='line_1_77' title="bbox 1880 1932 3497 2003; baseline 0.008 -19"><span class='ocrx_word' id='word_1_579' title='bbox 1880 1932 2022 2002; x_wconf 89' lang='lat' dir='ltr'><strong>quod</strong></span> <span class='ocrx_word' id='word_1_580' title='bbox 2081 1940 2242 2003; x_wconf 87' lang='lat' dir='ltr'><strong>caput</strong></span> <span class='ocrx_word' id='word_1_581' title='bbox 2290 1932 2552 1987; x_wconf 85' lang='lat' dir='ltr'><strong>bonorum</strong></span> <span class='ocrx_word' id='word_1_582' title='bbox 2599 1942 2703 1999; x_wconf 82' lang='lat' dir='ltr'><strong>est,</strong></span> <span class='ocrx_word' id='word_1_583' title='bbox 2770 1935 2995 1991; x_wconf 87' lang='lat' dir='ltr'><strong>orbatus</strong></span> <span class='ocrx_word' id='word_1_584' title='bbox 3045 1947 3191 1994; x_wconf 85' lang='lat' dir='ltr'><strong>esset</strong></span> <span class='ocrx_word' id='word_1_585' title='bbox 3251 1942 3497 1997; x_wconf 87' lang='lat' dir='ltr'><strong>relictus.</strong></span> 
     </span>
    </p>
   </div>
   <div class='ocr_carea' id='block_1_78' title="bbox 1881 2025 3496 2102">
    <p class='ocr_par' dir='ltr' id='par_1_78' title="bbox 1881 2025 3496 2102">
     <span class='ocr_line' id='line_1_78' title="bbox 1881 2025 3496 2102; baseline 0.006 -22"><span class='ocrx_word' id='word_1_586' title='bbox 1881 2025 2012 2080; x_wconf 86' lang='lat' dir='ltr'><strong>Nam</strong></span> <span class='ocrx_word' id='word_1_587' title='bbox 2064 2025 2191 2094; x_wconf 85' lang='lat' dir='ltr'><strong>quid</strong></span> <span class='ocrx_word' id='word_1_588' title='bbox 2223 2025 2419 2079; x_wconf 89' lang='lat' dir='ltr'><strong>bonum</strong></span> <span class='ocrx_word' id='word_1_589' title='bbox 2451 2025 2519 2078; x_wconf 90' lang='lat' dir='ltr'><strong>sit</strong></span> <span class='ocrx_word' id='word_1_590' title='bbox 2564 2034 2621 2079; x_wconf 85' lang='lat' dir='ltr'><strong>et</strong></span> <span class='ocrx_word' id='word_1_591' title='bbox 2647 2026 2872 2094; x_wconf 77' lang='lat' dir='ltr'><strong>malum,</strong></span> <span class='ocrx_word' id='word_1_592' title='bbox 2901 2027 2976 2081; x_wconf 89' lang='lat' dir='ltr'><strong>illi</strong></span> <span class='ocrx_word' id='word_1_593' title='bbox 3027 2029 3202 2084; x_wconf 88' lang='lat' dir='ltr'><strong>solum</strong></span> <span class='ocrx_word' id='word_1_594' title='bbox 3225 2029 3496 2102; x_wconf 83' lang='lat' dir='ltr'><strong>ignorant,</strong></span> 
     </span>
    </p>
   </div>
   <div class='ocr_carea' id='block_1_79' title="bbox 1878 2115 3498 2190">
    <p class='ocr_par' dir='ltr' id='par_1_79' title="bbox 1878 2115 3498 2190">
     <span class='ocr_line' id='line_1_79' title="bbox 1878 2115 3498 2190; baseline 0.005 -19"><span class='ocrx_word' id='word_1_595' title='bbox 1878 2117 1968 2188; x_wconf 91' lang='lat' dir='ltr'><strong>qui</strong></span> <span class='ocrx_word' id='word_1_596' title='bbox 2011 2115 2240 2170; x_wconf 89' lang='lat' dir='ltr'><strong>naturali</strong></span> <span class='ocrx_word' id='word_1_597' title='bbox 2291 2115 2518 2169; x_wconf 82' lang='lat' dir='ltr'><strong>rationis</strong></span> <span class='ocrx_word' id='word_1_598' title='bbox 2559 2116 2765 2185; x_wconf 90' lang='lat' dir='ltr'><strong>judicio</strong></span> <span class='ocrx_word' id='word_1_599' title='bbox 2803 2129 2931 2172; x_wconf 92' lang='lat' dir='ltr'><strong>sunt</strong></span> <span class='ocrx_word' id='word_1_600' title='bbox 2981 2121 3173 2190; x_wconf 67' lang='lat' dir='ltr'><strong>privati</strong></span> <span class='ocrx_word' id='word_1_601' title='bbox 3218 2122 3498 2179; x_wconf 82' lang='lat' dir='ltr'><strong>:Adamus</strong></span> 
     </span>
    </p>
   </div>
   <div class='ocr_carea' id='block_1_80' title="bbox 1879 2208 3500 2282">
    <p class='ocr_par' dir='ltr' id='par_1_80' title="bbox 1879 2208 3500 2282">
     <span class='ocr_line' id='line_1_80' title="bbox 1879 2208 3500 2282; baseline 0.005 -20"><span class='ocrx_word' id='word_1_602' title='bbox 1879 2219 2058 2264; x_wconf 88' lang='lat' dir='ltr'><strong>autem</strong></span> <span class='ocrx_word' id='word_1_603' title='bbox 2082 2209 2246 2262; x_wconf 88' lang='lat' dir='ltr'><strong>tttulta</strong></span> <span class='ocrx_word' id='word_1_604' title='bbox 2273 2208 2532 2276; x_wconf 75' lang='lat' dir='ltr'><strong>sapientia</strong></span> <span class='ocrx_word' id='word_1_605' title='bbox 2551 2209 2789 2277; x_wconf 83' lang='lat' dir='ltr'><strong>repletus</strong></span> <span class='ocrx_word' id='word_1_606' title='bbox 2809 2218 2948 2272; x_wconf 87' lang='lat' dir='ltr'><strong>erat.</strong></span> <span class='ocrx_word' id='word_1_607' title='bbox 2988 2219 3048 2266; x_wconf 90' lang='lat' dir='ltr'><strong>et</strong></span> <span class='ocrx_word' id='word_1_608' title='bbox 3086 2210 3248 2282; x_wconf 87' lang='lat' dir='ltr'><strong>ltujus</strong></span> <span class='ocrx_word' id='word_1_609' title='bbox 3296 2216 3500 2270; x_wconf 86' lang='lat' dir='ltr'><strong>utrius-</strong></span> 
     </span>
    </p>
   </div>
   <div class='ocr_carea' id='block_1_81' title="bbox 1878 2297 3500 2376">
    <p class='ocr_par' dir='ltr' id='par_1_81' title="bbox 1878 2297 3500 2376">
     <span class='ocr_line' id='line_1_81' title="bbox 1878 2297 3500 2376; baseline 0.004 -23"><span class='ocrx_word' id='word_1_610' title='bbox 1878 2314 1984 2371; x_wconf 89' lang='lat' dir='ltr'><strong>que</strong></span> <span class='ocrx_word' id='word_1_611' title='bbox 2007 2298 2346 2356; x_wconf 86' lang='lat' dir='ltr'><strong>discernendi</strong></span> <span class='ocrx_word' id='word_1_612' title='bbox 2381 2297 2634 2354; x_wconf 87' lang='lat' dir='ltr'><strong>facultate</strong></span> <span class='ocrx_word' id='word_1_613' title='bbox 2663 2299 2918 2368; x_wconf 89' lang='lat' dir='ltr'><strong>pollebat.</strong></span> <span class='ocrx_word' id='word_1_614' title='bbox 2938 2300 3116 2374; x_wconf 74' lang='lat' dir='ltr'><strong>Atque</strong></span> <span class='ocrx_word' id='word_1_615' title='bbox 3144 2310 3200 2357; x_wconf 94' lang='lat' dir='ltr'><strong>ut</strong></span> <span class='ocrx_word' id='word_1_616' title='bbox 3228 2303 3500 2376; x_wconf 86' lang='lat' dir='ltr'><strong>intelligas</strong></span> 
     </span>
    </p>
   </div>
   <div class='ocr_carea' id='block_1_82' title="bbox 1879 2389 3501 2462">
    <p class='ocr_par' dir='ltr' id='par_1_82' title="bbox 1879 2389 3501 2462">
     <span class='ocr_line' id='line_1_82' title="bbox 1879 2389 3501 2462; baseline 0.001 -14"><span class='ocrx_word' id='word_1_617' title='bbox 1879 2407 2002 2448; x_wconf 88' lang='lat' dir='ltr'><strong>cum</strong></span> <span class='ocrx_word' id='word_1_618' title='bbox 2027 2390 2288 2462; x_wconf 86' lang='lat' dir='ltr'><strong>spirituali</strong></span> <span class='ocrx_word' id='word_1_619' title='bbox 2323 2391 2588 2460; x_wconf 89' lang='lat' dir='ltr'><strong>repletum</strong></span> <span class='ocrx_word' id='word_1_620' title='bbox 2635 2389 2802 2447; x_wconf 86' lang='lat' dir='ltr'><strong>fuisse</strong></span> <span class='ocrx_word' id='word_1_621' title='bbox 2828 2393 3114 2462; x_wconf 88' lang='lat' dir='ltr'><strong>sapientia.</strong></span> <span class='ocrx_word' id='word_1_622' title='bbox 3155 2394 3501 2452; x_wconf 79' lang='lat' dir='ltr'><strong>demonstra-</strong></span> 
     </span>
    </p>
   </div>
   <div class='ocr_carea' id='block_1_83' title="bbox 1879 2481 3490 2557">
    <p class='ocr_par' dir='ltr' id='par_1_83' title="bbox 1879 2481 3490 2557">
     <span class='ocr_line' id='line_1_83' title="bbox 1879 2481 3490 2557; baseline 0.002 -19"><span class='ocrx_word' id='word_1_623' title='bbox 1879 2485 2082 2538; x_wconf 86' lang='lat' dir='ltr'><strong>tionem</strong></span> <span class='ocrx_word' id='word_1_624' title='bbox 2108 2482 2224 2552; x_wconf 87' lang='lat' dir='ltr'><strong>ejus</strong></span> <span class='ocrx_word' id='word_1_625' title='bbox 2256 2482 2332 2536; x_wconf 90' lang='lat' dir='ltr'><strong>rei</strong></span> <span class='ocrx_word' id='word_1_626' title='bbox 2362 2481 2509 2536; x_wconf 87' lang='lat' dir='ltr'><strong>audi.</strong></span> <span class='ocrx_word' id='word_1_627' title='bbox 2550 2481 2785 2536; x_wconf 73' lang='lat' dir='ltr'><strong>Adduxit</strong></span> <span class='ocrx_word' id='word_1_628' title='bbox 2837 2487 2908 2536; x_wconf 85' lang='lat' dir='ltr'><strong>ad</strong></span> <span class='ocrx_word' id='word_1_629' title='bbox 2940 2500 3056 2537; x_wconf 78' lang='lat' dir='ltr'><strong>eum</strong></span> <span class='ocrx_word' id='word_1_630' title='bbox 3078 2481 3242 2550; x_wconf 77' lang='lat' dir='ltr'><strong>Deus,</strong></span> <span class='ocrx_word' id='word_1_631' title='bbox 3295 2487 3490 2557; x_wconf 86' lang='lat' dir='ltr'><strong>inquit,</strong></span> 
     </span>
    </p>
   </div>
   <div class='ocr_carea' id='block_1_84' title="bbox 1879 2575 3493 2647">
    <p class='ocr_par' dir='ltr' id='par_1_84' title="bbox 1879 2575 3493 2647">
     <span class='ocr_line' id='line_1_84' title="bbox 1879 2575 3493 2647; baseline 0.001 -19"><span class='ocrx_word' id='word_1_632' title='bbox 1879 2576 2084 2639; x_wconf 84' lang='lat' dir='ltr'><strong>bestias,</strong></span> <span class='ocrx_word' id='word_1_633' title='bbox 2112 2585 2170 2628; x_wconf 75' lang='lat' dir='ltr'><strong>ut</strong></span> <span class='ocrx_word' id='word_1_634' title='bbox 2199 2575 2386 2629; x_wconf 76' lang='lat' dir='ltr'><strong>videret</strong></span> <span class='ocrx_word' id='word_1_635' title='bbox 2411 2575 2536 2647; x_wconf 82' lang='lat' dir='ltr'><strong>quid</strong></span> <span class='ocrx_word' id='word_1_636' title='bbox 2558 2583 2759 2628; x_wconf 78' lang='lat' dir='ltr'><strong>vomret</strong></span> <span class='ocrx_word' id='word_1_637' title='bbox 2788 2590 2874 2628; x_wconf 85' lang='lat' dir='ltr'><strong>eas</strong></span> <span class='ocrx_word' id='word_1_638' title='bbox 2894 2591 2912 2639; x_wconf 83' lang='lat'><strong>,°</strong></span> <span class='ocrx_word' id='word_1_639' title='bbox 2930 2585 2977 2630; x_wconf 87' lang='lat' dir='ltr'><strong>et</strong></span> <span class='ocrx_word' id='word_1_640' title='bbox 2999 2576 3047 2629; x_wconf 87' lang='lat' dir='ltr'><strong>si</strong></span> <span class='ocrx_word' id='word_1_641' title='bbox 3069 2577 3194 2646; x_wconf 77' lang='lat' dir='ltr'><strong>quid</strong></span> <span class='ocrx_word' id='word_1_642' title='bbox 3222 2593 3310 2630; x_wconf 83' lang='lat' dir='ltr'><strong>eas</strong></span> <span class='ocrx_word' id='word_1_643' title='bbox 3332 2593 3493 2632; x_wconf 75' lang='lat' dir='ltr'><strong>voca-</strong></span> 
     </span>
    </p>
   </div>
   <div class='ocr_carea' id='block_1_85' title="bbox 1879 2663 3498 2746">
    <p class='ocr_par' dir='ltr' id='par_1_85' title="bbox 1879 2663 3498 2746">
     <span class='ocr_line' id='line_1_85' title="bbox 1879 2663 3498 2746; baseline 0.002 -26"><span class='ocrx_word' id='word_1_644' title='bbox 1879 2667 1948 2721; x_wconf 73' lang='lat' dir='ltr'><strong>rit</strong></span> <span class='ocrx_word' id='word_1_645' title='bbox 1969 2667 2156 2731; x_wconf 76' lang='lat' dir='ltr'><strong>Adam,</strong></span> <span class='ocrx_word' id='word_1_646' title='bbox 2177 2668 2273 2719; x_wconf 82' lang='lat' dir='ltr'><strong>hoc</strong></span> <span class='ocrx_word' id='word_1_647' title='bbox 2294 2674 2368 2719; x_wconf 88' lang='lat' dir='ltr'><strong>est</strong></span> <span class='ocrx_word' id='word_1_648' title='bbox 2398 2681 2581 2719; x_wconf 82' lang='lat' dir='ltr'><strong>nomen</strong></span> <span class='ocrx_word' id='word_1_649' title='bbox 2615 2666 2742 2746; x_wconf 86' lang='lat' dir='ltr'><strong>ipsis</strong></span> <span class='ocrx_word' id='word_1_650' title='bbox 2773 2663 2940 2737; x_wconf 79' lang='lat' dir='ltr'><strong>(Gen.</strong></span> <span class='ocrx_word' id='word_1_651' title='bbox 2966 2666 3022 2721; x_wconf 71' lang='lat'><strong>2.</strong></span> <span class='ocrx_word' id='word_1_652' title='bbox 3052 2667 3498 2739; x_wconf 73' lang='lat' dir='ltr'><strong>l9).Cousidt1&#39;a</strong></span> 
     </span>
    </p>
   </div>
   <div class='ocr_carea' id='block_1_86' title="bbox 1880 2757 3497 2831">
    <p class='ocr_par' dir='ltr' id='par_1_86' title="bbox 1880 2757 3497 2831">
     <span class='ocr_line' id='line_1_86' title="bbox 1880 2757 3497 2831; baseline 0.001 -17"><span class='ocrx_word' id='word_1_653' title='bbox 1880 2775 2030 2830; x_wconf 89' lang='lat' dir='ltr'><strong>ergo,</strong></span> <span class='ocrx_word' id='word_1_654' title='bbox 2079 2768 2276 2830; x_wconf 89' lang='lat' dir='ltr'><strong>quanta</strong></span> <span class='ocrx_word' id='word_1_655' title='bbox 2334 2757 2598 2829; x_wconf 85' lang='lat' dir='ltr'><strong>sapientia</strong></span> <span class='ocrx_word' id='word_1_656' title='bbox 2651 2757 2960 2813; x_wconf 87' lang='lat' dir='ltr'><strong>cumulatus</strong></span> <span class='ocrx_word' id='word_1_657' title='bbox 3015 2767 3183 2826; x_wconf 88' lang='lat' dir='ltr'><strong>esset,</strong></span> <span class='ocrx_word' id='word_1_658' title='bbox 3238 2760 3330 2831; x_wconf 90' lang='lat' dir='ltr'><strong>qui</strong></span> <span class='ocrx_word' id='word_1_659' title='bbox 3383 2767 3497 2815; x_wconf 71' lang='lat' dir='ltr'><strong>tam</strong></span> 
     </span>
    </p>
   </div>
   <div class='ocr_carea' id='block_1_87' title="bbox 1881 2849 3500 2920">
    <p class='ocr_par' dir='ltr' id='par_1_87' title="bbox 1881 2849 3500 2920">
     <span class='ocr_line' id='line_1_87' title="bbox 1881 2849 3500 2920; baseline 0.002 -16"><span class='ocrx_word' id='word_1_660' title='bbox 1881 2853 2064 2904; x_wconf 85' lang='lat' dir='ltr'><strong>multis</strong></span> <span class='ocrx_word' id='word_1_661' title='bbox 2077 2849 2388 2920; x_wconf 82' lang='lat' dir='ltr'><strong>generibus,</strong></span> <span class='ocrx_word' id='word_1_662' title='bbox 2409 2860 2515 2902; x_wconf 90' lang='lat' dir='ltr'><strong>tam</strong></span> <span class='ocrx_word' id='word_1_663' title='bbox 2540 2849 2702 2902; x_wconf 81' lang='lat' dir='ltr'><strong>variis</strong></span> <span class='ocrx_word' id='word_1_664' title='bbox 2720 2849 3026 2920; x_wconf 87' lang='lat' dir='ltr'><strong>etcujusvis</strong></span> <span class='ocrx_word' id='word_1_665' title='bbox 3046 2849 3500 2920; x_wconf 87' lang='lat' dir='ltr'><strong>speciei.jumcn-</strong></span> 
     </span>
    </p>
   </div>
   <div class='ocr_carea' id='block_1_88' title="bbox 1881 2941 3495 3014">
    <p class='ocr_par' dir='ltr' id='par_1_88' title="bbox 1881 2941 3495 3014">
     <span class='ocr_line' id='line_1_88' title="bbox 1881 2941 3495 3014; baseline -0.001 -16"><span class='ocrx_word' id='word_1_666' title='bbox 1881 2952 2080 3005; x_wconf 85' lang='lat' dir='ltr'><strong>torum,</strong></span> <span class='ocrx_word' id='word_1_667' title='bbox 2099 2941 2395 3011; x_wconf 86' lang='lat' dir='ltr'><strong>reptilitun,</strong></span> <span class='ocrx_word' id='word_1_668' title='bbox 2421 2952 2478 2996; x_wconf 90' lang='lat' dir='ltr'><strong>et</strong></span> <span class='ocrx_word' id='word_1_669' title='bbox 2495 2941 2774 2995; x_wconf 87' lang='lat' dir='ltr'><strong>volucrum</strong></span> <span class='ocrx_word' id='word_1_670' title='bbox 2802 2942 3040 3006; x_wconf 88' lang='lat' dir='ltr'><strong>nomina,</strong></span> <span class='ocrx_word' id='word_1_671' title='bbox 3055 2957 3228 3014; x_wconf 84' lang='lat' dir='ltr'><strong>eaque</strong></span> <span class='ocrx_word' id='word_1_672' title='bbox 3251 2945 3495 3013; x_wconf 69' lang='lat' dir='ltr'><strong>proliria,</strong></span> 
     </span>
    </p>
   </div>
   <div class='ocr_carea' id='block_1_89' title="bbox 1881 3030 3499 3106">
    <p class='ocr_par' dir='ltr' id='par_1_89' title="bbox 1881 3030 3499 3106">
     <span class='ocr_line' id='line_1_89' title="bbox 1881 3030 3499 3106; baseline -0.001 -16"><span class='ocrx_word' id='word_1_673' title='bbox 1881 3036 2162 3106; x_wconf 88' lang='lat' dir='ltr'><strong>imponere</strong></span> <span class='ocrx_word' id='word_1_674' title='bbox 2198 3033 2450 3102; x_wconf 88' lang='lat' dir='ltr'><strong>potuerit.</strong></span> <span class='ocrx_word' id='word_1_675' title='bbox 2483 3030 2573 3087; x_wconf 89' lang='lat' dir='ltr'><strong>Sic</strong></span> <span class='ocrx_word' id='word_1_676' title='bbox 2599 3033 2746 3087; x_wconf 89' lang='lat' dir='ltr'><strong>enim</strong></span> <span class='ocrx_word' id='word_1_677' title='bbox 2775 3031 2914 3088; x_wconf 86' lang='lat' dir='ltr'><strong>hanc</strong></span> <span class='ocrx_word' id='word_1_678' title='bbox 2945 3035 3227 3089; x_wconf 86' lang='lat' dir='ltr'><strong>nominum</strong></span> <span class='ocrx_word' id='word_1_679' title='bbox 3271 3037 3499 3105; x_wconf 84' lang='lat' dir='ltr'><strong>imposi-</strong></span> 
     </span>
    </p>
   </div>
   <div class='ocr_carea' id='block_1_90' title="bbox 1883 3121 3494 3198">
    <p class='ocr_par' dir='ltr' id='par_1_90' title="bbox 1883 3121 3494 3198">
     <span class='ocr_line' id='line_1_90' title="bbox 1883 3121 3494 3198; baseline 0.002 -17"><span class='ocrx_word' id='word_1_680' title='bbox 1883 3127 2083 3181; x_wconf 86' lang='lat' dir='ltr'><strong>tionent</strong></span> <span class='ocrx_word' id='word_1_681' title='bbox 2109 3125 2425 3197; x_wconf 87' lang='lat' dir='ltr'><strong>approbavit</strong></span> <span class='ocrx_word' id='word_1_682' title='bbox 2456 3125 2597 3178; x_wconf 88' lang='lat' dir='ltr'><strong>Deus</strong></span> <span class='ocrx_word' id='word_1_683' title='bbox 2618 3166 2633 3189; x_wconf 94' lang='lat'><strong>,</strong></span> <span class='ocrx_word' id='word_1_684' title='bbox 2675 3131 2732 3177; x_wconf 95' lang='lat' dir='ltr'><strong>ttt</strong></span> <span class='ocrx_word' id='word_1_685' title='bbox 2773 3139 2880 3179; x_wconf 91' lang='lat' dir='ltr'><strong>non</strong></span> <span class='ocrx_word' id='word_1_686' title='bbox 2900 3121 3134 3194; x_wconf 84' lang='lat' dir='ltr'><strong>amplius</strong></span> <span class='ocrx_word' id='word_1_687' title='bbox 3154 3127 3274 3183; x_wconf 88' lang='lat' dir='ltr'><strong>illas</strong></span> <span class='ocrx_word' id='word_1_688' title='bbox 3303 3131 3494 3198; x_wconf 76' lang='lat' dir='ltr'><strong>appel-</strong></span> 
     </span>
    </p>
   </div>
   <div class='ocr_carea' id='block_1_91' title="bbox 1882 3217 3488 3286">
    <p class='ocr_par' dir='ltr' id='par_1_91' title="bbox 1882 3217 3488 3286">
     <span class='ocr_line' id='line_1_91' title="bbox 1882 3217 3488 3286; baseline 0.002 -15"><span class='ocrx_word' id='word_1_689' title='bbox 1882 3219 2112 3273; x_wconf 89' lang='lat' dir='ltr'><strong>lationes</strong></span> <span class='ocrx_word' id='word_1_690' title='bbox 2166 3217 2408 3278; x_wconf 86' lang='lat' dir='ltr'><strong>tnutarit,</strong></span> <span class='ocrx_word' id='word_1_691' title='bbox 2438 3230 2613 3285; x_wconf 85' lang='lat' dir='ltr'><strong>neque</strong></span> <span class='ocrx_word' id='word_1_692' title='bbox 2638 3231 2760 3269; x_wconf 82' lang='lat' dir='ltr'><strong>cn-u</strong></span> <span class='ocrx_word' id='word_1_693' title='bbox 2791 3217 2878 3270; x_wconf 87' lang='lat' dir='ltr'><strong>ille</strong></span> <span class='ocrx_word' id='word_1_694' title='bbox 2907 3225 3185 3286; x_wconf 82' lang='lat' dir='ltr'><strong>peccasset</strong></span> <span class='ocrx_word' id='word_1_695' title='bbox 3209 3259 3225 3284; x_wconf 92' lang='lat'><strong>,</strong></span> <span class='ocrx_word' id='word_1_696' title='bbox 3255 3218 3488 3274; x_wconf 87' lang='lat' dir='ltr'><strong>voluerit</strong></span> 
     </span>
    </p>
   </div>
   <div class='ocr_carea' id='block_1_92' title="bbox 1881 3305 3499 3384">
    <p class='ocr_par' dir='ltr' id='par_1_92' title="bbox 1881 3305 3499 3384">
     <span class='ocr_line' id='line_1_92' title="bbox 1881 3305 3499 3384; baseline -0.007 -20"><span class='ocrx_word' id='word_1_697' title='bbox 1881 3324 1976 3384; x_wconf 87' lang='lat' dir='ltr'><strong>eas</strong></span> <span class='ocrx_word' id='word_1_698' title='bbox 2024 3325 2055 3363; x_wconf 91' lang='lat' dir='ltr'><strong>e</strong></span> <span class='ocrx_word' id='word_1_699' title='bbox 2102 3307 2282 3363; x_wconf 88' lang='lat' dir='ltr'><strong>medio</strong></span> <span class='ocrx_word' id='word_1_700' title='bbox 2307 3306 2498 3362; x_wconf 90' lang='lat' dir='ltr'><strong>tollere</strong></span> <span class='ocrx_word' id='word_1_701' title='bbox 2523 3324 2538 3362; x_wconf 89' lang='lat'><strong>:</strong></span> <span class='ocrx_word' id='word_1_702' title='bbox 2573 3305 2737 3360; x_wconf 84' lang='lat' dir='ltr'><strong>Omne</strong></span> <span class='ocrx_word' id='word_1_703' title='bbox 2761 3306 2929 3373; x_wconf 90' lang='lat' dir='ltr'><strong>enim,</strong></span> <span class='ocrx_word' id='word_1_704' title='bbox 2969 3307 3164 3378; x_wconf 84' lang='lat' dir='ltr'><strong>inquit,</strong></span> <span class='ocrx_word' id='word_1_705' title='bbox 3188 3309 3326 3378; x_wconf 76' lang='lat' dir='ltr'><strong>quod</strong></span> <span class='ocrx_word' id='word_1_706' title='bbox 3352 3327 3499 3366; x_wconf 83' lang='lat' dir='ltr'><strong>roca.</strong></span> 
     </span>
    </p>
   </div>
   <div class='ocr_carea' id='block_1_93' title="bbox 1882 3400 2856 3468">
    <p class='ocr_par' dir='ltr' id='par_1_93' title="bbox 1882 3400 2856 3468">
     <span class='ocr_line' id='line_1_93' title="bbox 1882 3400 2856 3468; baseline -0.002 -11"><span class='ocrx_word' id='word_1_707' title='bbox 1882 3406 1951 3458; x_wconf 82' lang='lat' dir='ltr'><strong>rit</strong></span> <span class='ocrx_word' id='word_1_708' title='bbox 1980 3420 2040 3457; x_wconf 88' lang='lat' dir='ltr'><strong>ea</strong></span> <span class='ocrx_word' id='word_1_709' title='bbox 2061 3402 2249 3467; x_wconf 77' lang='lat' dir='ltr'><strong>Adam,</strong></span> <span class='ocrx_word' id='word_1_710' title='bbox 2282 3402 2377 3455; x_wconf 81' lang='lat' dir='ltr'><strong>hoc</strong></span> <span class='ocrx_word' id='word_1_711' title='bbox 2406 3410 2478 3455; x_wconf 86' lang='lat' dir='ltr'><strong>est</strong></span> <span class='ocrx_word' id='word_1_712' title='bbox 2496 3416 2679 3454; x_wconf 81' lang='lat' dir='ltr'><strong>nomen</strong></span> <span class='ocrx_word' id='word_1_713' title='bbox 2708 3400 2856 3468; x_wconf 80' lang='lat' dir='ltr'><strong>ipsis.</strong></span> 
     </span>
    </p>
   </div>
   <div class='ocr_carea' id='block_1_94' title="bbox 1953 3493 3500 3567">
    <p class='ocr_par' dir='ltr' id='par_1_94' title="bbox 1953 3493 3500 3567">
     <span class='ocr_line' id='line_1_94' title="bbox 1953 3493 3500 3567; baseline 0.003 -17"><span class='ocrx_word' id='word_1_714' title='bbox 1953 3496 2011 3550; x_wconf 72' lang='lat'><strong>2.</strong></span> <span class='ocrx_word' id='word_1_715' title='bbox 2035 3496 2118 3550; x_wconf 84' lang='lat' dir='ltr'><strong>Au</strong></span> <span class='ocrx_word' id='word_1_716' title='bbox 2150 3495 2312 3565; x_wconf 76' lang='lat' dir='ltr'><strong>igitur</strong></span> <span class='ocrx_word' id='word_1_717' title='bbox 2343 3493 2462 3556; x_wconf 82' lang='lat' dir='ltr'><strong>istc,</strong></span> <span class='ocrx_word' id='word_1_718' title='bbox 2491 3493 2618 3564; x_wconf 89' lang='lat' dir='ltr'><strong>quid</strong></span> <span class='ocrx_word' id='word_1_719' title='bbox 2649 3493 2846 3547; x_wconf 91' lang='lat' dir='ltr'><strong>bonum</strong></span> <span class='ocrx_word' id='word_1_720' title='bbox 2873 3502 3038 3560; x_wconf 82' lang='lat' dir='ltr'><strong>esset,</strong></span> <span class='ocrx_word' id='word_1_721' title='bbox 3071 3493 3271 3567; x_wconf 81' lang='lat' dir='ltr'><strong>quidve</strong></span> <span class='ocrx_word' id='word_1_722' title='bbox 3297 3497 3500 3555; x_wconf 88' lang='lat' dir='ltr'><strong>malum</strong></span> 
     </span>
    </p>
   </div>
   <div class='ocr_carea' id='block_1_95' title="bbox 1883 3583 3504 3656">
    <p class='ocr_par' dir='ltr' id='par_1_95' title="bbox 1883 3583 3504 3656">
     <span class='ocr_line' id='line_1_95' title="bbox 1883 3583 3504 3656; baseline 0.003 -16"><span class='ocrx_word' id='word_1_723' title='bbox 1883 3585 2206 3656; x_wconf 77' lang='lat' dir='ltr'><strong>ignorabat?</strong></span> <span class='ocrx_word' id='word_1_724' title='bbox 2251 3583 2350 3640; x_wconf 91' lang='lat' dir='ltr'><strong>Cui</strong></span> <span class='ocrx_word' id='word_1_725' title='bbox 2383 3599 2512 3639; x_wconf 83' lang='lat' dir='ltr'><strong>vero</strong></span> <span class='ocrx_word' id='word_1_726' title='bbox 2559 3583 2610 3638; x_wconf 92' lang='lat' dir='ltr'><strong>id</strong></span> <span class='ocrx_word' id='word_1_727' title='bbox 2642 3584 2918 3654; x_wconf 84' lang='lat' dir='ltr'><strong>probabile</strong></span> <span class='ocrx_word' id='word_1_728' title='bbox 2959 3584 3252 3642; x_wconf 71' lang='lat' dir='ltr'><strong>videatur?</strong></span> <span class='ocrx_word' id='word_1_729' title='bbox 3295 3586 3504 3645; x_wconf 75' lang='lat' dir='ltr'><strong>Rursus</strong></span> 
     </span>
    </p>
   </div>
   <div class='ocr_carea' id='block_1_96' title="bbox 1887 3676 3503 3749">
    <p class='ocr_par' dir='ltr' id='par_1_96' title="bbox 1887 3676 3503 3749">
     <span class='ocr_line' id='line_1_96' title="bbox 1887 3676 3503 3749; baseline 0.001 -15"><span class='ocrx_word' id='word_1_730' title='bbox 1887 3681 2168 3735; x_wconf 89' lang='lat' dir='ltr'><strong>mulierem</strong></span> <span class='ocrx_word' id='word_1_731' title='bbox 2193 3679 2260 3733; x_wconf 91' lang='lat' dir='ltr'><strong>ad</strong></span> <span class='ocrx_word' id='word_1_732' title='bbox 2291 3679 2466 3749; x_wconf 90' lang='lat' dir='ltr'><strong>ipsum</strong></span> <span class='ocrx_word' id='word_1_733' title='bbox 2497 3676 2738 3738; x_wconf 71' lang='lat' dir='ltr'><strong>adduxit.</strong></span> <span class='ocrx_word' id='word_1_734' title='bbox 2769 3689 2824 3732; x_wconf 81' lang='lat' dir='ltr'><strong>et</strong></span> <span class='ocrx_word' id='word_1_735' title='bbox 2853 3692 2916 3732; x_wconf 85' lang='lat' dir='ltr'><strong>ea</strong></span> <span class='ocrx_word' id='word_1_736' title='bbox 2947 3678 3059 3733; x_wconf 85' lang='lat' dir='ltr'><strong>visa</strong></span> <span class='ocrx_word' id='word_1_737' title='bbox 3085 3679 3372 3736; x_wconf 88' lang='lat' dir='ltr'><strong>confestim</strong></span> <span class='ocrx_word' id='word_1_738' title='bbox 3399 3696 3503 3740; x_wconf 77' lang='lat' dir='ltr'><strong>na-</strong></span> 
     </span>
    </p>
   </div>
   <div class='ocr_carea' id='block_1_97' title="bbox 1886 3768 3508 3840">
    <p class='ocr_par' dir='ltr' id='par_1_97' title="bbox 1886 3768 3508 3840">
     <span class='ocr_line' id='line_1_97' title="bbox 1886 3768 3508 3840; baseline 0 -13"><span class='ocrx_word' id='word_1_739' title='bbox 1886 3783 2019 3827; x_wconf 63' lang='lat' dir='ltr'><strong>tura!</strong></span> <span class='ocrx_word' id='word_1_740' title='bbox 2063 3781 2374 3826; x_wconf 88' lang='lat' dir='ltr'><strong>consortem</strong></span> <span class='ocrx_word' id='word_1_741' title='bbox 2425 3769 2664 3840; x_wconf 82' lang='lat' dir='ltr'><strong>agnovit.</strong></span> <span class='ocrx_word' id='word_1_742' title='bbox 2724 3768 2791 3824; x_wconf 81' lang='lat' dir='ltr'><strong>Et</strong></span> <span class='ocrx_word' id='word_1_743' title='bbox 2834 3769 2962 3838; x_wconf 91' lang='lat' dir='ltr'><strong>quid</strong></span> <span class='ocrx_word' id='word_1_744' title='bbox 2992 3770 3113 3824; x_wconf 77' lang='lat' dir='ltr'><strong>ait?</strong></span> <span class='ocrx_word' id='word_1_745' title='bbox 3140 3768 3255 3824; x_wconf 80' lang='lat' dir='ltr'><strong>Hoc</strong></span> <span class='ocrx_word' id='word_1_746' title='bbox 3283 3787 3419 3825; x_wconf 76' lang='lat' dir='ltr'><strong>nunc</strong></span> <span class='ocrx_word' id='word_1_747' title='bbox 3446 3787 3508 3828; x_wconf 83' lang='lat' dir='ltr'><strong>os</strong></span> 
     </span>
    </p>
   </div>
   <div class='ocr_carea' id='block_1_98' title="bbox 1882 3860 3499 3934">
    <p class='ocr_par' dir='ltr' id='par_1_98' title="bbox 1882 3860 3499 3934">
     <span class='ocr_line' id='line_1_98' title="bbox 1882 3860 3499 3934; baseline 0 -14"><span class='ocrx_word' id='word_1_748' title='bbox 1882 3883 1946 3920; x_wconf 77' lang='lat' dir='ltr'><strong>ex</strong></span> <span class='ocrx_word' id='word_1_749' title='bbox 1997 3865 2192 3920; x_wconf 81' lang='lat' dir='ltr'><strong>ossibus</strong></span> <span class='ocrx_word' id='word_1_750' title='bbox 2245 3866 2391 3927; x_wconf 88' lang='lat' dir='ltr'><strong>meis,</strong></span> <span class='ocrx_word' id='word_1_751' title='bbox 2444 3875 2492 3917; x_wconf 85' lang='lat' dir='ltr'><strong>et</strong></span> <span class='ocrx_word' id='word_1_752' title='bbox 2534 3879 2657 3917; x_wconf 81' lang='lat' dir='ltr'><strong>caro</strong></span> <span class='ocrx_word' id='word_1_753' title='bbox 2688 3863 2752 3916; x_wconf 79' lang='lat' dir='ltr'><strong>de</strong></span> <span class='ocrx_word' id='word_1_754' title='bbox 2775 3875 2928 3917; x_wconf 76' lang='lat' dir='ltr'><strong>carne</strong></span> <span class='ocrx_word' id='word_1_755' title='bbox 2946 3878 3062 3917; x_wconf 72' lang='lat' dir='ltr'><strong>mea</strong></span> <span class='ocrx_word' id='word_1_756' title='bbox 3087 3860 3254 3934; x_wconf 78' lang='lat' dir='ltr'><strong>(Ibid.</strong></span> <span class='ocrx_word' id='word_1_757' title='bbox 3284 3880 3332 3918; x_wconf 75' lang='lat' dir='ltr'><strong>tt.</strong></span> <span class='ocrx_word' id='word_1_758' title='bbox 3359 3863 3499 3933; x_wconf 65' lang='lat'><strong>25).</strong></span> 
     </span>
    </p>
   </div>
   <div class='ocr_carea' id='block_1_99' title="bbox 1883 3957 3506 4029">
    <p class='ocr_par' dir='ltr' id='par_1_99' title="bbox 1883 3957 3506 4029">
     <span class='ocr_line' id='line_1_99' title="bbox 1883 3957 3506 4029; baseline 0 -13"><span class='ocrx_word' id='word_1_759' title='bbox 1883 3959 2016 4016; x_wconf 89' lang='lat' dir='ltr'><strong>Cum</strong></span> <span class='ocrx_word' id='word_1_760' title='bbox 2059 3959 2203 4014; x_wconf 87' lang='lat' dir='ltr'><strong>enim</strong></span> <span class='ocrx_word' id='word_1_761' title='bbox 2254 3958 2414 4029; x_wconf 89' lang='lat' dir='ltr'><strong>paulo</strong></span> <span class='ocrx_word' id='word_1_762' title='bbox 2460 3967 2588 4013; x_wconf 88' lang='lat' dir='ltr'><strong>ante</strong></span> <span class='ocrx_word' id='word_1_763' title='bbox 2630 3957 2771 4012; x_wconf 91' lang='lat' dir='ltr'><strong>Deus</strong></span> <span class='ocrx_word' id='word_1_764' title='bbox 2795 3957 2862 4010; x_wconf 89' lang='lat' dir='ltr'><strong>ad</strong></span> <span class='ocrx_word' id='word_1_765' title='bbox 2888 3967 3225 4015; x_wconf 88' lang='lat' dir='ltr'><strong>eumcuueta</strong></span> <span class='ocrx_word' id='word_1_766' title='bbox 3250 3958 3506 4016; x_wconf 85' lang='lat' dir='ltr'><strong>animalia</strong></span> 
     </span>
    </p>
   </div>
   <div class='ocr_carea' id='block_1_100' title="bbox 1881 4047 3505 4121">
    <p class='ocr_par' dir='ltr' id='par_1_100' title="bbox 1881 4047 3505 4121">
     <span class='ocr_line' id='line_1_100' title="bbox 1881 4047 3505 4121; baseline 0.001 -17"><span class='ocrx_word' id='word_1_767' title='bbox 1881 4051 2215 4116; x_wconf 71' lang='lat' dir='ltr'><strong>adduxisset,</strong></span> <span class='ocrx_word' id='word_1_768' title='bbox 2272 4049 2563 4105; x_wconf 85' lang='lat' dir='ltr'><strong>ostendere</strong></span> <span class='ocrx_word' id='word_1_769' title='bbox 2596 4048 2785 4104; x_wconf 85' lang='lat' dir='ltr'><strong>volens</strong></span> <span class='ocrx_word' id='word_1_770' title='bbox 2835 4047 3007 4104; x_wconf 73' lang='lat' dir='ltr'><strong>Adam</strong></span> <span class='ocrx_word' id='word_1_771' title='bbox 3045 4065 3154 4105; x_wconf 91' lang='lat' dir='ltr'><strong>non</strong></span> <span class='ocrx_word' id='word_1_772' title='bbox 3192 4049 3411 4121; x_wconf 89' lang='lat' dir='ltr'><strong>aliquod</strong></span> <span class='ocrx_word' id='word_1_773' title='bbox 3437 4065 3505 4106; x_wconf 80' lang='lat' dir='ltr'><strong>ex</strong></span> 
     </span>
    </p>
   </div>
   <div class='ocr_carea' id='block_1_101' title="bbox 1885 4139 3507 4209">
    <p class='ocr_par' dir='ltr' id='par_1_101' title="bbox 1885 4139 3507 4209">
     <span class='ocr_line' id='line_1_101' title="bbox 1885 4139 3507 4209; baseline -0.001 -10"><span class='ocrx_word' id='word_1_774' title='bbox 1885 4147 2098 4200; x_wconf 84' lang='lat' dir='ltr'><strong>ca-tcris</strong></span> <span class='ocrx_word' id='word_1_775' title='bbox 2125 4159 2247 4199; x_wconf 87' lang='lat' dir='ltr'><strong>esse</strong></span> <span class='ocrx_word' id='word_1_776' title='bbox 2275 4144 2378 4198; x_wconf 87' lang='lat' dir='ltr'><strong>hoc</strong></span> <span class='ocrx_word' id='word_1_777' title='bbox 2406 4143 2627 4209; x_wconf 89' lang='lat' dir='ltr'><strong>animal,</strong></span> <span class='ocrx_word' id='word_1_778' title='bbox 2654 4141 2789 4196; x_wconf 73' lang='lat' dir='ltr'><strong>dixit</strong></span> <span class='ocrx_word' id='word_1_779' title='bbox 2825 4159 2839 4196; x_wconf 88' lang='lat'><strong>:</strong></span> <span class='ocrx_word' id='word_1_780' title='bbox 2867 4139 2981 4195; x_wconf 82' lang='lat' dir='ltr'><strong>Hoc</strong></span> <span class='ocrx_word' id='word_1_781' title='bbox 3006 4158 3145 4196; x_wconf 76' lang='lat' dir='ltr'><strong>nunc</strong></span> <span class='ocrx_word' id='word_1_782' title='bbox 3181 4159 3240 4198; x_wconf 84' lang='lat' dir='ltr'><strong>os</strong></span> <span class='ocrx_word' id='word_1_783' title='bbox 3268 4159 3333 4198; x_wconf 66' lang='grc' dir='ltr'><em>η</em></span> <span class='ocrx_word' id='word_1_784' title='bbox 3371 4144 3507 4198; x_wconf 72' lang='lat' dir='ltr'><strong>orsi-</strong></span> 
     </span>
    </p>
   </div>
   <div class='ocr_carea' id='block_1_102' title="bbox 1882 4231 3506 4302">
    <p class='ocr_par' dir='ltr' id='par_1_102' title="bbox 1882 4231 3506 4302">
     <span class='ocr_line' id='line_1_102' title="bbox 1882 4231 3506 4302; baseline 0.001 -11"><span class='ocrx_word' id='word_1_785' title='bbox 1882 4238 1976 4291; x_wconf 81' lang='lat' dir='ltr'><strong>bus</strong></span> <span class='ocrx_word' id='word_1_786' title='bbox 2000 4238 2146 4300; x_wconf 86' lang='lat' dir='ltr'><strong>meis,</strong></span> <span class='ocrx_word' id='word_1_787' title='bbox 2168 4247 2216 4290; x_wconf 86' lang='lat' dir='ltr'><strong>et</strong></span> <span class='ocrx_word' id='word_1_788' title='bbox 2240 4251 2360 4289; x_wconf 83' lang='lat' dir='ltr'><strong>caro</strong></span> <span class='ocrx_word' id='word_1_789' title='bbox 2405 4235 2470 4289; x_wconf 84' lang='lat' dir='ltr'><strong>de</strong></span> <span class='ocrx_word' id='word_1_790' title='bbox 2513 4251 2667 4289; x_wconf 86' lang='lat' dir='ltr'><strong>carne</strong></span> <span class='ocrx_word' id='word_1_791' title='bbox 2693 4250 2827 4288; x_wconf 85' lang='lat' dir='ltr'><strong>mea.</strong></span> <span class='ocrx_word' id='word_1_792' title='bbox 2855 4231 3110 4289; x_wconf 81' lang='lat' dir='ltr'><strong>Nonnulli</strong></span> <span class='ocrx_word' id='word_1_793' title='bbox 3136 4249 3268 4291; x_wconf 85' lang='lat' dir='ltr'><strong>vero</strong></span> <span class='ocrx_word' id='word_1_794' title='bbox 3293 4235 3506 4302; x_wconf 83' lang='lat' dir='ltr'><strong>dicunt.</strong></span> 
     </span>
    </p>
   </div>
   <div class='ocr_carea' id='block_1_103' title="bbox 1884 4325 3508 4394">
    <p class='ocr_par' dir='ltr' id='par_1_103' title="bbox 1884 4325 3508 4394">
     <span class='ocr_line' id='line_1_103' title="bbox 1884 4325 3508 4394; baseline -0.001 -11"><span class='ocrx_word' id='word_1_795' title='bbox 1884 4345 1991 4383; x_wconf 92' lang='lat' dir='ltr'><strong>non</strong></span> <span class='ocrx_word' id='word_1_796' title='bbox 2017 4328 2067 4383; x_wconf 90' lang='lat' dir='ltr'><strong>id</strong></span> <span class='ocrx_word' id='word_1_797' title='bbox 2097 4327 2270 4382; x_wconf 89' lang='lat' dir='ltr'><strong>solum</strong></span> <span class='ocrx_word' id='word_1_798' title='bbox 2300 4341 2423 4383; x_wconf 89' lang='lat' dir='ltr'><strong>eum</strong></span> <span class='ocrx_word' id='word_1_799' title='bbox 2470 4327 2714 4394; x_wconf 86' lang='lat' dir='ltr'><strong>innuere,</strong></span> <span class='ocrx_word' id='word_1_800' title='bbox 2743 4325 2839 4380; x_wconf 84' lang='lat' dir='ltr'><strong>sed</strong></span> <span class='ocrx_word' id='word_1_801' title='bbox 2878 4325 3043 4380; x_wconf 78' lang='lat' dir='ltr'><strong>etiam</strong></span> <span class='ocrx_word' id='word_1_802' title='bbox 3071 4327 3364 4384; x_wconf 87' lang='lat' dir='ltr'><strong>creationis</strong></span> <span class='ocrx_word' id='word_1_803' title='bbox 3384 4344 3508 4383; x_wconf 86' lang='lat' dir='ltr'><strong>mo-</strong></span> 
     </span>
    </p>
   </div>
   <div class='ocr_carea' id='block_1_104' title="bbox 1883 4417 3507 4492">
    <p class='ocr_par' dir='ltr' id='par_1_104' title="bbox 1883 4417 3507 4492">
     <span class='ocr_line' id='line_1_104' title="bbox 1883 4417 3507 4492; baseline -0.001 -16"><span class='ocrx_word' id='word_1_804' title='bbox 1883 4422 2036 4486; x_wconf 87' lang='lat' dir='ltr'><strong>dum,</strong></span> <span class='ocrx_word' id='word_1_805' title='bbox 2060 4434 2235 4492; x_wconf 88' lang='lat' dir='ltr'><strong>neqtte</strong></span> <span class='ocrx_word' id='word_1_806' title='bbox 2256 4418 2372 4474; x_wconf 88' lang='lat' dir='ltr'><strong>fore</strong></span> <span class='ocrx_word' id='word_1_807' title='bbox 2395 4427 2451 4472; x_wconf 94' lang='lat' dir='ltr'><strong>ut</strong></span> <span class='ocrx_word' id='word_1_808' title='bbox 2473 4432 2660 4472; x_wconf 87' lang='lat' dir='ltr'><strong>rursus</strong></span> <span class='ocrx_word' id='word_1_809' title='bbox 2683 4417 2878 4472; x_wconf 87' lang='lat' dir='ltr'><strong>mulier</strong></span> <span class='ocrx_word' id='word_1_810' title='bbox 2902 4433 2966 4472; x_wconf 89' lang='lat' dir='ltr'><strong>ea</strong></span> <span class='ocrx_word' id='word_1_811' title='bbox 2995 4418 3205 4481; x_wconf 75' lang='lat' dir='ltr'><strong>ratione</strong></span> <span class='ocrx_word' id='word_1_812' title='bbox 3230 4429 3507 4481; x_wconf 83' lang='lat' dir='ltr'><strong>nascatur,</strong></span> 
     </span>
    </p>
   </div>
   <div class='ocr_carea' id='block_1_105' title="bbox 1886 4505 3510 4584">
    <p class='ocr_par' dir='ltr' id='par_1_105' title="bbox 1886 4505 3510 4584">
     <span class='ocr_line' id='line_1_105' title="bbox 1886 4505 3510 4584; baseline -0.002 -17"><span class='ocrx_word' id='word_1_813' title='bbox 1886 4523 2170 4584; x_wconf 81' lang='lat' dir='ltr'><strong>propterea</strong></span> <span class='ocrx_word' id='word_1_814' title='bbox 2215 4511 2439 4570; x_wconf 76' lang='lat' dir='ltr'><strong>dixisse.</strong></span> <span class='ocrx_word' id='word_1_815' title='bbox 2479 4505 2591 4564; x_wconf 80' lang='lat' dir='ltr'><strong>Hoc</strong></span> <span class='ocrx_word' id='word_1_816' title='bbox 2619 4525 2774 4572; x_wconf 76' lang='lat' dir='ltr'><strong>nunc,</strong></span> <span class='ocrx_word' id='word_1_817' title='bbox 2820 4507 2965 4579; x_wconf 84' lang='lat' dir='ltr'><strong>quod</strong></span> <span class='ocrx_word' id='word_1_818' title='bbox 3006 4507 3193 4572; x_wconf 55' lang='lat' dir='ltr'><strong>utique</strong></span> <span class='ocrx_word' id='word_1_819' title='bbox 3235 4507 3374 4564; x_wconf 82' lang='lat' dir='ltr'><strong>alios</strong></span> <span class='ocrx_word' id='word_1_820' title='bbox 3423 4509 3510 4564; x_wconf 82' lang='lat' dir='ltr'><strong>itt-</strong></span> 
     </span>
    </p>
   </div>
   <div class='ocr_carea' id='block_1_106' title="bbox 1886 4600 3498 4678">
    <p class='ocr_par' dir='ltr' id='par_1_106' title="bbox 1886 4600 3498 4678">
     <span class='ocr_line' id='line_1_106' title="bbox 1886 4600 3498 4678; baseline -0.005 -16"><span class='ocrx_word' id='word_1_821' title='bbox 1886 4617 2095 4678; x_wconf 77' lang='lat' dir='ltr'><strong>tt-rpres</strong></span> <span class='ocrx_word' id='word_1_822' title='bbox 2136 4605 2442 4661; x_wconf 82' lang='lat' dir='ltr'><strong>accuratius</strong></span> <span class='ocrx_word' id='word_1_823' title='bbox 2468 4603 2830 4672; x_wconf 82' lang='lat' dir='ltr'><strong>interpretans</strong></span> <span class='ocrx_word' id='word_1_824' title='bbox 2850 4600 3008 4665; x_wconf 79' lang='lat' dir='ltr'><strong>dixit,</strong></span> <span class='ocrx_word' id='word_1_825' title='bbox 3043 4600 3158 4655; x_wconf 78' lang='lat' dir='ltr'><strong>Hoc</strong></span> <span class='ocrx_word' id='word_1_826' title='bbox 3184 4603 3342 4656; x_wconf 81' lang='lat' dir='ltr'><strong>semel</strong></span> <span class='ocrx_word' id='word_1_827' title='bbox 3372 4602 3452 4671; x_wconf 87' lang='lat' dir='ltr'><strong>(a)</strong></span> <span class='ocrx_word' id='word_1_828' title='bbox 3481 4644 3498 4667; x_wconf 95' lang='lat'><strong>,</strong></span> 
     </span>
    </p>
   </div>
   <div class='ocr_carea' id='block_1_107' title="bbox 1882 4693 3498 4771">
    <p class='ocr_par' dir='ltr' id='par_1_107' title="bbox 1882 4693 3498 4771">
     <span class='ocr_line' id='line_1_107' title="bbox 1882 4693 3498 4771; baseline 0 -21"><span class='ocrx_word' id='word_1_829' title='bbox 1882 4701 2034 4771; x_wconf 89' lang='lat' dir='ltr'><strong>quasi</strong></span> <span class='ocrx_word' id='word_1_830' title='bbox 2061 4698 2290 4762; x_wconf 88' lang='lat' dir='ltr'><strong>diceret,</strong></span> <span class='ocrx_word' id='word_1_831' title='bbox 2315 4695 2470 4751; x_wconf 82' lang='lat' dir='ltr'><strong>Nunc</strong></span> <span class='ocrx_word' id='word_1_832' title='bbox 2496 4703 2703 4749; x_wconf 86' lang='lat' dir='ltr'><strong>tantum</strong></span> <span class='ocrx_word' id='word_1_833' title='bbox 2735 4693 2926 4748; x_wconf 87' lang='lat' dir='ltr'><strong>mulier</strong></span> <span class='ocrx_word' id='word_1_834' title='bbox 2972 4709 3038 4747; x_wconf 75' lang='grc' dir='ltr'><strong>ιιι</strong></span> <span class='ocrx_word' id='word_1_835' title='bbox 3070 4693 3189 4747; x_wconf 88' lang='lat' dir='ltr'><strong>solo</strong></span> <span class='ocrx_word' id='word_1_836' title='bbox 3213 4693 3330 4748; x_wconf 91' lang='lat' dir='ltr'><strong>viro</strong></span> <span class='ocrx_word' id='word_1_837' title='bbox 3361 4695 3498 4750; x_wconf 74' lang='lat' dir='ltr'><strong>facta</strong></span> 
     </span>
    </p>
   </div>
   <div class='ocr_carea' id='block_1_108' title="bbox 1882 4784 3505 4859">
    <p class='ocr_par' dir='ltr' id='par_1_108' title="bbox 1882 4784 3505 4859">
     <span class='ocr_line' id='line_1_108' title="bbox 1882 4784 3505 4859; baseline -0.003 -13"><span class='ocrx_word' id='word_1_838' title='bbox 1882 4800 2007 4856; x_wconf 87' lang='lat' dir='ltr'><strong>cst,</strong></span> <span class='ocrx_word' id='word_1_839' title='bbox 2060 4786 2285 4859; x_wconf 81' lang='lat' dir='ltr'><strong>posthac</strong></span> <span class='ocrx_word' id='word_1_840' title='bbox 2330 4795 2510 4840; x_wconf 86' lang='lat' dir='ltr'><strong>autem</strong></span> <span class='ocrx_word' id='word_1_841' title='bbox 2555 4800 2663 4840; x_wconf 90' lang='lat' dir='ltr'><strong>non</strong></span> <span class='ocrx_word' id='word_1_842' title='bbox 2709 4785 2786 4838; x_wconf 88' lang='lat' dir='ltr'><strong>sic</strong></span> <span class='ocrx_word' id='word_1_843' title='bbox 2827 4784 2954 4849; x_wconf 91' lang='lat' dir='ltr'><strong>crit,</strong></span> <span class='ocrx_word' id='word_1_844' title='bbox 2998 4784 3095 4838; x_wconf 89' lang='lat' dir='ltr'><strong>sed</strong></span> <span class='ocrx_word' id='word_1_845' title='bbox 3123 4799 3193 4838; x_wconf 78' lang='lat' dir='ltr'><strong>es</strong></span> <span class='ocrx_word' id='word_1_846' title='bbox 3224 4785 3505 4856; x_wconf 57' lang='lat' dir='ltr'><strong>utrisque:</strong></span> 
     </span>
    </p>
   </div>
   <div class='ocr_carea' id='block_1_109' title="bbox 1887 4876 3510 4948">
    <p class='ocr_par' dir='ltr' id='par_1_109' title="bbox 1887 4876 3510 4948">
     <span class='ocr_line' id='line_1_109' title="bbox 1887 4876 3510 4948; baseline -0.004 -8"><span class='ocrx_word' id='word_1_847' title='bbox 1887 4885 1959 4939; x_wconf 87' lang='lat' dir='ltr'><strong>0s</strong></span> <span class='ocrx_word' id='word_1_848' title='bbox 1980 4900 2046 4939; x_wconf 70' lang='lat' dir='ltr'><strong>ex</strong></span> <span class='ocrx_word' id='word_1_849' title='bbox 2064 4881 2259 4938; x_wconf 79' lang='lat' dir='ltr'><strong>ossibus</strong></span> <span class='ocrx_word' id='word_1_850' title='bbox 2285 4880 2428 4943; x_wconf 84' lang='lat' dir='ltr'><strong>meis,</strong></span> <span class='ocrx_word' id='word_1_851' title='bbox 2451 4889 2498 4933; x_wconf 84' lang='lat' dir='ltr'><strong>et</strong></span> <span class='ocrx_word' id='word_1_852' title='bbox 2520 4895 2639 4932; x_wconf 84' lang='lat' dir='ltr'><strong>caro</strong></span> <span class='ocrx_word' id='word_1_853' title='bbox 2660 4878 2725 4932; x_wconf 86' lang='lat' dir='ltr'><strong>de</strong></span> <span class='ocrx_word' id='word_1_854' title='bbox 2738 4893 2893 4932; x_wconf 78' lang='lat' dir='ltr'><strong>carne</strong></span> <span class='ocrx_word' id='word_1_855' title='bbox 2914 4893 3046 4932; x_wconf 82' lang='lat' dir='ltr'><strong>mea.</strong></span> <span class='ocrx_word' id='word_1_856' title='bbox 3073 4876 3205 4932; x_wconf 82' lang='lat' dir='ltr'><strong>Nam</strong></span> <span class='ocrx_word' id='word_1_857' title='bbox 3228 4890 3510 4948; x_wconf 85' lang='lat' dir='ltr'><strong>assumpto</strong></span> 
     </span>
    </p>
   </div>
   <div class='ocr_carea' id='block_1_110' title="bbox 1885 4971 3505 5043">
    <p class='ocr_par' dir='ltr' id='par_1_110' title="bbox 1885 4971 3505 5043">
     <span class='ocr_line' id='line_1_110' title="bbox 1885 4971 3505 5043; baseline -0.002 -11"><span class='ocrx_word' id='word_1_858' title='bbox 1885 4993 1950 5033; x_wconf 78' lang='lat' dir='ltr'><strong>es</strong></span> <span class='ocrx_word' id='word_1_859' title='bbox 1973 4987 2082 5031; x_wconf 89' lang='lat' dir='ltr'><strong>tota</strong></span> <span class='ocrx_word' id='word_1_860' title='bbox 2105 4987 2282 5030; x_wconf 89' lang='lat' dir='ltr'><strong>massa</strong></span> <span class='ocrx_word' id='word_1_861' title='bbox 2315 4972 2618 5043; x_wconf 84' lang='lat' dir='ltr'><strong>fragmento</strong></span> <span class='ocrx_word' id='word_1_862' title='bbox 2634 4987 2764 5037; x_wconf 91' lang='lat' dir='ltr'><strong>uno,</strong></span> <span class='ocrx_word' id='word_1_863' title='bbox 2791 4972 2872 5026; x_wconf 89' lang='lat' dir='ltr'><strong>sic</strong></span> <span class='ocrx_word' id='word_1_864' title='bbox 2913 4971 3200 5026; x_wconf 89' lang='lat' dir='ltr'><strong>mulierem</strong></span> <span class='ocrx_word' id='word_1_865' title='bbox 3227 4971 3505 5038; x_wconf 79' lang='lat' dir='ltr'><strong>lortnavit,</strong></span> 
     </span>
    </p>
   </div>
   <div class='ocr_carea' id='block_1_111' title="bbox 1887 5060 3505 5122">
    <p class='ocr_par' dir='ltr' id='par_1_111' title="bbox 1887 5060 3505 5122">
     <span class='ocr_line' id='line_1_111' title="bbox 1887 5060 3505 5122; baseline -0.002 0"><span class='ocrx_word' id='word_1_866' title='bbox 1887 5079 1944 5122; x_wconf 93' lang='lat' dir='ltr'><strong>ttt</strong></span> <span class='ocrx_word' id='word_1_867' title='bbox 1972 5069 2023 5122; x_wconf 90' lang='lat' dir='ltr'><strong>in</strong></span> <span class='ocrx_word' id='word_1_868' title='bbox 2055 5067 2306 5122; x_wconf 85' lang='lat' dir='ltr'><strong>omnibus</strong></span> <span class='ocrx_word' id='word_1_869' title='bbox 2332 5065 2454 5119; x_wconf 91' lang='lat' dir='ltr'><strong>viro</strong></span> <span class='ocrx_word' id='word_1_870' title='bbox 2492 5063 2878 5118; x_wconf 88' lang='lat' dir='ltr'><strong>communicet.</strong></span> <span class='ocrx_word' id='word_1_871' title='bbox 2928 5060 3056 5117; x_wconf 76' lang='lat' dir='ltr'><strong>Hm:</strong></span> <span class='ocrx_word' id='word_1_872' title='bbox 3096 5065 3361 5118; x_wconf 72' lang='lat' dir='ltr'><strong>vocabitur</strong></span> <span class='ocrx_word' id='word_1_873' title='bbox 3385 5081 3505 5119; x_wconf 77' lang='lat' dir='ltr'><strong>ntu-</strong></span> 
     </span>
    </p>
   </div>
   <div class='ocr_carea' id='block_1_112' title="bbox 1885 5155 3510 5231">
    <p class='ocr_par' dir='ltr' id='par_1_112' title="bbox 1885 5155 3510 5231">
     <span class='ocr_line' id='line_1_112' title="bbox 1885 5155 3510 5231; baseline -0.004 -14"><span class='ocrx_word' id='word_1_874' title='bbox 1885 5165 2000 5224; x_wconf 85' lang='lat' dir='ltr'><strong>lier,</strong></span> <span class='ocrx_word' id='word_1_875' title='bbox 2059 5160 2254 5231; x_wconf 89' lang='lat' dir='ltr'><strong>inquit,</strong></span> <span class='ocrx_word' id='word_1_876' title='bbox 2304 5158 2546 5228; x_wconf 79' lang='lat' dir='ltr'><strong>quoniam</strong></span> <span class='ocrx_word' id='word_1_877' title='bbox 2595 5156 2661 5210; x_wconf 82' lang='lat' dir='ltr'><strong>de</strong></span> <span class='ocrx_word' id='word_1_878' title='bbox 2708 5156 2817 5210; x_wconf 73' lang='lat' dir='ltr'><strong>uiro</strong></span> <span class='ocrx_word' id='word_1_879' title='bbox 2861 5164 3067 5226; x_wconf 76' lang='lat' dir='ltr'><strong>smnpm</strong></span> <span class='ocrx_word' id='word_1_880' title='bbox 3109 5165 3203 5210; x_wconf 86' lang='lat' dir='ltr'><strong>est.</strong></span> <span class='ocrx_word' id='word_1_881' title='bbox 3235 5155 3510 5213; x_wconf 71' lang='lat' dir='ltr'><strong>&#39;Vide-Slll</strong></span> 
     </span>
    </p>
   </div>
   <div class='ocr_carea' id='block_1_113' title="bbox 1888 5248 3513 5322">
    <p class='ocr_par' dir='ltr' id='par_1_113' title="bbox 1888 5248 3513 5322">
     <span class='ocr_line' id='line_1_113' title="bbox 1888 5248 3513 5322; baseline -0.003 -12"><span class='ocrx_word' id='word_1_882' title='bbox 1888 5255 2051 5310; x_wconf 87' lang='lat' dir='ltr'><strong>etiam</strong></span> <span class='ocrx_word' id='word_1_883' title='bbox 2084 5252 2499 5322; x_wconf 80' lang='lat' dir='ltr'><strong>appellationem</strong></span> <span class='ocrx_word' id='word_1_884' title='bbox 2551 5249 2752 5304; x_wconf 90' lang='lat' dir='ltr'><strong>idcirco</strong></span> <span class='ocrx_word' id='word_1_885' title='bbox 2797 5248 3063 5320; x_wconf 85' lang='lat' dir='ltr'><strong>imponat.</strong></span> <span class='ocrx_word' id='word_1_886' title='bbox 3107 5256 3170 5303; x_wconf 91' lang='lat' dir='ltr'><strong>ut</strong></span> <span class='ocrx_word' id='word_1_887' title='bbox 3219 5249 3513 5320; x_wconf 86' lang='lat' dir='ltr'><strong>appellatio</strong></span> 
     </span>
    </p>
   </div>
   <div class='ocr_carea' id='block_1_114' title="bbox 1886 5340 3514 5412">
    <p class='ocr_par' dir='ltr' id='par_1_114' title="bbox 1886 5340 3514 5412">
     <span class='ocr_line' id='line_1_114' title="bbox 1886 5340 3514 5412; baseline -0.001 -11"><span class='ocrx_word' id='word_1_888' title='bbox 1886 5346 2323 5402; x_wconf 87' lang='lat' dir='ltr'><strong>communionem</strong></span> <span class='ocrx_word' id='word_1_889' title='bbox 2350 5352 2555 5397; x_wconf 78' lang='lat' dir='ltr'><strong>natura:</strong></span> <span class='ocrx_word' id='word_1_890' title='bbox 2579 5342 2937 5406; x_wconf 86' lang='lat' dir='ltr'><strong>demonstret,</strong></span> <span class='ocrx_word' id='word_1_891' title='bbox 2966 5350 3022 5395; x_wconf 88' lang='lat' dir='ltr'><strong>et</strong></span> <span class='ocrx_word' id='word_1_892' title='bbox 3047 5340 3218 5412; x_wconf 86' lang='lat' dir='ltr'><strong>ipsius</strong></span> <span class='ocrx_word' id='word_1_893' title='bbox 3249 5341 3514 5399; x_wconf 86' lang='lat' dir='ltr'><strong>naturalis</strong></span> 
     </span>
    </p>
   </div>
   <div class='ocr_carea' id='block_1_115' title="bbox 1886 5431 3510 5504">
    <p class='ocr_par' dir='ltr' id='par_1_115' title="bbox 1886 5431 3510 5504">
     <span class='ocr_line' id='line_1_115' title="bbox 1886 5431 3510 5504; baseline -0.003 -10"><span class='ocrx_word' id='word_1_894' title='bbox 1886 5434 2284 5494; x_wconf 86' lang='lat' dir='ltr'><strong>communionis</strong></span> <span class='ocrx_word' id='word_1_895' title='bbox 2324 5432 2721 5488; x_wconf 82' lang='lat' dir='ltr'><strong>demonstratio</strong></span> <span class='ocrx_word' id='word_1_896' title='bbox 2748 5440 2804 5486; x_wconf 91' lang='lat' dir='ltr'><strong>et</strong></span> <span class='ocrx_word' id='word_1_897' title='bbox 2831 5431 3124 5487; x_wconf 85' lang='lat' dir='ltr'><strong>crcationis</strong></span> <span class='ocrx_word' id='word_1_898' title='bbox 3165 5432 3360 5489; x_wconf 87' lang='lat' dir='ltr'><strong>modus</strong></span> <span class='ocrx_word' id='word_1_899' title='bbox 3390 5449 3510 5504; x_wconf 84' lang='lat' dir='ltr'><strong>per-</strong></span> 
     </span>
    </p>
   </div>
   <div class='ocr_carea' id='block_1_116' title="bbox 1891 5523 3516 5602">
    <p class='ocr_par' dir='ltr' id='par_1_116' title="bbox 1891 5523 3516 5602">
     <span class='ocr_line' id='line_1_116' title="bbox 1891 5523 3516 5602; baseline -0.003 -15"><span class='ocrx_word' id='word_1_900' title='bbox 1891 5531 2037 5602; x_wconf 77' lang='lat' dir='ltr'><strong>pctui</strong></span> <span class='ocrx_word' id='word_1_901' title='bbox 2078 5529 2281 5584; x_wconf 88' lang='lat' dir='ltr'><strong>amoris</strong></span> <span class='ocrx_word' id='word_1_902' title='bbox 2319 5526 2556 5591; x_wconf 83' lang='lat' dir='ltr'><strong>occasio,</strong></span> <span class='ocrx_word' id='word_1_903' title='bbox 2615 5534 2673 5581; x_wconf 93' lang='lat' dir='ltr'><strong>et</strong></span> <span class='ocrx_word' id='word_1_904' title='bbox 2731 5523 3002 5580; x_wconf 80' lang='lat' dir='ltr'><strong>vinculum</strong></span> <span class='ocrx_word' id='word_1_905' title='bbox 3047 5524 3119 5580; x_wconf 88' lang='lat' dir='ltr'><strong>sit</strong></span> <span class='ocrx_word' id='word_1_906' title='bbox 3167 5524 3516 5582; x_wconf 50' lang='lat' dir='ltr'><strong>concordia?</strong></span> 
     </span>
    </p>
   </div>
   <div class='ocr_carea' id='block_1_117' title="bbox 1951 5681 3514 5751">
    <p class='ocr_par' dir='ltr' id='par_1_117' title="bbox 1951 5681 3514 5751">
     <span class='ocr_line' id='line_1_117' title="bbox 1951 5681 3514 5751; baseline -0.004 -13"><span class='ocrx_word' id='word_1_907' title='bbox 1951 5688 2028 5751; x_wconf 90' lang='lat' dir='ltr'><strong>(a)</strong></span> <span class='ocrx_word' id='word_1_908' title='bbox 2061 5691 2206 5738; x_wconf 72' lang='lat' dir='ltr'><strong>Juxta</strong></span> <span class='ocrx_word' id='word_1_909' title='bbox 2227 5685 2352 5735; x_wconf 89' lang='lat' dir='ltr'><strong>duos</strong></span> <span class='ocrx_word' id='word_1_910' title='bbox 2373 5685 2696 5751; x_wconf 75' lang='lat' dir='ltr'><strong>interpretes.</strong></span> <span class='ocrx_word' id='word_1_911' title='bbox 2709 5681 3255 5751; x_wconf 55' lang='lat' dir='ltr'><strong>nempejymmacbum</strong></span> <span class='ocrx_word' id='word_1_912' title='bbox 3279 5689 3333 5733; x_wconf 84' lang='lat' dir='ltr'><strong>et</strong></span> <span class='ocrx_word' id='word_1_913' title='bbox 3353 5681 3514 5751; x_wconf 60' lang='lat' dir='ltr'><strong>Theo-</strong></span> 
     </span>
    </p>
   </div>
   <div class='ocr_carea' id='block_1_118' title="bbox 1888 5741 3514 5809">
    <p class='ocr_par' dir='ltr' id='par_1_118' title="bbox 1888 5741 3514 5809">
     <span class='ocr_line' id='line_1_118' title="bbox 1888 5741 3514 5809; baseline -0.005 -9"><span class='ocrx_word' id='word_1_914' title='bbox 1888 5741 2312 5809; x_wconf 72' lang='lat' dir='ltr'><strong>doiienetn,voces</strong></span> <span class='ocrx_word' id='word_1_915' title='bbox 2335 5741 2586 5795; x_wconf 69' lang='lat' dir='ltr'><strong>Hebraicaa</strong></span> <span class='ocrx_word' id='word_1_916' title='bbox 2620 5749 2787 5803; x_wconf 63' lang='lat' dir='ltr'><strong>nam</strong></span> <span class='ocrx_word' id='word_1_917' title='bbox 2811 5741 2925 5799; x_wconf 64' lang='lat' dir='ltr'><strong>fw</strong></span> <span class='ocrx_word' id='word_1_918' title='bbox 2951 5741 3210 5796; x_wconf 62' lang='lat' dir='ltr'><strong>vertenda</strong></span> <span class='ocrx_word' id='word_1_919' title='bbox 3245 5757 3306 5797; x_wconf 86' lang='lat' dir='ltr'><strong>su</strong></span> <span class='ocrx_word' id='word_1_920' title='bbox 3325 5751 3380 5799; x_wconf 81' lang='lat' dir='ltr'><strong>tt.</strong></span> <span class='ocrx_word' id='word_1_921' title='bbox 3418 5741 3514 5796; x_wconf 70' lang='lat' dir='ltr'><strong>ha:</strong></span> 
     </span>
    </p>
   </div>
   <div class='ocr_carea' id='block_1_119' title="bbox 1890 5813 3515 5879">
    <p class='ocr_par' dir='ltr' id='par_1_119' title="bbox 1890 5813 3515 5879">
     <span class='ocr_line' id='line_1_119' title="bbox 1890 5813 3515 5879; baseline -0.007 -6"><span class='ocrx_word' id='word_1_922' title='bbox 1890 5824 2074 5879; x_wconf 72' lang='lat' dir='ltr'><strong>serviet;</strong></span> <span class='ocrx_word' id='word_1_923' title='bbox 2097 5828 2156 5870; x_wconf 76' lang='lat' dir='ltr'><strong>att</strong></span> <span class='ocrx_word' id='word_1_924' title='bbox 2196 5817 2389 5869; x_wconf 83' lang='lat' dir='ltr'><strong>literam</strong></span> <span class='ocrx_word' id='word_1_925' title='bbox 2414 5829 2533 5879; x_wconf 78' lang='lat' dir='ltr'><strong>vero</strong></span> <span class='ocrx_word' id='word_1_926' title='bbox 2570 5818 2640 5865; x_wconf 87' lang='lat' dir='ltr'><strong>sic</strong></span> <span class='ocrx_word' id='word_1_927' title='bbox 2664 5816 3068 5879; x_wconf 80' lang='lat' dir='ltr'><strong>interpretamur,</strong></span> <span class='ocrx_word' id='word_1_928' title='bbox 3101 5816 3196 5879; x_wconf 76' lang='lat' dir='ltr'><strong>hac</strong></span> <span class='ocrx_word' id='word_1_929' title='bbox 3218 5814 3337 5872; x_wconf 67' lang='lat' dir='ltr'><strong>rice.</strong></span> <span class='ocrx_word' id='word_1_930' title='bbox 3377 5813 3515 5879; x_wconf 69' lang='lat' dir='ltr'><strong>quid</strong></span> 
     </span>
    </p>
   </div>
   <div class='ocr_carea' id='block_1_120' title="bbox 1895 5873 3464 5940">
    <p class='ocr_par' dir='ltr' id='par_1_120' title="bbox 1895 5873 3464 5940">
     <span class='ocr_line' id='line_1_120' title="bbox 1895 5873 3464 5940; baseline -0.007 -3"><span class='ocrx_word' id='word_1_931' title='bbox 1895 5873 2074 5937; x_wconf 63' lang='lat' dir='ltr'><strong>codem</strong></span> <span class='ocrx_word' id='word_1_932' title='bbox 2096 5881 2286 5933; x_wconf 83' lang='lat' dir='ltr'><strong>recidit.</strong></span> <span class='ocrx_word' id='word_1_933' title='bbox 2313 5881 2353 5930; x_wconf 87' lang='lat' dir='ltr'><strong>si</strong></span> <span class='ocrx_word' id='word_1_934' title='bbox 2380 5877 2647 5940; x_wconf 72' lang='lat' dir='ltr'><strong>ituelligas.</strong></span> <span class='ocrx_word' id='word_1_935' title='bbox 2672 5877 2764 5928; x_wconf 75' lang='lat' dir='ltr'><strong>hac</strong></span> <span class='ocrx_word' id='word_1_936' title='bbox 2786 5873 2886 5928; x_wconf 69' lang='lat' dir='ltr'><strong>rice</strong></span> <span class='ocrx_word' id='word_1_937' title='bbox 2911 5880 3083 5936; x_wconf 76' lang='lat' dir='ltr'><strong>satum,</strong></span> <span class='ocrx_word' id='word_1_938' title='bbox 3105 5878 3151 5926; x_wconf 88' lang='lat' dir='ltr'><strong>id</strong></span> <span class='ocrx_word' id='word_1_939' title='bbox 3175 5886 3272 5937; x_wconf 71' lang='lat' dir='ltr'><strong>est,</strong></span> <span class='ocrx_word' id='word_1_940' title='bbox 3296 5873 3464 5927; x_wconf 61' lang='lat' dir='ltr'><strong>sentit.</strong></span> 
     </span>
    </p>
   </div>
   <div class='ocr_carea' id='block_1_121' title="bbox 2145 1658 3604 1728">
    <p class='ocr_par' dir='ltr' id='par_1_121' title="bbox 2145 1658 3604 1728">
     <span class='ocr_line' id='line_1_121' title="bbox 2145 1658 3604 1728; baseline 0.009 -18"><span class='ocrx_word' id='word_1_941' title='bbox 2145 1671 2319 1728; x_wconf 88' lang='lat' dir='ltr'><strong>neque</strong></span> <span class='ocrx_word' id='word_1_942' title='bbox 2390 1672 2515 1711; x_wconf 78' lang='lat' dir='ltr'><strong>cum</strong></span> <span class='ocrx_word' id='word_1_943' title='bbox 2584 1658 2748 1714; x_wconf 83' lang='lat' dir='ltr'><strong>tantis</strong></span> <span class='ocrx_word' id='word_1_944' title='bbox 2810 1658 3108 1716; x_wconf 83' lang='lat' dir='ltr'><strong>honoribus</strong></span> <span class='ocrx_word' id='word_1_945' title='bbox 3183 1665 3495 1722; x_wconf 86' lang='lat' dir='ltr'><strong>cumulatus</strong></span> <span class='ocrx_word' id='word_1_946' title='bbox 3599 1659 3604 1664; x_wconf 62' lang='grc'><em>’</em></span> 
     </span>
    </p>
   </div>
  </div>
