  <div class='ocr_page' id='page_1' title='image "/cluster/home/n/w/nwhite01/storage/ocr_20150623/54/ien.35556001660810/239.png"; bbox 0 0 4086 6432; ppageno 0'>
   <div class='ocr_carea' id='block_1_1' title="bbox 613 409 717 463">
    <p class='ocr_par' dir='ltr' id='par_1_1' title="bbox 613 409 717 463">
     <span class='ocr_line' id='line_1_1' title="bbox 613 409 717 463; baseline 0 -3"><span class='ocrx_word' id='word_1_1' title='bbox 613 409 717 463; x_wconf 64' lang='grc'><strong>807</strong></span> 
     </span>
    </p>
   </div>
   <div class='ocr_carea' id='block_1_2' title="bbox 617 513 2203 590">
    <p class='ocr_par' dir='ltr' id='par_1_2' title="bbox 617 513 2203 590">
     <span class='ocr_line' id='line_1_2' title="bbox 617 513 2203 590; baseline -0.006 -16"><span class='ocrx_word' id='word_1_2' title='bbox 617 520 821 579; x_wconf 69' lang='grc' dir='ltr'><strong>ῐκεήιιάθ</strong></span> <span class='ocrx_word' id='word_1_3' title='bbox 860 534 988 576; x_wconf 88' lang='lat' dir='ltr'><strong>vero</strong></span> <span class='ocrx_word' id='word_1_4' title='bbox 1013 519 1137 590; x_wconf 89' lang='lat' dir='ltr'><strong>quid</strong></span> <span class='ocrx_word' id='word_1_5' title='bbox 1167 516 1282 572; x_wconf 81' lang='lat' dir='ltr'><strong>ait?</strong></span> <span class='ocrx_word' id='word_1_6' title='bbox 1310 515 1527 586; x_wconf 77' lang='lat' dir='ltr'><strong>PrOpter</strong></span> <span class='ocrx_word' id='word_1_7' title='bbox 1548 517 1643 569; x_wconf 84' lang='lat' dir='ltr'><strong>hoc</strong></span> <span class='ocrx_word' id='word_1_8' title='bbox 1658 516 1902 581; x_wconf 78' lang='lat' dir='ltr'><strong>relinquet</strong></span> <span class='ocrx_word' id='word_1_9' title='bbox 1930 513 2079 565; x_wconf 79' lang='lat' dir='ltr'><strong>homo</strong></span> <span class='ocrx_word' id='word_1_10' title='bbox 2107 527 2203 582; x_wconf 79' lang='lat' dir='ltr'><strong>pa-</strong></span> 
     </span>
    </p>
   </div>
   <div class='ocr_carea' id='block_1_3' title="bbox 611 603 2208 673">
    <p class='ocr_par' dir='ltr' id='par_1_3' title="bbox 611 603 2208 673">
     <span class='ocr_line' id='line_1_3' title="bbox 611 603 2208 673; baseline -0.004 -11"><span class='ocrx_word' id='word_1_11' title='bbox 611 624 740 663; x_wconf 80' lang='lat' dir='ltr'><strong>trem</strong></span> <span class='ocrx_word' id='word_1_12' title='bbox 760 626 928 673; x_wconf 73' lang='lat' dir='ltr'><strong>ruunt,</strong></span> <span class='ocrx_word' id='word_1_13' title='bbox 965 618 1012 662; x_wconf 79' lang='lat' dir='ltr'><strong>et</strong></span> <span class='ocrx_word' id='word_1_14' title='bbox 1052 618 1263 662; x_wconf 78' lang='lat' dir='ltr'><strong>matrem</strong></span> <span class='ocrx_word' id='word_1_15' title='bbox 1302 624 1469 673; x_wconf 75' lang='lat' dir='ltr'><strong>suam,</strong></span> <span class='ocrx_word' id='word_1_16' title='bbox 1514 617 1560 662; x_wconf 80' lang='lat' dir='ltr'><strong>et</strong></span> <span class='ocrx_word' id='word_1_17' title='bbox 1598 604 1872 660; x_wconf 69' lang='lat' dir='ltr'><strong>adherebit</strong></span> <span class='ocrx_word' id='word_1_18' title='bbox 1907 603 2055 657; x_wconf 71' lang='lat' dir='ltr'><strong>uxori</strong></span> <span class='ocrx_word' id='word_1_19' title='bbox 2101 616 2208 656; x_wconf 70' lang='lat' dir='ltr'><strong>sua!</strong></span> 
     </span>
    </p>
   </div>
   <div class='ocr_carea' id='block_1_4' title="bbox 612 690 2205 769">
    <p class='ocr_par' dir='ltr' id='par_1_4' title="bbox 612 690 2205 769">
     <span class='ocr_line' id='line_1_4' title="bbox 612 690 2205 769; baseline -0.004 -17"><span class='ocrx_word' id='word_1_20' title='bbox 612 697 779 769; x_wconf 77' lang='lat' dir='ltr'><strong>(Gen.</strong></span> <span class='ocrx_word' id='word_1_21' title='bbox 810 700 866 753; x_wconf 70' lang='lat'><strong>2.</strong></span> <span class='ocrx_word' id='word_1_22' title='bbox 894 698 1023 765; x_wconf 66' lang='grc'><strong>24).</strong></span> <span class='ocrx_word' id='word_1_23' title='bbox 1052 696 1167 753; x_wconf 86' lang='lat' dir='ltr'><strong>Non</strong></span> <span class='ocrx_word' id='word_1_24' title='bbox 1215 697 1528 767; x_wconf 77' lang='lat' dir='ltr'><strong>simpliciter</strong></span> <span class='ocrx_word' id='word_1_25' title='bbox 1582 696 1736 759; x_wconf 83' lang='lat' dir='ltr'><strong>dixit,</strong></span> <span class='ocrx_word' id='word_1_26' title='bbox 1788 692 2034 753; x_wconf 78' lang='lat' dir='ltr'><strong>Unietur.</strong></span> <span class='ocrx_word' id='word_1_27' title='bbox 2087 690 2205 755; x_wconf 84' lang='lat' dir='ltr'><strong>sed,</strong></span> 
     </span>
    </p>
   </div>
   <div class='ocr_carea' id='block_1_5' title="bbox 608 782 2201 861">
    <p class='ocr_par' dir='ltr' id='par_1_5' title="bbox 608 782 2201 861">
     <span class='ocr_line' id='line_1_5' title="bbox 608 782 2201 861; baseline -0.004 -19"><span class='ocrx_word' id='word_1_28' title='bbox 608 789 920 861; x_wconf 70' lang='lat' dir='ltr'><strong>Adhtrrebit,</strong></span> <span class='ocrx_word' id='word_1_29' title='bbox 968 798 1029 846; x_wconf 91' lang='lat' dir='ltr'><strong>ut</strong></span> <span class='ocrx_word' id='word_1_30' title='bbox 1070 804 1333 845; x_wconf 83' lang='lat' dir='ltr'><strong>summam</strong></span> <span class='ocrx_word' id='word_1_31' title='bbox 1372 786 1806 855; x_wconf 87' lang='lat' dir='ltr'><strong>conjunctionem</strong></span> <span class='ocrx_word' id='word_1_32' title='bbox 1832 782 2201 854; x_wconf 82' lang='lat' dir='ltr'><strong>significaret:</strong></span> 
     </span>
    </p>
   </div>
   <div class='ocr_carea' id='block_1_6' title="bbox 613 872 2207 947">
    <p class='ocr_par' dir='ltr' id='par_1_6' title="bbox 613 872 2207 947">
     <span class='ocr_line' id='line_1_6' title="bbox 613 872 2207 947; baseline -0.005 -14"><span class='ocrx_word' id='word_1_33' title='bbox 613 881 677 933; x_wconf 76' lang='lat' dir='ltr'><strong>Et</strong></span> <span class='ocrx_word' id='word_1_34' title='bbox 698 890 844 933; x_wconf 80' lang='lat' dir='ltr'><strong>erunt</strong></span> <span class='ocrx_word' id='word_1_35' title='bbox 871 881 971 933; x_wconf 86' lang='lat' dir='ltr'><strong>duo</strong></span> <span class='ocrx_word' id='word_1_36' title='bbox 1006 881 1056 934; x_wconf 85' lang='lat' dir='ltr'><strong>in</strong></span> <span class='ocrx_word' id='word_1_37' title='bbox 1095 896 1300 933; x_wconf 85' lang='lat' dir='ltr'><strong>carnem</strong></span> <span class='ocrx_word' id='word_1_38' title='bbox 1340 894 1513 932; x_wconf 83' lang='lat' dir='ltr'><strong>unam.</strong></span> <span class='ocrx_word' id='word_1_39' title='bbox 1546 877 1753 947; x_wconf 86' lang='lat' dir='ltr'><strong>Ergone</strong></span> <span class='ocrx_word' id='word_1_40' title='bbox 1784 876 1871 946; x_wconf 85' lang='lat' dir='ltr'><strong>qui</strong></span> <span class='ocrx_word' id='word_1_41' title='bbox 1902 886 2006 928; x_wconf 89' lang='lat' dir='ltr'><strong>tam</strong></span> <span class='ocrx_word' id='word_1_42' title='bbox 2039 872 2207 927; x_wconf 85' lang='lat' dir='ltr'><strong>multa</strong></span> 
     </span>
    </p>
   </div>
   <div class='ocr_carea' id='block_1_7' title="bbox 607 963 2205 1039">
    <p class='ocr_par' dir='ltr' id='par_1_7' title="bbox 607 963 2205 1039">
     <span class='ocr_line' id='line_1_7' title="bbox 607 963 2205 1039; baseline -0.006 -15"><span class='ocrx_word' id='word_1_43' title='bbox 607 981 848 1035; x_wconf 87' lang='lat' dir='ltr'><strong>noverat,</strong></span> <span class='ocrx_word' id='word_1_44' title='bbox 880 972 982 1035; x_wconf 90' lang='lat' dir='ltr'><strong>dic,</strong></span> <span class='ocrx_word' id='word_1_45' title='bbox 1009 985 1189 1039; x_wconf 65' lang='lat' dir='ltr'><strong>qttarso</strong></span> <span class='ocrx_word' id='word_1_46' title='bbox 1216 1012 1232 1035; x_wconf 95' lang='lat'><strong>,</strong></span> <span class='ocrx_word' id='word_1_47' title='bbox 1259 969 1384 1038; x_wconf 88' lang='lat' dir='ltr'><strong>quid</strong></span> <span class='ocrx_word' id='word_1_48' title='bbox 1414 977 1557 1023; x_wconf 63' lang='lat' dir='ltr'><strong>essm</strong></span> <span class='ocrx_word' id='word_1_49' title='bbox 1590 968 1808 1032; x_wconf 89' lang='lat' dir='ltr'><strong>bonum,</strong></span> <span class='ocrx_word' id='word_1_50' title='bbox 1834 965 1956 1035; x_wconf 81' lang='lat' dir='ltr'><strong>quid</strong></span> <span class='ocrx_word' id='word_1_51' title='bbox 1983 963 2205 1026; x_wconf 84' lang='lat' dir='ltr'><strong>malum,</strong></span> 
     </span>
    </p>
   </div>
   <div class='ocr_carea' id='block_1_8' title="bbox 607 1052 2207 1130">
    <p class='ocr_par' dir='ltr' id='par_1_8' title="bbox 607 1052 2207 1130">
     <span class='ocr_line' id='line_1_8' title="bbox 607 1052 2207 1130; baseline -0.006 -14"><span class='ocrx_word' id='word_1_52' title='bbox 607 1061 926 1130; x_wconf 82' lang='lat' dir='ltr'><strong>ignorabat?</strong></span> <span class='ocrx_word' id='word_1_53' title='bbox 962 1062 1026 1115; x_wconf 84' lang='lat' dir='ltr'><strong>Et</strong></span> <span class='ocrx_word' id='word_1_54' title='bbox 1065 1061 1147 1115; x_wconf 91' lang='lat' dir='ltr'><strong>cui</strong></span> <span class='ocrx_word' id='word_1_55' title='bbox 1180 1060 1423 1114; x_wconf 86' lang='lat' dir='ltr'><strong>videatur</strong></span> <span class='ocrx_word' id='word_1_56' title='bbox 1447 1060 1497 1113; x_wconf 92' lang='lat' dir='ltr'><strong>id</strong></span> <span class='ocrx_word' id='word_1_57' title='bbox 1531 1060 1719 1111; x_wconf 81' lang='lat' dir='ltr'><strong>rationi</strong></span> <span class='ocrx_word' id='word_1_58' title='bbox 1745 1052 2207 1111; x_wconf 80' lang='lat' dir='ltr'><strong>consentaneum?</strong></span> 
     </span>
    </p>
   </div>
   <div class='ocr_carea' id='block_1_9' title="bbox 608 1147 2202 1220">
    <p class='ocr_par' dir='ltr' id='par_1_9' title="bbox 608 1147 2202 1220">
     <span class='ocr_line' id='line_1_9' title="bbox 608 1147 2202 1220; baseline -0.007 -11"><span class='ocrx_word' id='word_1_59' title='bbox 608 1152 665 1209; x_wconf 73' lang='lat' dir='ltr'><strong>Si</strong></span> <span class='ocrx_word' id='word_1_60' title='bbox 693 1153 835 1208; x_wconf 91' lang='lat' dir='ltr'><strong>enim</strong></span> <span class='ocrx_word' id='word_1_61' title='bbox 866 1152 1136 1205; x_wconf 82' lang='lat' dir='ltr'><strong>nesciebat</strong></span> <span class='ocrx_word' id='word_1_62' title='bbox 1162 1150 1284 1220; x_wconf 91' lang='lat' dir='ltr'><strong>quid</strong></span> <span class='ocrx_word' id='word_1_63' title='bbox 1328 1151 1524 1203; x_wconf 88' lang='lat' dir='ltr'><strong>bonum</strong></span> <span class='ocrx_word' id='word_1_64' title='bbox 1552 1158 1713 1214; x_wconf 53' lang='grc' dir='ltr'><strong>εεδθι,</strong></span> <span class='ocrx_word' id='word_1_65' title='bbox 1747 1159 1800 1202; x_wconf 91' lang='lat' dir='ltr'><strong>et</strong></span> <span class='ocrx_word' id='word_1_66' title='bbox 1829 1148 1952 1218; x_wconf 90' lang='lat' dir='ltr'><strong>quid</strong></span> <span class='ocrx_word' id='word_1_67' title='bbox 1983 1147 2202 1213; x_wconf 88' lang='lat' dir='ltr'><strong>malum,</strong></span> 
     </span>
    </p>
   </div>
   <div class='ocr_carea' id='block_1_10' title="bbox 603 1238 2202 1314">
    <p class='ocr_par' dir='ltr' id='par_1_10' title="bbox 603 1238 2202 1314">
     <span class='ocr_line' id='line_1_10' title="bbox 603 1238 2202 1314; baseline -0.004 -16"><span class='ocrx_word' id='word_1_68' title='bbox 603 1256 892 1314; x_wconf 77' lang='lat' dir='ltr'><strong>antequam</strong></span> <span class='ocrx_word' id='word_1_69' title='bbox 917 1242 985 1297; x_wconf 92' lang='lat' dir='ltr'><strong>de</strong></span> <span class='ocrx_word' id='word_1_70' title='bbox 1014 1242 1158 1312; x_wconf 76' lang='lat' dir='ltr'><strong>ligno</strong></span> <span class='ocrx_word' id='word_1_71' title='bbox 1194 1242 1523 1304; x_wconf 88' lang='lat' dir='ltr'><strong>comederet,</strong></span> <span class='ocrx_word' id='word_1_72' title='bbox 1565 1241 1657 1295; x_wconf 91' lang='lat' dir='ltr'><strong>sed</strong></span> <span class='ocrx_word' id='word_1_73' title='bbox 1691 1251 1806 1310; x_wconf 89' lang='lat' dir='ltr'><strong>post</strong></span> <span class='ocrx_word' id='word_1_74' title='bbox 1836 1238 2202 1294; x_wconf 88' lang='lat' dir='ltr'><strong>manducatio-</strong></span> 
     </span>
    </p>
   </div>
   <div class='ocr_carea' id='block_1_11' title="bbox 606 1332 2202 1402">
    <p class='ocr_par' dir='ltr' id='par_1_11' title="bbox 606 1332 2202 1402">
     <span class='ocr_line' id='line_1_11' title="bbox 606 1332 2202 1402; baseline -0.003 -15"><span class='ocrx_word' id='word_1_75' title='bbox 606 1351 727 1387; x_wconf 89' lang='lat' dir='ltr'><strong>nent</strong></span> <span class='ocrx_word' id='word_1_76' title='bbox 751 1333 801 1388; x_wconf 92' lang='lat' dir='ltr'><strong>id</strong></span> <span class='ocrx_word' id='word_1_77' title='bbox 827 1334 1029 1397; x_wconf 81' lang='lat' dir='ltr'><strong>didicit,</strong></span> <span class='ocrx_word' id='word_1_78' title='bbox 1056 1343 1326 1402; x_wconf 87' lang='lat' dir='ltr'><strong>peccatum</strong></span> <span class='ocrx_word' id='word_1_79' title='bbox 1351 1332 1423 1386; x_wconf 90' lang='lat' dir='ltr'><strong>illi</strong></span> <span class='ocrx_word' id='word_1_80' title='bbox 1445 1332 1718 1402; x_wconf 68' lang='lat' dir='ltr'><strong>sapientia:</strong></span> <span class='ocrx_word' id='word_1_81' title='bbox 1743 1332 1994 1402; x_wconf 88' lang='lat' dir='ltr'><strong>magister</strong></span> <span class='ocrx_word' id='word_1_82' title='bbox 2009 1332 2202 1384; x_wconf 90' lang='lat' dir='ltr'><strong>factum</strong></span> 
     </span>
    </p>
   </div>
   <div class='ocr_carea' id='block_1_12' title="bbox 606 1421 2199 1492">
    <p class='ocr_par' dir='ltr' id='par_1_12' title="bbox 606 1421 2199 1492">
     <span class='ocr_line' id='line_1_12' title="bbox 606 1421 2199 1492; baseline -0.001 -18"><span class='ocrx_word' id='word_1_83' title='bbox 606 1433 711 1490; x_wconf 78' lang='lat' dir='ltr'><strong>est,</strong></span> <span class='ocrx_word' id='word_1_84' title='bbox 748 1434 802 1479; x_wconf 90' lang='lat' dir='ltr'><strong>et</strong></span> <span class='ocrx_word' id='word_1_85' title='bbox 829 1439 1053 1492; x_wconf 88' lang='lat' dir='ltr'><strong>serpens</strong></span> <span class='ocrx_word' id='word_1_86' title='bbox 1078 1437 1182 1477; x_wconf 87' lang='lat' dir='ltr'><strong>non</strong></span> <span class='ocrx_word' id='word_1_87' title='bbox 1210 1423 1319 1491; x_wconf 87' lang='lat' dir='ltr'><strong>jam</strong></span> <span class='ocrx_word' id='word_1_88' title='bbox 1352 1422 1621 1488; x_wconf 83' lang='lat' dir='ltr'><strong>seductor,</strong></span> <span class='ocrx_word' id='word_1_89' title='bbox 1665 1421 1757 1476; x_wconf 84' lang='lat' dir='ltr'><strong>scd</strong></span> <span class='ocrx_word' id='word_1_90' title='bbox 1790 1422 1994 1473; x_wconf 87' lang='lat' dir='ltr'><strong>utilium</strong></span> <span class='ocrx_word' id='word_1_91' title='bbox 2022 1434 2199 1475; x_wconf 89' lang='lat' dir='ltr'><strong>rerum</strong></span> 
     </span>
    </p>
   </div>
   <div class='ocr_carea' id='block_1_13' title="bbox 608 1512 2200 1581">
    <p class='ocr_par' dir='ltr' id='par_1_13' title="bbox 608 1512 2200 1581">
     <span class='ocr_line' id='line_1_13' title="bbox 608 1512 2200 1581; baseline -0.004 -12"><span class='ocrx_word' id='word_1_92' title='bbox 608 1514 948 1569; x_wconf 82' lang='lat' dir='ltr'><strong>consiliarius</strong></span> <span class='ocrx_word' id='word_1_93' title='bbox 995 1525 1077 1569; x_wconf 90' lang='lat' dir='ltr'><strong>est</strong></span> <span class='ocrx_word' id='word_1_94' title='bbox 1130 1514 1471 1576; x_wconf 86' lang='lat' dir='ltr'><strong>constitutus,</strong></span> <span class='ocrx_word' id='word_1_95' title='bbox 1528 1528 1757 1581; x_wconf 88' lang='lat' dir='ltr'><strong>eumque</strong></span> <span class='ocrx_word' id='word_1_96' title='bbox 1816 1512 2085 1566; x_wconf 82' lang='lat' dir='ltr'><strong>hominem</strong></span> <span class='ocrx_word' id='word_1_97' title='bbox 2134 1525 2200 1564; x_wconf 84' lang='lat' dir='ltr'><strong>ex</strong></span> 
     </span>
    </p>
   </div>
   <div class='ocr_carea' id='block_1_14' title="bbox 608 1601 2201 1667">
    <p class='ocr_par' dir='ltr' id='par_1_14' title="bbox 608 1601 2201 1667">
     <span class='ocr_line' id='line_1_14' title="bbox 608 1601 2201 1667; baseline -0.004 -8"><span class='ocrx_word' id='word_1_98' title='bbox 608 1605 780 1659; x_wconf 78' lang='lat' dir='ltr'><strong>bellua</strong></span> <span class='ocrx_word' id='word_1_99' title='bbox 806 1604 1054 1659; x_wconf 85' lang='lat' dir='ltr'><strong>reddidit.</strong></span> <span class='ocrx_word' id='word_1_100' title='bbox 1088 1604 1237 1658; x_wconf 78' lang='lat' dir='ltr'><strong>Absit</strong></span> <span class='ocrx_word' id='word_1_101' title='bbox 1268 1602 1370 1656; x_wconf 89' lang='lat' dir='ltr'><strong>hoc</strong></span> <span class='ocrx_word' id='word_1_102' title='bbox 1393 1620 1405 1656; x_wconf 89' lang='lat'><strong>:</strong></span> <span class='ocrx_word' id='word_1_103' title='bbox 1433 1618 1536 1656; x_wconf 91' lang='lat' dir='ltr'><strong>non</strong></span> <span class='ocrx_word' id='word_1_104' title='bbox 1559 1602 1700 1657; x_wconf 89' lang='lat' dir='ltr'><strong>enim</strong></span> <span class='ocrx_word' id='word_1_105' title='bbox 1730 1604 1883 1657; x_wconf 86' lang='lat' dir='ltr'><strong>ita&#39;se</strong></span> <span class='ocrx_word' id='word_1_106' title='bbox 1910 1618 1995 1657; x_wconf 89' lang='lat' dir='ltr'><strong>res</strong></span> <span class='ocrx_word' id='word_1_107' title='bbox 2020 1601 2201 1667; x_wconf 83' lang='lat' dir='ltr'><strong>habet,</strong></span> 
     </span>
    </p>
   </div>
   <div class='ocr_carea' id='block_1_15' title="bbox 605 1693 2199 1765">
    <p class='ocr_par' dir='ltr' id='par_1_15' title="bbox 605 1693 2199 1765">
     <span class='ocr_line' id='line_1_15' title="bbox 605 1693 2199 1765; baseline 0 -16"><span class='ocrx_word' id='word_1_108' title='bbox 605 1711 711 1750; x_wconf 86' lang='lat' dir='ltr'><strong>non</strong></span> <span class='ocrx_word' id='word_1_109' title='bbox 736 1697 934 1750; x_wconf 86' lang='lat' dir='ltr'><strong>estita.</strong></span> <span class='ocrx_word' id='word_1_110' title='bbox 960 1695 1090 1749; x_wconf 88' lang='lat' dir='ltr'><strong>Nam</strong></span> <span class='ocrx_word' id='word_1_111' title='bbox 1122 1695 1167 1747; x_wconf 91' lang='lat' dir='ltr'><strong>si</strong></span> <span class='ocrx_word' id='word_1_112' title='bbox 1201 1693 1472 1748; x_wconf 75' lang='lat' dir='ltr'><strong>nesciebat</strong></span> <span class='ocrx_word' id='word_1_113' title='bbox 1498 1694 1625 1765; x_wconf 89' lang='lat' dir='ltr'><strong>quid</strong></span> <span class='ocrx_word' id='word_1_114' title='bbox 1657 1694 1853 1748; x_wconf 90' lang='lat' dir='ltr'><strong>bonum</strong></span> <span class='ocrx_word' id='word_1_115' title='bbox 1882 1703 2042 1753; x_wconf 89' lang='lat' dir='ltr'><strong>esset,</strong></span> <span class='ocrx_word' id='word_1_116' title='bbox 2073 1693 2199 1763; x_wconf 92' lang='lat' dir='ltr'><strong>quid</strong></span> 
     </span>
    </p>
   </div>
   <div class='ocr_carea' id='block_1_16' title="bbox 605 1772 2201 1854">
    <p class='ocr_par' dir='ltr' id='par_1_16' title="bbox 605 1772 2201 1854">
     <span class='ocr_line' id='line_1_16' title="bbox 605 1772 2201 1854; baseline -0.004 -15"><span class='ocrx_word' id='word_1_117' title='bbox 605 1786 822 1847; x_wconf 85' lang='lat' dir='ltr'><strong>malum,</strong></span> <span class='ocrx_word' id='word_1_118' title='bbox 870 1772 1143 1853; x_wconf 83' lang='lat' dir='ltr'><strong>quomodo</strong></span> <span class='ocrx_word' id='word_1_119' title='bbox 1174 1784 1479 1839; x_wconf 88' lang='lat' dir='ltr'><strong>mandatum</strong></span> <span class='ocrx_word' id='word_1_120' title='bbox 1519 1783 1760 1854; x_wconf 85' lang='lat' dir='ltr'><strong>accepit?</strong></span> <span class='ocrx_word' id='word_1_121' title='bbox 1811 1783 1977 1838; x_wconf 87' lang='lat' dir='ltr'><strong>Nemo</strong></span> <span class='ocrx_word' id='word_1_122' title='bbox 2004 1784 2201 1853; x_wconf 82' lang='lat' dir='ltr'><strong>quippe</strong></span> 
     </span>
    </p>
   </div>
   <div class='ocr_carea' id='block_1_17' title="bbox 605 1874 2198 1945">
    <p class='ocr_par' dir='ltr' id='par_1_17' title="bbox 605 1874 2198 1945">
     <span class='ocr_line' id='line_1_17' title="bbox 605 1874 2198 1945; baseline 0 -17"><span class='ocrx_word' id='word_1_123' title='bbox 605 1876 773 1945; x_wconf 81' lang='lat' dir='ltr'><strong>legem</strong></span> <span class='ocrx_word' id='word_1_124' title='bbox 802 1875 906 1929; x_wconf 79' lang='lat' dir='ltr'><strong>fert</strong></span> <span class='ocrx_word' id='word_1_125' title='bbox 932 1877 1003 1941; x_wconf 90' lang='lat' dir='ltr'><strong>ei,</strong></span> <span class='ocrx_word' id='word_1_126' title='bbox 1033 1876 1120 1944; x_wconf 89' lang='lat' dir='ltr'><strong>qui</strong></span> <span class='ocrx_word' id='word_1_127' title='bbox 1150 1876 1352 1929; x_wconf 84' lang='lat' dir='ltr'><strong>nesciat</strong></span> <span class='ocrx_word' id='word_1_128' title='bbox 1376 1875 1571 1929; x_wconf 85' lang='lat' dir='ltr'><strong>malum</strong></span> <span class='ocrx_word' id='word_1_129' title='bbox 1598 1874 1724 1944; x_wconf 85' lang='lat' dir='ltr'><strong>quid</strong></span> <span class='ocrx_word' id='word_1_130' title='bbox 1752 1890 1871 1930; x_wconf 88' lang='lat' dir='ltr'><strong>esse</strong></span> <span class='ocrx_word' id='word_1_131' title='bbox 1898 1883 2198 1945; x_wconf 83' lang='lat' dir='ltr'><strong>transgres-</strong></span> 
     </span>
    </p>
   </div>
   <div class='ocr_carea' id='block_1_18' title="bbox 603 1965 2199 2035">
    <p class='ocr_par' dir='ltr' id='par_1_18' title="bbox 603 1965 2199 2035">
     <span class='ocr_line' id='line_1_18' title="bbox 603 1965 2199 2035; baseline 0 -18"><span class='ocrx_word' id='word_1_132' title='bbox 603 1966 808 2019; x_wconf 79' lang='lat' dir='ltr'><strong>siooem</strong></span> <span class='ocrx_word' id='word_1_133' title='bbox 840 1984 853 2017; x_wconf 91' lang='lat'><strong>:</strong></span> <span class='ocrx_word' id='word_1_134' title='bbox 886 1966 1031 2033; x_wconf 82' lang='lat' dir='ltr'><strong>atqui</strong></span> <span class='ocrx_word' id='word_1_135' title='bbox 1065 1965 1206 2019; x_wconf 86' lang='lat' dir='ltr'><strong>Deus</strong></span> <span class='ocrx_word' id='word_1_136' title='bbox 1230 1974 1285 2020; x_wconf 89' lang='lat' dir='ltr'><strong>et</strong></span> <span class='ocrx_word' id='word_1_137' title='bbox 1332 1966 1469 2025; x_wconf 89' lang='lat' dir='ltr'><strong>tulit,</strong></span> <span class='ocrx_word' id='word_1_138' title='bbox 1500 1974 1555 2019; x_wconf 92' lang='lat' dir='ltr'><strong>et</strong></span> <span class='ocrx_word' id='word_1_139' title='bbox 1603 1973 2050 2033; x_wconf 83' lang='lat' dir='ltr'><strong>transgressorem</strong></span> <span class='ocrx_word' id='word_1_140' title='bbox 2101 1980 2199 2035; x_wconf 57' lang='lat' dir='ltr'><strong>pu-</strong></span> 
     </span>
    </p>
   </div>
   <div class='ocr_carea' id='block_1_19' title="bbox 610 2054 2202 2126">
    <p class='ocr_par' dir='ltr' id='par_1_19' title="bbox 610 2054 2202 2126">
     <span class='ocr_line' id='line_1_19' title="bbox 610 2054 2202 2126; baseline 0.002 -19"><span class='ocrx_word' id='word_1_141' title='bbox 610 2055 760 2121; x_wconf 89' lang='lat' dir='ltr'><strong>nivit,</strong></span> <span class='ocrx_word' id='word_1_142' title='bbox 790 2055 877 2124; x_wconf 89' lang='lat' dir='ltr'><strong>qui</strong></span> <span class='ocrx_word' id='word_1_143' title='bbox 906 2056 1089 2125; x_wconf 85' lang='lat' dir='ltr'><strong>utique</strong></span> <span class='ocrx_word' id='word_1_144' title='bbox 1131 2067 1375 2111; x_wconf 90' lang='lat' dir='ltr'><strong>neutrum</strong></span> <span class='ocrx_word' id='word_1_145' title='bbox 1407 2057 1594 2109; x_wconf 90' lang='lat' dir='ltr'><strong>horum</strong></span> <span class='ocrx_word' id='word_1_146' title='bbox 1613 2054 1849 2117; x_wconf 85' lang='lat' dir='ltr'><strong>fecisset,</strong></span> <span class='ocrx_word' id='word_1_147' title='bbox 1879 2056 1977 2110; x_wconf 89' lang='lat' dir='ltr'><strong>nisi</strong></span> <span class='ocrx_word' id='word_1_148' title='bbox 2003 2072 2033 2110; x_wconf 93' lang='lat' dir='ltr'><strong>e</strong></span> <span class='ocrx_word' id='word_1_149' title='bbox 2057 2058 2202 2126; x_wconf 81' lang='lat' dir='ltr'><strong>prin—</strong></span> 
     </span>
    </p>
   </div>
   <div class='ocr_carea' id='block_1_20' title="bbox 608 2146 2198 2225">
    <p class='ocr_par' dir='ltr' id='par_1_20' title="bbox 608 2146 2198 2225">
     <span class='ocr_line' id='line_1_20' title="bbox 608 2146 2198 2225; baseline -0.001 -22"><span class='ocrx_word' id='word_1_150' title='bbox 608 2148 745 2225; x_wconf 79' lang='lat' dir='ltr'><strong>cipio</strong></span> <span class='ocrx_word' id='word_1_151' title='bbox 794 2148 1095 2202; x_wconf 75' lang='lat' dir='ltr'><strong>facultatem</strong></span> <span class='ocrx_word' id='word_1_152' title='bbox 1144 2146 1485 2218; x_wconf 88' lang='lat' dir='ltr'><strong>dignoscendi</strong></span> <span class='ocrx_word' id='word_1_153' title='bbox 1543 2149 1789 2200; x_wconf 83' lang='lat' dir='ltr'><strong>virtutem</strong></span> <span class='ocrx_word' id='word_1_154' title='bbox 1827 2161 1889 2201; x_wconf 87' lang='lat' dir='ltr'><strong>ac</strong></span> <span class='ocrx_word' id='word_1_155' title='bbox 1938 2148 2121 2201; x_wconf 88' lang='lat' dir='ltr'><strong>vitium</strong></span> <span class='ocrx_word' id='word_1_156' title='bbox 2150 2149 2198 2202; x_wconf 92' lang='lat' dir='ltr'><strong>ei</strong></span> 
     </span>
    </p>
   </div>
   <div class='ocr_carea' id='block_1_21' title="bbox 606 2238 2199 2307">
    <p class='ocr_par' dir='ltr' id='par_1_21' title="bbox 606 2238 2199 2307">
     <span class='ocr_line' id='line_1_21' title="bbox 606 2238 2199 2307; baseline 0.002 -16"><span class='ocrx_word' id='word_1_157' title='bbox 606 2239 897 2293; x_wconf 67' lang='lat' dir='ltr'><strong>tribuisset.</strong></span> <span class='ocrx_word' id='word_1_158' title='bbox 929 2238 1090 2293; x_wconf 80' lang='lat' dir='ltr'><strong>Vides</strong></span> <span class='ocrx_word' id='word_1_159' title='bbox 1117 2249 1169 2292; x_wconf 89' lang='lat' dir='ltr'><strong>ut</strong></span> <span class='ocrx_word' id='word_1_160' title='bbox 1195 2241 1346 2294; x_wconf 88' lang='lat' dir='ltr'><strong>nobis</strong></span> <span class='ocrx_word' id='word_1_161' title='bbox 1372 2238 1517 2293; x_wconf 92' lang='lat' dir='ltr'><strong>omni</strong></span> <span class='ocrx_word' id='word_1_162' title='bbox 1558 2256 1621 2293; x_wconf 84' lang='lat' dir='ltr'><strong>ex</strong></span> <span class='ocrx_word' id='word_1_163' title='bbox 1655 2250 1804 2307; x_wconf 88' lang='lat' dir='ltr'><strong>parte</strong></span> <span class='ocrx_word' id='word_1_164' title='bbox 1829 2239 2045 2307; x_wconf 76' lang='lat' dir='ltr'><strong>liqueat,</strong></span> <span class='ocrx_word' id='word_1_165' title='bbox 2075 2254 2199 2294; x_wconf 90' lang='lat' dir='ltr'><strong>eunt</strong></span> 
     </span>
    </p>
   </div>
   <div class='ocr_carea' id='block_1_22' title="bbox 608 2329 2199 2398">
    <p class='ocr_par' dir='ltr' id='par_1_22' title="bbox 608 2329 2199 2398">
     <span class='ocr_line' id='line_1_22' title="bbox 608 2329 2199 2398; baseline 0.001 -17"><span class='ocrx_word' id='word_1_166' title='bbox 608 2345 711 2383; x_wconf 92' lang='lat' dir='ltr'><strong>non</strong></span> <span class='ocrx_word' id='word_1_167' title='bbox 759 2331 930 2383; x_wconf 86' lang='lat' dir='ltr'><strong>solum</strong></span> <span class='ocrx_word' id='word_1_168' title='bbox 966 2338 1243 2398; x_wconf 79' lang='lat' dir='ltr'><strong>postquam</strong></span> <span class='ocrx_word' id='word_1_169' title='bbox 1274 2330 1525 2393; x_wconf 90' lang='lat' dir='ltr'><strong>comedit,</strong></span> <span class='ocrx_word' id='word_1_170' title='bbox 1574 2330 1786 2383; x_wconf 90' lang='lat' dir='ltr'><strong>novisse</strong></span> <span class='ocrx_word' id='word_1_171' title='bbox 1829 2329 1955 2398; x_wconf 90' lang='lat' dir='ltr'><strong>qttid</strong></span> <span class='ocrx_word' id='word_1_172' title='bbox 2000 2333 2199 2384; x_wconf 88' lang='lat' dir='ltr'><strong>bonum</strong></span> 
     </span>
    </p>
   </div>
   <div class='ocr_carea' id='block_1_23' title="bbox 602 2421 1983 2491">
    <p class='ocr_par' dir='ltr' id='par_1_23' title="bbox 602 2421 1983 2491">
     <span class='ocr_line' id='line_1_23' title="bbox 602 2421 1983 2491; baseline -0.001 -15"><span class='ocrx_word' id='word_1_173' title='bbox 602 2431 766 2486; x_wconf 87' lang='lat' dir='ltr'><strong>esset,</strong></span> <span class='ocrx_word' id='word_1_174' title='bbox 794 2423 920 2491; x_wconf 89' lang='lat' dir='ltr'><strong>quid</strong></span> <span class='ocrx_word' id='word_1_175' title='bbox 950 2422 1167 2483; x_wconf 86' lang='lat' dir='ltr'><strong>malum,</strong></span> <span class='ocrx_word' id='word_1_176' title='bbox 1199 2421 1291 2476; x_wconf 88' lang='lat' dir='ltr'><strong>sed</strong></span> <span class='ocrx_word' id='word_1_177' title='bbox 1319 2432 1373 2475; x_wconf 91' lang='lat' dir='ltr'><strong>et</strong></span> <span class='ocrx_word' id='word_1_178' title='bbox 1398 2433 1551 2475; x_wconf 87' lang='lat' dir='ltr'><strong>antea</strong></span> <span class='ocrx_word' id='word_1_179' title='bbox 1584 2422 1709 2474; x_wconf 92' lang='lat' dir='ltr'><strong>illud</strong></span> <span class='ocrx_word' id='word_1_180' title='bbox 1742 2421 1983 2475; x_wconf 79' lang='lat' dir='ltr'><strong>scivisse.</strong></span> 
     </span>
    </p>
   </div>
   <div class='ocr_carea' id='block_1_24' title="bbox 677 2511 2196 2584">
    <p class='ocr_par' dir='ltr' id='par_1_24' title="bbox 677 2511 2196 2584">
     <span class='ocr_line' id='line_1_24' title="bbox 677 2511 2196 2584; baseline 0 -19"><span class='ocrx_word' id='word_1_181' title='bbox 677 2511 925 2584; x_wconf 73' lang='lat' dir='ltr'><strong>Epilogus</strong></span> <span class='ocrx_word' id='word_1_182' title='bbox 947 2513 1209 2566; x_wconf 68' lang='lat' dir='ltr'><strong>sermonis.</strong></span> <span class='ocrx_word' id='word_1_183' title='bbox 1233 2542 1302 2551; x_wconf 84' lang='lat'><strong>-—-</strong></span> <span class='ocrx_word' id='word_1_184' title='bbox 1320 2511 1444 2567; x_wconf 72' lang='lat' dir='ltr'><strong>llaec</strong></span> <span class='ocrx_word' id='word_1_185' title='bbox 1472 2512 1630 2582; x_wconf 77' lang='lat' dir='ltr'><strong>igitur</strong></span> <span class='ocrx_word' id='word_1_186' title='bbox 1648 2511 1828 2567; x_wconf 85' lang='lat' dir='ltr'><strong>omnia</strong></span> <span class='ocrx_word' id='word_1_187' title='bbox 1851 2512 2196 2575; x_wconf 85' lang='lat' dir='ltr'><strong>retineamus,</strong></span> 
     </span>
    </p>
   </div>
   <div class='ocr_carea' id='block_1_25' title="bbox 603 2602 2199 2671">
    <p class='ocr_par' dir='ltr' id='par_1_25' title="bbox 603 2602 2199 2671">
     <span class='ocr_line' id='line_1_25' title="bbox 603 2602 2199 2671; baseline 0 -14"><span class='ocrx_word' id='word_1_188' title='bbox 603 2604 967 2667; x_wconf 80' lang='lat' dir='ltr'><strong>dilectissimi,</strong></span> <span class='ocrx_word' id='word_1_189' title='bbox 1014 2618 1077 2658; x_wconf 88' lang='lat' dir='ltr'><strong>ae</strong></span> <span class='ocrx_word' id='word_1_190' title='bbox 1125 2603 1339 2656; x_wconf 91' lang='lat' dir='ltr'><strong>domum</strong></span> <span class='ocrx_word' id='word_1_191' title='bbox 1385 2604 1583 2657; x_wconf 84' lang='lat' dir='ltr'><strong>reversi</strong></span> <span class='ocrx_word' id='word_1_192' title='bbox 1634 2602 1899 2671; x_wconf 82' lang='lat' dir='ltr'><strong>duplicem</strong></span> <span class='ocrx_word' id='word_1_193' title='bbox 1958 2616 2199 2657; x_wconf 87' lang='lat' dir='ltr'><strong>mensam</strong></span> 
     </span>
    </p>
   </div>
   <div class='ocr_carea' id='block_1_26' title="bbox 605 2693 2195 2763">
    <p class='ocr_par' dir='ltr' id='par_1_26' title="bbox 605 2693 2195 2763">
     <span class='ocr_line' id='line_1_26' title="bbox 605 2693 2195 2763; baseline -0.002 -15"><span class='ocrx_word' id='word_1_194' title='bbox 605 2708 955 2763; x_wconf 78' lang='lat' dir='ltr'><strong>appellamus,</strong></span> <span class='ocrx_word' id='word_1_195' title='bbox 985 2709 1146 2748; x_wconf 88' lang='lat' dir='ltr'><strong>unam</strong></span> <span class='ocrx_word' id='word_1_196' title='bbox 1176 2693 1442 2755; x_wconf 87' lang='lat' dir='ltr'><strong>ciborum,</strong></span> <span class='ocrx_word' id='word_1_197' title='bbox 1470 2694 1691 2746; x_wconf 80' lang='lat' dir='ltr'><strong>alteram</strong></span> <span class='ocrx_word' id='word_1_198' title='bbox 1721 2708 1887 2747; x_wconf 75' lang='lat' dir='ltr'><strong>sacra:</strong></span> <span class='ocrx_word' id='word_1_199' title='bbox 1910 2693 2153 2747; x_wconf 85' lang='lat' dir='ltr'><strong>lectionis</strong></span> <span class='ocrx_word' id='word_1_200' title='bbox 2183 2711 2195 2745; x_wconf 91' lang='lat'><strong>:</strong></span> 
     </span>
    </p>
   </div>
   <div class='ocr_carea' id='block_1_27' title="bbox 607 2782 2196 2869">
    <p class='ocr_par' dir='ltr' id='par_1_27' title="bbox 607 2782 2196 2869">
     <span class='ocr_line' id='line_1_27' title="bbox 607 2782 2196 2869; baseline -0.002 -31"><span class='ocrx_word' id='word_1_201' title='bbox 607 2794 663 2838; x_wconf 89' lang='lat' dir='ltr'><strong>et</strong></span> <span class='ocrx_word' id='word_1_202' title='bbox 688 2784 767 2837; x_wconf 77' lang='lat' dir='ltr'><strong>vir</strong></span> <span class='ocrx_word' id='word_1_203' title='bbox 791 2784 1001 2853; x_wconf 82' lang='lat' dir='ltr'><strong>quidem</strong></span> <span class='ocrx_word' id='word_1_204' title='bbox 1034 2798 1095 2836; x_wconf 88' lang='lat' dir='ltr'><strong>ea</strong></span> <span class='ocrx_word' id='word_1_205' title='bbox 1122 2798 1242 2855; x_wconf 66' lang='lat' dir='ltr'><strong>qua:</strong></span> <span class='ocrx_word' id='word_1_206' title='bbox 1268 2782 1404 2869; x_wconf 56' lang='lat' dir='ltr'><strong>dicta</strong></span> <span class='ocrx_word' id='word_1_207' title='bbox 1429 2792 1554 2837; x_wconf 90' lang='lat' dir='ltr'><strong>sunt</strong></span> <span class='ocrx_word' id='word_1_208' title='bbox 1583 2790 1807 2851; x_wconf 79' lang='lat' dir='ltr'><strong>repetat,</strong></span> <span class='ocrx_word' id='word_1_209' title='bbox 1854 2799 1991 2836; x_wconf 84' lang='lat' dir='ltr'><strong>uxor</strong></span> <span class='ocrx_word' id='word_1_210' title='bbox 2018 2793 2196 2836; x_wconf 88' lang='lat' dir='ltr'><strong>autem</strong></span> 
     </span>
    </p>
   </div>
   <div class='ocr_carea' id='block_1_28' title="bbox 606 2872 2197 2941">
    <p class='ocr_par' dir='ltr' id='par_1_28' title="bbox 606 2872 2197 2941">
     <span class='ocr_line' id='line_1_28' title="bbox 606 2872 2197 2941; baseline -0.001 -12"><span class='ocrx_word' id='word_1_211' title='bbox 606 2875 830 2938; x_wconf 77' lang='lat' dir='ltr'><strong>ediscat,</strong></span> <span class='ocrx_word' id='word_1_212' title='bbox 884 2874 1103 2928; x_wconf 88' lang='lat' dir='ltr'><strong>audiant</strong></span> <span class='ocrx_word' id='word_1_213' title='bbox 1145 2872 1329 2939; x_wconf 83' lang='lat' dir='ltr'><strong>liberi,</strong></span> <span class='ocrx_word' id='word_1_214' title='bbox 1389 2888 1560 2941; x_wconf 89' lang='lat' dir='ltr'><strong>neque</strong></span> <span class='ocrx_word' id='word_1_215' title='bbox 1620 2872 1801 2927; x_wconf 82' lang='lat' dir='ltr'><strong>famuli</strong></span> <span class='ocrx_word' id='word_1_216' title='bbox 1852 2888 1911 2925; x_wconf 89' lang='lat' dir='ltr'><strong>ea</strong></span> <span class='ocrx_word' id='word_1_217' title='bbox 1970 2874 2197 2927; x_wconf 86' lang='lat' dir='ltr'><strong>lectione</strong></span> 
     </span>
    </p>
   </div>
   <div class='ocr_carea' id='block_1_29' title="bbox 604 2966 2194 3035">
    <p class='ocr_par' dir='ltr' id='par_1_29' title="bbox 604 2966 2194 3035">
     <span class='ocr_line' id='line_1_29' title="bbox 604 2966 2194 3035; baseline -0.002 -14"><span class='ocrx_word' id='word_1_218' title='bbox 604 2969 935 3023; x_wconf 77' lang='lat' dir='ltr'><strong>fraudentur.</strong></span> <span class='ocrx_word' id='word_1_219' title='bbox 978 2969 1201 3023; x_wconf 90' lang='lat' dir='ltr'><strong>Domum</strong></span> <span class='ocrx_word' id='word_1_220' title='bbox 1233 2978 1372 3021; x_wconf 91' lang='lat' dir='ltr'><strong>tuam</strong></span> <span class='ocrx_word' id='word_1_221' title='bbox 1400 2967 1552 3022; x_wconf 89' lang='lat' dir='ltr'><strong>eflicc</strong></span> <span class='ocrx_word' id='word_1_222' title='bbox 1578 2966 1856 3021; x_wconf 74' lang='lat' dir='ltr'><strong>ecclesiam</strong></span> <span class='ocrx_word' id='word_1_223' title='bbox 1892 2984 1903 3017; x_wconf 88' lang='lat'>:</span> <span class='ocrx_word' id='word_1_224' title='bbox 1933 2966 2194 3035; x_wconf 69' lang='lat' dir='ltr'><strong>s‘quidem</strong></span> 
     </span>
    </p>
   </div>
   <div class='ocr_carea' id='block_1_30' title="bbox 603 3056 2193 3115">
    <p class='ocr_par' dir='ltr' id='par_1_30' title="bbox 603 3056 2193 3115">
     <span class='ocr_line' id='line_1_30' title="bbox 603 3056 2193 3115; baseline -0.001 -3"><span class='ocrx_word' id='word_1_225' title='bbox 603 3071 657 3113; x_wconf 89' lang='lat' dir='ltr'><strong>et</strong></span> <span class='ocrx_word' id='word_1_226' title='bbox 689 3059 974 3114; x_wconf 72' lang='lat' dir='ltr'><strong>liberorum</strong></span> <span class='ocrx_word' id='word_1_227' title='bbox 1003 3070 1057 3115; x_wconf 92' lang='lat' dir='ltr'><strong>et</strong></span> <span class='ocrx_word' id='word_1_228' title='bbox 1084 3059 1401 3115; x_wconf 86' lang='lat' dir='ltr'><strong>famulorum</strong></span> <span class='ocrx_word' id='word_1_229' title='bbox 1446 3059 1628 3113; x_wconf 87' lang='lat' dir='ltr'><strong>salutis</strong></span> <span class='ocrx_word' id='word_1_230' title='bbox 1649 3066 1733 3111; x_wconf 87' lang='lat' dir='ltr'><strong>est</strong></span> <span class='ocrx_word' id='word_1_231' title='bbox 1770 3056 1861 3111; x_wconf 91' lang='lat' dir='ltr'><strong>tibi</strong></span> <span class='ocrx_word' id='word_1_232' title='bbox 1894 3060 2027 3111; x_wconf 81' lang='lat' dir='ltr'><strong>ratio</strong></span> <span class='ocrx_word' id='word_1_233' title='bbox 2070 3057 2193 3110; x_wconf 84' lang='lat' dir='ltr'><strong>red-</strong></span> 
     </span>
    </p>
   </div>
   <div class='ocr_carea' id='block_1_31' title="bbox 606 3148 2193 3217">
    <p class='ocr_par' dir='ltr' id='par_1_31' title="bbox 606 3148 2193 3217">
     <span class='ocr_line' id='line_1_31' title="bbox 606 3148 2193 3217; baseline -0.002 -16"><span class='ocrx_word' id='word_1_234' title='bbox 606 3150 780 3203; x_wconf 88' lang='lat' dir='ltr'><strong>demla</strong></span> <span class='ocrx_word' id='word_1_235' title='bbox 808 3167 819 3201; x_wconf 93' lang='lat'>:</span> <span class='ocrx_word' id='word_1_236' title='bbox 850 3159 904 3203; x_wconf 81' lang='lat' dir='ltr'><strong>et</strong></span> <span class='ocrx_word' id='word_1_237' title='bbox 944 3152 1080 3203; x_wconf 89' lang='lat' dir='ltr'><strong>sicut</strong></span> <span class='ocrx_word' id='word_1_238' title='bbox 1099 3165 1129 3203; x_wconf 89' lang='lat' dir='ltr'><strong>a</strong></span> <span class='ocrx_word' id='word_1_239' title='bbox 1158 3150 1312 3203; x_wconf 89' lang='lat' dir='ltr'><strong>nobis</strong></span> <span class='ocrx_word' id='word_1_240' title='bbox 1336 3150 1613 3217; x_wconf 82' lang='lat' dir='ltr'><strong>exigentur</strong></span> <span class='ocrx_word' id='word_1_241' title='bbox 1638 3149 1871 3201; x_wconf 88' lang='lat' dir='ltr'><strong>rationes</strong></span> <span class='ocrx_word' id='word_1_242' title='bbox 1898 3163 1993 3216; x_wconf 86' lang='lat' dir='ltr'><strong>pro</strong></span> <span class='ocrx_word' id='word_1_243' title='bbox 2022 3148 2193 3213; x_wconf 80' lang='lat' dir='ltr'><strong>vobis,</strong></span> 
     </span>
    </p>
   </div>
   <div class='ocr_carea' id='block_1_32' title="bbox 606 3239 2198 3311">
    <p class='ocr_par' dir='ltr' id='par_1_32' title="bbox 606 3239 2198 3311">
     <span class='ocr_line' id='line_1_32' title="bbox 606 3239 2198 3311; baseline -0.001 -17"><span class='ocrx_word' id='word_1_244' title='bbox 606 3241 685 3294; x_wconf 86' lang='lat' dir='ltr'><strong>sic</strong></span> <span class='ocrx_word' id='word_1_245' title='bbox 711 3241 779 3293; x_wconf 91' lang='lat' dir='ltr'><strong>ab</strong></span> <span class='ocrx_word' id='word_1_246' title='bbox 804 3255 1120 3311; x_wconf 86' lang='lat' dir='ltr'><strong>unoquoque</strong></span> <span class='ocrx_word' id='word_1_247' title='bbox 1161 3249 1394 3295; x_wconf 86' lang='lat' dir='ltr'><strong>vestrum</strong></span> <span class='ocrx_word' id='word_1_248' title='bbox 1424 3256 1520 3309; x_wconf 87' lang='lat' dir='ltr'><strong>pro</strong></span> <span class='ocrx_word' id='word_1_249' title='bbox 1553 3239 1770 3303; x_wconf 89' lang='lat' dir='ltr'><strong>famulo,</strong></span> <span class='ocrx_word' id='word_1_250' title='bbox 1801 3254 1896 3307; x_wconf 91' lang='lat' dir='ltr'><strong>pro</strong></span> <span class='ocrx_word' id='word_1_251' title='bbox 1918 3254 2103 3303; x_wconf 80' lang='lat' dir='ltr'><strong>uxore,</strong></span> <span class='ocrx_word' id='word_1_252' title='bbox 2136 3254 2198 3292; x_wconf 89' lang='lat' dir='ltr'><strong>ac</strong></span> 
     </span>
    </p>
   </div>
   <div class='ocr_carea' id='block_1_33' title="bbox 604 3330 2199 3401">
    <p class='ocr_par' dir='ltr' id='par_1_33' title="bbox 604 3330 2199 3401">
     <span class='ocr_line' id='line_1_33' title="bbox 604 3330 2199 3401; baseline -0.003 -15"><span class='ocrx_word' id='word_1_253' title='bbox 604 3347 701 3401; x_wconf 91' lang='lat' dir='ltr'><strong>pro</strong></span> <span class='ocrx_word' id='word_1_254' title='bbox 724 3332 827 3385; x_wconf 89' lang='lat' dir='ltr'><strong>filio</strong></span> <span class='ocrx_word' id='word_1_255' title='bbox 850 3333 983 3385; x_wconf 87' lang='lat' dir='ltr'><strong>ratio</strong></span> <span class='ocrx_word' id='word_1_256' title='bbox 1011 3342 1344 3401; x_wconf 90' lang='lat' dir='ltr'><strong>rcposcetur.</strong></span> <span class='ocrx_word' id='word_1_257' title='bbox 1384 3331 1563 3399; x_wconf 83' lang='lat' dir='ltr'><strong>Itaque</strong></span> <span class='ocrx_word' id='word_1_258' title='bbox 1594 3338 1713 3399; x_wconf 79' lang='lat' dir='ltr'><strong>post</strong></span> <span class='ocrx_word' id='word_1_259' title='bbox 1740 3330 2039 3396; x_wconf 85' lang='lat' dir='ltr'><strong>hujusmodi</strong></span> <span class='ocrx_word' id='word_1_260' title='bbox 2072 3345 2199 3383; x_wconf 81' lang='lat' dir='ltr'><strong>nar-</strong></span> 
     </span>
    </p>
   </div>
   <div class='ocr_carea' id='block_1_34' title="bbox 603 3421 2190 3490">
    <p class='ocr_par' dir='ltr' id='par_1_34' title="bbox 603 3421 2190 3490">
     <span class='ocr_line' id='line_1_34' title="bbox 603 3421 2190 3490; baseline -0.002 -13"><span class='ocrx_word' id='word_1_261' title='bbox 603 3424 835 3477; x_wconf 86' lang='lat' dir='ltr'><strong>rationes</strong></span> <span class='ocrx_word' id='word_1_262' title='bbox 882 3422 1193 3476; x_wconf 84' lang='lat' dir='ltr'><strong>suavissima</strong></span> <span class='ocrx_word' id='word_1_263' title='bbox 1234 3436 1331 3475; x_wconf 92' lang='lat' dir='ltr'><strong>nos</strong></span> <span class='ocrx_word' id='word_1_264' title='bbox 1357 3421 1622 3490; x_wconf 77' lang='lat' dir='ltr'><strong>excipient</strong></span> <span class='ocrx_word' id='word_1_265' title='bbox 1652 3421 1934 3483; x_wconf 80' lang='lat' dir='ltr'><strong>insomnia,</strong></span> <span class='ocrx_word' id='word_1_266' title='bbox 1980 3422 2190 3474; x_wconf 87' lang='lat' dir='ltr'><strong>omnis-</strong></span> 
     </span>
    </p>
   </div>
   <div class='ocr_carea' id='block_1_35' title="bbox 600 3510 2192 3583">
    <p class='ocr_par' dir='ltr' id='par_1_35' title="bbox 600 3510 2192 3583">
     <span class='ocr_line' id='line_1_35' title="bbox 600 3510 2192 3583; baseline -0.001 -16"><span class='ocrx_word' id='word_1_267' title='bbox 600 3530 703 3583; x_wconf 91' lang='lat' dir='ltr'><strong>que</strong></span> <span class='ocrx_word' id='word_1_268' title='bbox 738 3513 958 3567; x_wconf 85' lang='lat' dir='ltr'><strong>visionis</strong></span> <span class='ocrx_word' id='word_1_269' title='bbox 1006 3514 1244 3583; x_wconf 72' lang='lat' dir='ltr'><strong>expertia</strong></span> <span class='ocrx_word' id='word_1_270' title='bbox 1279 3530 1293 3567; x_wconf 87' lang='lat'><strong>:</strong></span> <span class='ocrx_word' id='word_1_271' title='bbox 1323 3512 1497 3582; x_wconf 86' lang='lat' dir='ltr'><strong>qualia</strong></span> <span class='ocrx_word' id='word_1_272' title='bbox 1554 3526 1780 3579; x_wconf 89' lang='lat' dir='ltr'><strong>namque</strong></span> <span class='ocrx_word' id='word_1_273' title='bbox 1828 3512 1965 3565; x_wconf 87' lang='lat' dir='ltr'><strong>solet</strong></span> <span class='ocrx_word' id='word_1_274' title='bbox 2016 3510 2192 3565; x_wconf 90' lang='lat' dir='ltr'><strong>anima</strong></span> 
     </span>
    </p>
   </div>
   <div class='ocr_carea' id='block_1_36' title="bbox 602 3600 2195 3671">
    <p class='ocr_par' dir='ltr' id='par_1_36' title="bbox 602 3600 2195 3671">
     <span class='ocr_line' id='line_1_36' title="bbox 602 3600 2195 3671; baseline -0.003 -11"><span class='ocrx_word' id='word_1_275' title='bbox 602 3605 832 3660; x_wconf 88' lang='lat' dir='ltr'><strong>interdiu</strong></span> <span class='ocrx_word' id='word_1_276' title='bbox 861 3604 1130 3669; x_wconf 88' lang='lat' dir='ltr'><strong>meditari,</strong></span> <span class='ocrx_word' id='word_1_277' title='bbox 1178 3604 1301 3656; x_wconf 90' lang='lat' dir='ltr'><strong>talia</strong></span> <span class='ocrx_word' id='word_1_278' title='bbox 1350 3612 1404 3656; x_wconf 92' lang='lat' dir='ltr'><strong>et</strong></span> <span class='ocrx_word' id='word_1_279' title='bbox 1437 3602 1489 3653; x_wconf 90' lang='lat' dir='ltr'><strong>in</strong></span> <span class='ocrx_word' id='word_1_280' title='bbox 1534 3601 1737 3654; x_wconf 88' lang='lat' dir='ltr'><strong>somnis</strong></span> <span class='ocrx_word' id='word_1_281' title='bbox 1778 3600 2096 3671; x_wconf 84' lang='lat' dir='ltr'><strong>imaginatur</strong></span> <span class='ocrx_word' id='word_1_282' title='bbox 2142 3611 2195 3655; x_wconf 90' lang='lat' dir='ltr'><strong>et</strong></span> 
     </span>
    </p>
   </div>
   <div class='ocr_carea' id='block_1_37' title="bbox 600 3694 2189 3767">
    <p class='ocr_par' dir='ltr' id='par_1_37' title="bbox 600 3694 2189 3767">
     <span class='ocr_line' id='line_1_37' title="bbox 600 3694 2189 3767; baseline -0.003 -16"><span class='ocrx_word' id='word_1_283' title='bbox 600 3699 819 3767; x_wconf 80' lang='lat' dir='ltr'><strong>effingit.</strong></span> <span class='ocrx_word' id='word_1_284' title='bbox 866 3698 1019 3764; x_wconf 84' lang='lat' dir='ltr'><strong>Quod</strong></span> <span class='ocrx_word' id='word_1_285' title='bbox 1048 3697 1092 3751; x_wconf 92' lang='lat' dir='ltr'><strong>si</strong></span> <span class='ocrx_word' id='word_1_286' title='bbox 1132 3712 1249 3765; x_wconf 67' lang='lat' dir='ltr'><strong>qua:</strong></span> <span class='ocrx_word' id='word_1_287' title='bbox 1294 3696 1513 3763; x_wconf 88' lang='lat' dir='ltr'><strong>singulis</strong></span> <span class='ocrx_word' id='word_1_288' title='bbox 1538 3694 1726 3748; x_wconf 91' lang='lat' dir='ltr'><strong>diebus</strong></span> <span class='ocrx_word' id='word_1_289' title='bbox 1772 3695 2038 3758; x_wconf 89' lang='lat' dir='ltr'><strong>dicuntur,</strong></span> <span class='ocrx_word' id='word_1_290' title='bbox 2074 3712 2189 3747; x_wconf 84' lang='lat' dir='ltr'><strong>tne-</strong></span> 
     </span>
    </p>
   </div>
   <div class='ocr_carea' id='block_1_38' title="bbox 600 3788 2190 3857">
    <p class='ocr_par' dir='ltr' id='par_1_38' title="bbox 600 3788 2190 3857">
     <span class='ocr_line' id='line_1_38' title="bbox 600 3788 2190 3857; baseline -0.002 -13"><span class='ocrx_word' id='word_1_291' title='bbox 600 3792 735 3846; x_wconf 86' lang='lat' dir='ltr'><strong>mori</strong></span> <span class='ocrx_word' id='word_1_292' title='bbox 764 3800 939 3845; x_wconf 91' lang='lat' dir='ltr'><strong>mente</strong></span> <span class='ocrx_word' id='word_1_293' title='bbox 964 3803 1259 3854; x_wconf 76' lang='lat' dir='ltr'><strong>servemus,</strong></span> <span class='ocrx_word' id='word_1_294' title='bbox 1288 3804 1480 3857; x_wconf 89' lang='lat' dir='ltr'><strong>magno</strong></span> <span class='ocrx_word' id='word_1_295' title='bbox 1504 3788 1683 3841; x_wconf 85' lang='lat' dir='ltr'><strong>labore</strong></span> <span class='ocrx_word' id='word_1_296' title='bbox 1712 3802 1849 3854; x_wconf 79' lang='lat' dir='ltr'><strong>Opus</strong></span> <span class='ocrx_word' id='word_1_297' title='bbox 1886 3802 1989 3840; x_wconf 91' lang='lat' dir='ltr'><strong>non</strong></span> <span class='ocrx_word' id='word_1_298' title='bbox 2040 3788 2141 3841; x_wconf 83' lang='lat' dir='ltr'><strong>crit</strong></span> <span class='ocrx_word' id='word_1_299' title='bbox 2178 3806 2190 3841; x_wconf 93' lang='lat'>:</span> 
     </span>
    </p>
   </div>
   <div class='ocr_carea' id='block_1_39' title="bbox 600 3860 2196 3953">
    <p class='ocr_par' dir='ltr' id='par_1_39' title="bbox 600 3860 2196 3953">
     <span class='ocr_line' id='line_1_39' title="bbox 600 3860 2196 3953; baseline -0.001 -16"><span class='ocrx_word' id='word_1_300' title='bbox 600 3898 938 3952; x_wconf 86' lang='lat' dir='ltr'><strong>consequens</strong></span> <span class='ocrx_word' id='word_1_301' title='bbox 993 3860 1192 3953; x_wconf 66' lang='lat' dir='ltr'><strong>qtiippe</strong></span> <span class='ocrx_word' id='word_1_302' title='bbox 1240 3896 1419 3934; x_wconf 88' lang='lat' dir='ltr'><strong>sermo</strong></span> <span class='ocrx_word' id='word_1_303' title='bbox 1471 3880 1753 3933; x_wconf 90' lang='lat' dir='ltr'><strong>dilucidior</strong></span> <span class='ocrx_word' id='word_1_304' title='bbox 1806 3881 1956 3934; x_wconf 84' lang='lat' dir='ltr'><strong>vobis</strong></span> <span class='ocrx_word' id='word_1_305' title='bbox 1991 3881 2113 3945; x_wconf 89' lang='lat' dir='ltr'><strong>erit,</strong></span> <span class='ocrx_word' id='word_1_306' title='bbox 2142 3890 2196 3935; x_wconf 91' lang='lat' dir='ltr'><strong>et</strong></span> 
     </span>
    </p>
   </div>
   <div class='ocr_carea' id='block_1_40' title="bbox 599 3971 2191 4042">
    <p class='ocr_par' dir='ltr' id='par_1_40' title="bbox 599 3971 2191 4042">
     <span class='ocr_line' id='line_1_40' title="bbox 599 3971 2191 4042; baseline -0.001 -15"><span class='ocrx_word' id='word_1_307' title='bbox 599 3976 802 4028; x_wconf 78' lang='lat' dir='ltr'><strong>facilior</strong></span> <span class='ocrx_word' id='word_1_308' title='bbox 831 3976 917 4027; x_wconf 89' lang='lat' dir='ltr'><strong>liet</strong></span> <span class='ocrx_word' id='word_1_309' title='bbox 944 3982 998 4030; x_wconf 90' lang='lat' dir='ltr'><strong>et</strong></span> <span class='ocrx_word' id='word_1_310' title='bbox 1020 3973 1305 4042; x_wconf 91' lang='lat' dir='ltr'><strong>proclivior</strong></span> <span class='ocrx_word' id='word_1_311' title='bbox 1332 3981 1512 4034; x_wconf 74' lang='lat' dir='ltr'><strong>uoster</strong></span> <span class='ocrx_word' id='word_1_312' title='bbox 1538 3971 1603 4025; x_wconf 88' lang='lat' dir='ltr'><strong>ad</strong></span> <span class='ocrx_word' id='word_1_313' title='bbox 1630 3972 1926 4025; x_wconf 89' lang='lat' dir='ltr'><strong>docendum</strong></span> <span class='ocrx_word' id='word_1_314' title='bbox 1950 3983 2191 4027; x_wconf 79' lang='lat' dir='ltr'><strong>conatus.</strong></span> 
     </span>
    </p>
   </div>
   <div class='ocr_carea' id='block_1_41' title="bbox 604 4062 2191 4134">
    <p class='ocr_par' dir='ltr' id='par_1_41' title="bbox 604 4062 2191 4134">
     <span class='ocr_line' id='line_1_41' title="bbox 604 4062 2191 4134; baseline -0.002 -14"><span class='ocrx_word' id='word_1_315' title='bbox 604 4066 669 4120; x_wconf 85' lang='lat' dir='ltr'><strong>Ut</strong></span> <span class='ocrx_word' id='word_1_316' title='bbox 698 4066 852 4134; x_wconf 76' lang='lat' dir='ltr'><strong>igitur</strong></span> <span class='ocrx_word' id='word_1_317' title='bbox 871 4065 1043 4133; x_wconf 87' lang='lat' dir='ltr'><strong>aliqua</strong></span> <span class='ocrx_word' id='word_1_318' title='bbox 1064 4062 1186 4117; x_wconf 83' lang='lat' dir='ltr'><strong>inde</strong></span> <span class='ocrx_word' id='word_1_319' title='bbox 1208 4062 1406 4117; x_wconf 87' lang='lat' dir='ltr'><strong>utilitas</strong></span> <span class='ocrx_word' id='word_1_320' title='bbox 1432 4072 1485 4117; x_wconf 88' lang='lat' dir='ltr'><strong>et</strong></span> <span class='ocrx_word' id='word_1_321' title='bbox 1512 4069 1577 4116; x_wconf 90' lang='lat' dir='ltr'><strong>ad</strong></span> <span class='ocrx_word' id='word_1_322' title='bbox 1610 4077 1706 4116; x_wconf 89' lang='lat' dir='ltr'><strong>nos</strong></span> <span class='ocrx_word' id='word_1_323' title='bbox 1727 4072 1782 4117; x_wconf 92' lang='lat' dir='ltr'><strong>et</strong></span> <span class='ocrx_word' id='word_1_324' title='bbox 1806 4063 1871 4116; x_wconf 90' lang='lat' dir='ltr'><strong>ad</strong></span> <span class='ocrx_word' id='word_1_325' title='bbox 1904 4078 2000 4117; x_wconf 91' lang='lat' dir='ltr'><strong>vos</strong></span> <span class='ocrx_word' id='word_1_326' title='bbox 2020 4064 2191 4117; x_wconf 89' lang='lat' dir='ltr'><strong>dima-</strong></span> 
     </span>
    </p>
   </div>
   <div class='ocr_carea' id='block_1_42' title="bbox 598 4154 2195 4224">
    <p class='ocr_par' dir='ltr' id='par_1_42' title="bbox 598 4154 2195 4224">
     <span class='ocr_line' id='line_1_42' title="bbox 598 4154 2195 4224; baseline -0.001 -14"><span class='ocrx_word' id='word_1_327' title='bbox 598 4166 690 4210; x_wconf 88' lang='lat' dir='ltr'><strong>net</strong></span> <span class='ocrx_word' id='word_1_328' title='bbox 721 4156 823 4210; x_wconf 85' lang='lat' dir='ltr'><strong>:ad</strong></span> <span class='ocrx_word' id='word_1_329' title='bbox 857 4170 952 4209; x_wconf 90' lang='lat' dir='ltr'><strong>nos</strong></span> <span class='ocrx_word' id='word_1_330' title='bbox 997 4154 1233 4223; x_wconf 88' lang='lat' dir='ltr'><strong>quidem,</strong></span> <span class='ocrx_word' id='word_1_331' title='bbox 1260 4170 1327 4210; x_wconf 90' lang='lat' dir='ltr'><strong>eo</strong></span> <span class='ocrx_word' id='word_1_332' title='bbox 1351 4155 1492 4224; x_wconf 90' lang='lat' dir='ltr'><strong>quod</strong></span> <span class='ocrx_word' id='word_1_333' title='bbox 1517 4154 1823 4223; x_wconf 81' lang='lat' dir='ltr'><strong>doceamus,</strong></span> <span class='ocrx_word' id='word_1_334' title='bbox 1853 4156 1918 4210; x_wconf 91' lang='lat' dir='ltr'><strong>ad</strong></span> <span class='ocrx_word' id='word_1_335' title='bbox 1963 4172 2057 4210; x_wconf 91' lang='lat' dir='ltr'><strong>vos</strong></span> <span class='ocrx_word' id='word_1_336' title='bbox 2102 4172 2195 4208; x_wconf 88' lang='lat' dir='ltr'><strong>att-</strong></span> 
     </span>
    </p>
   </div>
   <div class='ocr_carea' id='block_1_43' title="bbox 599 4246 2194 4316">
    <p class='ocr_par' dir='ltr' id='par_1_43' title="bbox 599 4246 2194 4316">
     <span class='ocr_line' id='line_1_43' title="bbox 599 4246 2194 4316; baseline -0.001 -15"><span class='ocrx_word' id='word_1_337' title='bbox 599 4258 729 4309; x_wconf 91' lang='lat' dir='ltr'><strong>tem,</strong></span> <span class='ocrx_word' id='word_1_338' title='bbox 762 4246 901 4315; x_wconf 88' lang='lat' dir='ltr'><strong>quod</strong></span> <span class='ocrx_word' id='word_1_339' title='bbox 932 4247 1157 4299; x_wconf 73' lang='lat' dir='ltr'><strong>audiatis</strong></span> <span class='ocrx_word' id='word_1_340' title='bbox 1188 4264 1201 4298; x_wconf 91' lang='lat'><strong>:</strong></span> <span class='ocrx_word' id='word_1_341' title='bbox 1234 4256 1354 4313; x_wconf 91' lang='lat' dir='ltr'><strong>post</strong></span> <span class='ocrx_word' id='word_1_342' title='bbox 1397 4260 1633 4299; x_wconf 87' lang='lat' dir='ltr'><strong>mensam</strong></span> <span class='ocrx_word' id='word_1_343' title='bbox 1662 4248 1993 4315; x_wconf 90' lang='lat' dir='ltr'><strong>corporalem</strong></span> <span class='ocrx_word' id='word_1_344' title='bbox 2034 4248 2194 4316; x_wconf 85' lang='lat' dir='ltr'><strong>spiri-</strong></span> 
     </span>
    </p>
   </div>
   <div class='ocr_carea' id='block_1_44' title="bbox 601 4335 2192 4391">
    <p class='ocr_par' dir='ltr' id='par_1_44' title="bbox 601 4335 2192 4391">
     <span class='ocr_line' id='line_1_44' title="bbox 601 4335 2192 4391; baseline 0.001 -1"><span class='ocrx_word' id='word_1_345' title='bbox 601 4336 756 4390; x_wconf 87' lang='lat' dir='ltr'><strong>tualis</strong></span> <span class='ocrx_word' id='word_1_346' title='bbox 798 4338 958 4389; x_wconf 89' lang='lat' dir='ltr'><strong>etiam</strong></span> <span class='ocrx_word' id='word_1_347' title='bbox 1003 4349 1185 4391; x_wconf 88' lang='lat' dir='ltr'><strong>mensa</strong></span> <span class='ocrx_word' id='word_1_348' title='bbox 1218 4335 1369 4389; x_wconf 82' lang='lat' dir='ltr'><strong>vobis</strong></span> <span class='ocrx_word' id='word_1_349' title='bbox 1397 4336 1704 4389; x_wconf 86' lang='lat' dir='ltr'><strong>instruatur.</strong></span> <span class='ocrx_word' id='word_1_350' title='bbox 1748 4336 1837 4389; x_wconf 89' lang='lat' dir='ltr'><strong>llla</strong></span> <span class='ocrx_word' id='word_1_351' title='bbox 1870 4337 2012 4391; x_wconf 90' lang='lat' dir='ltr'><strong>enim</strong></span> <span class='ocrx_word' id='word_1_352' title='bbox 2041 4339 2192 4391; x_wconf 85' lang='lat' dir='ltr'><strong>vobis</strong></span> 
     </span>
    </p>
   </div>
   <div class='ocr_carea' id='block_1_45' title="bbox 595 4427 2193 4497">
    <p class='ocr_par' dir='ltr' id='par_1_45' title="bbox 595 4427 2193 4497">
     <span class='ocr_line' id='line_1_45' title="bbox 595 4427 2193 4497; baseline 0.001 -15"><span class='ocrx_word' id='word_1_353' title='bbox 595 4439 649 4483; x_wconf 89' lang='lat' dir='ltr'><strong>et</strong></span> <span class='ocrx_word' id='word_1_354' title='bbox 677 4427 744 4482; x_wconf 84' lang='lat' dir='ltr'><strong>ad</strong></span> <span class='ocrx_word' id='word_1_355' title='bbox 774 4430 1112 4482; x_wconf 83' lang='lat' dir='ltr'><strong>secoritatem</strong></span> <span class='ocrx_word' id='word_1_356' title='bbox 1130 4436 1183 4482; x_wconf 83' lang='lat' dir='ltr'><strong>et</strong></span> <span class='ocrx_word' id='word_1_357' title='bbox 1199 4427 1265 4481; x_wconf 89' lang='lat' dir='ltr'><strong>ad</strong></span> <span class='ocrx_word' id='word_1_358' title='bbox 1286 4435 1532 4481; x_wconf 89' lang='lat' dir='ltr'><strong>ornatum</strong></span> <span class='ocrx_word' id='word_1_359' title='bbox 1554 4429 1668 4481; x_wconf 88' lang='lat' dir='ltr'><strong>usui</strong></span> <span class='ocrx_word' id='word_1_360' title='bbox 1692 4439 1865 4494; x_wconf 91' lang='lat' dir='ltr'><strong>erunt,</strong></span> <span class='ocrx_word' id='word_1_361' title='bbox 1891 4439 1944 4483; x_wconf 89' lang='lat' dir='ltr'><strong>et</strong></span> <span class='ocrx_word' id='word_1_362' title='bbox 1973 4429 2193 4497; x_wconf 74' lang='lat' dir='ltr'><strong>hujusi-e</strong></span> 
     </span>
    </p>
   </div>
   <div class='ocr_carea' id='block_1_46' title="bbox 596 4518 2189 4589">
    <p class='ocr_par' dir='ltr' id='par_1_46' title="bbox 596 4518 2189 4589">
     <span class='ocr_line' id='line_1_46' title="bbox 596 4518 2189 4589; baseline 0.001 -19"><span class='ocrx_word' id='word_1_363' title='bbox 596 4521 718 4573; x_wconf 58' lang='lat' dir='ltr'><strong>vitie</strong></span> <span class='ocrx_word' id='word_1_364' title='bbox 780 4519 988 4588; x_wconf 83' lang='lat' dir='ltr'><strong>negotia</strong></span> <span class='ocrx_word' id='word_1_365' title='bbox 1049 4518 1116 4572; x_wconf 89' lang='lat' dir='ltr'><strong>ad</strong></span> <span class='ocrx_word' id='word_1_366' title='bbox 1170 4527 1402 4572; x_wconf 90' lang='lat' dir='ltr'><strong>vestram</strong></span> <span class='ocrx_word' id='word_1_367' title='bbox 1462 4518 1739 4572; x_wconf 88' lang='lat' dir='ltr'><strong>utilitatem</strong></span> <span class='ocrx_word' id='word_1_368' title='bbox 1780 4520 1971 4589; x_wconf 79' lang='lat' dir='ltr'><strong>diriget</strong></span> <span class='ocrx_word' id='word_1_369' title='bbox 2014 4520 2189 4587; x_wconf 86' lang='lat' dir='ltr'><strong>Deus,</strong></span> 
     </span>
    </p>
   </div>
   <div class='ocr_carea' id='block_1_47' title="bbox 593 4610 2190 4680">
    <p class='ocr_par' dir='ltr' id='par_1_47' title="bbox 593 4610 2190 4680">
     <span class='ocr_line' id='line_1_47' title="bbox 593 4610 2190 4680; baseline -0.001 -13"><span class='ocrx_word' id='word_1_370' title='bbox 593 4611 878 4679; x_wconf 89' lang='lat' dir='ltr'><strong>omniaque</strong></span> <span class='ocrx_word' id='word_1_371' title='bbox 928 4610 1080 4664; x_wconf 89' lang='lat' dir='ltr'><strong>vobis</strong></span> <span class='ocrx_word' id='word_1_372' title='bbox 1113 4625 1277 4680; x_wconf 87' lang='lat' dir='ltr'><strong>prona</strong></span> <span class='ocrx_word' id='word_1_373' title='bbox 1309 4618 1366 4665; x_wconf 90' lang='lat' dir='ltr'><strong>et</strong></span> <span class='ocrx_word' id='word_1_374' title='bbox 1409 4612 1661 4679; x_wconf 89' lang='lat' dir='ltr'><strong>proclivia</strong></span> <span class='ocrx_word' id='word_1_375' title='bbox 1695 4611 2004 4665; x_wconf 86' lang='lat' dir='ltr'><strong>reddentur.</strong></span> <span class='ocrx_word' id='word_1_376' title='bbox 2038 4613 2190 4676; x_wconf 69' lang='lat' dir='ltr'><strong>Qum-</strong></span> 
     </span>
    </p>
   </div>
   <div class='ocr_carea' id='block_1_48' title="bbox 594 4700 2190 4770">
    <p class='ocr_par' dir='ltr' id='par_1_48' title="bbox 594 4700 2190 4770">
     <span class='ocr_line' id='line_1_48' title="bbox 594 4700 2190 4770; baseline 0.003 -17"><span class='ocrx_word' id='word_1_377' title='bbox 594 4702 689 4755; x_wconf 79' lang='lat' dir='ltr'><strong>rite</strong></span> <span class='ocrx_word' id='word_1_378' title='bbox 718 4702 873 4764; x_wconf 82' lang='lat' dir='ltr'><strong>enim,</strong></span> <span class='ocrx_word' id='word_1_379' title='bbox 931 4700 1118 4769; x_wconf 89' lang='lat' dir='ltr'><strong>inquit,</strong></span> <span class='ocrx_word' id='word_1_380' title='bbox 1170 4702 1389 4769; x_wconf 84' lang='lat' dir='ltr'><strong>primunt</strong></span> <span class='ocrx_word' id='word_1_381' title='bbox 1436 4717 1644 4770; x_wconf 82' lang='lat' dir='ltr'><strong>regnum</strong></span> <span class='ocrx_word' id='word_1_382' title='bbox 1694 4703 1954 4767; x_wconf 67' lang='lat' dir='ltr'><strong>caelorum,</strong></span> <span class='ocrx_word' id='word_1_383' title='bbox 2009 4713 2053 4755; x_wconf 86' lang='lat' dir='ltr'><strong>et</strong></span> <span class='ocrx_word' id='word_1_384' title='bbox 2083 4704 2190 4757; x_wconf 74' lang='lat' dir='ltr'><strong>haec</strong></span> 
     </span>
    </p>
   </div>
   <div class='ocr_carea' id='block_1_49' title="bbox 593 4790 2189 4864">
    <p class='ocr_par' dir='ltr' id='par_1_49' title="bbox 593 4790 2189 4864">
     <span class='ocr_line' id='line_1_49' title="bbox 593 4790 2189 4864; baseline 0.003 -19"><span class='ocrx_word' id='word_1_385' title='bbox 593 4793 765 4846; x_wconf 82' lang='lat' dir='ltr'><strong>omnia</strong></span> <span class='ocrx_word' id='word_1_386' title='bbox 812 4792 1114 4860; x_wconf 71' lang='lat' dir='ltr'><strong>adjiciantur</strong></span> <span class='ocrx_word' id='word_1_387' title='bbox 1159 4790 1296 4843; x_wconf 78' lang='lat' dir='ltr'><strong>vobis</strong></span> <span class='ocrx_word' id='word_1_388' title='bbox 1344 4790 1567 4860; x_wconf 74' lang='lat' dir='ltr'><strong>(Matth.</strong></span> <span class='ocrx_word' id='word_1_389' title='bbox 1614 4792 1667 4845; x_wconf 79' lang='grc' dir='ltr'><strong>ϐ.</strong></span> <span class='ocrx_word' id='word_1_390' title='bbox 1724 4793 1856 4861; x_wconf 78' lang='grc'><strong>55).</strong></span> <span class='ocrx_word' id='word_1_391' title='bbox 1895 4794 2003 4847; x_wconf 85' lang='lat' dir='ltr'><strong>Hoc</strong></span> <span class='ocrx_word' id='word_1_392' title='bbox 2028 4794 2189 4864; x_wconf 83' lang='lat' dir='ltr'><strong>igitur</strong></span> 
     </span>
    </p>
   </div>
   <div class='ocr_carea' id='block_1_50' title="bbox 594 4883 2189 4959">
    <p class='ocr_par' dir='ltr' id='par_1_50' title="bbox 594 4883 2189 4959">
     <span class='ocr_line' id='line_1_50' title="bbox 594 4883 2189 4959; baseline -0.001 -17"><span class='ocrx_word' id='word_1_393' title='bbox 594 4899 923 4959; x_wconf 66' lang='lat' dir='ltr'><strong>qurramtts,</strong></span> <span class='ocrx_word' id='word_1_394' title='bbox 966 4883 1320 4949; x_wconf 78' lang='lat' dir='ltr'><strong>dilectissimi,</strong></span> <span class='ocrx_word' id='word_1_395' title='bbox 1348 4894 1401 4936; x_wconf 89' lang='lat' dir='ltr'><strong>ttt</strong></span> <span class='ocrx_word' id='word_1_396' title='bbox 1432 4893 1485 4935; x_wconf 82' lang='lat' dir='ltr'><strong>et</strong></span> <span class='ocrx_word' id='word_1_397' title='bbox 1516 4884 1665 4936; x_wconf 84' lang='lat' dir='ltr'><strong>istius</strong></span> <span class='ocrx_word' id='word_1_398' title='bbox 1714 4894 1769 4936; x_wconf 89' lang='lat' dir='ltr'><strong>et</strong></span> <span class='ocrx_word' id='word_1_399' title='bbox 1814 4886 1948 4937; x_wconf 88' lang='lat' dir='ltr'><strong>illitts</strong></span> <span class='ocrx_word' id='word_1_400' title='bbox 2000 4886 2189 4941; x_wconf 70' lang='lat' dir='ltr'><strong>futura:</strong></span> 
     </span>
    </p>
   </div>
   <div class='ocr_carea' id='block_1_51' title="bbox 594 4976 2186 5047">
    <p class='ocr_par' dir='ltr' id='par_1_51' title="bbox 594 4976 2186 5047">
     <span class='ocr_line' id='line_1_51' title="bbox 594 4976 2186 5047; baseline 0.004 -18"><span class='ocrx_word' id='word_1_401' title='bbox 594 4982 717 5030; x_wconf 59' lang='lat' dir='ltr'><strong>vita:</strong></span> <span class='ocrx_word' id='word_1_402' title='bbox 743 4977 881 5031; x_wconf 89' lang='lat' dir='ltr'><strong>bona</strong></span> <span class='ocrx_word' id='word_1_403' title='bbox 906 4992 1321 5045; x_wconf 79' lang='lat' dir='ltr'><strong>consequamur,</strong></span> <span class='ocrx_word' id='word_1_404' title='bbox 1350 4976 1515 5045; x_wconf 87' lang='lat' dir='ltr'><strong>gratia</strong></span> <span class='ocrx_word' id='word_1_405' title='bbox 1544 4986 1597 5030; x_wconf 91' lang='lat' dir='ltr'><strong>et</strong></span> <span class='ocrx_word' id='word_1_406' title='bbox 1628 4978 1954 5047; x_wconf 65' lang='lat' dir='ltr'><strong>benignitate</strong></span> <span class='ocrx_word' id='word_1_407' title='bbox 1978 4980 2186 5035; x_wconf 87' lang='lat' dir='ltr'><strong>Domini</strong></span> 
     </span>
    </p>
   </div>
   <div class='ocr_carea' id='block_1_52' title="bbox 595 5068 2186 5138">
    <p class='ocr_par' dir='ltr' id='par_1_52' title="bbox 595 5068 2186 5138">
     <span class='ocr_line' id='line_1_52' title="bbox 595 5068 2186 5138; baseline 0.003 -17"><span class='ocrx_word' id='word_1_408' title='bbox 595 5069 762 5121; x_wconf 87' lang='lat' dir='ltr'><strong>nostri</strong></span> <span class='ocrx_word' id='word_1_409' title='bbox 792 5068 917 5121; x_wconf 75' lang='lat' dir='ltr'><strong>Jesu</strong></span> <span class='ocrx_word' id='word_1_410' title='bbox 944 5068 1163 5133; x_wconf 70' lang='lat' dir='ltr'><strong>Christi,</strong></span> <span class='ocrx_word' id='word_1_411' title='bbox 1193 5082 1286 5137; x_wconf 86' lang='lat' dir='ltr'><strong>per</strong></span> <span class='ocrx_word' id='word_1_412' title='bbox 1311 5082 1472 5136; x_wconf 91' lang='lat' dir='ltr'><strong>quem</strong></span> <span class='ocrx_word' id='word_1_413' title='bbox 1502 5077 1695 5121; x_wconf 91' lang='lat' dir='ltr'><strong>etcum</strong></span> <span class='ocrx_word' id='word_1_414' title='bbox 1717 5084 1823 5137; x_wconf 89' lang='lat' dir='ltr'><strong>quo</strong></span> <span class='ocrx_word' id='word_1_415' title='bbox 1849 5069 2013 5138; x_wconf 88' lang='lat' dir='ltr'><strong>gloria</strong></span> <span class='ocrx_word' id='word_1_416' title='bbox 2046 5071 2186 5125; x_wconf 82' lang='lat' dir='ltr'><strong>Patri</strong></span> 
     </span>
    </p>
   </div>
   <div class='ocr_carea' id='block_1_53' title="bbox 592 5160 2187 5229">
    <p class='ocr_par' dir='ltr' id='par_1_53' title="bbox 592 5160 2187 5229">
     <span class='ocr_line' id='line_1_53' title="bbox 592 5160 2187 5229; baseline 0.004 -16"><span class='ocrx_word' id='word_1_417' title='bbox 592 5170 645 5213; x_wconf 78' lang='lat' dir='ltr'><strong>et</strong></span> <span class='ocrx_word' id='word_1_418' title='bbox 670 5160 888 5228; x_wconf 86' lang='lat' dir='ltr'><strong>Spiritui</strong></span> <span class='ocrx_word' id='word_1_419' title='bbox 921 5169 1131 5226; x_wconf 87' lang='lat' dir='ltr'><strong>sancto,</strong></span> <span class='ocrx_word' id='word_1_420' title='bbox 1167 5174 1305 5214; x_wconf 91' lang='lat' dir='ltr'><strong>nunc</strong></span> <span class='ocrx_word' id='word_1_421' title='bbox 1343 5167 1397 5214; x_wconf 93' lang='lat' dir='ltr'><strong>ct</strong></span> <span class='ocrx_word' id='word_1_422' title='bbox 1423 5174 1655 5229; x_wconf 86' lang='lat' dir='ltr'><strong>semper,</strong></span> <span class='ocrx_word' id='word_1_423' title='bbox 1686 5168 1739 5214; x_wconf 91' lang='lat' dir='ltr'><strong>et</strong></span> <span class='ocrx_word' id='word_1_424' title='bbox 1768 5161 1818 5215; x_wconf 92' lang='lat' dir='ltr'><strong>in</strong></span> <span class='ocrx_word' id='word_1_425' title='bbox 1845 5164 2042 5217; x_wconf 65' lang='lat' dir='ltr'><strong>srecula</strong></span> <span class='ocrx_word' id='word_1_426' title='bbox 2082 5178 2187 5219; x_wconf 71' lang='lat' dir='ltr'><strong>sa:-</strong></span> 
     </span>
    </p>
   </div>
   <div class='ocr_carea' id='block_1_54' title="bbox 592 5250 1093 5305">
    <p class='ocr_par' dir='ltr' id='par_1_54' title="bbox 592 5250 1093 5305">
     <span class='ocr_line' id='line_1_54' title="bbox 592 5250 1093 5305; baseline -0.002 -2"><span class='ocrx_word' id='word_1_427' title='bbox 592 5250 855 5303; x_wconf 81' lang='lat' dir='ltr'><strong>colorum.</strong></span> <span class='ocrx_word' id='word_1_428' title='bbox 901 5252 1093 5305; x_wconf 81' lang='lat' dir='ltr'><strong>Anien.</strong></span> 
     </span>
    </p>
   </div>
   <div class='ocr_carea' id='block_1_55' title="bbox 1149 5319 1642 5392">
    <p class='ocr_par' dir='ltr' id='par_1_55' title="bbox 1149 5319 1642 5392">
     <span class='ocr_line' id='line_1_55' title="bbox 1149 5319 1642 5392; baseline 0 -17"><span class='ocrx_word' id='word_1_429' title='bbox 1149 5319 1379 5375; x_wconf 81' lang='lat' dir='ltr'><strong>SERMO</strong></span> <span class='ocrx_word' id='word_1_430' title='bbox 1433 5320 1516 5374; x_wconf 82' lang='lat' dir='ltr'><strong>vn</strong></span> <span class='ocrx_word' id='word_1_431' title='bbox 1549 5321 1642 5392; x_wconf 76' lang='grc' dir='ltr'><strong>(τι).</strong></span> 
     </span>
    </p>
   </div>
   <div class='ocr_carea' id='block_1_56' title="bbox 592 5410 2187 5488">
    <p class='ocr_par' dir='ltr' id='par_1_56' title="bbox 592 5410 2187 5488">
     <span class='ocr_line' id='line_1_56' title="bbox 592 5410 2187 5488; baseline 0.004 -24"><span class='ocrx_word' id='word_1_432' title='bbox 592 5410 763 5476; x_wconf 70' lang='lat' dir='ltr'><strong>Quare</strong></span> <span class='ocrx_word' id='word_1_433' title='bbox 808 5410 999 5482; x_wconf 82' lang='lat' dir='ltr'><strong>lignum</strong></span> <span class='ocrx_word' id='word_1_434' title='bbox 1047 5412 1270 5465; x_wconf 65' lang='lat' dir='ltr'><strong>scientia</strong></span> <span class='ocrx_word' id='word_1_435' title='bbox 1317 5411 1436 5464; x_wconf 86' lang='lat' dir='ltr'><strong>boni</strong></span> <span class='ocrx_word' id='word_1_436' title='bbox 1478 5423 1523 5465; x_wconf 82' lang='lat' dir='ltr'><strong>et</strong></span> <span class='ocrx_word' id='word_1_437' title='bbox 1583 5414 1704 5466; x_wconf 86' lang='lat' dir='ltr'><strong>mali</strong></span> <span class='ocrx_word' id='word_1_438' title='bbox 1749 5424 1949 5468; x_wconf 67' lang='lat' dir='ltr'><strong>vocetur</strong></span> <span class='ocrx_word' id='word_1_439' title='bbox 1994 5417 2187 5488; x_wconf 78' lang='lat' dir='ltr'><strong>lignum</strong></span> 
     </span>
    </p>
   </div>
   <div class='ocr_carea' id='block_1_57' title="bbox 660 5502 2187 5575">
    <p class='ocr_par' dir='ltr' id='par_1_57' title="bbox 660 5502 2187 5575">
     <span class='ocr_line' id='line_1_57' title="bbox 660 5502 2187 5575; baseline 0.007 -20"><span class='ocrx_word' id='word_1_440' title='bbox 660 5503 788 5555; x_wconf 77' lang='lat' dir='ltr'><strong>illud</strong></span> <span class='ocrx_word' id='word_1_441' title='bbox 817 5520 833 5557; x_wconf 89' lang='lat'><strong><em>:</em></strong></span> <span class='ocrx_word' id='word_1_442' title='bbox 862 5514 906 5556; x_wconf 85' lang='lat' dir='ltr'><strong>et</strong></span> <span class='ocrx_word' id='word_1_443' title='bbox 948 5504 1067 5574; x_wconf 86' lang='lat' dir='ltr'><strong>quid</strong></span> <span class='ocrx_word' id='word_1_444' title='bbox 1094 5504 1179 5563; x_wconf 78' lang='lat' dir='ltr'><strong>sit,</strong></span> <span class='ocrx_word' id='word_1_445' title='bbox 1215 5502 1384 5558; x_wconf 89' lang='lat' dir='ltr'><strong>llodie</strong></span> <span class='ocrx_word' id='word_1_446' title='bbox 1429 5520 1633 5558; x_wconf 89' lang='lat' dir='ltr'><strong>mecmn</strong></span> <span class='ocrx_word' id='word_1_447' title='bbox 1677 5506 1785 5559; x_wconf 89' lang='lat' dir='ltr'><strong>eris</strong></span> <span class='ocrx_word' id='word_1_448' title='bbox 1839 5507 1888 5559; x_wconf 93' lang='lat' dir='ltr'><strong>in</strong></span> <span class='ocrx_word' id='word_1_449' title='bbox 1940 5510 2187 5575; x_wconf 89' lang='lat' dir='ltr'><strong>paradiso</strong></span> 
     </span>
    </p>
   </div>
   <div class='ocr_carea' id='block_1_58' title="bbox 664 5594 1431 5669">
    <p class='ocr_par' dir='ltr' id='par_1_58' title="bbox 664 5594 1431 5669">
     <span class='ocr_line' id='line_1_58' title="bbox 664 5594 1431 5669; baseline 0 -21"><span class='ocrx_word' id='word_1_450' title='bbox 664 5595 827 5662; x_wconf 71' lang='lat' dir='ltr'><strong>(Gen.</strong></span> <span class='ocrx_word' id='word_1_451' title='bbox 855 5595 910 5649; x_wconf 70' lang='grc'><strong>2.</strong></span> <span class='ocrx_word' id='word_1_452' title='bbox 941 5596 992 5650; x_wconf 82' lang='lat'><strong>9.</strong></span> <span class='ocrx_word' id='word_1_453' title='bbox 1028 5594 1153 5648; x_wconf 86' lang='lat' dir='ltr'><strong>an.</strong></span> <span class='ocrx_word' id='word_1_454' title='bbox 1178 5595 1268 5651; x_wconf 75' lang='lat'><strong>‘23.</strong></span> <span class='ocrx_word' id='word_1_455' title='bbox 1301 5598 1369 5651; x_wconf 69' lang='grc'><strong>45</strong></span> <span class='ocrx_word' id='word_1_456' title='bbox 1390 5598 1431 5669; x_wconf 95' lang='grc'><strong>).</strong></span> 
     </span>
    </p>
   </div>
   <div class='ocr_carea' id='block_1_59' title="bbox 666 5688 2185 5744">
    <p class='ocr_par' dir='ltr' id='par_1_59' title="bbox 666 5688 2185 5744">
     <span class='ocr_line' id='line_1_59' title="bbox 666 5688 2185 5744; baseline 0.001 -3"><span class='ocrx_word' id='word_1_457' title='bbox 666 5690 714 5741; x_wconf 87' lang='lat' dir='ltr'><strong>l.</strong></span> <span class='ocrx_word' id='word_1_458' title='bbox 752 5688 1020 5741; x_wconf 86' lang='lat' dir='ltr'><strong>llcsterno</strong></span> <span class='ocrx_word' id='word_1_459' title='bbox 1050 5688 1135 5742; x_wconf 86' lang='lat' dir='ltr'><strong>die</strong></span> <span class='ocrx_word' id='word_1_460' title='bbox 1159 5690 1433 5744; x_wconf 86' lang='lat' dir='ltr'><strong>caritatem</strong></span> <span class='ocrx_word' id='word_1_461' title='bbox 1465 5699 1696 5743; x_wconf 70' lang='lat' dir='ltr'><strong>vestram</strong></span> <span class='ocrx_word' id='word_1_462' title='bbox 1728 5692 1905 5743; x_wconf 89' lang='lat' dir='ltr'><strong>multis</strong></span> <span class='ocrx_word' id='word_1_463' title='bbox 1943 5690 2185 5743; x_wconf 81' lang='lat' dir='ltr'><strong>hortatus</strong></span> 
     </span>
    </p>
   </div>
   <div class='ocr_carea' id='block_1_60' title="bbox 651 5777 2184 5842">
    <p class='ocr_par' dir='ltr' id='par_1_60' title="bbox 651 5777 2184 5842">
     <span class='ocr_line' id='line_1_60' title="bbox 651 5777 2184 5842; baseline 0.005 -19"><span class='ocrx_word' id='word_1_464' title='bbox 651 5777 723 5842; x_wconf 80' lang='grc' dir='ltr'><strong>(ᾳ)</strong></span> <span class='ocrx_word' id='word_1_465' title='bbox 759 5784 809 5842; x_wconf 78' lang='lat' dir='ltr'><strong>In</strong></span> <span class='ocrx_word' id='word_1_466' title='bbox 829 5780 997 5827; x_wconf 71' lang='lat' dir='ltr'><strong>Couice</strong></span> <span class='ocrx_word' id='word_1_467' title='bbox 1018 5786 1132 5841; x_wconf 69' lang='lat' dir='ltr'><strong>Reg.</strong></span> <span class='ocrx_word' id='word_1_468' title='bbox 1158 5778 1280 5829; x_wconf 65' lang='grc'><strong>2562</strong></span> <span class='ocrx_word' id='word_1_469' title='bbox 1305 5780 1381 5829; x_wconf 88' lang='lat' dir='ltr'><strong>hic</strong></span> <span class='ocrx_word' id='word_1_470' title='bbox 1400 5794 1562 5830; x_wconf 83' lang='lat' dir='ltr'><strong>sermo</strong></span> <span class='ocrx_word' id='word_1_471' title='bbox 1584 5783 1989 5842; x_wconf 58' lang='lat' dir='ltr'><strong>jar-.ctermittitur,</strong></span> <span class='ocrx_word' id='word_1_472' title='bbox 2017 5794 2109 5831; x_wconf 90' lang='lat' dir='ltr'><strong>nec</strong></span> <span class='ocrx_word' id='word_1_473' title='bbox 2137 5783 2184 5830; x_wconf 91' lang='lat' dir='ltr'><strong>in</strong></span> 
     </span>
    </p>
   </div>
   <div class='ocr_carea' id='block_1_61' title="bbox 587 5838 1171 5903">
    <p class='ocr_par' dir='ltr' id='par_1_61' title="bbox 587 5838 1171 5903">
     <span class='ocr_line' id='line_1_61' title="bbox 587 5838 1171 5903; baseline 0.002 -16"><span class='ocrx_word' id='word_1_474' title='bbox 587 5838 722 5887; x_wconf 81' lang='lat' dir='ltr'><strong>serie</strong></span> <span class='ocrx_word' id='word_1_475' title='bbox 740 5838 938 5886; x_wconf 82' lang='lat' dir='ltr'><strong>aliorum</strong></span> <span class='ocrx_word' id='word_1_476' title='bbox 962 5838 1171 5903; x_wconf 73' lang='lat' dir='ltr'><strong>ponitur.</strong></span> 
     </span>
    </p>
   </div>
   <div class='ocr_carea' id='block_1_62' title="bbox 1357 394 3193 460">
    <p class='ocr_par' dir='ltr' id='par_1_62' title="bbox 1357 394 3193 460">
     <span class='ocr_line' id='line_1_62' title="bbox 1357 394 3193 460; baseline -0.004 0"><span class='ocrx_word' id='word_1_477' title='bbox 1357 403 1413 460; x_wconf 86' lang='lat' dir='ltr'><strong>S.</strong></span> <span class='ocrx_word' id='word_1_478' title='bbox 1453 401 1732 459; x_wconf 72' lang='lat' dir='ltr'><strong>JOANNIS</strong></span> <span class='ocrx_word' id='word_1_479' title='bbox 1772 395 2251 455; x_wconf 73' lang='lat' dir='ltr'><strong>CllﬂYSOSTOMI</strong></span> <span class='ocrx_word' id='word_1_480' title='bbox 2292 396 2609 451; x_wconf 71' lang='lat' dir='ltr'><strong>ARCIIIEP.</strong></span> <span class='ocrx_word' id='word_1_481' title='bbox 2653 394 3193 454; x_wconf 75' lang='lat' dir='ltr'><strong>CONSTANTINOP.</strong></span> 
     </span>
    </p>
   </div>
   <div class='ocr_carea' id='block_1_63' title="bbox 3815 399 3923 457">
    <p class='ocr_par' dir='ltr' id='par_1_63' title="bbox 3815 399 3923 457">
     <span class='ocr_line' id='line_1_63' title="bbox 3815 399 3923 457; baseline -0.037 0"><span class='ocrx_word' id='word_1_482' title='bbox 3815 399 3923 457; x_wconf 70' lang='lat'><strong>608</strong></span> 
     </span>
    </p>
   </div>
   <div class='ocr_carea' id='block_1_64' title="bbox 2316 511 3929 581">
    <p class='ocr_par' dir='ltr' id='par_1_64' title="bbox 2316 511 3929 581">
     <span class='ocr_line' id='line_1_64' title="bbox 2316 511 3929 581; baseline 0.004 -18"><span class='ocrx_word' id='word_1_483' title='bbox 2316 523 2457 575; x_wconf 89' lang='lat' dir='ltr'><strong>sum,</strong></span> <span class='ocrx_word' id='word_1_484' title='bbox 2491 522 2549 565; x_wconf 89' lang='lat' dir='ltr'><strong>ut</strong></span> <span class='ocrx_word' id='word_1_485' title='bbox 2575 525 2784 575; x_wconf 88' lang='lat' dir='ltr'><strong>eorum,</strong></span> <span class='ocrx_word' id='word_1_486' title='bbox 2811 526 2933 581; x_wconf 76' lang='lat' dir='ltr'><strong>qua:</strong></span> <span class='ocrx_word' id='word_1_487' title='bbox 2952 511 3093 567; x_wconf 91' lang='lat' dir='ltr'><strong>dicta</strong></span> <span class='ocrx_word' id='word_1_488' title='bbox 3125 511 3355 579; x_wconf 79' lang='lat' dir='ltr'><strong>fuerant,</strong></span> <span class='ocrx_word' id='word_1_489' title='bbox 3396 513 3841 575; x_wconf 81' lang='lat' dir='ltr'><strong>recordaremun.</strong></span> <span class='ocrx_word' id='word_1_490' title='bbox 3865 530 3929 571; x_wconf 85' lang='lat' dir='ltr'><strong>ac</strong></span> 
     </span>
    </p>
   </div>
   <div class='ocr_carea' id='block_1_65' title="bbox 2312 599 3926 677">
    <p class='ocr_par' dir='ltr' id='par_1_65' title="bbox 2312 599 3926 677">
     <span class='ocr_line' id='line_1_65' title="bbox 2312 599 3926 677; baseline 0.006 -25"><span class='ocrx_word' id='word_1_491' title='bbox 2312 599 2579 670; x_wconf 88' lang='lat' dir='ltr'><strong>duplicent</strong></span> <span class='ocrx_word' id='word_1_492' title='bbox 2624 603 2831 671; x_wconf 84' lang='lat' dir='ltr'><strong>vesperi</strong></span> <span class='ocrx_word' id='word_1_493' title='bbox 2873 617 3112 657; x_wconf 85' lang='lat' dir='ltr'><strong>mensam</strong></span> <span class='ocrx_word' id='word_1_494' title='bbox 3157 606 3539 677; x_wconf 75' lang='lat' dir='ltr'><strong>appnncrctis,</strong></span> <span class='ocrx_word' id='word_1_495' title='bbox 3567 620 3727 659; x_wconf 89' lang='lat' dir='ltr'><strong>unatn</strong></span> <span class='ocrx_word' id='word_1_496' title='bbox 3772 606 3926 661; x_wconf 82' lang='lat' dir='ltr'><strong>cibo-</strong></span> 
     </span>
    </p>
   </div>
   <div class='ocr_carea' id='block_1_66' title="bbox 2312 692 3929 768">
    <p class='ocr_par' dir='ltr' id='par_1_66' title="bbox 2312 692 3929 768">
     <span class='ocr_line' id='line_1_66' title="bbox 2312 692 3929 768; baseline 0.004 -22"><span class='ocrx_word' id='word_1_497' title='bbox 2312 707 2429 746; x_wconf 85' lang='lat' dir='ltr'><strong>rum</strong></span> <span class='ocrx_word' id='word_1_498' title='bbox 2456 732 2471 757; x_wconf 94' lang='lat'><strong>,</strong></span> <span class='ocrx_word' id='word_1_499' title='bbox 2499 701 2555 747; x_wconf 89' lang='lat' dir='ltr'><strong>et</strong></span> <span class='ocrx_word' id='word_1_500' title='bbox 2579 692 2803 747; x_wconf 88' lang='lat' dir='ltr'><strong>alteram</strong></span> <span class='ocrx_word' id='word_1_501' title='bbox 2828 692 2875 747; x_wconf 91' lang='lat' dir='ltr'><strong>ei</strong></span> <span class='ocrx_word' id='word_1_502' title='bbox 2902 707 3211 748; x_wconf 90' lang='lat' dir='ltr'><strong>sermonum</strong></span> <span class='ocrx_word' id='word_1_503' title='bbox 3241 694 3627 765; x_wconf 85' lang='lat' dir='ltr'><strong>adjungerctis.</strong></span> <span class='ocrx_word' id='word_1_504' title='bbox 3659 696 3802 763; x_wconf 87' lang='lat' dir='ltr'><strong>Quid</strong></span> <span class='ocrx_word' id='word_1_505' title='bbox 3831 697 3929 768; x_wconf 63' lang='grc' dir='ltr'><strong>ἰείη</strong></span> 
     </span>
    </p>
   </div>
   <div class='ocr_carea' id='block_1_67' title="bbox 2312 782 3929 855">
    <p class='ocr_par' dir='ltr' id='par_1_67' title="bbox 2312 782 3929 855">
     <span class='ocr_line' id='line_1_67' title="bbox 2312 782 3929 855; baseline 0 -17"><span class='ocrx_word' id='word_1_506' title='bbox 2312 784 2435 838; x_wconf 87' lang='lat' dir='ltr'><strong>tur?</strong></span> <span class='ocrx_word' id='word_1_507' title='bbox 2478 798 2604 837; x_wconf 91' lang='lat' dir='ltr'><strong>num</strong></span> <span class='ocrx_word' id='word_1_508' title='bbox 2638 783 2737 837; x_wconf 86' lang='lat' dir='ltr'><strong>hoc</strong></span> <span class='ocrx_word' id='word_1_509' title='bbox 2764 782 2965 839; x_wconf 80' lang='lat' dir='ltr'><strong>fecistis</strong></span> <span class='ocrx_word' id='word_1_510' title='bbox 2989 824 3005 849; x_wconf 94' lang='lat'><strong>,</strong></span> <span class='ocrx_word' id='word_1_511' title='bbox 3037 784 3409 854; x_wconf 88' lang='lat' dir='ltr'><strong>duplicemque</strong></span> <span class='ocrx_word' id='word_1_512' title='bbox 3458 801 3700 841; x_wconf 84' lang='lat' dir='ltr'><strong>mensam</strong></span> <span class='ocrx_word' id='word_1_513' title='bbox 3753 801 3929 855; x_wconf 64' lang='lat' dir='ltr'><strong>appo-</strong></span> 
     </span>
    </p>
   </div>
   <div class='ocr_carea' id='block_1_68' title="bbox 2310 872 3922 944">
    <p class='ocr_par' dir='ltr' id='par_1_68' title="bbox 2310 872 3922 944">
     <span class='ocr_line' id='line_1_68' title="bbox 2310 872 3922 944; baseline 0.003 -17"><span class='ocrx_word' id='word_1_514' title='bbox 2310 872 2532 927; x_wconf 84' lang='lat' dir='ltr'><strong>suistis?</strong></span> <span class='ocrx_word' id='word_1_515' title='bbox 2561 873 2685 929; x_wconf 89' lang='lat' dir='ltr'><strong>Scio</strong></span> <span class='ocrx_word' id='word_1_516' title='bbox 2710 889 2806 927; x_wconf 85' lang='lat' dir='ltr'><strong>vos</strong></span> <span class='ocrx_word' id='word_1_517' title='bbox 2830 874 2881 929; x_wconf 92' lang='lat' dir='ltr'><strong>id</strong></span> <span class='ocrx_word' id='word_1_518' title='bbox 2912 873 3102 930; x_wconf 85' lang='lat' dir='ltr'><strong>fecisse</strong></span> <span class='ocrx_word' id='word_1_519' title='bbox 3122 917 3137 939; x_wconf 93' lang='lat'><strong>,</strong></span> <span class='ocrx_word' id='word_1_520' title='bbox 3168 891 3343 944; x_wconf 83' lang='lat' dir='ltr'><strong>neque</strong></span> <span class='ocrx_word' id='word_1_521' title='bbox 3372 886 3579 931; x_wconf 87' lang='lat' dir='ltr'><strong>tantum</strong></span> <span class='ocrx_word' id='word_1_522' title='bbox 3605 878 3750 931; x_wconf 90' lang='lat' dir='ltr'><strong>illius</strong></span> <span class='ocrx_word' id='word_1_523' title='bbox 3776 918 3795 944; x_wconf 93' lang='lat'><strong>,</strong></span> <span class='ocrx_word' id='word_1_524' title='bbox 3824 877 3922 932; x_wconf 79' lang='lat' dir='ltr'><strong>sed</strong></span> 
     </span>
    </p>
   </div>
   <div class='ocr_carea' id='block_1_69' title="bbox 2311 964 3929 1037">
    <p class='ocr_par' dir='ltr' id='par_1_69' title="bbox 2311 964 3929 1037">
     <span class='ocr_line' id='line_1_69' title="bbox 2311 964 3929 1037; baseline 0.004 -18"><span class='ocrx_word' id='word_1_525' title='bbox 2311 964 2469 1033; x_wconf 89' lang='lat' dir='ltr'><strong>ltujus</strong></span> <span class='ocrx_word' id='word_1_526' title='bbox 2500 967 2663 1020; x_wconf 88' lang='lat' dir='ltr'><strong>etiam</strong></span> <span class='ocrx_word' id='word_1_527' title='bbox 2698 965 2860 1021; x_wconf 90' lang='lat' dir='ltr'><strong>fuisse</strong></span> <span class='ocrx_word' id='word_1_528' title='bbox 2891 966 3198 1036; x_wconf 76' lang='lat' dir='ltr'><strong>participes.</strong></span> <span class='ocrx_word' id='word_1_529' title='bbox 3232 966 3415 1037; x_wconf 76' lang='lat' dir='ltr'><strong>Neque</strong></span> <span class='ocrx_word' id='word_1_530' title='bbox 3435 970 3577 1023; x_wconf 90' lang='lat' dir='ltr'><strong>enim</strong></span> <span class='ocrx_word' id='word_1_531' title='bbox 3612 985 3738 1024; x_wconf 92' lang='lat' dir='ltr'><strong>cum</strong></span> <span class='ocrx_word' id='word_1_532' title='bbox 3774 969 3929 1025; x_wconf 87' lang='lat' dir='ltr'><strong>dete-</strong></span> 
     </span>
    </p>
   </div>
   <div class='ocr_carea' id='block_1_70' title="bbox 2312 1056 3926 1127">
    <p class='ocr_par' dir='ltr' id='par_1_70' title="bbox 2312 1056 3926 1127">
     <span class='ocr_line' id='line_1_70' title="bbox 2312 1056 3926 1127; baseline 0.004 -17"><span class='ocrx_word' id='word_1_533' title='bbox 2312 1056 2437 1110; x_wconf 87' lang='lat' dir='ltr'><strong>riori</strong></span> <span class='ocrx_word' id='word_1_534' title='bbox 2478 1066 2683 1110; x_wconf 86' lang='lat' dir='ltr'><strong>tantum</strong></span> <span class='ocrx_word' id='word_1_535' title='bbox 2713 1057 2945 1112; x_wconf 90' lang='lat' dir='ltr'><strong>studium</strong></span> <span class='ocrx_word' id='word_1_536' title='bbox 2992 1058 3410 1125; x_wconf 81' lang='lat' dir='ltr'><strong>adhibuissetis,</strong></span> <span class='ocrx_word' id='word_1_537' title='bbox 3444 1063 3613 1115; x_wconf 77' lang='lat' dir='ltr'><strong>tnuitn</strong></span> <span class='ocrx_word' id='word_1_538' title='bbox 3660 1061 3926 1127; x_wconf 86' lang='lat' dir='ltr'><strong>potiorem</strong></span> 
     </span>
    </p>
   </div>
   <div class='ocr_carea' id='block_1_71' title="bbox 2308 1149 3928 1207">
    <p class='ocr_par' dir='ltr' id='par_1_71' title="bbox 2308 1149 3928 1207">
     <span class='ocr_line' id='line_1_71' title="bbox 2308 1149 3928 1207; baseline 0.004 -8"><span class='ocrx_word' id='word_1_539' title='bbox 2308 1158 2651 1202; x_wconf 88' lang='lat' dir='ltr'><strong>contemnere</strong></span> <span class='ocrx_word' id='word_1_540' title='bbox 2681 1149 2962 1202; x_wconf 72' lang='lat' dir='ltr'><strong>debuistis.</strong></span> <span class='ocrx_word' id='word_1_541' title='bbox 2995 1149 3127 1204; x_wconf 85' lang='lat' dir='ltr'><strong>Nam</strong></span> <span class='ocrx_word' id='word_1_542' title='bbox 3151 1152 3266 1205; x_wconf 67' lang='lat' dir='ltr'><strong>hrcc</strong></span> <span class='ocrx_word' id='word_1_543' title='bbox 3294 1151 3380 1205; x_wconf 90' lang='lat' dir='ltr'><strong>illa</strong></span> <span class='ocrx_word' id='word_1_544' title='bbox 3408 1152 3597 1205; x_wconf 85' lang='lat' dir='ltr'><strong>melior</strong></span> <span class='ocrx_word' id='word_1_545' title='bbox 3619 1162 3708 1207; x_wconf 91' lang='lat' dir='ltr'><strong>est</strong></span> <span class='ocrx_word' id='word_1_546' title='bbox 3737 1171 3751 1207; x_wconf 90' lang='lat'><strong>:</strong></span> <span class='ocrx_word' id='word_1_547' title='bbox 3782 1154 3928 1206; x_wconf 76' lang='lat' dir='ltr'><strong>illam</strong></span> 
     </span>
    </p>
   </div>
   <div class='ocr_carea' id='block_1_72' title="bbox 2308 1239 3929 1312">
    <p class='ocr_par' dir='ltr' id='par_1_72' title="bbox 2308 1239 3929 1312">
     <span class='ocr_line' id='line_1_72' title="bbox 2308 1239 3929 1312; baseline 0.003 -21"><span class='ocrx_word' id='word_1_548' title='bbox 2308 1239 2449 1291; x_wconf 90' lang='lat' dir='ltr'><strong>enim</strong></span> <span class='ocrx_word' id='word_1_549' title='bbox 2488 1253 2681 1292; x_wconf 79' lang='lat' dir='ltr'><strong>manus</strong></span> <span class='ocrx_word' id='word_1_550' title='bbox 2732 1240 3097 1295; x_wconf 81' lang='lat' dir='ltr'><strong>instruxerunt</strong></span> <span class='ocrx_word' id='word_1_551' title='bbox 3139 1246 3484 1310; x_wconf 77' lang='lat' dir='ltr'><strong>coquorum,</strong></span> <span class='ocrx_word' id='word_1_552' title='bbox 3537 1242 3679 1296; x_wconf 92' lang='lat' dir='ltr'><strong>hanc</strong></span> <span class='ocrx_word' id='word_1_553' title='bbox 3730 1242 3929 1312; x_wconf 76' lang='lat' dir='ltr'><strong>lingua:</strong></span> 
     </span>
    </p>
   </div>
   <div class='ocr_carea' id='block_1_73' title="bbox 2313 1328 3925 1398">
    <p class='ocr_par' dir='ltr' id='par_1_73' title="bbox 2313 1328 3925 1398">
     <span class='ocr_line' id='line_1_73' title="bbox 2313 1328 3925 1398; baseline 0.004 -18"><span class='ocrx_word' id='word_1_554' title='bbox 2313 1328 2693 1395; x_wconf 83' lang='lat' dir='ltr'><strong>prOphetarum</strong></span> <span class='ocrx_word' id='word_1_555' title='bbox 2725 1340 2979 1398; x_wconf 73' lang='lat' dir='ltr'><strong>pararunt</strong></span> <span class='ocrx_word' id='word_1_556' title='bbox 3012 1348 3025 1383; x_wconf 89' lang='lat'><strong><em>:</em></strong></span> <span class='ocrx_word' id='word_1_557' title='bbox 3059 1332 3111 1384; x_wconf 92' lang='lat' dir='ltr'><strong>in</strong></span> <span class='ocrx_word' id='word_1_558' title='bbox 3139 1331 3225 1385; x_wconf 87' lang='lat' dir='ltr'><strong>illa</strong></span> <span class='ocrx_word' id='word_1_559' title='bbox 3257 1340 3416 1385; x_wconf 73' lang='lat' dir='ltr'><strong>terra:</strong></span> <span class='ocrx_word' id='word_1_560' title='bbox 3438 1330 3579 1385; x_wconf 85' lang='lat' dir='ltr'><strong>fetus</strong></span> <span class='ocrx_word' id='word_1_561' title='bbox 3614 1332 3803 1387; x_wconf 81' lang='lat' dir='ltr'><strong>insunt</strong></span> <span class='ocrx_word' id='word_1_562' title='bbox 3826 1372 3842 1397; x_wconf 89' lang='lat'><strong>,</strong></span> <span class='ocrx_word' id='word_1_563' title='bbox 3871 1332 3925 1387; x_wconf 88' lang='lat' dir='ltr'><strong>in</strong></span> 
     </span>
    </p>
   </div>
   <div class='ocr_carea' id='block_1_74' title="bbox 2306 1418 3926 1492">
    <p class='ocr_par' dir='ltr' id='par_1_74' title="bbox 2306 1418 3926 1492">
     <span class='ocr_line' id='line_1_74' title="bbox 2306 1418 3926 1492; baseline 0.004 -21"><span class='ocrx_word' id='word_1_564' title='bbox 2306 1418 2407 1471; x_wconf 87' lang='lat' dir='ltr'><strong>ista</strong></span> <span class='ocrx_word' id='word_1_565' title='bbox 2428 1418 2657 1488; x_wconf 86' lang='lat' dir='ltr'><strong>Spiritus</strong></span> <span class='ocrx_word' id='word_1_566' title='bbox 2685 1418 2888 1473; x_wconf 88' lang='lat' dir='ltr'><strong>fructus</strong></span> <span class='ocrx_word' id='word_1_567' title='bbox 2917 1438 2931 1472; x_wconf 89' lang='lat'><strong>:</strong></span> <span class='ocrx_word' id='word_1_568' title='bbox 2961 1420 3103 1475; x_wconf 91' lang='lat' dir='ltr'><strong>illius</strong></span> <span class='ocrx_word' id='word_1_569' title='bbox 3130 1435 3333 1476; x_wconf 66' lang='lat' dir='ltr'><strong>mensa:</strong></span> <span class='ocrx_word' id='word_1_570' title='bbox 3372 1422 3475 1476; x_wconf 89' lang='lat' dir='ltr'><strong>cibi</strong></span> <span class='ocrx_word' id='word_1_571' title='bbox 3518 1432 3816 1492; x_wconf 88' lang='lat' dir='ltr'><strong>properant</strong></span> <span class='ocrx_word' id='word_1_572' title='bbox 3857 1423 3926 1477; x_wconf 85' lang='lat' dir='ltr'><strong>ad</strong></span> 
     </span>
    </p>
   </div>
   <div class='ocr_carea' id='block_1_75' title="bbox 2308 1512 3927 1585">
    <p class='ocr_par' dir='ltr' id='par_1_75' title="bbox 2308 1512 3927 1585">
     <span class='ocr_line' id='line_1_75' title="bbox 2308 1512 3927 1585; baseline 0.003 -21"><span class='ocrx_word' id='word_1_573' title='bbox 2308 1513 2711 1581; x_wconf 88' lang='lat' dir='ltr'><strong>corruptionem</strong></span> <span class='ocrx_word' id='word_1_574' title='bbox 2734 1554 2751 1578; x_wconf 93' lang='lat'><strong>,</strong></span> <span class='ocrx_word' id='word_1_575' title='bbox 2784 1512 2943 1581; x_wconf 88' lang='lat' dir='ltr'><strong>hujus</strong></span> <span class='ocrx_word' id='word_1_576' title='bbox 2970 1512 3135 1582; x_wconf 89' lang='lat' dir='ltr'><strong>dapes</strong></span> <span class='ocrx_word' id='word_1_577' title='bbox 3176 1514 3243 1568; x_wconf 92' lang='lat' dir='ltr'><strong>ad</strong></span> <span class='ocrx_word' id='word_1_578' title='bbox 3294 1516 3753 1585; x_wconf 85' lang='lat' dir='ltr'><strong>incorruptionem</strong></span> <span class='ocrx_word' id='word_1_579' title='bbox 3790 1534 3805 1571; x_wconf 91' lang='lat'><strong>:</strong></span> <span class='ocrx_word' id='word_1_580' title='bbox 3838 1517 3927 1570; x_wconf 88' lang='lat' dir='ltr'><strong>illa</strong></span> 
     </span>
    </p>
   </div>
   <div class='ocr_carea' id='block_1_76' title="bbox 2306 1603 3922 1669">
    <p class='ocr_par' dir='ltr' id='par_1_76' title="bbox 2306 1603 3922 1669">
     <span class='ocr_line' id='line_1_76' title="bbox 2306 1603 3922 1669; baseline 0.005 -16"><span class='ocrx_word' id='word_1_581' title='bbox 2306 1614 2628 1669; x_wconf 65' lang='lat' dir='ltr'><strong>praesentem</strong></span> <span class='ocrx_word' id='word_1_582' title='bbox 2656 1604 2815 1655; x_wconf 87' lang='lat' dir='ltr'><strong>vitam</strong></span> <span class='ocrx_word' id='word_1_583' title='bbox 2848 1612 3045 1665; x_wconf 88' lang='lat' dir='ltr'><strong>tuetur,</strong></span> <span class='ocrx_word' id='word_1_584' title='bbox 3067 1604 3167 1657; x_wconf 88' lang='lat' dir='ltr'><strong>ista</strong></span> <span class='ocrx_word' id='word_1_585' title='bbox 3194 1618 3290 1657; x_wconf 91' lang='lat' dir='ltr'><strong>nos</strong></span> <span class='ocrx_word' id='word_1_586' title='bbox 3318 1604 3385 1658; x_wconf 91' lang='lat' dir='ltr'><strong>ad</strong></span> <span class='ocrx_word' id='word_1_587' title='bbox 3413 1603 3647 1659; x_wconf 89' lang='lat' dir='ltr'><strong>futuram</strong></span> <span class='ocrx_word' id='word_1_588' title='bbox 3677 1605 3922 1662; x_wconf 91' lang='lat' dir='ltr'><strong>deducit.</strong></span> 
     </span>
    </p>
   </div>
   <div class='ocr_carea' id='block_1_77' title="bbox 2305 1692 3925 1764">
    <p class='ocr_par' dir='ltr' id='par_1_77' title="bbox 2305 1692 3925 1764">
     <span class='ocr_line' id='line_1_77' title="bbox 2305 1692 3925 1764; baseline 0.001 -17"><span class='ocrx_word' id='word_1_589' title='bbox 2305 1692 2455 1747; x_wconf 87' lang='lat' dir='ltr'><strong>Hanc</strong></span> <span class='ocrx_word' id='word_1_590' title='bbox 2482 1694 2659 1764; x_wconf 90' lang='lat' dir='ltr'><strong>itaque</strong></span> <span class='ocrx_word' id='word_1_591' title='bbox 2683 1708 2781 1747; x_wconf 90' lang='lat' dir='ltr'><strong>vos</strong></span> <span class='ocrx_word' id='word_1_592' title='bbox 2822 1693 3141 1748; x_wconf 73' lang='lat' dir='ltr'><strong>instruxisse</strong></span> <span class='ocrx_word' id='word_1_593' title='bbox 3168 1709 3288 1748; x_wconf 92' lang='lat' dir='ltr'><strong>cum</strong></span> <span class='ocrx_word' id='word_1_594' title='bbox 3322 1694 3408 1749; x_wconf 91' lang='lat' dir='ltr'><strong>illa</strong></span> <span class='ocrx_word' id='word_1_595' title='bbox 3436 1694 3600 1764; x_wconf 87' lang='lat' dir='ltr'><strong>probe</strong></span> <span class='ocrx_word' id='word_1_596' title='bbox 3627 1696 3742 1751; x_wconf 90' lang='lat' dir='ltr'><strong>scio</strong></span> <span class='ocrx_word' id='word_1_597' title='bbox 3767 1737 3783 1762; x_wconf 95' lang='lat'><strong>,</strong></span> <span class='ocrx_word' id='word_1_598' title='bbox 3816 1710 3925 1751; x_wconf 92' lang='lat' dir='ltr'><strong>non</strong></span> 
     </span>
    </p>
   </div>
   <div class='ocr_carea' id='block_1_78' title="bbox 2308 1786 3923 1856">
    <p class='ocr_par' dir='ltr' id='par_1_78' title="bbox 2308 1786 3923 1856">
     <span class='ocr_line' id='line_1_78' title="bbox 2308 1786 3923 1856; baseline 0.002 -17"><span class='ocrx_word' id='word_1_599' title='bbox 2308 1801 2371 1839; x_wconf 91' lang='lat' dir='ltr'><strong>ex</strong></span> <span class='ocrx_word' id='word_1_600' title='bbox 2431 1787 2750 1856; x_wconf 82' lang='lat' dir='ltr'><strong>pedissequo</strong></span> <span class='ocrx_word' id='word_1_601' title='bbox 2776 1798 2956 1841; x_wconf 88' lang='lat' dir='ltr'><strong>vestro</strong></span> <span class='ocrx_word' id='word_1_602' title='bbox 2973 1828 2987 1850; x_wconf 93' lang='lat'><strong>,</strong></span> <span class='ocrx_word' id='word_1_603' title='bbox 3013 1802 3110 1841; x_wconf 89' lang='lat' dir='ltr'><strong>nec</strong></span> <span class='ocrx_word' id='word_1_604' title='bbox 3133 1803 3196 1841; x_wconf 82' lang='lat' dir='ltr'><strong>ex</strong></span> <span class='ocrx_word' id='word_1_605' title='bbox 3232 1786 3428 1841; x_wconf 89' lang='lat' dir='ltr'><strong>famulo</strong></span> <span class='ocrx_word' id='word_1_606' title='bbox 3453 1788 3762 1842; x_wconf 87' lang='lat' dir='ltr'><strong>sciscitatus</strong></span> <span class='ocrx_word' id='word_1_607' title='bbox 3786 1830 3798 1849; x_wconf 86' lang='lat'><strong>,</strong></span> <span class='ocrx_word' id='word_1_608' title='bbox 3826 1789 3923 1843; x_wconf 87' lang='lat' dir='ltr'><strong>sed</strong></span> 
     </span>
    </p>
   </div>
   <div class='ocr_carea' id='block_1_79' title="bbox 2305 1876 3925 1945">
    <p class='ocr_par' dir='ltr' id='par_1_79' title="bbox 2305 1876 3925 1945">
     <span class='ocr_line' id='line_1_79' title="bbox 2305 1876 3925 1945; baseline 0.001 -17"><span class='ocrx_word' id='word_1_609' title='bbox 2305 1891 2373 1929; x_wconf 80' lang='lat' dir='ltr'><strong>ex</strong></span> <span class='ocrx_word' id='word_1_610' title='bbox 2422 1876 2607 1930; x_wconf 84' lang='lat' dir='ltr'><strong>nuntio</strong></span> <span class='ocrx_word' id='word_1_611' title='bbox 2634 1876 2715 1929; x_wconf 90' lang='lat' dir='ltr'><strong>his</strong></span> <span class='ocrx_word' id='word_1_612' title='bbox 2741 1876 2991 1930; x_wconf 90' lang='lat' dir='ltr'><strong>omnibus</strong></span> <span class='ocrx_word' id='word_1_613' title='bbox 3020 1876 3266 1931; x_wconf 85' lang='lat' dir='ltr'><strong>fideliori.</strong></span> <span class='ocrx_word' id='word_1_614' title='bbox 3299 1876 3376 1930; x_wconf 87' lang='lat' dir='ltr'><strong>Ex</strong></span> <span class='ocrx_word' id='word_1_615' title='bbox 3405 1892 3638 1945; x_wconf 87' lang='lat' dir='ltr'><strong>quonam</strong></span> <span class='ocrx_word' id='word_1_616' title='bbox 3664 1877 3925 1932; x_wconf 86' lang='lat' dir='ltr'><strong>tandem?</strong></span> 
     </span>
    </p>
   </div>
   <div class='ocr_carea' id='block_1_80' title="bbox 2307 1965 3921 2035">
    <p class='ocr_par' dir='ltr' id='par_1_80' title="bbox 2307 1965 3921 2035">
     <span class='ocr_line' id='line_1_80' title="bbox 2307 1965 3921 2035; baseline 0.001 -16"><span class='ocrx_word' id='word_1_617' title='bbox 2307 1965 2383 2019; x_wconf 86' lang='lat' dir='ltr'><strong>Ex</strong></span> <span class='ocrx_word' id='word_1_618' title='bbox 2415 1966 2601 2033; x_wconf 85' lang='lat' dir='ltr'><strong>plausu</strong></span> <span class='ocrx_word' id='word_1_619' title='bbox 2629 1967 2877 2020; x_wconf 87' lang='lat' dir='ltr'><strong>nitnirttttt</strong></span> <span class='ocrx_word' id='word_1_620' title='bbox 2904 2006 2917 2030; x_wconf 93' lang='lat'><strong>,</strong></span> <span class='ocrx_word' id='word_1_621' title='bbox 2943 1982 3048 2035; x_wconf 88' lang='lat' dir='ltr'><strong>quo</strong></span> <span class='ocrx_word' id='word_1_622' title='bbox 3078 1982 3138 2020; x_wconf 89' lang='lat' dir='ltr'><strong>ea</strong></span> <span class='ocrx_word' id='word_1_623' title='bbox 3162 1981 3280 2035; x_wconf 71' lang='lat' dir='ltr'><strong>qua:</strong></span> <span class='ocrx_word' id='word_1_624' title='bbox 3318 1966 3459 2020; x_wconf 89' lang='lat' dir='ltr'><strong>dicta</strong></span> <span class='ocrx_word' id='word_1_625' title='bbox 3484 1966 3739 2031; x_wconf 87' lang='lat' dir='ltr'><strong>fuerant,</strong></span> <span class='ocrx_word' id='word_1_626' title='bbox 3769 1976 3826 2020; x_wconf 90' lang='lat' dir='ltr'><strong>et</strong></span> <span class='ocrx_word' id='word_1_627' title='bbox 3850 1983 3921 2020; x_wconf 75' lang='lat' dir='ltr'><strong>ex</strong></span> 
     </span>
    </p>
   </div>
   <div class='ocr_carea' id='block_1_81' title="bbox 2305 2058 3921 2129">
    <p class='ocr_par' dir='ltr' id='par_1_81' title="bbox 2305 2058 3921 2129">
     <span class='ocr_line' id='line_1_81' title="bbox 2305 2058 3921 2129; baseline -0.001 -18"><span class='ocrx_word' id='word_1_628' title='bbox 2305 2059 2459 2114; x_wconf 87' lang='lat' dir='ltr'><strong>laude</strong></span> <span class='ocrx_word' id='word_1_629' title='bbox 2480 2098 2500 2126; x_wconf 90' lang='lat'><strong>,</strong></span> <span class='ocrx_word' id='word_1_630' title='bbox 2529 2074 2631 2129; x_wconf 89' lang='lat' dir='ltr'><strong>qua</strong></span> <span class='ocrx_word' id='word_1_631' title='bbox 2675 2059 2972 2113; x_wconf 88' lang='lat' dir='ltr'><strong>doctrinam</strong></span> <span class='ocrx_word' id='word_1_632' title='bbox 2997 2058 3148 2113; x_wconf 78' lang='lat' dir='ltr'><strong>VUblS</strong></span> <span class='ocrx_word' id='word_1_633' title='bbox 3190 2058 3437 2112; x_wconf 88' lang='lat' dir='ltr'><strong>traditam</strong></span> <span class='ocrx_word' id='word_1_634' title='bbox 3470 2059 3921 2113; x_wconf 80' lang='lat' dir='ltr'><strong>commendasti-.</strong></span> 
     </span>
    </p>
   </div>
   <div class='ocr_carea' id='block_1_82' title="bbox 2304 2149 3921 2219">
    <p class='ocr_par' dir='ltr' id='par_1_82' title="bbox 2304 2149 3921 2219">
     <span class='ocr_line' id='line_1_82' title="bbox 2304 2149 3921 2219; baseline -0.001 -14"><span class='ocrx_word' id='word_1_635' title='bbox 2304 2149 2437 2205; x_wconf 89' lang='lat' dir='ltr'><strong>Cum</strong></span> <span class='ocrx_word' id='word_1_636' title='bbox 2472 2156 2613 2205; x_wconf 88' lang='lat' dir='ltr'><strong>enim</strong></span> <span class='ocrx_word' id='word_1_637' title='bbox 2666 2149 2778 2203; x_wconf 89' lang='lat' dir='ltr'><strong>heri</strong></span> <span class='ocrx_word' id='word_1_638' title='bbox 2820 2149 3092 2212; x_wconf 79' lang='lat' dir='ltr'><strong>dixissem,</strong></span> <span class='ocrx_word' id='word_1_639' title='bbox 3144 2150 3368 2219; x_wconf 46' lang='lat' dir='ltr'><strong>quisque</strong></span> <span class='ocrx_word' id='word_1_640' title='bbox 3410 2162 3647 2205; x_wconf 70' lang='lat' dir='ltr'><strong>vestrum</strong></span> <span class='ocrx_word' id='word_1_641' title='bbox 3694 2150 3921 2203; x_wconf 89' lang='lat' dir='ltr'><strong>domum</strong></span> 
     </span>
    </p>
   </div>
   <div class='ocr_carea' id='block_1_83' title="bbox 2303 2238 3920 2309">
    <p class='ocr_par' dir='ltr' id='par_1_83' title="bbox 2303 2238 3920 2309">
     <span class='ocr_line' id='line_1_83' title="bbox 2303 2238 3920 2309; baseline -0.001 -14"><span class='ocrx_word' id='word_1_642' title='bbox 2303 2255 2453 2295; x_wconf 91' lang='lat' dir='ltr'><strong>suam</strong></span> <span class='ocrx_word' id='word_1_643' title='bbox 2477 2241 2758 2295; x_wconf 91' lang='lat' dir='ltr'><strong>ecclesiam</strong></span> <span class='ocrx_word' id='word_1_644' title='bbox 2787 2241 2985 2296; x_wconf 86' lang='lat' dir='ltr'><strong>efficiat</strong></span> <span class='ocrx_word' id='word_1_645' title='bbox 3008 2240 3027 2309; x_wconf 88' lang='lat'>(</span> <span class='ocrx_word' id='word_1_646' title='bbox 3044 2257 3076 2292; x_wconf 89' lang='lat' dir='ltr'><strong>a</strong></span> <span class='ocrx_word' id='word_1_647' title='bbox 3098 2238 3142 2307; x_wconf 88' lang='lat'><strong>),</strong></span> <span class='ocrx_word' id='word_1_648' title='bbox 3170 2254 3357 2309; x_wconf 86' lang='lat' dir='ltr'><strong>magna</strong></span> <span class='ocrx_word' id='word_1_649' title='bbox 3396 2255 3527 2294; x_wconf 89' lang='lat' dir='ltr'><strong>voce</strong></span> <span class='ocrx_word' id='word_1_650' title='bbox 3552 2240 3920 2302; x_wconf 69' lang='lat' dir='ltr'><strong>acclamastis,</strong></span> 
     </span>
    </p>
   </div>
   <div class='ocr_carea' id='block_1_84' title="bbox 2304 2331 3925 2402">
    <p class='ocr_par' dir='ltr' id='par_1_84' title="bbox 2304 2331 3925 2402">
     <span class='ocr_line' id='line_1_84' title="bbox 2304 2331 3925 2402; baseline 0.001 -18"><span class='ocrx_word' id='word_1_651' title='bbox 2304 2346 2367 2386; x_wconf 89' lang='lat' dir='ltr'><strong>ac</strong></span> <span class='ocrx_word' id='word_1_652' title='bbox 2391 2333 2713 2402; x_wconf 79' lang='lat' dir='ltr'><strong>voluptatis,</strong></span> <span class='ocrx_word' id='word_1_653' title='bbox 2742 2348 2843 2402; x_wconf 90' lang='lat' dir='ltr'><strong>qua</strong></span> <span class='ocrx_word' id='word_1_654' title='bbox 2874 2347 2967 2385; x_wconf 89' lang='lat' dir='ltr'><strong>vos</strong></span> <span class='ocrx_word' id='word_1_655' title='bbox 3014 2332 3101 2387; x_wconf 91' lang='lat' dir='ltr'><strong>illa</strong></span> <span class='ocrx_word' id='word_1_656' title='bbox 3130 2332 3293 2386; x_wconf 88' lang='lat' dir='ltr'><strong>verba</strong></span> <span class='ocrx_word' id='word_1_657' title='bbox 3334 2331 3679 2401; x_wconf 89' lang='lat' dir='ltr'><strong>perfuderant</strong></span> <span class='ocrx_word' id='word_1_658' title='bbox 3704 2374 3719 2397; x_wconf 93' lang='lat'><strong>,</strong></span> <span class='ocrx_word' id='word_1_659' title='bbox 3751 2332 3925 2401; x_wconf 70' lang='lat' dir='ltr'><strong>sign?-</strong></span> 
     </span>
    </p>
   </div>
   <div class='ocr_carea' id='block_1_85' title="bbox 2305 2422 3922 2492">
    <p class='ocr_par' dir='ltr' id='par_1_85' title="bbox 2305 2422 3922 2492">
     <span class='ocr_line' id='line_1_85' title="bbox 2305 2422 3922 2492; baseline 0.001 -17"><span class='ocrx_word' id='word_1_660' title='bbox 2305 2423 2607 2478; x_wconf 85' lang='lat' dir='ltr'><strong>licationem</strong></span> <span class='ocrx_word' id='word_1_661' title='bbox 2645 2424 2888 2477; x_wconf 89' lang='lat' dir='ltr'><strong>dedistis.</strong></span> <span class='ocrx_word' id='word_1_662' title='bbox 2932 2422 3100 2477; x_wconf 83' lang='lat' dir='ltr'><strong>Porro</strong></span> <span class='ocrx_word' id='word_1_663' title='bbox 3146 2423 3190 2478; x_wconf 89' lang='lat' dir='ltr'><strong>is</strong></span> <span class='ocrx_word' id='word_1_664' title='bbox 3219 2424 3307 2492; x_wconf 89' lang='lat' dir='ltr'><strong>qui</strong></span> <span class='ocrx_word' id='word_1_665' title='bbox 3338 2438 3460 2477; x_wconf 87' lang='lat' dir='ltr'><strong>cum</strong></span> <span class='ocrx_word' id='word_1_666' title='bbox 3490 2422 3767 2492; x_wconf 85' lang='lat' dir='ltr'><strong>voluptate</strong></span> <span class='ocrx_word' id='word_1_667' title='bbox 3796 2439 3922 2492; x_wconf 83' lang='lat' dir='ltr'><strong>qua:</strong></span> 
     </span>
    </p>
   </div>
   <div class='ocr_carea' id='block_1_86' title="bbox 2304 2512 3920 2582">
    <p class='ocr_par' dir='ltr' id='par_1_86' title="bbox 2304 2512 3920 2582">
     <span class='ocr_line' id='line_1_86' title="bbox 2304 2512 3920 2582; baseline -0.001 -15"><span class='ocrx_word' id='word_1_668' title='bbox 2304 2512 2556 2569; x_wconf 88' lang='lat' dir='ltr'><strong>dicuntur</strong></span> <span class='ocrx_word' id='word_1_669' title='bbox 2585 2514 2752 2576; x_wconf 91' lang='lat' dir='ltr'><strong>audit,</strong></span> <span class='ocrx_word' id='word_1_670' title='bbox 2796 2513 2843 2567; x_wconf 92' lang='lat' dir='ltr'><strong>is</strong></span> <span class='ocrx_word' id='word_1_671' title='bbox 2881 2528 2940 2567; x_wconf 90' lang='lat' dir='ltr'><strong>se</strong></span> <span class='ocrx_word' id='word_1_672' title='bbox 2981 2512 3049 2567; x_wconf 90' lang='lat' dir='ltr'><strong>ad</strong></span> <span class='ocrx_word' id='word_1_673' title='bbox 3105 2527 3267 2582; x_wconf 85' lang='lat' dir='ltr'><strong>opera</strong></span> <span class='ocrx_word' id='word_1_674' title='bbox 3321 2512 3623 2567; x_wconf 77' lang='lat' dir='ltr'><strong>exhibenda</strong></span> <span class='ocrx_word' id='word_1_675' title='bbox 3671 2524 3920 2582; x_wconf 79' lang='lat' dir='ltr'><strong>paratum</strong></span> 
     </span>
    </p>
   </div>
   <div class='ocr_carea' id='block_1_87' title="bbox 2302 2603 3912 2675">
    <p class='ocr_par' dir='ltr' id='par_1_87' title="bbox 2302 2603 3912 2675">
     <span class='ocr_line' id='line_1_87' title="bbox 2302 2603 3912 2675; baseline 0.001 -17"><span class='ocrx_word' id='word_1_676' title='bbox 2302 2604 2554 2659; x_wconf 90' lang='lat' dir='ltr'><strong>ostendit.</strong></span> <span class='ocrx_word' id='word_1_677' title='bbox 2616 2605 2905 2674; x_wconf 82' lang='lat' dir='ltr'><strong>Propterea</strong></span> <span class='ocrx_word' id='word_1_678' title='bbox 2927 2606 3224 2675; x_wconf 85' lang='lat' dir='ltr'><strong>promptius</strong></span> <span class='ocrx_word' id='word_1_679' title='bbox 3263 2603 3423 2660; x_wconf 89' lang='lat' dir='ltr'><strong>hodie</strong></span> <span class='ocrx_word' id='word_1_680' title='bbox 3462 2620 3549 2660; x_wconf 89' lang='lat' dir='ltr'><strong>me</strong></span> <span class='ocrx_word' id='word_1_681' title='bbox 3594 2605 3662 2660; x_wconf 84' lang='lat' dir='ltr'><strong>ad</strong></span> <span class='ocrx_word' id='word_1_682' title='bbox 3706 2603 3912 2661; x_wconf 82' lang='lat' dir='ltr'><strong>docen-</strong></span> 
     </span>
    </p>
   </div>
   <div class='ocr_carea' id='block_1_88' title="bbox 2303 2696 2699 2752">
    <p class='ocr_par' dir='ltr' id='par_1_88' title="bbox 2303 2696 2699 2752">
     <span class='ocr_line' id='line_1_88' title="bbox 2303 2696 2699 2752; baseline -0.005 -1"><span class='ocrx_word' id='word_1_683' title='bbox 2303 2696 2428 2751; x_wconf 92' lang='lat' dir='ltr'><strong>dum</strong></span> <span class='ocrx_word' id='word_1_684' title='bbox 2472 2698 2699 2752; x_wconf 69' lang='lat' dir='ltr'><strong>accinvi.</strong></span> 
     </span>
    </p>
   </div>
   <div class='ocr_carea' id='block_1_89' title="bbox 2378 2789 3913 2862">
    <p class='ocr_par' dir='ltr' id='par_1_89' title="bbox 2378 2789 3913 2862">
     <span class='ocr_line' id='line_1_89' title="bbox 2378 2789 3913 2862; baseline 0.002 -20"><span class='ocrx_word' id='word_1_685' title='bbox 2378 2789 2583 2856; x_wconf 81' lang='lat' dir='ltr'><strong>Quanta</strong></span> <span class='ocrx_word' id='word_1_686' title='bbox 2609 2791 2673 2842; x_wconf 78' lang='lat' dir='ltr'><strong>sit</strong></span> <span class='ocrx_word' id='word_1_687' title='bbox 2704 2790 2941 2861; x_wconf 82' lang='lat' dir='ltr'><strong>obligatio</strong></span> <span class='ocrx_word' id='word_1_688' title='bbox 2965 2790 3165 2843; x_wconf 83' lang='lat' dir='ltr'><strong>verbum</strong></span> <span class='ocrx_word' id='word_1_689' title='bbox 3192 2790 3417 2843; x_wconf 81' lang='lat' dir='ltr'><strong>divinum</strong></span> <span class='ocrx_word' id='word_1_690' title='bbox 3439 2795 3491 2843; x_wconf 85' lang='lat' dir='ltr'><strong>in</strong></span> <span class='ocrx_word' id='word_1_691' title='bbox 3510 2807 3642 2860; x_wconf 73' lang='lat' dir='ltr'><strong>opus</strong></span> <span class='ocrx_word' id='word_1_692' title='bbox 3659 2791 3913 2862; x_wconf 78' lang='lat' dir='ltr'><strong>redigere.</strong></span> 
     </span>
    </p>
   </div>
   <div class='ocr_carea' id='block_1_90' title="bbox 2300 2880 3918 2953">
    <p class='ocr_par' dir='ltr' id='par_1_90' title="bbox 2300 2880 3918 2953">
     <span class='ocr_line' id='line_1_90' title="bbox 2300 2880 3918 2953; baseline 0.002 -19"><span class='ocrx_word' id='word_1_693' title='bbox 2300 2910 2373 2921; x_wconf 91' lang='lat'><strong>-</strong></span> <span class='ocrx_word' id='word_1_694' title='bbox 2396 2880 2591 2935; x_wconf 81' lang='lat' dir='ltr'><strong>Verum</strong></span> <span class='ocrx_word' id='word_1_695' title='bbox 2619 2881 2808 2951; x_wconf 67' lang='lat' dir='ltr'><strong>erigite</strong></span> <span class='ocrx_word' id='word_1_696' title='bbox 2833 2896 2974 2936; x_wconf 92' lang='lat' dir='ltr'><strong>nunc</strong></span> <span class='ocrx_word' id='word_1_697' title='bbox 2997 2896 3211 2951; x_wconf 85' lang='lat' dir='ltr'><strong>quoque</strong></span> <span class='ocrx_word' id='word_1_698' title='bbox 3236 2892 3443 2937; x_wconf 89' lang='lat' dir='ltr'><strong>mentes</strong></span> <span class='ocrx_word' id='word_1_699' title='bbox 3467 2893 3674 2936; x_wconf 84' lang='lat' dir='ltr'><strong>vestras</strong></span> <span class='ocrx_word' id='word_1_700' title='bbox 3700 2899 3715 2935; x_wconf 89' lang='lat'><strong>:</strong></span> <span class='ocrx_word' id='word_1_701' title='bbox 3741 2897 3918 2953; x_wconf 83' lang='lat' dir='ltr'><strong>neque</strong></span> 
     </span>
    </p>
   </div>
   <div class='ocr_carea' id='block_1_91' title="bbox 2301 2974 3911 3047">
    <p class='ocr_par' dir='ltr' id='par_1_91' title="bbox 2301 2974 3911 3047">
     <span class='ocr_line' id='line_1_91' title="bbox 2301 2974 3911 3047; baseline 0.003 -20"><span class='ocrx_word' id='word_1_702' title='bbox 2301 2974 2445 3047; x_wconf 90' lang='lat' dir='ltr'><strong>enim</strong></span> <span class='ocrx_word' id='word_1_703' title='bbox 2473 2975 2645 3028; x_wconf 90' lang='lat' dir='ltr'><strong>solum</strong></span> <span class='ocrx_word' id='word_1_704' title='bbox 2680 2975 2984 3044; x_wconf 79' lang='lat' dir='ltr'><strong>loquentem</strong></span> <span class='ocrx_word' id='word_1_705' title='bbox 3036 2985 3214 3029; x_wconf 82' lang='lat' dir='ltr'><strong>erecta</strong></span> <span class='ocrx_word' id='word_1_706' title='bbox 3265 2986 3445 3030; x_wconf 82' lang='lat' dir='ltr'><strong>mente</strong></span> <span class='ocrx_word' id='word_1_707' title='bbox 3490 2984 3707 3045; x_wconf 87' lang='lat' dir='ltr'><strong>oportet</strong></span> <span class='ocrx_word' id='word_1_708' title='bbox 3754 2992 3911 3040; x_wconf 84' lang='lat' dir='ltr'><strong>esse,</strong></span> 
     </span>
    </p>
   </div>
   <div class='ocr_carea' id='block_1_92' title="bbox 2301 3068 3916 3139">
    <p class='ocr_par' dir='ltr' id='par_1_92' title="bbox 2301 3068 3916 3139">
     <span class='ocr_line' id='line_1_92' title="bbox 2301 3068 3916 3139; baseline 0.002 -20"><span class='ocrx_word' id='word_1_709' title='bbox 2301 3082 2485 3121; x_wconf 88' lang='lat' dir='ltr'><strong>verum</strong></span> <span class='ocrx_word' id='word_1_710' title='bbox 2542 3068 2701 3121; x_wconf 86' lang='lat' dir='ltr'><strong>etiam</strong></span> <span class='ocrx_word' id='word_1_711' title='bbox 2738 3068 3011 3123; x_wconf 88' lang='lat' dir='ltr'><strong>auditores</strong></span> <span class='ocrx_word' id='word_1_712' title='bbox 3062 3078 3297 3122; x_wconf 81' lang='lat' dir='ltr'><strong>attentos</strong></span> <span class='ocrx_word' id='word_1_713' title='bbox 3342 3082 3486 3135; x_wconf 88' lang='lat' dir='ltr'><strong>esse,</strong></span> <span class='ocrx_word' id='word_1_714' title='bbox 3536 3084 3739 3139; x_wconf 82' lang='lat' dir='ltr'><strong>eosque</strong></span> <span class='ocrx_word' id='word_1_715' title='bbox 3794 3084 3916 3123; x_wconf 89' lang='lat' dir='ltr'><strong>am-</strong></span> 
     </span>
    </p>
   </div>
   <div class='ocr_carea' id='block_1_93' title="bbox 2304 3156 3915 3229">
    <p class='ocr_par' dir='ltr' id='par_1_93' title="bbox 2304 3156 3915 3229">
     <span class='ocr_line' id='line_1_93' title="bbox 2304 3156 3915 3229; baseline 0.002 -18"><span class='ocrx_word' id='word_1_716' title='bbox 2304 3158 2441 3227; x_wconf 90' lang='lat' dir='ltr'><strong>phus</strong></span> <span class='ocrx_word' id='word_1_717' title='bbox 2493 3173 2653 3229; x_wconf 87' lang='lat' dir='ltr'><strong>quant</strong></span> <span class='ocrx_word' id='word_1_718' title='bbox 2708 3170 2999 3213; x_wconf 89' lang='lat' dir='ltr'><strong>oratorem.</strong></span> <span class='ocrx_word' id='word_1_719' title='bbox 3053 3158 3181 3212; x_wconf 65' lang='lat' dir='ltr'><strong>Nam</strong></span> <span class='ocrx_word' id='word_1_720' title='bbox 3224 3172 3321 3213; x_wconf 87' lang='lat' dir='ltr'><strong>nos</strong></span> <span class='ocrx_word' id='word_1_721' title='bbox 3368 3156 3585 3229; x_wconf 90' lang='lat' dir='ltr'><strong>quidem</strong></span> <span class='ocrx_word' id='word_1_722' title='bbox 3642 3160 3693 3214; x_wconf 92' lang='lat' dir='ltr'><strong>id</strong></span> <span class='ocrx_word' id='word_1_723' title='bbox 3746 3176 3915 3215; x_wconf 88' lang='lat' dir='ltr'><strong>unum</strong></span> 
     </span>
    </p>
   </div>
   <div class='ocr_carea' id='block_1_94' title="bbox 2302 3248 3917 3318">
    <p class='ocr_par' dir='ltr' id='par_1_94' title="bbox 2302 3248 3917 3318">
     <span class='ocr_line' id='line_1_94' title="bbox 2302 3248 3917 3318; baseline 0.002 -14"><span class='ocrx_word' id='word_1_724' title='bbox 2302 3249 2601 3317; x_wconf 86' lang='lat' dir='ltr'><strong>studemus,</strong></span> <span class='ocrx_word' id='word_1_725' title='bbox 2649 3259 2707 3304; x_wconf 92' lang='lat' dir='ltr'><strong>nt</strong></span> <span class='ocrx_word' id='word_1_726' title='bbox 2744 3248 3064 3303; x_wconf 89' lang='lat' dir='ltr'><strong>dominicam</strong></span> <span class='ocrx_word' id='word_1_727' title='bbox 3111 3251 3390 3318; x_wconf 76' lang='lat' dir='ltr'><strong>pecuniam</strong></span> <span class='ocrx_word' id='word_1_728' title='bbox 3423 3250 3754 3305; x_wconf 88' lang='lat' dir='ltr'><strong>collocemus</strong></span> <span class='ocrx_word' id='word_1_729' title='bbox 3781 3268 3795 3304; x_wconf 88' lang='lat'><strong>:</strong></span> <span class='ocrx_word' id='word_1_730' title='bbox 3820 3267 3917 3307; x_wconf 82' lang='lat' dir='ltr'><strong>vos</strong></span> 
     </span>
    </p>
   </div>
   <div class='ocr_carea' id='block_1_95' title="bbox 2302 3338 3917 3412">
    <p class='ocr_par' dir='ltr' id='par_1_95' title="bbox 2302 3338 3917 3412">
     <span class='ocr_line' id='line_1_95' title="bbox 2302 3338 3917 3412; baseline 0.002 -20"><span class='ocrx_word' id='word_1_731' title='bbox 2302 3354 2432 3393; x_wconf 91' lang='lat' dir='ltr'><strong>vero</strong></span> <span class='ocrx_word' id='word_1_732' title='bbox 2470 3338 2728 3409; x_wconf 87' lang='lat' dir='ltr'><strong>majorem</strong></span> <span class='ocrx_word' id='word_1_733' title='bbox 2758 3340 2994 3394; x_wconf 85' lang='lat' dir='ltr'><strong>laborem</strong></span> <span class='ocrx_word' id='word_1_734' title='bbox 3034 3339 3333 3405; x_wconf 87' lang='lat' dir='ltr'><strong>adhibetis,</strong></span> <span class='ocrx_word' id='word_1_735' title='bbox 3372 3351 3430 3395; x_wconf 93' lang='lat' dir='ltr'><strong>ut</strong></span> <span class='ocrx_word' id='word_1_736' title='bbox 3463 3356 3583 3395; x_wconf 88' lang='lat' dir='ltr'><strong>eam</strong></span> <span class='ocrx_word' id='word_1_737' title='bbox 3627 3353 3917 3412; x_wconf 77' lang='lat' dir='ltr'><strong>exceptam</strong></span> 
     </span>
    </p>
   </div>
   <div class='ocr_carea' id='block_1_96' title="bbox 2300 3431 3919 3505">
    <p class='ocr_par' dir='ltr' id='par_1_96' title="bbox 2300 3431 3919 3505">
     <span class='ocr_line' id='line_1_96' title="bbox 2300 3431 3919 3505; baseline 0.002 -18"><span class='ocrx_word' id='word_1_738' title='bbox 2300 3447 2422 3487; x_wconf 91' lang='lat' dir='ltr'><strong>cum</strong></span> <span class='ocrx_word' id='word_1_739' title='bbox 2453 3433 2619 3487; x_wconf 89' lang='lat' dir='ltr'><strong>multa</strong></span> <span class='ocrx_word' id='word_1_740' title='bbox 2649 3433 2896 3487; x_wconf 87' lang='lat' dir='ltr'><strong>cautione</strong></span> <span class='ocrx_word' id='word_1_741' title='bbox 2923 3431 3170 3487; x_wconf 78' lang='lat' dir='ltr'><strong>servetis.</strong></span> <span class='ocrx_word' id='word_1_742' title='bbox 3201 3432 3490 3505; x_wconf 85' lang='lat' dir='ltr'><strong>Postquam</strong></span> <span class='ocrx_word' id='word_1_743' title='bbox 3532 3434 3695 3505; x_wconf 89' lang='lat' dir='ltr'><strong>igitur</strong></span> <span class='ocrx_word' id='word_1_744' title='bbox 3720 3435 3919 3491; x_wconf 60' lang='lat' dir='ltr'><strong>audiec</strong></span> 
     </span>
    </p>
   </div>
   <div class='ocr_carea' id='block_1_97' title="bbox 2301 3524 3922 3599">
    <p class='ocr_par' dir='ltr' id='par_1_97' title="bbox 2301 3524 3922 3599">
     <span class='ocr_line' id='line_1_97' title="bbox 2301 3524 3922 3599; baseline 0.002 -20"><span class='ocrx_word' id='word_1_745' title='bbox 2301 3524 2441 3589; x_wconf 88' lang='lat' dir='ltr'><strong>ritis,</strong></span> <span class='ocrx_word' id='word_1_746' title='bbox 2470 3539 2621 3581; x_wconf 88' lang='lat' dir='ltr'><strong>seras</strong></span> <span class='ocrx_word' id='word_1_747' title='bbox 2646 3526 2795 3580; x_wconf 87' lang='lat' dir='ltr'><strong>ostiis</strong></span> <span class='ocrx_word' id='word_1_748' title='bbox 2820 3534 2874 3580; x_wconf 91' lang='lat' dir='ltr'><strong>et</strong></span> <span class='ocrx_word' id='word_1_749' title='bbox 2895 3535 3071 3580; x_wconf 85' lang='lat' dir='ltr'><strong>vectes</strong></span> <span class='ocrx_word' id='word_1_750' title='bbox 3101 3525 3304 3591; x_wconf 88' lang='lat' dir='ltr'><strong>obdite,</strong></span> <span class='ocrx_word' id='word_1_751' title='bbox 3331 3541 3394 3582; x_wconf 87' lang='lat' dir='ltr'><strong>ac</strong></span> <span class='ocrx_word' id='word_1_752' title='bbox 3415 3527 3683 3583; x_wconf 84' lang='lat' dir='ltr'><strong>terribiles</strong></span> <span class='ocrx_word' id='word_1_753' title='bbox 3704 3528 3922 3599; x_wconf 85' lang='lat' dir='ltr'><strong>cogita-</strong></span> 
     </span>
    </p>
   </div>
   <div class='ocr_carea' id='block_1_98' title="bbox 2302 3615 3921 3687">
    <p class='ocr_par' dir='ltr' id='par_1_98' title="bbox 2302 3615 3921 3687">
     <span class='ocr_line' id='line_1_98' title="bbox 2302 3615 3921 3687; baseline 0.001 -16"><span class='ocrx_word' id='word_1_754' title='bbox 2302 3618 2473 3671; x_wconf 90' lang='lat' dir='ltr'><strong>tiones</strong></span> <span class='ocrx_word' id='word_1_755' title='bbox 2516 3618 2749 3685; x_wconf 81' lang='lat' dir='ltr'><strong>undique</strong></span> <span class='ocrx_word' id='word_1_756' title='bbox 2786 3617 2980 3670; x_wconf 67' lang='lat' dir='ltr'><strong>animae</strong></span> <span class='ocrx_word' id='word_1_757' title='bbox 3023 3624 3292 3686; x_wconf 81' lang='lat' dir='ltr'><strong>tamquam</strong></span> <span class='ocrx_word' id='word_1_758' title='bbox 3346 3615 3599 3672; x_wconf 64' lang='lat' dir='ltr'><strong>cusmdi-s</strong></span> <span class='ocrx_word' id='word_1_759' title='bbox 3645 3618 3921 3687; x_wconf 78' lang='lat' dir='ltr'><strong>quasdam</strong></span> 
     </span>
    </p>
   </div>
   <div class='ocr_carea' id='block_1_99' title="bbox 2300 3707 3923 3781">
    <p class='ocr_par' dir='ltr' id='par_1_99' title="bbox 2300 3707 3923 3781">
     <span class='ocr_line' id='line_1_99' title="bbox 2300 3707 3923 3781; baseline 0.002 -20"><span class='ocrx_word' id='word_1_760' title='bbox 2300 3712 2571 3780; x_wconf 84' lang='lat' dir='ltr'><strong>apponite.</strong></span> <span class='ocrx_word' id='word_1_761' title='bbox 2616 3707 2887 3778; x_wconf 82' lang='lat' dir='ltr'><strong>Siquidem</strong></span> <span class='ocrx_word' id='word_1_762' title='bbox 2937 3707 3219 3777; x_wconf 86' lang='lat' dir='ltr'><strong>impudens</strong></span> <span class='ocrx_word' id='word_1_763' title='bbox 3255 3719 3338 3763; x_wconf 89' lang='lat' dir='ltr'><strong>est</strong></span> <span class='ocrx_word' id='word_1_764' title='bbox 3387 3708 3504 3772; x_wconf 88' lang='lat' dir='ltr'><strong>fur,</strong></span> <span class='ocrx_word' id='word_1_765' title='bbox 3552 3720 3607 3764; x_wconf 87' lang='lat' dir='ltr'><strong>et</strong></span> <span class='ocrx_word' id='word_1_766' title='bbox 3650 3723 3923 3781; x_wconf 80' lang='lat' dir='ltr'><strong>perpetuo</strong></span> 
     </span>
    </p>
   </div>
   <div class='ocr_carea' id='block_1_100' title="bbox 2303 3799 3922 3872">
    <p class='ocr_par' dir='ltr' id='par_1_100' title="bbox 2303 3799 3922 3872">
     <span class='ocr_line' id='line_1_100' title="bbox 2303 3799 3922 3872; baseline 0.005 -21"><span class='ocrx_word' id='word_1_767' title='bbox 2303 3801 2518 3868; x_wconf 81' lang='lat' dir='ltr'><strong>vigilat,</strong></span> <span class='ocrx_word' id='word_1_768' title='bbox 2573 3816 2636 3853; x_wconf 90' lang='lat' dir='ltr'><strong>ac</strong></span> <span class='ocrx_word' id='word_1_769' title='bbox 2686 3806 2991 3869; x_wconf 76' lang='lat' dir='ltr'><strong>frequenter</strong></span> <span class='ocrx_word' id='word_1_770' title='bbox 3041 3799 3298 3868; x_wconf 89' lang='lat' dir='ltr'><strong>impetum</strong></span> <span class='ocrx_word' id='word_1_771' title='bbox 3347 3799 3472 3855; x_wconf 89' lang='lat' dir='ltr'><strong>facit</strong></span> <span class='ocrx_word' id='word_1_772' title='bbox 3515 3810 3617 3857; x_wconf 78' lang='lat' dir='ltr'><strong>:t-t</strong></span> <span class='ocrx_word' id='word_1_773' title='bbox 3664 3804 3922 3872; x_wconf 77' lang='lat' dir='ltr'><strong>quamvis</strong></span> 
     </span>
    </p>
   </div>
   <div class='ocr_carea' id='block_1_101' title="bbox 2300 3892 3914 3966">
    <p class='ocr_par' dir='ltr' id='par_1_101' title="bbox 2300 3892 3914 3966">
     <span class='ocr_line' id='line_1_101' title="bbox 2300 3892 3914 3966; baseline 0.001 -18"><span class='ocrx_word' id='word_1_774' title='bbox 2300 3908 2441 3961; x_wconf 69' lang='lat' dir='ltr'><strong>sepe</strong></span> <span class='ocrx_word' id='word_1_775' title='bbox 2467 3894 2676 3947; x_wconf 83' lang='lat' dir='ltr'><strong>aberret</strong></span> <span class='ocrx_word' id='word_1_776' title='bbox 2696 3934 2709 3957; x_wconf 95' lang='lat'><strong>,</strong></span> <span class='ocrx_word' id='word_1_777' title='bbox 2742 3909 2883 3960; x_wconf 63' lang='lat' dir='ltr'><strong>suape</strong></span> <span class='ocrx_word' id='word_1_778' title='bbox 2912 3892 3233 3963; x_wconf 83' lang='lat' dir='ltr'><strong>aggreditur.</strong></span> <span class='ocrx_word' id='word_1_779' title='bbox 3269 3894 3494 3950; x_wconf 83' lang='lat' dir='ltr'><strong>Adstent</strong></span> <span class='ocrx_word' id='word_1_780' title='bbox 3523 3896 3687 3966; x_wconf 83' lang='lat' dir='ltr'><strong>igitur</strong></span> <span class='ocrx_word' id='word_1_781' title='bbox 3714 3907 3914 3953; x_wconf 70' lang='lat' dir='ltr'><strong>cuto-</strong></span> 
     </span>
    </p>
   </div>
   <div class='ocr_carea' id='block_1_102' title="bbox 2299 3984 3917 4058">
    <p class='ocr_par' dir='ltr' id='par_1_102' title="bbox 2299 3984 3917 4058">
     <span class='ocr_line' id='line_1_102' title="bbox 2299 3984 3917 4058; baseline 0.004 -19"><span class='ocrx_word' id='word_1_782' title='bbox 2299 3985 2395 4039; x_wconf 90' lang='lat' dir='ltr'><strong>des</strong></span> <span class='ocrx_word' id='word_1_783' title='bbox 2418 3985 2693 4039; x_wconf 87' lang='lat' dir='ltr'><strong>terribiles</strong></span> <span class='ocrx_word' id='word_1_784' title='bbox 2716 4027 2731 4050; x_wconf 94' lang='lat'><strong>,</strong></span> <span class='ocrx_word' id='word_1_785' title='bbox 2764 3996 2818 4039; x_wconf 85' lang='lat' dir='ltr'><strong>et</strong></span> <span class='ocrx_word' id='word_1_786' title='bbox 2848 3985 2891 4038; x_wconf 89' lang='lat' dir='ltr'><strong>si</strong></span> <span class='ocrx_word' id='word_1_787' title='bbox 2932 3984 3203 4039; x_wconf 89' lang='lat' dir='ltr'><strong>diabolum</strong></span> <span class='ocrx_word' id='word_1_788' title='bbox 3235 3985 3463 4041; x_wconf 79' lang='lat' dir='ltr'><strong>viderint</strong></span> <span class='ocrx_word' id='word_1_789' title='bbox 3487 3987 3604 4041; x_wconf 75' lang='lat' dir='ltr'><strong>adv:</strong></span> <span class='ocrx_word' id='word_1_790' title='bbox 3624 4000 3872 4044; x_wconf 83' lang='lat' dir='ltr'><strong>titantem</strong></span> <span class='ocrx_word' id='word_1_791' title='bbox 3899 4033 3917 4058; x_wconf 92' lang='lat'><strong>,</strong></span> 
     </span>
    </p>
   </div>
   <div class='ocr_carea' id='block_1_103' title="bbox 2302 4076 3917 4149">
    <p class='ocr_par' dir='ltr' id='par_1_103' title="bbox 2302 4076 3917 4149">
     <span class='ocr_line' id='line_1_103' title="bbox 2302 4076 3917 4149; baseline -0.004 -17"><span class='ocrx_word' id='word_1_792' title='bbox 2302 4086 2562 4132; x_wconf 78' lang='lat' dir='ltr'><strong>eteorum</strong></span> <span class='ocrx_word' id='word_1_793' title='bbox 2592 4092 2713 4146; x_wconf 72' lang='lat' dir='ltr'><strong>quae</strong></span> <span class='ocrx_word' id='word_1_794' title='bbox 2744 4077 2984 4145; x_wconf 86' lang='lat' dir='ltr'><strong>deposita</strong></span> <span class='ocrx_word' id='word_1_795' title='bbox 3012 4084 3139 4129; x_wconf 92' lang='lat' dir='ltr'><strong>sunt</strong></span> <span class='ocrx_word' id='word_1_796' title='bbox 3180 4076 3378 4147; x_wconf 90' lang='lat' dir='ltr'><strong>aliquid</strong></span> <span class='ocrx_word' id='word_1_797' title='bbox 3421 4077 3672 4147; x_wconf 87' lang='lat' dir='ltr'><strong>abripere</strong></span> <span class='ocrx_word' id='word_1_798' title='bbox 3718 4096 3917 4149; x_wconf 71' lang='lat' dir='ltr'><strong>par-au-</strong></span> 
     </span>
    </p>
   </div>
   <div class='ocr_carea' id='block_1_104' title="bbox 2301 4169 3917 4238">
    <p class='ocr_par' dir='ltr' id='par_1_104' title="bbox 2301 4169 3917 4238">
     <span class='ocr_line' id='line_1_104' title="bbox 2301 4169 3917 4238; baseline 0.004 -15"><span class='ocrx_word' id='word_1_799' title='bbox 2301 4178 2430 4234; x_wconf 89' lang='lat' dir='ltr'><strong>tem,</strong></span> <span class='ocrx_word' id='word_1_800' title='bbox 2463 4184 2656 4238; x_wconf 87' lang='lat' dir='ltr'><strong>magno</strong></span> <span class='ocrx_word' id='word_1_801' title='bbox 2685 4184 2806 4223; x_wconf 91' lang='lat' dir='ltr'><strong>cum</strong></span> <span class='ocrx_word' id='word_1_802' title='bbox 2834 4170 3068 4222; x_wconf 87' lang='lat' dir='ltr'><strong>clamore</strong></span> <span class='ocrx_word' id='word_1_803' title='bbox 3096 4169 3243 4222; x_wconf 89' lang='lat' dir='ltr'><strong>illutn</strong></span> <span class='ocrx_word' id='word_1_804' title='bbox 3261 4169 3474 4237; x_wconf 82' lang='lat' dir='ltr'><strong>abigant</strong></span> <span class='ocrx_word' id='word_1_805' title='bbox 3503 4186 3517 4223; x_wconf 89' lang='lat'><strong>:</strong></span> <span class='ocrx_word' id='word_1_806' title='bbox 3545 4171 3590 4223; x_wconf 92' lang='lat' dir='ltr'><strong>si</strong></span> <span class='ocrx_word' id='word_1_807' title='bbox 3616 4186 3708 4226; x_wconf 64' lang='lat' dir='ltr'><strong>set</strong></span> <span class='ocrx_word' id='word_1_808' title='bbox 3732 4172 3917 4229; x_wconf 81' lang='lat' dir='ltr'><strong>ulares</strong></span> 
     </span>
    </p>
   </div>
   <div class='ocr_carea' id='block_1_105' title="bbox 2297 4260 3913 4329">
    <p class='ocr_par' dir='ltr' id='par_1_105' title="bbox 2297 4260 3913 4329">
     <span class='ocr_line' id='line_1_105' title="bbox 2297 4260 3913 4329; baseline 0.004 -14"><span class='ocrx_word' id='word_1_809' title='bbox 2297 4260 2687 4315; x_wconf 88' lang='lat' dir='ltr'><strong>sollicitudines</strong></span> <span class='ocrx_word' id='word_1_810' title='bbox 2714 4260 3042 4325; x_wconf 86' lang='lat' dir='ltr'><strong>invaserint,</strong></span> <span class='ocrx_word' id='word_1_811' title='bbox 3071 4274 3164 4313; x_wconf 82' lang='lat' dir='ltr'><strong>eas</strong></span> <span class='ocrx_word' id='word_1_812' title='bbox 3190 4261 3453 4329; x_wconf 88' lang='lat' dir='ltr'><strong>repellant</strong></span> <span class='ocrx_word' id='word_1_813' title='bbox 3482 4278 3495 4315; x_wconf 88' lang='lat'><strong>:</strong></span> <span class='ocrx_word' id='word_1_814' title='bbox 3522 4261 3569 4316; x_wconf 82' lang='lat' dir='ltr'><strong>si</strong></span> <span class='ocrx_word' id='word_1_815' title='bbox 3600 4260 3809 4320; x_wconf 84' lang='lat' dir='ltr'><strong>oblivio</strong></span> <span class='ocrx_word' id='word_1_816' title='bbox 3846 4280 3913 4322; x_wconf 84' lang='lat' dir='ltr'><strong>ex</strong></span> 
     </span>
    </p>
   </div>
   <div class='ocr_carea' id='block_1_106' title="bbox 2299 4351 3917 4421">
    <p class='ocr_par' dir='ltr' id='par_1_106' title="bbox 2299 4351 3917 4421">
     <span class='ocr_line' id='line_1_106' title="bbox 2299 4351 3917 4421; baseline 0.006 -16"><span class='ocrx_word' id='word_1_817' title='bbox 2299 4363 2502 4406; x_wconf 67' lang='lat' dir='ltr'><strong>natura:</strong></span> <span class='ocrx_word' id='word_1_818' title='bbox 2552 4351 2857 4406; x_wconf 83' lang='lat' dir='ltr'><strong>inﬁrmitate</strong></span> <span class='ocrx_word' id='word_1_819' title='bbox 2903 4352 3173 4421; x_wconf 78' lang='lat' dir='ltr'><strong>negotium</strong></span> <span class='ocrx_word' id='word_1_820' title='bbox 3230 4351 3477 4415; x_wconf 83' lang='lat' dir='ltr'><strong>facessat,</strong></span> <span class='ocrx_word' id='word_1_821' title='bbox 3520 4356 3917 4415; x_wconf 81' lang='lat' dir='ltr'><strong>exercitatione</strong></span> 
     </span>
    </p>
   </div>
   <div class='ocr_carea' id='block_1_107' title="bbox 2300 4447 3915 4521">
    <p class='ocr_par' dir='ltr' id='par_1_107' title="bbox 2300 4447 3915 4521">
     <span class='ocr_line' id='line_1_107' title="bbox 2300 4447 3915 4521; baseline 0.007 -25"><span class='ocrx_word' id='word_1_822' title='bbox 2300 4448 2611 4499; x_wconf 85' lang='lat' dir='ltr'><strong>memoriam</strong></span> <span class='ocrx_word' id='word_1_823' title='bbox 2641 4449 2901 4501; x_wconf 79' lang='lat' dir='ltr'><strong>excitent.</strong></span> <span class='ocrx_word' id='word_1_824' title='bbox 2930 4447 3111 4516; x_wconf 87' lang='lat' dir='ltr'><strong>Neque</strong></span> <span class='ocrx_word' id='word_1_825' title='bbox 3138 4448 3280 4502; x_wconf 89' lang='lat' dir='ltr'><strong>enim</strong></span> <span class='ocrx_word' id='word_1_826' title='bbox 3308 4450 3578 4505; x_wconf 88' lang='lat' dir='ltr'><strong>mediocre</strong></span> <span class='ocrx_word' id='word_1_827' title='bbox 3603 4452 3915 4521; x_wconf 87' lang='lat' dir='ltr'><strong>periculum</strong></span> 
     </span>
    </p>
   </div>
   <div class='ocr_carea' id='block_1_108' title="bbox 2300 4536 3914 4607">
    <p class='ocr_par' dir='ltr' id='par_1_108' title="bbox 2300 4536 3914 4607">
     <span class='ocr_line' id='line_1_108' title="bbox 2300 4536 3914 4607; baseline 0.009 -20"><span class='ocrx_word' id='word_1_828' title='bbox 2300 4536 2543 4590; x_wconf 91' lang='lat' dir='ltr'><strong>imminet</strong></span> <span class='ocrx_word' id='word_1_829' title='bbox 2564 4577 2580 4601; x_wconf 96' lang='lat'><strong>,</strong></span> <span class='ocrx_word' id='word_1_830' title='bbox 2613 4537 2655 4589; x_wconf 90' lang='lat' dir='ltr'><strong>si</strong></span> <span class='ocrx_word' id='word_1_831' title='bbox 2686 4538 2940 4605; x_wconf 89' lang='lat' dir='ltr'><strong>pecunias</strong></span> <span class='ocrx_word' id='word_1_832' title='bbox 2969 4537 3262 4592; x_wconf 88' lang='lat' dir='ltr'><strong>dominicas</strong></span> <span class='ocrx_word' id='word_1_833' title='bbox 3293 4540 3653 4607; x_wconf 87' lang='lat' dir='ltr'><strong>perdideritis.</strong></span> <span class='ocrx_word' id='word_1_834' title='bbox 3701 4542 3841 4601; x_wconf 84' lang='lat' dir='ltr'><strong>Nam</strong></span> <span class='ocrx_word' id='word_1_835' title='bbox 3867 4545 3914 4601; x_wconf 79' lang='lat' dir='ltr'><strong>si</strong></span> 
     </span>
    </p>
   </div>
   <div class='ocr_carea' id='block_1_109' title="bbox 2301 4626 3914 4702">
    <p class='ocr_par' dir='ltr' id='par_1_109' title="bbox 2301 4626 3914 4702">
     <span class='ocr_line' id='line_1_109' title="bbox 2301 4626 3914 4702; baseline 0.007 -24"><span class='ocrx_word' id='word_1_836' title='bbox 2301 4626 2373 4679; x_wconf 90' lang='lat' dir='ltr'><strong>illi</strong></span> <span class='ocrx_word' id='word_1_837' title='bbox 2420 4628 2508 4693; x_wconf 85' lang='lat' dir='ltr'><strong>qui</strong></span> <span class='ocrx_word' id='word_1_838' title='bbox 2559 4636 2809 4695; x_wconf 89' lang='lat' dir='ltr'><strong>acceptas</strong></span> <span class='ocrx_word' id='word_1_839' title='bbox 2856 4628 3107 4696; x_wconf 89' lang='lat' dir='ltr'><strong>pecunias</strong></span> <span class='ocrx_word' id='word_1_840' title='bbox 3136 4628 3519 4699; x_wconf 90' lang='lat' dir='ltr'><strong>disperserint,</strong></span> <span class='ocrx_word' id='word_1_841' title='bbox 3554 4647 3702 4702; x_wconf 60' lang='lat' dir='ltr'><strong>sarpe</strong></span> <span class='ocrx_word' id='word_1_842' title='bbox 3732 4645 3914 4690; x_wconf 87' lang='lat' dir='ltr'><strong>morte</strong></span> 
     </span>
    </p>
   </div>
   <div class='ocr_carea' id='block_1_110' title="bbox 2299 4720 3909 4795">
    <p class='ocr_par' dir='ltr' id='par_1_110' title="bbox 2299 4720 3909 4795">
     <span class='ocr_line' id='line_1_110' title="bbox 2299 4720 3909 4795; baseline 0.007 -24"><span class='ocrx_word' id='word_1_843' title='bbox 2299 4720 2622 4773; x_wconf 87' lang='lat' dir='ltr'><strong>mulctantur</strong></span> <span class='ocrx_word' id='word_1_844' title='bbox 2649 4738 2663 4773; x_wconf 89' lang='lat'>:</span> <span class='ocrx_word' id='word_1_845' title='bbox 2689 4720 2777 4789; x_wconf 92' lang='lat' dir='ltr'><strong>qui</strong></span> <span class='ocrx_word' id='word_1_846' title='bbox 2804 4720 2971 4773; x_wconf 92' lang='lat' dir='ltr'><strong>multo</strong></span> <span class='ocrx_word' id='word_1_847' title='bbox 2996 4722 3309 4789; x_wconf 90' lang='lat' dir='ltr'><strong>pretiosiora</strong></span> <span class='ocrx_word' id='word_1_848' title='bbox 3339 4723 3455 4776; x_wconf 91' lang='lat' dir='ltr'><strong>istis</strong></span> <span class='ocrx_word' id='word_1_849' title='bbox 3484 4724 3697 4795; x_wconf 74' lang='lat' dir='ltr'><strong>eloquia</strong></span> <span class='ocrx_word' id='word_1_850' title='bbox 3718 4726 3909 4783; x_wconf 90' lang='lat' dir='ltr'><strong>divina</strong></span> 
     </span>
    </p>
   </div>
   <div class='ocr_carea' id='block_1_111' title="bbox 2299 4812 3910 4887">
    <p class='ocr_par' dir='ltr' id='par_1_111' title="bbox 2299 4812 3910 4887">
     <span class='ocr_line' id='line_1_111' title="bbox 2299 4812 3910 4887; baseline 0.002 -22"><span class='ocrx_word' id='word_1_851' title='bbox 2299 4812 2619 4881; x_wconf 87' lang='lat' dir='ltr'><strong>receperint,</strong></span> <span class='ocrx_word' id='word_1_852' title='bbox 2652 4827 2823 4881; x_wconf 84' lang='lat' dir='ltr'><strong>caque</strong></span> <span class='ocrx_word' id='word_1_853' title='bbox 2852 4812 3184 4883; x_wconf 89' lang='lat' dir='ltr'><strong>perdiderint</strong></span> <span class='ocrx_word' id='word_1_854' title='bbox 3209 4856 3223 4878; x_wconf 93' lang='lat'><strong>,</strong></span> <span class='ocrx_word' id='word_1_855' title='bbox 3253 4830 3359 4885; x_wconf 91' lang='lat' dir='ltr'><strong>quo</strong></span> <span class='ocrx_word' id='word_1_856' title='bbox 3396 4816 3609 4870; x_wconf 89' lang='lat' dir='ltr'><strong>tandem</strong></span> <span class='ocrx_word' id='word_1_857' title='bbox 3640 4820 3910 4887; x_wconf 57' lang='lat' dir='ltr'><strong>Supplicia</strong></span> 
     </span>
    </p>
   </div>
   <div class='ocr_carea' id='block_1_112' title="bbox 2298 4904 3905 4979">
    <p class='ocr_par' dir='ltr' id='par_1_112' title="bbox 2298 4904 3905 4979">
     <span class='ocr_line' id='line_1_112' title="bbox 2298 4904 3905 4979; baseline 0.006 -23"><span class='ocrx_word' id='word_1_858' title='bbox 2298 4919 2403 4956; x_wconf 91' lang='lat' dir='ltr'><strong>non</strong></span> <span class='ocrx_word' id='word_1_859' title='bbox 2436 4904 2768 4973; x_wconf 79' lang='lat' dir='ltr'><strong>plectemur?</strong></span> <span class='ocrx_word' id='word_1_860' title='bbox 2798 4904 2929 4958; x_wconf 88' lang='lat' dir='ltr'><strong>Nam</strong></span> <span class='ocrx_word' id='word_1_861' title='bbox 2960 4907 3048 4974; x_wconf 91' lang='lat' dir='ltr'><strong>qni</strong></span> <span class='ocrx_word' id='word_1_862' title='bbox 3082 4907 3336 4975; x_wconf 84' lang='lat' dir='ltr'><strong>pecunias</strong></span> <span class='ocrx_word' id='word_1_863' title='bbox 3384 4909 3513 4962; x_wconf 89' lang='lat' dir='ltr'><strong>istas</strong></span> <span class='ocrx_word' id='word_1_864' title='bbox 3554 4911 3905 4979; x_wconf 84' lang='lat' dir='ltr'><strong>acceperint,</strong></span> 
     </span>
    </p>
   </div>
   <div class='ocr_carea' id='block_1_113' title="bbox 2299 4995 3907 5068">
    <p class='ocr_par' dir='ltr' id='par_1_113' title="bbox 2299 4995 3907 5068">
     <span class='ocr_line' id='line_1_113' title="bbox 2299 4995 3907 5068; baseline 0.008 -19"><span class='ocrx_word' id='word_1_865' title='bbox 2299 4995 2584 5050; x_wconf 75' lang='lat' dir='ltr'><strong>reddendae</strong></span> <span class='ocrx_word' id='word_1_866' title='bbox 2616 4997 2806 5049; x_wconf 88' lang='lat' dir='ltr'><strong>rationi</strong></span> <span class='ocrx_word' id='word_1_867' title='bbox 2839 5006 2963 5051; x_wconf 91' lang='lat' dir='ltr'><strong>sunt</strong></span> <span class='ocrx_word' id='word_1_868' title='bbox 2988 5005 3199 5052; x_wconf 89' lang='lat' dir='ltr'><strong>tantum</strong></span> <span class='ocrx_word' id='word_1_869' title='bbox 3228 4999 3472 5065; x_wconf 86' lang='lat' dir='ltr'><strong>obnoxii,</strong></span> <span class='ocrx_word' id='word_1_870' title='bbox 3509 5003 3787 5068; x_wconf 86' lang='lat' dir='ltr'><strong>quomodo</strong></span> <span class='ocrx_word' id='word_1_871' title='bbox 3814 5021 3907 5062; x_wconf 74' lang='lat' dir='ltr'><strong>cas</strong></span> 
     </span>
    </p>
   </div>
   <div class='ocr_carea' id='block_1_114' title="bbox 2298 5086 3907 5160">
    <p class='ocr_par' dir='ltr' id='par_1_114' title="bbox 2298 5086 3907 5160">
     <span class='ocr_line' id='line_1_114' title="bbox 2298 5086 3907 5160; baseline 0.009 -20"><span class='ocrx_word' id='word_1_872' title='bbox 2298 5086 2679 5148; x_wconf 89' lang='lat' dir='ltr'><strong>custodierint,</strong></span> <span class='ocrx_word' id='word_1_873' title='bbox 2715 5105 2813 5141; x_wconf 90' lang='lat' dir='ltr'><strong>nec</strong></span> <span class='ocrx_word' id='word_1_874' title='bbox 2839 5089 2963 5157; x_wconf 90' lang='lat' dir='ltr'><strong>quid</strong></span> <span class='ocrx_word' id='word_1_875' title='bbox 3012 5089 3147 5143; x_wconf 90' lang='lat' dir='ltr'><strong>ultra</strong></span> <span class='ocrx_word' id='word_1_876' title='bbox 3178 5092 3466 5160; x_wconf 87' lang='lat' dir='ltr'><strong>requiritur</strong></span> <span class='ocrx_word' id='word_1_877' title='bbox 3529 5095 3703 5159; x_wconf 89' lang='lat' dir='ltr'><strong>Quam</strong></span> <span class='ocrx_word' id='word_1_878' title='bbox 3736 5101 3907 5155; x_wconf 77' lang='lat' dir='ltr'><strong>multa</strong></span> 
     </span>
    </p>
   </div>
   <div class='ocr_carea' id='block_1_115' title="bbox 2299 5181 3908 5259">
    <p class='ocr_par' dir='ltr' id='par_1_115' title="bbox 2299 5181 3908 5259">
     <span class='ocr_line' id='line_1_115' title="bbox 2299 5181 3908 5259; baseline 0.006 -24"><span class='ocrx_word' id='word_1_879' title='bbox 2299 5181 2440 5235; x_wconf 90' lang='lat' dir='ltr'><strong>enim</strong></span> <span class='ocrx_word' id='word_1_880' title='bbox 2492 5182 2833 5250; x_wconf 84' lang='lat' dir='ltr'><strong>receperint,</strong></span> <span class='ocrx_word' id='word_1_881' title='bbox 2893 5192 2997 5235; x_wconf 86' lang='lat' dir='ltr'><strong>tam</strong></span> <span class='ocrx_word' id='word_1_882' title='bbox 3049 5185 3211 5237; x_wconf 72' lang='lat' dir='ltr'><strong>multa</strong></span> <span class='ocrx_word' id='word_1_883' title='bbox 3264 5184 3387 5239; x_wconf 88' lang='lat' dir='ltr'><strong>illos</strong></span> <span class='ocrx_word' id='word_1_884' title='bbox 3428 5185 3591 5258; x_wconf 86' lang='lat' dir='ltr'><strong>plane</strong></span> <span class='ocrx_word' id='word_1_885' title='bbox 3637 5204 3908 5259; x_wconf 77' lang='lat' dir='ltr'><strong>reponere</strong></span> 
     </span>
    </p>
   </div>
   <div class='ocr_carea' id='block_1_116' title="bbox 2300 5272 3906 5351">
    <p class='ocr_par' dir='ltr' id='par_1_116' title="bbox 2300 5272 3906 5351">
     <span class='ocr_line' id='line_1_116' title="bbox 2300 5272 3906 5351; baseline 0.008 -26"><span class='ocrx_word' id='word_1_886' title='bbox 2300 5287 2519 5327; x_wconf 89' lang='lat' dir='ltr'><strong>necesse</strong></span> <span class='ocrx_word' id='word_1_887' title='bbox 2542 5282 2645 5335; x_wconf 87' lang='lat' dir='ltr'><strong>est,</strong></span> <span class='ocrx_word' id='word_1_888' title='bbox 2676 5289 2847 5343; x_wconf 72' lang='lat' dir='ltr'><strong>neque</strong></span> <span class='ocrx_word' id='word_1_889' title='bbox 2873 5272 3160 5342; x_wconf 88' lang='lat' dir='ltr'><strong>quidquam</strong></span> <span class='ocrx_word' id='word_1_890' title='bbox 3188 5277 3419 5345; x_wconf 88' lang='lat' dir='ltr'><strong>amplius</strong></span> <span class='ocrx_word' id='word_1_891' title='bbox 3438 5280 3505 5334; x_wconf 91' lang='lat' dir='ltr'><strong>ab</strong></span> <span class='ocrx_word' id='word_1_892' title='bbox 3524 5279 3631 5333; x_wconf 87' lang='lat' dir='ltr'><strong>illis</strong></span> <span class='ocrx_word' id='word_1_893' title='bbox 3657 5284 3906 5351; x_wconf 84' lang='lat' dir='ltr'><strong>reposci-</strong></span> 
     </span>
    </p>
   </div>
   <div class='ocr_carea' id='block_1_117' title="bbox 2298 5364 3905 5437">
    <p class='ocr_par' dir='ltr' id='par_1_117' title="bbox 2298 5364 3905 5437">
     <span class='ocr_line' id='line_1_117' title="bbox 2298 5364 3905 5437; baseline 0.007 -20"><span class='ocrx_word' id='word_1_894' title='bbox 2298 5372 2383 5417; x_wconf 90' lang='lat' dir='ltr'><strong>tur</strong></span> <span class='ocrx_word' id='word_1_895' title='bbox 2412 5382 2424 5417; x_wconf 90' lang='lat'>:</span> <span class='ocrx_word' id='word_1_896' title='bbox 2454 5365 2688 5435; x_wconf 74' lang='lat' dir='ltr'><strong>acceptis</strong></span> <span class='ocrx_word' id='word_1_897' title='bbox 2718 5374 2894 5418; x_wconf 91' lang='lat' dir='ltr'><strong>autem</strong></span> <span class='ocrx_word' id='word_1_898' title='bbox 2923 5364 3119 5421; x_wconf 90' lang='lat' dir='ltr'><strong>divinis</strong></span> <span class='ocrx_word' id='word_1_899' title='bbox 3143 5366 3389 5437; x_wconf 86' lang='lat' dir='ltr'><strong>eloquiis,</strong></span> <span class='ocrx_word' id='word_1_900' title='bbox 3438 5385 3541 5424; x_wconf 87' lang='lat' dir='ltr'><strong>non</strong></span> <span class='ocrx_word' id='word_1_901' title='bbox 3583 5372 3748 5427; x_wconf 86' lang='lat' dir='ltr'><strong>modo</strong></span> <span class='ocrx_word' id='word_1_902' title='bbox 3778 5374 3905 5428; x_wconf 87' lang='lat' dir='ltr'><strong>illo-</strong></span> 
     </span>
    </p>
   </div>
   <div class='ocr_carea' id='block_1_118' title="bbox 2296 5452 3901 5522">
    <p class='ocr_par' dir='ltr' id='par_1_118' title="bbox 2296 5452 3901 5522">
     <span class='ocr_line' id='line_1_118' title="bbox 2296 5452 3901 5522; baseline 0.005 -15"><span class='ocrx_word' id='word_1_903' title='bbox 2296 5470 2413 5507; x_wconf 90' lang='lat' dir='ltr'><strong>rum</strong></span> <span class='ocrx_word' id='word_1_904' title='bbox 2440 5454 2695 5509; x_wconf 76' lang='lat' dir='ltr'><strong>custodim</strong></span> <span class='ocrx_word' id='word_1_905' title='bbox 2723 5452 2991 5508; x_wconf 86' lang='lat' dir='ltr'><strong>reddenda</strong></span> <span class='ocrx_word' id='word_1_906' title='bbox 3024 5464 3108 5509; x_wconf 84' lang='lat' dir='ltr'><strong>est</strong></span> <span class='ocrx_word' id='word_1_907' title='bbox 3158 5461 3314 5522; x_wconf 90' lang='lat' dir='ltr'><strong>ratio,</strong></span> <span class='ocrx_word' id='word_1_908' title='bbox 3364 5459 3459 5513; x_wconf 80' lang='lat' dir='ltr'><strong>sed</strong></span> <span class='ocrx_word' id='word_1_909' title='bbox 3509 5458 3691 5515; x_wconf 73' lang='lat' dir='ltr'><strong>multm</strong></span> <span class='ocrx_word' id='word_1_910' title='bbox 3738 5465 3901 5518; x_wconf 82' lang='lat' dir='ltr'><strong>etiam</strong></span> 
     </span>
    </p>
   </div>
   <div class='ocr_carea' id='block_1_119' title="bbox 2296 5543 3901 5623">
    <p class='ocr_par' dir='ltr' id='par_1_119' title="bbox 2296 5543 3901 5623">
     <span class='ocr_line' id='line_1_119' title="bbox 2296 5543 3901 5623; baseline 0.007 -24"><span class='ocrx_word' id='word_1_911' title='bbox 2296 5545 2687 5615; x_wconf 78' lang='lat' dir='ltr'><strong>negotiationis.</strong></span> <span class='ocrx_word' id='word_1_912' title='bbox 2723 5543 2838 5598; x_wconf 82' lang='lat' dir='ltr'><strong>Non</strong></span> <span class='ocrx_word' id='word_1_913' title='bbox 2884 5548 3024 5599; x_wconf 86' lang='lat' dir='ltr'><strong>enim</strong></span> <span class='ocrx_word' id='word_1_914' title='bbox 3057 5563 3116 5599; x_wconf 85' lang='lat' dir='ltr'><strong>ea</strong></span> <span class='ocrx_word' id='word_1_915' title='bbox 3147 5549 3318 5603; x_wconf 74' lang='lat' dir='ltr'><strong>solum</strong></span> <span class='ocrx_word' id='word_1_916' title='bbox 3359 5551 3588 5607; x_wconf 88' lang='lat' dir='ltr'><strong>reddere</strong></span> <span class='ocrx_word' id='word_1_917' title='bbox 3622 5552 3901 5623; x_wconf 86' lang='lat' dir='ltr'><strong>jnbemur,</strong></span> 
     </span>
    </p>
   </div>
   <div class='ocr_carea' id='block_1_120' title="bbox 2294 5636 3901 5710">
    <p class='ocr_par' dir='ltr' id='par_1_120' title="bbox 2294 5636 3901 5710">
     <span class='ocr_line' id='line_1_120' title="bbox 2294 5636 3901 5710; baseline 0.006 -23"><span class='ocrx_word' id='word_1_918' title='bbox 2294 5652 2412 5705; x_wconf 59' lang='lat' dir='ltr'><strong>quas</strong></span> <span class='ocrx_word' id='word_1_919' title='bbox 2453 5639 2774 5704; x_wconf 78' lang='lat' dir='ltr'><strong>recepimus.</strong></span> <span class='ocrx_word' id='word_1_920' title='bbox 2828 5636 2920 5689; x_wconf 84' lang='lat' dir='ltr'><strong>sed</strong></span> <span class='ocrx_word' id='word_1_921' title='bbox 2972 5646 3025 5690; x_wconf 92' lang='lat' dir='ltr'><strong>et</strong></span> <span class='ocrx_word' id='word_1_922' title='bbox 3083 5638 3307 5691; x_wconf 88' lang='lat' dir='ltr'><strong>Domino</strong></span> <span class='ocrx_word' id='word_1_923' title='bbox 3356 5641 3624 5710; x_wconf 87' lang='lat' dir='ltr'><strong>duplicata</strong></span> <span class='ocrx_word' id='word_1_924' title='bbox 3678 5645 3901 5704; x_wconf 72' lang='lat' dir='ltr'><strong>offerre.</strong></span> 
     </span>
    </p>
   </div>
   <div class='ocr_carea' id='block_1_121' title="bbox 2295 5727 3901 5801">
    <p class='ocr_par' dir='ltr' id='par_1_121' title="bbox 2295 5727 3901 5801">
     <span class='ocr_line' id='line_1_121' title="bbox 2295 5727 3901 5801; baseline 0.007 -22"><span class='ocrx_word' id='word_1_925' title='bbox 2295 5728 2627 5796; x_wconf 82' lang='lat' dir='ltr'><strong>Quamquam</strong></span> <span class='ocrx_word' id='word_1_926' title='bbox 2683 5727 2724 5779; x_wconf 86' lang='lat' dir='ltr'><strong>si</strong></span> <span class='ocrx_word' id='word_1_927' title='bbox 2789 5742 2850 5780; x_wconf 88' lang='lat' dir='ltr'><strong>ea</strong></span> <span class='ocrx_word' id='word_1_928' title='bbox 2904 5729 3174 5784; x_wconf 89' lang='lat' dir='ltr'><strong>custodire</strong></span> <span class='ocrx_word' id='word_1_929' title='bbox 3234 5740 3435 5785; x_wconf 72' lang='lat' dir='ltr'><strong>tantum</strong></span> <span class='ocrx_word' id='word_1_930' title='bbox 3484 5734 3693 5801; x_wconf 76' lang='lat' dir='ltr'><strong>jussum</strong></span> <span class='ocrx_word' id='word_1_931' title='bbox 3742 5740 3901 5795; x_wconf 65' lang='lat' dir='ltr'><strong>nobis</strong></span> 
     </span>
    </p>
   </div>
   <div class='ocr_carea' id='block_1_122' title="bbox 2360 5841 3769 5911">
    <p class='ocr_par' dir='ltr' id='par_1_122' title="bbox 2360 5841 3769 5911">
     <span class='ocr_line' id='line_1_122' title="bbox 2360 5841 3769 5911; baseline 0.008 -21"><span class='ocrx_word' id='word_1_932' title='bbox 2360 5841 2434 5905; x_wconf 89' lang='lat' dir='ltr'><strong>(a)</strong></span> <span class='ocrx_word' id='word_1_933' title='bbox 2468 5847 2563 5889; x_wconf 85' lang='lat' dir='ltr'><strong>Hoc</strong></span> <span class='ocrx_word' id='word_1_934' title='bbox 2586 5841 2707 5891; x_wconf 80' lang='lat' dir='ltr'><strong>dixit</strong></span> <span class='ocrx_word' id='word_1_935' title='bbox 2735 5841 2876 5904; x_wconf 67' lang='lat' dir='ltr'><strong>[aulo</strong></span> <span class='ocrx_word' id='word_1_936' title='bbox 2889 5854 3002 5893; x_wconf 91' lang='lat' dir='ltr'><strong>ante</strong></span> <span class='ocrx_word' id='word_1_937' title='bbox 3027 5844 3173 5896; x_wconf 82' lang='lat' dir='ltr'><strong>fluent</strong></span> <span class='ocrx_word' id='word_1_938' title='bbox 3198 5849 3522 5911; x_wconf 58' lang='lat' dir='ltr'><strong>prvccedeutis</strong></span> <span class='ocrx_word' id='word_1_939' title='bbox 3539 5843 3769 5901; x_wconf 66' lang='lat' dir='ltr'><strong>hominm.</strong></span> 
     </span>
    </p>
   </div>
  </div>
