4086 6422
195 407 302 463 ωε)

192 535 357 582 esset.
391 524 555 579 multa
579 522 936 579 Sollicitudiue
962 537 1024 575 ac
1041 521 1219 575 studio
1243 537 1328 576 res
1358 521 1620 591 indigeret
1645 540 1656 572 :
1691 535 1814 575 cum

193 629 324 669 vero
353 626 410 669 ut
439 619 602 670 ctiam
634 615 1076 684 tmdtiplicentur,
1107 614 1262 667 nobis
1295 614 1552 668 Dominus
1580 614 1816 682 impera-

191 708 285 772 rit,
313 710 488 778 cogita
515 718 772 778 quantum
803 706 1005 761 laboris
1039 716 1095 761 et
1136 721 1282 761 cura:
1314 707 1382 760 sit
1429 723 1458 757 ει
1497 705 1670 770 nobis,
1703 705 1820 775 qui-

187 801 294 852 bus
325 819 386 855 ea
436 786 723 854 commissa
773 807 918 864 sunt,
950 794 1361 852 conferendum.
1417 795 1542 852 Ideo
1565 797 1816 866 quidam,

190 894 278 946 cui
330 894 620 948 commissa
673 893 888 948 fuerant
941 893 1138 944 talenta
1182 891 1420 960 quinque
1468 887 1814 961 (Μαιώλό⁸

193 983 281 1040 14.
311 1002 420 1054 sqq.
448 984 491 1051 ),
538 1000 643 1038 non
676 983 897 1038 totidem
951 983 1164 1047 obtulit,
1197 982 1292 1037 sed
1349 981 1640 1052 dupliczita.
1683 981 1817 1034 Nam

190 1077 283 1129 illa
314 1075 558 1145 quidem,
605 1076 950 1145 benignitatis
979 1086 1135 1130 erant
1178 1074 1381 1128 domini
1413 1094 1424 1128 :
1459 1073 1554 1129 sed
1581 1077 1819 1144 oportuit

186 1170 355 1224 etiam
400 1184 618 1223 Servum
649 1184 800 1223 suam
853 1167 1111 1224 exhibere
1161 1168 1513 1238 diligentiam.
1557 1166 1817 1222 Similiter

183 1273 245 1317 et
273 1264 319 1316 is
347 1264 432 1318 eui
462 1262 568 1317 duo
591 1264 789 1317 talenta
818 1263 1024 1317 credita
1057 1263 1288 1328 fuerant,
1313 1263 1416 1315 alia
1439 1261 1547 1315 duo
1578 1263 1814 1317 lucratus

184 1366 272 1409 est
299 1398 312 1418 ,
343 1365 505 1425 atque
529 1355 726 1409 ideirco
759 1357 870 1425 pari
901 1372 1024 1410 eum
1057 1354 1309 1408 dominus
1335 1354 1539 1409 honore
1564 1355 1814 1424 dignatus

185 1458 292 1500 est.
325 1448 480 1500 Alius
511 1461 852 1502 verorursus
891 1447 975 1500 cui
1025 1448 1280 1501 talentum
1335 1463 1498 1501 unum
1545 1447 1812 1502 crcditmn

186 1536 386 1604 fuerat,
415 1549 469 1593 et
501 1538 628 1592 illud
655 1540 827 1608 ipsum
851 1539 1140 1603 obtulerat,
1175 1540 1317 1608 quod
1364 1539 1628 1593 creditmn
1653 1549 1807 1603 erat,

184 1629 280 1699 qui
337 1645 444 1684 non
497 1631 862 1694 imminuerat,
905 1646 1012 1684 non
1059 1630 1295 1685 deterius
1337 1630 1646 1686 reddiderat
1681 1631 1811 1684 illud

183 1722 515 1791 depositum,
560 1739 736 1791 neque
794 1721 1130 1776 dimidiatum
1189 1731 1392 1775 tantum
1454 1722 1807 1776 reddiderat:

185 1815 312 1883 quia
345 1823 609 1884 quaestum
651 1828 756 1866 non
786 1812 1006 1877 fecerat,
1037 1827 1210 1883 neque
1234 1813 1564 1882 duplicatum
1596 1812 1810 1868 obtule-

185 1917 290 1971 rat,
317 1906 456 1976 quod
483 1905 746 1960 creditqu
781 1904 973 1971 fuerat,
1003 1915 1248 1959 extremo
1287 1904 1550 1974 supplicio
1593 1904 1811 1974 punitus

183 2000 319 2064 fuit;
351 2015 415 2054 ac
437 1999 630 2054 merito
654 2015 805 2054 sane.
838 1999 968 2052 Nam
1005 2000 1048 2053 si
1080 2015 1141 2052 ea
1172 2001 1430 2054 custodiri
1475 2009 1676 2053 tantum
1712 2016 1809 2053 vo-

184 2095 432 2158 luissem,
491 2094 680 2162 inquit,
727 2109 827 2148 ncc
878 2093 1023 2147 aliud
1070 2095 1276 2148 lucrum
1322 2109 1385 2148 ex
1421 2095 1535 2149 istis
1562 2094 1805 2164 acquiri,

182 2206 291 2241 non
324 2189 412 2242 illa
448 2201 726 2242 servorum
763 2189 1008 2241 n.anibus
1048 2187 1407 2242 tradidissem.
1440 2187 1518 2242 Tu
1551 2203 1678 2241 vero
1706 2187 1805 2241 do.

179 2281 315 2334 mini
364 2279 747 2350 benignitatem
787 2281 1088 2334 Considera.
1127 2280 1175 2334 ls
1203 2281 1286 2335 cui
1340 2281 1540 2335 talenta
1575 2284 1808 2351 quinque

177 2374 476 2428 Commissa
497 2372 726 2438 fuerant,
758 2373 951 2427 obtulit
972 2374 1074 2427 alia
1097 2374 1359 2443 quinque,
1394 2385 1445 2427 et
1471 2376 1514 2426 is
1542 2375 1627 2427 cui
1652 2374 1760 2428 duo
1787 2415 1801 2440 ,

177 2466 348 2520 altera
373 2475 519 2520 tanta
537 2507 550 2529 ,
577 2477 631 2521 ct
652 2467 838 2520 eadem
858 2476 1083 2540 uterque
1107 2468 1322 2540 {mi-iniri
1348 2467 1550 2526 i'eiuiil.
1576 2467 1640 2528 Ut
1660 2469 1802 2527 enim

179 2559 253 2612 ilii
283 2559 422 2613 dixit
450 2580 461 2614 :
496 2558 662 2630 Euge,
691 2577 832 2614 serve
852 2562 977 2615 boue
1003 2579 1063 2615 ac
1084 2563 1272 2631 ﬁdelis,
1300 2580 1454 2634 super
1480 2583 1642 2634 puucu
1660 2566 1802 2637 fuisti

176 2650 370 2719 ﬁdelis,
389 2667 546 2720 super
563 2654 723 2705 multa
739 2653 1099 2707 tecoustituam
1131 2657 1147 2725 (
1172 2653 1307 2708 Ibid.
1328 2670 1374 2708 υ.
1392 2655 1451 2709 2|
1479 2659 1498 2726 )
1521 2675 1532 2710 :
1550 2660 1626 2711 sic
1640 2661 1801 2712 etiam

177 2743 255 2795 illi
274 2741 365 2811 qui
383 2743 493 2796 duo
514 2743 802 2806 obtulerat,
830 2744 1019 2814 inquit,
1040 2743 1202 2815 Euge,
1225 2760 1367 2798 serve
1387 2747 1513 2798 boue
1533 2764 1592 2798 ac
1607 2748 1800 2814 ﬁdelis,

172 2852 332 2904 super
371 2852 537 2905 pauca
581 2837 720 2902 fuisti
759 2836 959 2905 ﬁdelis,
1007 2853 1160 2906 super
1204 2839 1367 2893 multa
1413 2850 1459 2893 te
1499 2841 1804 2894 constituam

173 2929 344 2998 (lbid.
375 2947 423 2984 ιν.
453 2930 575 2999 εδ).
605 2930 905 2984 Proventus
929 2931 1067 2986 haud
1094 2931 1232 2986 idem
1263 2943 1344 2987 tst
1365 2975 1378 2998 ,
1409 2943 1462 2988 ct
1486 2948 1694 2988 merces
1720 2942 1803 2987 est

173 3024 368 3078 eadem
429 3040 441 3077 :
491 3025 568 3078 sic
617 3033 670 3077 et
718 3024 861 3078 hunc
911 3024 1101 3079 eodem
1159 3025 1364 3080 honore
1409 3027 1658 3096 dignatus
1695 3037 1797 3081 est.

170 3115 314 3183 Quid
349 3113 463 3168 ita?
489 3116 754 3180 Quoniam
780 3130 884 3169 noa
914 3130 1102 3169 eorum
1131 3133 1250 3186 qua:
1276 3118 1454 3171 oblata
1479 3131 1604 3171 sunt
1633 3134 1802 3188 quan-

176 3210 410 3270 titatem,
441 3208 535 3262 sed
575 3223 763 3262 eorum
799 3209 1070 3272 virtutem,
1103 3211 1192 3280 qui
1243 3211 1500 3280 negotiali
1551 3211 1800 3280 fuerant,

173 3300 490 3354 attendebat
522 3299 679 3355 Deus.
725 3300 856 3354 Nam
891 3313 1116 3372 uterque
1143 3318 1239 3370 pro
1267 3302 1402 3357 virili
1436 3319 1555 3373 qua:
1579 3319 1799 3358 suarum

174 3393 410 3463 partium
458 3400 611 3445 erant
669 3393 992 3462 praestiterat
1034 3411 1046 3446 :
1090 3408 1178 3447 res
1229 3404 1409 3449 autem
1455 3397 1652 3449 oblata:
1691 3411 1798 3451 non

173 3485 551 3556 multiplicatae
583 3484 792 3539 fuerant
823 3486 1232 3540 autimminuta:
1262 3489 1342 3542 vel
1373 3487 1445 3542 ob
1471 3488 1615 3543 illius
1645 3489 1798 3558 igna-
1863 3505 1882 3542 κ

174 3579 344 3639 viam,
384 3576 466 3630 vel
505 3576 577 3629 oh
605 3572 934 3646 diligentiam
981 3576 1156 3642 istius,
1185 3577 1279 3632 sed
1313 3594 1410 3647 pro
1439 3579 1666 3648 depositi
1712 3577 1798 3632 di-

173 3671 455 3724 versitate.
484 3670 576 3724 llle
597 3669 834 3739 quinque
855 3671 1084 3740 accepit,
1103 3681 1157 3725 et
1182 3671 1379 3726 obtulit
1399 3672 1502 3726 alia
1527 3675 1794 3744 quinque;

171 3763 266 3818 hic
291 3763 500 3832 accepit
524 3761 653 3827 duo,
678 3773 733 3817 ct
752 3763 944 3816 obtulit
973 3763 1282 3834 domusque
1306 3765 1446 3835 quod
1470 3765 1537 3820 ad
1561 3766 1799 3821 studium

171 3857 390 3920 attinet,
421 3855 643 3910 inferior
671 3854 898 3910 exstitit.
929 3855 1203 3923 Siquidem
1235 3867 1290 3911 et
1335 3857 1421 3912 hic
1446 3857 1711 3927 duplicia,
1745 3866 1800 3912 et

172 3948 269 4001 ille
297 3947 531 4016 duplicia
566 3947 803 4001 lucratus
831 3956 915 4002 est
954 3948 1156 4002 credita
1191 3967 1204 4002 :
1237 3948 1282 4004 is
1324 3965 1455 4004 vero
1495 3949 1584 4019 qui
1632 3966 1796 4005 unum

169 4049 482 4109 acceperat,
513 4040 737 4110 simplex
764 4041 893 4096 illud
923 4041 1154 4108 obtulit;
1180 4058 1342 4114 quam
1370 4044 1440 4099 ob
1471 4058 1687 4098 causam
1715 4051 1800 4098 est

167 4136 338 4189 etiam
367 4135 679 4203 castigatus.

245 4230 303 4281 2.
332 4228 572 4284 Audistis
599 4244 726 4299 ergo
750 4239 1007 4298 quantum
1039 4230 1158 4286 illos
1186 4240 1399 4286 maneat
1423 4232 1746 4301 supplicium
1775 4273 1791 4298 ,

168 4321 268 4392 qui
295 4337 360 4374 ex
390 4319 680 4374 dominicis
709 4322 950 4391 pecuniis
974 4325 1226 4393 ncgotiati
1261 4339 1368 4378 non
1399 4321 1618 4378 fuerint.
1655 4324 1797 4395 Ergo

168 4424 227 4470 et
275 4414 649 4469 cusmdiamus
675 4455 688 4478 ,
735 4424 788 4470 et
833 4417 1209 4485 negotiemur,
1251 4424 1308 4472 et
1336 4417 1563 4470 moltmn
1595 4432 1659 4471 ex
1691 4416 1797 4471 illis

171 4508 386 4561 lucrum
414 4506 785 4562 esbibeanms.
812 4507 995 4578 Neque
1019 4507 1160 4564 dicat
1186 4509 1380 4580 aliquis
1408 4527 1422 4564 :
1448 4508 1613 4564 [diota
1641 4525 1759 4564 sum
1777 4551 1792 4574 ,

170 4598 477 4667 discipulus
520 4614 678 4664 sunt,
723 4599 946 4652 verbum
976 4599 1238 4655 doctrina:
1279 4618 1385 4656 non
1427 4601 1634 4666 habeo,
1669 4616 1792 4656 eum

170 4686 460 4759 imperitus
500 4690 602 4743 sim
652 4698 707 4744 et
743 4689 942 4745 nullius
974 4693 1150 4761 pretii.
1185 4691 1421 4749 Tametsi
1451 4694 1597 4748 enim
1631 4693 1794 4748 idiota

169 4784 248 4836 sis
270 4822 286 4844 ,
323 4782 449 4835 licet
475 4781 769 4848 discimlus
791 4823 806 4847 ,
832 4782 959 4837 licet
986 4798 1151 4838 unum
1181 4783 1278 4839 tibi
1306 4784 1563 4839 talentum
1587 4785 1655 4840 sit
1675 4801 1796 4840 crc-

167 4873 346 4928 ditom
370 4915 384 4934 ,
422 4875 698 4944 tirgotiare
726 4889 788 4928 ex
830 4888 896 4927 eo
921 4875 1064 4944 quod
1098 4875 1190 4930 tibi
1213 4877 1561 4930 commissum
1594 4888 1710 4941 est,
1739 4886 1794 4931 et

171 4966 422 5018 eamdem
451 4980 572 5018 eum
600 4965 824 5020 doctore
849 4966 1156 5022 mercedem
1182 4969 1431 5037 accipies.
1459 4972 1535 5022 Ac
1560 4983 1653 5021 vos
1674 4969 1794 5039 qui-

168 5059 293 5110 dem
339 5072 402 5111 ea
447 5072 567 5125 qua:
595 5057 737 5111 dicta
783 5067 907 5112 sunt
933 5060 1206 5114 custodire
1236 5071 1287 5116 et
1316 5071 1502 5114 exacte
1532 5064 1791 5116 memoria

173 5162 364 5203 tenere
391 5151 613 5202 omnino
639 5151 802 5203 credo
834 5150 974 5206 z'sed
1005 5168 1074 5207 ne
1099 5153 1152 5208 in
1185 5154 1285 5209 hoc
1305 5163 1467 5209 totam
1492 5156 1792 5211 orationem

171 5243 582 5314 impendamus,
631 5259 730 5312 age
775 5260 894 5313 qua:
940 5259 1240 5316 sequuntur
1267 5265 1327 5305 ea
1353 5267 1473 5321 qua:
1504 5252 1642 5306 dicta
1667 5262 1793 5306 sunt

169 5355 195 5387 a
242 5337 403 5391 nobis
451 5337 564 5390 beri
599 5338 738 5405 apud
781 5339 1060 5394 caritatem
1092 5352 1364 5409 vestram,
1395 5343 1788 5414 adjungamus,

169 5441 225 5481 et
267 5427 411 5481 banc
455 5427 605 5480 vobis
632 5431 892 5482 custodia:
923 5432 1226 5486 mercedem
1264 5435 1651 5503 persolvatnus.
1688 5437 1785 5501 Qn'

168 5519 314 5571 enim
366 5519 544 5586 priora
587 5519 687 5574 sibi
725 5520 928 5574 credita
961 5527 1333 5587 conservavit,
1365 5528 1560 5594 digitus
1590 5537 1672 5580 est
1700 5529 1788 5596 qui

168 5610 270 5662 alia
297 5624 488 5663 rursus
519 5611 766 5680 accipiat.
796 5611 1054 5682 Qturuam
1085 5615 1245 5684 igitur
1276 5616 1387 5670 heri
1413 5619 1683 5687 preposita
1706 5630 1784 5674 est

167 5715 193 5753 a
221 5702 381 5756 nobis
410 5704 647 5756 nni-ratio
670 5705 691 5756 ‘3
718 5708 789 5759 tte
815 5707 956 5774 ligno
984 5721 1164 5762 sermo
1194 5718 1338 5771 erat,
1372 5718 1426 5764 ct
1455 5713 1787 5769 ostendimus

165 5794 480 5856 hominem,
525 5810 812 5867 antequam
857 5800 925 5853 de
974 5801 1116 5870 ligno
1160 5805 1378 5870 cderi-t,
1420 5804 1544 5859 boni
1572 5822 1634 5861 ac
1661 5808 1786 5862 mali

156 5889 534 5960 cognitionem
584 5890 865 5959 habuisse,
915 5893 1185 5965 tunitaque
1227 5899 1488 5968 repletum
1521 5903 1778 5970 εηιιῑιιιιιὶιι

1500 405 1565 461 ιχ
1606 404 1906 461 GiiNESIM
1947 405 2181 462 SEMIO
2224 407 2332 464 VII.

3449 417 3557 472 614⁵)

1936 519 2132 584 fuisse,
2176 535 2242 575 ex
2294 536 2360 575 eo
2391 520 2533 592 quod
2563 521 2780 575 nomina
2815 521 3006 578 blatiis
3034 523 3383 593 imposuerit,
3410 529 3555 597 quod

1935 627 2158 666 uxorem
2196 627 2348 666 suam
2390 615 2707 682 agnoverit,
2740 614 2883 685 quod
2910 614 3112 674 dixerit
3146 657 3158 670 .
3199 615 3311 671 Hoc
3338 634 3475 672 nunc
3496 639 3555 674 os

1930 721 1993 758 ea:
2013 705 2212 758 ossibus
2239 705 2363 759 meis
2386 702 2540 777 (Ceu.
2570 706 2625 758 2.
2650 705 2743 776 25)
2769 724 2782 770 ;
2808 707 2951 776 quod
2971 708 3038 762 de
3059 711 3262 778 nuptiis
3281 710 3563 766 disserue-

1929 797 1998 850 rit
2022 836 2036 861 ,
2066 795 2135 850 de
2163 798 2541 864 procreatione
2569 797 2894 863 liberorum,
2928 800 2998 854 de
3026 799 3294 873 coniugali
3320 804 3557 873 conjun-

1925 885 2107 943 ctione
2137 895 2192 942 et
2218 887 2287 942 dc
2308 896 2461 957 patre
2486 903 2550 943 ac
2578 899 2787 954 matre;
2813 889 2958 961 quod
2988 893 3297 949 ιιιιιιάειιιιηι
3330 906 3560 960 accepe-

1925 982 2014 1034 rit.
2045 979 2232 1052 Neque
2256 983 2400 1036 enim
2431 981 2742 1037 mandatum
2769 982 2863 1039 dat
2886 987 3170 1057 quisquam
3197 1001 3260 1040 ac
3284 986 3460 1059 legem
3484 988 3552 1047 de

1924 1071 2090 1124 rebus
2132 1072 2387 1141 gerendis
2429 1082 2518 1126 aut
2561 1089 2668 1128 non
2709 1075 2966 1144 gerendis
3005 1093 3052 1131 e;
3077 1118 3094 1144 ,
3135 1078 3224 1148 qui
3259 1076 3458 1132 bonum
3487 1093 3552 1134 ac

1925 1163 2125 1216 malum
2172 1164 2402 1232 ignaret.
2452 1164 2625 1220 Hodie
2664 1165 2848 1220 dicere
2877 1183 3059 1237 oprrze
3090 1169 3250 1223 fuerit
3277 1169 3552 1239 pretium,

1924 1270 2083 1322 quam
2123 1255 2194 1309 ob
2230 1271 2450 1310 causam
2470 1296 2487 1322 ,
2516 1259 2560 1310 si
2587 1272 2617 1311 a
2651 1257 2797 1327 ligno
2825 1260 3102 1313 scientiam
3133 1259 3296 1315 homo
3327 1277 3434 1317 non
3461 1277 3552 1316 ac-

1921 1350 2096 1414 cepit,
2149 1348 2350 1416 liguum
2396 1349 2640 1404 scicntia:
2692 1351 2817 1404 boni
2863 1368 2928 1406 ac
2969 1352 3094 1407 mali
3126 1353 3283 1408 fuerit
3311 1355 3552 1424 appella-

1924 1446 2035 1490 tmn
2084 1439 2247 1509 (Ibid.
2283 1457 2329 1493 v.
2378 1439 2434 1511 9)
2480 1459 2492 1495 :
2540 1456 2716 1512 neque
2756 1444 2898 1497 enim
2931 1445 3064 1500 levis
3094 1451 3351 1502 momenti
3381 1449 3542 1504 fuerit

1921 1527 2178 1583 didicisse
2199 1570 2213 1594 ,
2245 1547 2341 1584 cur
2375 1531 2491 1586 haec
2517 1534 2813 1602 appellatio
2844 1535 2991 1606 ligno
3016 1538 3083 1591 sit
3116 1537 3303 1594 indita.
3332 1539 3466 1594 Nam
3493 1551 3550 1596 et

1919 1621 2166 1676 diabolus
2213 1624 2343 1677 dixit
2381 1641 2392 1676 :
2426 1625 2543 1690 Qua
2588 1626 2671 1679 die
2707 1630 3135 1683 manducureritis
3159 1631 3222 1683 de
3246 1648 3303 1685 eo
3327 1675 3340 1695 ,
3374 1636 3548 1703 aperi-

1918 1723 2066 1766 eutur
2103 1716 2240 1768 oculi
2277 1717 2430 1770 vestri
2453 1758 2467 1782 ,
2509 1727 2554 1770 ct
2579 1719 2719 1774 eritis
2744 1720 2874 1773 sicut
2905 1721 3007 1785 dii,
3039 1722 3252 1776 scientes
3282 1723 3470 1777 bonum
3497 1737 3548 1780 et

1919 1805 2110 1858 mulum
2143 1806 2304 1878 (Ibid.
2349 1809 2401 1862 3.
2440 1810 2516 1879 5).
2553 1812 2836 1876 Quomodo
2869 1813 3058 1884 igitur,
3093 1813 3287 1884 inquit,
3324 1825 3379 1870 tu
3408 1817 3545 1872 dicis

1916 1897 2198 1953 scientiam
2249 1916 2354 1954 non
2404 1902 2698 1957 inseruisse
2750 1903 2876 1958 boni
2922 1919 2984 1959 ac
3016 1905 3182 1959 mali?
3211 1907 3345 1975 Quis
3373 1924 3539 1974 vero,
3601 1947 3606 1962 .

1917 2006 2130 2060 qttarso,
2175 1993 2444 2048 inseruit?
2480 2012 2606 2050 num
2640 1995 2932 2052 diabolus?
2958 1999 3140 2067 Certe,
3173 2001 3382 2072 inquit,
3416 2019 3540 2058 cum

1919 2083 2146 2152 dixerit,
2176 2083 2339 2140 Erilis
2364 2089 2494 2142 sicut
2523 2090 2615 2155 dii,
2645 2091 2859 2145 scientes
2880 2092 3066 2146 bonum
3095 2104 3142 2148 et
3163 2097 3377 2151 umlum.
3403 2095 3542 2152 Tum

1917 2187 1971 2231 tu
2019 2180 2177 2248 igitur
2223 2182 2591 2237 testimonium
2619 2185 2750 2239 mihi
2782 2185 2953 2240 hostis
2983 2187 3146 2244 affers
3173 2199 3228 2244 et
3258 2189 3542 2246 insidiato—

1917 2271 2031 2323 ris?
2072 2273 2233 2342 Atqui
2276 2273 2412 2329 dixit
2456 2275 2542 2331 hic
2586 2293 2802 2349 quoque
2826 2322 2842 2346 ,
2880 2281 3040 2335 Erilis
3069 2283 3231 2337 etiam
3261 2282 3333 2339 tzii
3362 2298 3383 2344 :
3413 2301 3541 2339 mnu

1915 2363 2078 2432 igitur
2119 2365 2190 2417 dii
2218 2376 2344 2420 sunt
2373 2368 2544 2421 facti?
2579 2368 2646 2423 Ut
2677 2370 2837 2441 igitur
2869 2372 2941 2426 dii
2974 2371 3098 2427 facti
3132 2389 3236 2429 non
3266 2387 3394 2430 sunt
3417 2418 3432 2441 ,
3462 2379 3543 2434 sic

1913 2471 2087 2530 neque
2130 2458 2408 2519 mentium
2444 2460 2568 2520 boni
2611 2477 2677 2517 ac
2719 2465 2842 2519 nali
2870 2472 2981 2522 tum
3008 2477 3354 2537 acceperunt.
3387 2468 3539 2524 Men-

1910 2553 2014 2608 dax
2055 2557 2198 2610 enim
2242 2564 2326 2612 est
2367 2557 2454 2612 ille
2477 2598 2492 2624 ,
2521 2557 2763 2629 nihilque
2791 2574 2971 2614 verum
3004 2560 3340 2632 proloquitur
3371 2580 3382 2617 :
3413 2577 3540 2618 nam

1914 2645 1977 2702 In
2000 2650 2206 2703 veritate
2226 2692 2239 2714 ,
2272 2651 2476 2721 inquit,
2508 2667 2609 2706 non
2638 2653 2772 2708 stetit
2807 2651 2979 2725 (loau,
2998 2654 3048 2709 8.
3078 2654 3194 2726 ΑΗ).

1983 2741 2086 2794 Cur
2107 2743 2306 2814 lignum
2325 2744 2552 2799 scientia:
2568 2745 2688 2799 boni
2712 2755 2756 2799 et
2779 2745 2904 2800 ntali
2927 2747 2999 2799 sic
3027 2757 3256 2801 rocatmu
3274 2747 3449 2819 fuerit.
3469 2780 3538 2793 --

1910 2831 1986 2887 Ne
2037 2836 2196 2903 igitur
2244 2835 2447 2891 inimici
2504 2839 2872 2892 testimonium
2917 2840 3318 2908 producamus,
3348 2842 3442 2896 sed
3468 2857 3536 2897 ex

1914 2929 2042 2996 ipsis
2073 2931 2233 2984 rebus
2261 2931 2609 3001 colligamus,
2644 2947 2751 3004 qua
2778 2933 2846 2988 de
2873 2948 3033 2987 causa
3065 2935 3267 3004 lignum
3295 2936 3540 2991 scientiae

1911 3021 2036 3073 boni
2084 3036 2146 3075 ac
2176 3023 2301 3076 mali
2337 3033 2581 3078 vocetur.
2627 3025 2705 3079 Ac
2737 3026 2884 3094 prius
2906 3064 2924 3094 ,
2953 3027 2996 3080 si
3031 3027 3241 3080 vidrtur
3262 3066 3277 3089 ,
3312 3027 3439 3098 quid
3469 3027 3541 3082 sit

1913 3114 2110 3168 bonum
2153 3129 2218 3169 ac
2264 3115 2466 3169 malum
2509 3117 2947 3173 consideremus.
2989 3119 3129 3185 Quid
3171 3135 3302 3190 ergo
3336 3121 3538 3177 bonum

1909 3208 2036 3262 est?
2067 3206 2407 3263 Obedientia.
2438 3209 2578 3277 Quid
2602 3210 2850 3266 malum?
2878 3212 3271 3271 lnobedientia.
3305 3217 3381 3269 Ae
3409 3225 3532 3269 tan-

1913 3300 2081 3372 tisper
2119 3317 2150 3356 a
2189 3303 2344 3358 nobis
2373 3305 2488 3359 ha-c
2519 3320 2583 3358 ex
2619 3305 2750 3374 ipsis
2780 3305 3076 3377 Scriptcris
3101 3317 3293 3363 exacte
3324 3310 3538 3368 exami-

1911 3406 2109 3450 nentur
2129 3437 2143 3460 ,
2178 3411 2246 3450 ne
2273 3397 2416 3453 forte
2436 3438 2452 3465 ,
2483 3397 2613 3453 dum
2639 3399 2766 3454 boni
2788 3415 2851 3455 ac
2877 3401 3003 3456 mali
3032 3411 3279 3457 naturam
3305 3404 3539 3476 inquiri-

1909 3505 2065 3555 mus,
2107 3491 2446 3546 aberremus.
2493 3491 2610 3548 lloc
2648 3494 2792 3548 enim
2822 3509 2945 3550 esse
2973 3495 3172 3550 bonum
3203 3511 3268 3551 ac
3297 3499 3498 3552 malmn
3521 3540 3536 3564 ,

1906 3581 2032 3636 audi
2073 3574 2180 3653 quo
2223 3593 2382 3652 pacto
2407 3583 2600 3640 doceat
2629 3587 2888 3656 pr0pbeta
2919 3603 3041 3642 cum
3071 3588 3202 3644 dicit
3232 3607 3245 3644 :
3278 3589 3418 3656 Quid
3442 3592 3536 3646 bo-

1908 3691 2030 3728 num
2050 3715 2065 3741 ,
2098 3685 2146 3730 et
2180 3677 2304 3746 quid
2334 3678 2587 3733 Dominus
2612 3678 2752 3734 Deus
2780 3682 2992 3751 requirit
3017 3700 3051 3737 a
3077 3685 3167 3740 te?
3193 3683 3291 3739 Dic
3316 3687 3441 3756 quid
3467 3687 3538 3743 sit

1907 3767 2116 3821 bonum.
2153 3767 2221 3823 Ut
2247 3770 2437 3841 diligas
2465 3769 2745 3825 Dominum
2779 3772 2943 3828 Deum
2973 3783 3116 3829 tuum
3144 3776 3335 3848 (Miclt.
3357 3777 3414 3834 6.
3438 3779 3526 3850 8).

1909 3859 2074 3916 Vides
2121 3863 2318 3917 bonum
2366 3878 2490 3920 esse
2530 3865 2934 3922 obedientiam?
2975 3870 3242 3941 siquidem
3284 3887 3353 3927 es
3393 3873 3528 3929 dile-

1904 3957 2085 4012 ctione
2108 3957 2279 4012 oritur
2301 3957 2632 4014 obedientia.
2664 3960 2730 4015 Et
2754 3977 2978 4019 rursus:
3003 3963 3122 4020 Duo
3143 3968 3282 4021 nuda
3303 3968 3424 4039 fecit
3445 3985 3538 4038 p0-

1905 4047 2062 4116 pulus
2086 4065 2228 4102 meus
2249 4049 2333 4102 Iu'c
2361 4064 2380 4102 :
2411 4066 2492 4105 me
2517 4051 2896 4121 dereliquerunt
2924 4057 3117 4124 [autem
3146 4075 3295 4129 aqua:
3316 4059 3461 4125 view,
3485 4070 3535 4114 et

1904 4140 2149 4210 {oderunt
2177 4142 2273 4194 sibi
2301 4143 2548 4197 cisternas
2567 4145 2815 4199 contritas
2839 4187 2853 4210 ,
2877 4161 2993 4216 qua:
3019 4164 3124 4202 non
3146 4159 3386 4219 poterunt
3405 4168 3532 4206 cou-

1904 4233 2064 4287 tinere
2091 4250 2280 4300 aquam
2306 4233 2442 4304 (Jer.
2467 4234 2525 4289 2.
2558 4236 2676 4307 t3).
2705 4237 2868 4295 Vides
2899 4240 3319 4299 inohedicntiam
3349 4255 3405 4301 et
3434 4246 3530 4303 de-

1905 4327 2238 4384 relictionem
2285 4330 2485 4385 malum
2532 4333 2701 4388 esse?
2749 4333 2863 4390 lloc
2909 4335 3071 4406 igitur
3098 4339 3316 4395 interim
3347 4350 3532 4398 tenea-

1903 4435 2060 4489 mus,
2106 4422 2467 4478 obedientiam
2506 4425 2706 4481 bonum
2728 4442 2884 4493 esse,
2917 4439 3080 4500 atque
3106 4431 3526 4492 inobcdientiam

1903 4513 2104 4567 malum
2131 4555 2145 4577 ,
2175 4523 2230 4568 et
2255 4516 2334 4570 sic
2365 4515 2494 4570 illud
2526 4517 2688 4572 etiam
2717 4533 3133 4590 cognoscemus.
3165 4523 3298 4579 Nam
3328 4525 3532 4583 idcirco

1905 4603 2108 4673 lignum
2154 4605 2398 4661 scicntia:
2441 4606 2566 4662 boni
2597 4623 2661 4664 ac
2687 4611 2813 4665 mali
2845 4624 3101 4679 vocatur,
3130 4617 3276 4686 quod
3307 4620 3532 4673 manda-

1903 4705 2015 4752 tum
2050 4697 2120 4752 de
2147 4699 2296 4770 ligno
2324 4699 2578 4756 traditum
2607 4702 2792 4771 fuerit,
2820 4707 2975 4775 cujus
2996 4709 3283 4766 occasione
3332 4712 3415 4768 vel
3449 4713 3534 4769 in-

1901 4790 2212 4846 obedientia
2262 4792 2346 4848 vel
2371 4793 2679 4851 obedientia
2707 4809 3023 4854 exercetur.
3045 4799 3185 4857 Nam
3211 4813 3369 4860 antea
3391 4805 3532 4862 scie-

1902 4884 1994 4938 hat
2023 4884 2263 4940 Adamus
2288 4884 2654 4944 obedientiam
2686 4889 2886 4945 bonum
2914 4907 3071 4961 esse,
3097 4895 3523 4954 inobedientiam

1899 4986 2078 5029 autem
2111 4977 2312 5031 malum
2345 4996 2358 5031 :
2387 4980 2731 5038 manifestius
2756 4993 2940 5039 autem
2974 4995 3160 5055 postea
3189 5002 3254 5043 ex
3287 4990 3402 5059 ipsa
3435 5007 3526 5047 re-

1900 5083 2021 5124 rum
2049 5070 2382 5138 experientia
2411 5073 2616 5128 didicit.
2643 5076 2794 5130 Sit-ut
2815 5077 2979 5132 etiam
3004 5078 3207 5134 cmdem
3229 5079 3525 5137 fraternam

1899 5163 2100 5216 malum
2155 5179 2276 5219 esse
2321 5179 2546 5220 noverat
2597 5166 2768 5234 Cain,
2819 5170 2904 5225 vel
2957 5153 3248 5243 antequam
3301 5173 3524 5230 fratrem

1898 5269 2056 5308 suum
2084 5257 2356 5312 occideret
2396 5276 2408 5312 :
2444 5268 2499 5310 ut
2527 5260 2671 5314 enim
2701 5261 2970 5334 intelligas
2997 5279 3120 5318 eum
3147 5265 3373 5320 scivisse
3405 5283 3521 5322 ma-

1900 5347 2002 5400 lam
2042 5362 2153 5400 rem
2197 5346 2398 5413 fuisse,
2440 5350 2564 5404 audi
2612 5352 2740 5422 quid
2785 5353 2973 5409 dicat:
3016 5354 3163 5425 Veni,
3204 5374 3446 5413 exeamus
3474 5361 3525 5414 in

1897 5457 2132 5510 mmpum
2170 5439 2321 5508 (Gen.
2369 5445 2426 5498 4.
2468 5446 2545 5514 δ).
2583 5445 2780 5502 Verum
2822 5465 2927 5520 qua
2954 5449 3021 5504 de
3051 5467 3213 5506 cau~a
3247 5453 3467 5509 fratrem
3495 5472 3525 5510 a

1900 5534 2138 5600 ιῖξὶιιδιίιίδ
2169 5535 2308 5588 ulnis
2335 5537 2582 5592 a\‘lli>llm
2608 5542 2659 5592 in
2691 5555 2941 5612 campum
2976 5545 3144 5598 trahis
3165 5547 3189 5598 ?
3214 5563 3314 5602 cur
3345 5551 3394 5601 in
3427 5551 3526 5605 de-

1897 5633 2042 5677 serto
2083 5628 2412 5680 constituis?
2450 5643 2549 5683 cur
2584 5633 2792 5687 auxilio
2827 5635 3144 5693 d‘Stitntum
3183 5641 3404 5695 reddis?
3429 5658 3527 5696 cur

1897 5717 2054 5786 longe
2097 5732 2125 5771 ει
2160 5727 2384 5787 paterno
2427 5735 2717 5792 conspectu
2759 5727 3028 5784 abducis?
3066 5745 3165 5785 cur
3194 5732 3366 5787 audax
3397 5734 3520 5789 fati-

1899 5825 1998 5864 nns
2029 5820 2292 5876 occultas,
2312 5813 2355 5867 si
2390 5827 2668 5882 peccatum
2694 5832 2800 5873 non
2831 5819 3151 5875 reformidas
3174 5824 3198 5874 ‘.’
3225 5841 3320 5878 em-
3340 5835 3523 5880 autem

1900 5916 1953 5959 ct
2000 5913 2122 5974 post
2149 5904 2353 5962 caedem
2383 5917 2745 5980 perpeti-alam
2780 5929 2964 5971 rursus
2996 5914 3358 5988 interrogatus
3387 5918 3526 5982 indi-
