4086 6442
612 408 706 463 fill

607 540 783 600 gnaris
826 540 887 581 ac
911 519 1192 579 mentiris?
1215 519 1347 574 Cum
1373 520 1516 573 enim
1545 517 1767 573 dixisset
1791 518 1927 571 Dens
1947 559 1960 580 ,
1993 516 2090 571 (lbi
2115 529 2191 575 ess

609 621 731 676 Abel
770 625 929 691 frater
952 617 1111 671 tuus?
1144 614 1464 684 respondisti
1498 633 1512 670 :
1544 614 1811 681 Numquid
1837 628 2004 671 custos
2026 617 2202 685 fratris

605 713 704 766 turi
743 727 855 765 sum
885 725 974 781 ego
1000 706 1154 782 (Gen.
1176 708 1231 764 4.
1264 706 1367 777 9)?
1394 708 1468 762 Ex
1494 721 1600 778 quo
1622 707 1822 777 liquet,
1844 723 1968 763 eum
1996 723 2118 763 cum
2147 708 2197 762 id

603 804 769 874 probe
798 809 1010 867 nosset,
1037 799 1106 854 ad
1127 798 1229 854 hoc
1254 798 1458 856 facinus
1478 800 1805 869 prorupisse.
1832 797 1898 855 Ut
1919 799 2077 869 igitur
2099 800 2199 856 iste

599 903 858 957 noverat,
909 903 1194 963 antequam
1236 891 1601 958 experiretur,
1653 890 1855 947 caulem
1910 905 2033 947 esse
2082 906 2197 948 rem

601 985 794 1040 malam
821 1002 836 1049 ;
881 994 1060 1056 postea
1107 998 1234 1037 vero
1271 982 1456 1037 didicit
1486 983 1646 1037 etiam
1673 982 2044 1047 manifestius,
2071 998 2196 1038 cum

599 1091 816 1147 paruam
855 1075 1108 1132 sustinuit
1143 1074 1487 1145 audivitque,
1528 1073 1744 1129 Gemens
1769 1091 1830 1128 ac
1857 1084 2073 1129 tremens
2097 1075 2196 1129 eris

597 1184 754 1238 super
796 1177 981 1220 terram
1033 1165 1194 1237 (Ibid.
1225 1182 1272 1220 ν.
1303 1166 1395 1239 19)
1425 1167 1542 1224 :sic
1568 1177 1622 1222 ct
1647 1166 1800 1221 istius
1829 1174 1980 1237 pater
2001 1206 2016 1233 ,
2045 1175 2197 1221 anto-

596 1274 757 1328 qunm
801 1257 1018 1324 ederet,
1065 1256 1192 1313 boni
1233 1271 1296 1312 ac
1322 1257 1448 1313 mali
1479 1258 1784 1327 cognitione
1811 1256 2077 1328 pollebat,
2111 1266 2193 1311 ta-

596 1350 753 1404 metsi
796 1365 900 1404 non
929 1350 1000 1404 ita
1029 1350 1298 1416 evidenti,
1340 1365 1404 1406 ac
1439 1366 1563 1407 cum
1589 1349 1658 1406 de
1681 1351 1822 1422 ligno
1848 1351 2189 1406 comedisset.

597 1441 778 1498 Dicam
806 1443 1061 1513 apertius.

669 1533 818 1589 Mala
865 1534 1044 1588 melius
1087 1533 1348 1599 noviprius,
1387 1543 1653 1605 postquam
1678 1550 1738 1589 ea
1764 1534 2183 1604 perpetraaimus.

595 1626 825 1681 —Mala
868 1626 1066 1681 scimus
1110 1639 1298 1680 omnes
1323 1667 1337 1689 ,
1379 1625 1540 1680 etiam
1575 1634 1860 1695 antequam
1884 1625 1971 1679 illa
1998 1640 2189 1695 perpe-

595 1729 833 1780 tremus;
902 1714 1234 1770 manifestius
1277 1729 1407 1771 vero
1452 1730 1514 1769 ea
1558 1713 1849 1776 discimus.
1904 1725 2186 1785 postquam

592 1810 679 1864 illa
708 1809 1130 1880 perpetravimus
1152 1851 1166 1872 ,
1189 1823 1253 1864 ac
1279 1809 1448 1865 multo
1475 1811 1637 1865 etiam
1661 1808 1993 1864 manifestius
2015 1851 2030 1878 ,
2062 1822 2186 1865 cum

589 1901 859 1970 punimur.
890 1899 978 1956 Sic
1004 1900 1166 1955 etiam
1193 1898 1322 1956 Cain
1345 1900 1548 1956 sciebat
1570 1900 1783 1971 quidem
1805 1910 1958 1955 antea
1981 1901 2184 1956 ett-dem

588 1990 880 2047 fraternam
925 1993 1123 2046 malum
1169 2005 1289 2046 esse
1332 2008 1345 2045 :
1390 2001 1574 2061 postea
1611 2007 1738 2046 vero
1764 1992 1950 2046 didicit
1969 1992 2185 2048 eviden-

591 2083 725 2147 tius,
755 2094 876 2137 com
906 2081 1168 2152 supplicio
1213 2083 1496 2138 mulctatus
1524 2092 1642 2137 est:
1677 2099 1773 2138 nos
1802 2084 1944 2137 enim
1972 2098 2185 2152 quoque

591 2174 874 2226 sanitatem
909 2188 1021 2227 rem
1052 2173 1242 2227 bonam
1274 2187 1394 2229 esse
1423 2174 1667 2228 novimus
1691 2215 1708 2238 ,
1736 2182 1790 2228 et
1812 2174 2182 2244 aegritudinem

588 2281 704 2320 rem
745 2265 1055 2326 molestam.
1100 2275 1383 2335 antequam
1425 2265 1551 2322 i‘lnd
1596 2267 1982 2336 experiamur:
2016 2269 2183 2322 multo

590 2374 716 2414 vero
740 2360 938 2414 certius
958 2401 971 2425 ,
1001 2372 1124 2414 cum
1154 2360 1206 2415 in
1227 2361 1474 2416 morbum
1505 2361 1849 2418 inciderimus
1866 2403 1881 2428 ,
1907 2362 2182 2434 utriusque

587 2452 678 2506 rei
697 2452 984 2506 discrimen
1010 2454 1368 2522 agnoscimus.

756 2541 955 2597 Eadem
994 2542 1244 2598 nimirum
1271 2544 1478 2601 ratione
1508 2555 1727 2599 noverat
1753 2549 1914 2602 etiam
1943 2546 2182 2603 Adamus

585 2632 944 2689 obedientiam
971 2649 1084 2689 rem
1107 2635 1300 2690 bonam
1323 2649 1463 2699 esse,
1491 2636 1902 2692 inobedientiam
1921 2653 2049 2694 vero
2067 2652 2182 2695 ma-

587 2723 696 2780 lam
722 2744 735 2781 :
767 2725 1024 2794 deinceps
1049 2742 1178 2783 vero
1201 2728 1388 2784 didicit
1412 2729 1712 2785 evidentius
1729 2772 1745 2797 ,
1774 2746 1894 2787 cuin
1924 2732 2184 2804 lignogu—

584 2825 728 2875 stan
762 2834 794 2874 e
831 2821 1079 2888 paradiso
1107 2821 1308 2892 eiectus
1331 2833 1415 2878 est
1440 2864 1454 2883 .
1487 2825 1539 2878 et
1565 2825 1634 2879 ab
1661 2825 1748 2881 illa
1780 2828 1973 2883 excidit
2003 2827 2178 2886 felici-

585 2919 720 2968 tate.“
736 2909 870 2967 Cum
902 2913 1060 2982 igitur
1084 2913 1136 2967 in
1164 2928 1380 2984 poenam
1400 2916 1718 2982 incurrerit,
1749 2920 1920 2990 quod,
1947 2920 2057 2976 Deo
2083 2938 2178 2978 re-

583 3011 762 3066 tante.
809 3003 1004 3074 lignum
1053 3005 1379 3078 degustarit,
1419 3004 1755 3063 manifestius
1795 3025 1920 3067 eum
1965 3027 2060 3082 per
2086 3029 2181 3067 ex-

584 3097 898 3164 perientiam
950 3110 1103 3167 pana
1133 3097 1316 3154 docuit
1335 3141 1351 3166 ,
1386 3099 1495 3155 Deo
1522 3116 1626 3155 non
1657 3101 2031 3173 obtemperare
2060 3121 2176 3160 ma.

581 3185 694 3243 lum
718 3227 736 3252 ,
758 3196 813 3242 at
841 3186 1214 3259 obtemperare
1243 3190 1442 3246 bonum
1468 3204 1588 3246 esse
1611 3208 1626 3245 :
1651 3202 1930 3262 propterea
1977 3195 2178 3265 lignum

581 3277 821 3337 scientiae
857 3278 981 3335 boni
1027 3293 1091 3335 ac
1134 3281 1258 3335 mali
1283 3289 1529 3336 ‘vocatur.
1571 3281 1636 3338 Et
1668 3295 1769 3353 qua
1813 3285 1883 3340 de
1909 3300 2102 3350 causa.
2133 3287 2178 3343 si

583 3383 692 3423 non
733 3368 846 3440 ipsa
875 3369 1001 3441 ligni
1043 3379 1231 3428 natura
1259 3371 1537 3428 scientiam
1567 3373 1752 3430 habuit
1775 3374 1900 3430 boni
1927 3385 1982 3431 et
2011 3377 2134 3432 mali
2159 3417 2178 3445 ,

579 3460 676 3518 sed
713 3477 779 3516 ex
819 3462 929 3532 ipsa
958 3477 1115 3534 paena
1144 3473 1362 3534 propter
1388 3465 1801 3522 inolredientiam
1832 3466 1902 3522 ob
1925 3466 2178 3539 degusta-

581 3566 693 3611 tum
738 3552 937 3623 lignum
985 3554 1130 3609 illata
1168 3553 1502 3612 manifestius
1542 3556 1642 3612 hoc
1681 3558 1865 3614 didicit
1888 3559 2083 3625 homo,
2117 3561 2180 3616 li-

580 3662 744 3715 gnum
782 3649 1022 3705 scientia:
1060 3649 1186 3705 boni
1206 3661 1275 3706 ac
1300 3651 1424 3706 mali
1455 3662 1675 3708 vocatur
1692 3653 1719 3708 l
1744 3653 1898 3720 Quod
1925 3654 2179 3711 nimirum

583 3738 670 3792 hic
720 3738 1009 3807 Scriptum.
1057 3753 1174 3794 mos
1195 3742 1299 3805 sit,
1333 3742 1420 3796 tibi
1446 3757 1535 3797 res
1559 3744 1820 3813 quaepiam
1849 3745 1902 3797 in
1931 3745 2063 3800 locis
2087 3753 2181 3800 aut

585 3831 916 3899 temporibus
944 3830 1264 3896 quibusdam
1279 3832 1540 3888 acciderit
1562 3874 1578 3898 ,
1609 3847 1638 3887 a
1663 3833 1822 3888 rebus
1851 3833 1955 3888 illis
1981 3843 2036 3888 et
2061 3834 2175 3890 loca

581 3931 636 3974 et
680 3929 918 3990 [amputa
960 3937 1176 3977 vocare.
1220 3922 1323 3979 Sed
1364 3935 1416 3977 ut
1462 3924 1658 3978 clarius
1704 3925 1844 3994 quod
1883 3925 2006 3980 dico
2053 3926 2177 3994 iiat,

583 4011 710 4065 illud
737 4012 986 4082 exemplo
1008 4012 1159 4068 vobis
1185 4013 1481 4070 illustrabo.
1511 3999 1705 4071 P.uteos
1732 4016 2021 4087 aliquando
2038 4018 2180 4074 'fodit

583 4103 730 4158 lsaac
761 4120 775 4158 :
806 4104 902 4158 bos
924 4114 1101 4159 autem
1134 4115 1325 4174 puteos
1354 4107 1511 4160 vicini
1533 4107 1808 4163 destruere
1834 4122 1953 4164 cum
1976 4112 2179 4179 agressi

581 4207 796 4262 essent,
845 4197 968 4249 inde
1009 4196 1252 4252 simultas
1293 4199 1537 4267 quietiam
1577 4209 1659 4255 est
1702 4211 1848 4262 orta,
1880 4212 1935 4256 et
1963 4205 2180 4257 vocavit

584 4297 804 4354 puteum
860 4287 1166 4342 inimicitias
1217 4304 1232 4341 :
1284 4303 1389 4342 non
1443 4289 1582 4358 quod
1634 4299 1823 4360 puteus
1874 4291 2179 4348 inimicitias

585 4386 861 4433 exercent
879 4421 892 4442 ,
926 4377 1020 4432 sed
1048 4378 1189 4446 quod
1219 4380 1358 4434 circa
1390 4378 1535 4434 illum
1561 4381 1850 4436 inimicitim
1869 4392 2074 4437 exortae
2095 4397 2180 4438 es-

583 4480 702 4525 sent
736 4468 886 4536 (Cen.
910 4471 1000 4524 26.
1025 4468 1138 4533 21).
1163 4469 1252 4526 Sic
1277 4481 1330 4526 et
1352 4471 1550 4542 lignqu
1573 4471 1809 4526 scientia!
1833 4473 1955 4527 boni
1978 4481 2031 4528 et
2054 4473 2178 4527 mali

585 4574 806 4616 vocatur
826 4605 840 4626 ,
874 4579 977 4616 non
1007 4563 1146 4633 quod
1176 4565 1346 4633 ipsum
1378 4564 1596 4619 scientia
1630 4563 1852 4634 polleret
1873 4606 1887 4628 ,
1918 4565 2010 4619 sed
2038 4565 2178 4634 quod

585 4656 727 4710 circa
757 4655 882 4709 illud
913 4655 1045 4709 facta
1075 4665 1216 4710 esset
1241 4657 1478 4711 scientim
1500 4657 1622 4711 boni
1644 4673 1706 4712 ac
1724 4657 1846 4711 mali
1871 4657 2177 4712 tleclaratio.

590 4747 796 4802 Rursus
835 4757 1049 4818 puteum
1082 4746 1214 4800 fodit
1237 4746 1506 4802 Abraham
1527 4789 1542 4811 ,
1570 4749 1790 4802 insidias
1817 4750 2021 4818 paravit
2050 4752 2180 4804 Abi-

589 4839 796 4895 melecb
845 4858 857 4893 :
900 4847 1295 4900 convenerunt,
1347 4839 1652 4893 inimicitias
1697 4839 2088 4908 deposuerunt,
2120 4857 2182 4896 ac

588 4931 827 5001 pratstito
869 4945 1057 4986 mutuo
1092 4930 1395 5000 jnramento
1436 4942 1653 4999 puteum
1697 4930 1843 4985 illmn
1888 4930 2182 4987 Iuramcnti

591 5035 807 5094 puteum
846 5025 1179 5092 appellarunt
1209 5023 1372 5095 (Ibid.
1399 5023 1489 5079 21.
1523 5024 1610 5078 51.
1643 5023 1732 5091 δε)
1760 5040 1774 5089 ;
1805 5039 1908 5078 non
1933 5026 2074 5095 quod
2100 5027 2187 5094 ju-

590 5125 762 5169 rasset
802 5125 1031 5183 puteus,
1079 5114 1172 5169 sed
1211 5114 1353 5184 quod
1393 5115 1532 5170 circa
1575 5126 1787 5183 puteum
1823 5115 2185 5184 iuramentum

591 5207 886 5274 pr'rstitum
924 5214 1086 5259 esset.
1139 5205 1296 5259 Vides
1322 5205 1434 5260 loca
1466 5222 1569 5259 non
1603 5206 1714 5259 fieri
1742 5220 1933 5260 causas
1962 5218 2142 5260 rerum
2173 5251 2186 5270 ,

593 5298 715 5350 licet
763 5313 792 5350 a
839 5296 995 5350 rebus
1036 5310 1228 5350 nomen
1277 5296 1583 5365 accipiant?
1612 5299 1882 5365 Siquidem
1908 5296 2062 5350 valde
2093 5315 2181 5351 ne-

591 5392 884 5445 ccssarium
909 5400 1025 5458 cst,
1055 5400 1112 5444 ut
1137 5390 1491 5446 adhibeantur
1510 5391 1750 5456 exempla
1773 5431 1787 5453 ,
1821 5404 1926 5460 quo
1962 5389 2188 5442 manife-

591 5484 753 5537 stiora
790 5481 912 5537 [iant
936 5499 1055 5554 qua:
1077 5482 1325 5536 dicimus.
1354 5481 1560 5536 Rursus
1588 5492 1931 5535 occurrentes
1962 5479 2063 5534 sibi
2094 5495 2189 5533 an-

591 5575 741 5641 gelos
770 5575 900 5627 vidit
924 5574 1084 5628 Jacob
1112 5583 1167 5628 et
1190 5583 1364 5627 castra
1399 5571 1492 5627 Dei
1519 5613 1533 5637 ,
1568 5582 1672 5626 tum
1701 5573 1987 5642 appellavit
2012 5573 2188 5627 locum

593 5667 780 5720 Castra
809 5665 967 5737 (Ibid.
1001 5665 1090 5720 32.
1120 5663 1200 5736 2).
1230 5664 1465 5719 Tametsi
1491 5673 1641 5719 locus
1665 5675 1836 5718 castra
1870 5680 1974 5717 non
2005 5674 2186 5729 esset,

593 5758 940 5811 nihilominus
967 5755 1152 5810 Castra
1182 5764 1398 5809 vocatus
1420 5764 1498 5810 est
1531 5755 1710 5819 locus,
1741 5755 1860 5824 quia
1886 5755 1995 5810 illic
2017 5765 2189 5810 castra

589 5849 819 5906 viderat.
851 5841 1008 5903 Vides
1049 5855 1109 5901 ut
1137 5846 1205 5902 ab
1229 5857 1423 5904 eventu
1454 5847 1567 5916 rei,
1597 5862 1714 5922 qua:
1745 5848 1795 5901 in
1826 5847 1942 5902 loco
1966 5845 2176 5904 accide-

1285 403 1342 457 S.
1384 400 1663 458 JOANNIS
1700 399 2172 457 Clilll'SOSTUlll
2217 399 2534 458 AliClllEP.
2576 402 3112 464 CONSTANTINOP.

2313 529 2414 587 rat,
2438 521 2613 576 locum
2638 523 2964 592 appellarit?
2989 525 3078 580 Sic
3100 526 3261 580 etiam
3286 526 3487 596 lignum
3510 530 3681 586 scient

2305 629 2369 668 ae
2389 614 2512 669 mali
2536 625 2786 678 vocatur,
2814 631 2918 670 non
2950 615 3094 687 quod
3117 616 3292 687 ipsum
3316 618 3440 674 boni
3469 621 3705 692 malique

2307 705 2377 759 tia
2402 706 2648 776 polleret,
2668 705 2762 762 sed
2783 707 2924 776 quod
2951 707 3191 762 scientia:
3221 709 3344 765 boni
3363 725 3425 766 ac
3446 712 3570 766 mali
3593 711 3734 768 facta
3755 705 3880 781 fa

2304 797 2444 852 circa
2476 796 2604 852 illud
2632 797 3044 864 demonstratio,
3086 807 3142 854 et
3169 801 3548 859 inobedientia
3585 814 3753 874 atque
3782 804 3917 860 obe-

2303 891 2518 946 dieutia'
2539 893 2871 948 exercitatio.
2891 893 3101 949 Rursus
3113 894 3281 950 Deum
3302 896 3432 952 vidit
3452 897 3912 969 Jacoli,quantum

2304 981 2418 1036 ﬁeri
2448 992 2642 1050 potest,
2666 995 2724 1038 tit
2751 985 2821 1038 ab
2837 984 3052 1041 homine
3077 986 3338 1048 videatur.
3378 999 3432 1044 et
3457 992 3666 1044 vocavit
3709 1006 3908 1047 nomen

2303 1072 2406 1129 loci
2435 1074 2579 1131 illius
2616 1075 2828 1143 Species
2871 1075 2984 1132 Dei.
3017 1078 3240 1144 Quare?
3262 1079 3397 1146 Quia
3419 1079 3525 1135 ridi
3548 1078 3716 1136 Deum
3749 1081 3904 1149 (Gen.

2299 1164 2387 1222 32.
2413 1165 2527 1237 30).
2544 1167 2734 1236 inquit.
2758 1168 3092 1239 Quamquam
3119 1184 3227 1225 non
3243 1171 3395 1226 locus
3423 1169 3515 1226 Dei
3535 1170 3748 1241 species
3769 1181 3909 1240 erat,

2297 1255 2392 1311 sed
2441 1272 2470 1310 a
2517 1273 2577 1312 re
2620 1273 2741 1327 qum
2786 1268 3040 1314 evenerat
3065 1260 3116 1314 in
3147 1259 3297 1327 loco,
3331 1269 3452 1316 nata
3477 1271 3563 1317 est
3591 1263 3908 1332 appellatio.

2297 1347 2460 1402 Vides
2500 1363 2662 1418 quam
2712 1350 2894 1404 multis
2932 1366 2997 1406 ex
3042 1351 3174 1406 locis
3220 1367 3427 1408 morem
3457 1368 3580 1410 esse
3607 1352 3910 1422 Scriptum

2293 1440 2879 1514 dentgnstraveriuius,
2926 1451 2982 1496 ut
3024 1457 3054 1496 a
3101 1443 3264 1499 rebus
3313 1459 3433 1514 qua:
3474 1445 3774 1501 acciderint
3804 1459 3907 1500 no.

2293 1499 2468 1585 min,
2487 1532 2617 1587 locis
2661 1499 2941 1600 imponat?
2975 1532 3213 1604 idipsum
3240 1499 3454 1607 quoque
3483 1499 3534 1591 in
3552 1499 3910 1607 temporibus

2290 1637 2453 1696 agere
2501 1625 2800 1682 consuevit.
2844 1625 2952 1682 Sed
2999 1641 3068 1683 ne
3117 1628 3275 1683 tzrdio
3306 1645 3403 1684 vos
3444 1629 3776 1686 afﬁciamus.
3809 1644 3911 1700 age

2292 1731 2598 1771 sermonem
2666 1732 2698 1772 a
2762 1719 3089 1775 tristioribus
3134 1722 3201 1775 ad
3239 1721 3559 1790 jucundiora
3609 1722 3911 1777 transfera-

2291 1822 2431 1862 mus.
2473 1807 2683 1862 Etenim
2717 1808 2826 1878 jam
2857 1809 3143 1880 defatigata
3174 1820 3259 1866 est
3299 1827 3450 1866 mens
3485 1824 3663 1868 vestra
3727 1814 3908 1869 subﬁ-

2291 1899 2516 1954 linribus
2541 1901 2825 1956 sententiis
2855 1901 3134 1956 immorata
3163 1922 3176 1957 :
3206 1913 3535 1972 quapropter
3557 1918 3740 1971 opera:
3773 1921 3905 1974 pre-

2289 1988 2420 2043 tium
2437 1989 2602 2044 fuerit
2626 1990 2766 2044 illam
2794 2004 2865 2046 rei
2884 2005 3039 2047 reare
3052 2008 3116 2047 ac
3135 1993 3552 2066 sinnilicioi'ibus
3567 1994 3905 2053 lmtioribus-

2287 2084 2702 2152 qne‘sententiis
2731 2085 2873 2138 illam
2907 2100 3144 2154 pascere.

2365 2173 2440 2228 De
2461 2175 2604 2229 bouis
2630 2176 2736 2246 agit
2766 2192 2856 2243 per
2873 2191 3074 2232 crucem
3104 2177 3332 2233 invectis.
3363 2177 3519 2234 Latro
3544 2196 3637 2234 cur
3661 2182 3716 2235 in
3739 2199 3902 2250 parn-

2287 2265 2456 2319 disum
2480 2265 2906 2320 introductus.—
2926 2266 3008 2324 Ad
3037 2269 3274 2326 salutare
3299 2271 3460 2341 igitur
3487 2271 3690 2342 lignum
3724 2277 3905 2331 erucis

2285 2355 2591 2412 redeamus.
2639 2357 2753 2413 lloc
2777 2359 2920 2414 enim
2954 2359 3134 2415 omnia
3163 2361 3302 2415 mala
3331 2363 3547 2418 sustulit
3567 2404 3584 2429 ,
3616 2377 3740 2434 qua
3769 2365 3904 2421 illud

2286 2445 2562 2501 invexerat
2607 2465 2621 2501 :
2663 2448 2747 2502 vel
2790 2448 2967 2516 potius
2994 2463 3099 2504 non
3127 2450 3256 2505 illud
3286 2451 3424 2507 mala
3453 2451 3771 2519 invexerat,
3803 2455 3903 2510 sed

2286 2535 2450 2593 homo
2490 2541 2604 2608 ipse
2640 2549 2832 2596 cuncta
2856 2582 2870 2606 ,
2893 2557 3014 2613 qua:
3041 2542 3242 2600 deinde
3266 2542 3510 2602 Christus
3535 2546 3696 2617 plane
3720 2557 3904 2603 sustm

2287 2627 2348 2683 lit
2368 2669 2385 2695 ,
2424 2639 2589 2700 atque
2637 2631 2742 2689 illis
2766 2633 3026 2704 ampliora
3058 2635 3228 2691 multo
3257 2635 3396 2694 bona
3423 2638 3646 2695 invexit.
3679 2639 3765 2696 0b
3793 2639 3898 2696 hoc

2286 2721 2459 2792 ipsum
2487 2722 2561 2776 ait
2586 2723 2782 2780 Paulus
2809 2744 2823 2781 :
2861 2727 2962 2782 Ubi
2979 2726 3254 2782 abundarit
3265 2729 3508 2785 delictum
3529 2773 3545 2799 ,
3575 2735 3898 2803 superabun-

2282 2816 2615 2887 davit‘gratia
2644 2818 2821 2887 (liam.
2853 2820 2907 2874 5.
2938 2819 3070 2890 90);
3097 2819 3201 2877 hoc
3225 2831 3310 2878 est
3329 2865 3344 2889 ,
3373 2825 3548 2891 majus
3571 2834 3658 2880 est
3685 2825 3893 2883 donum

2281 2922 2440 2978 quam
2475 2919 2786 2980 “peccatum.
2830 2910 3034 2967 Idcirco
3079 2925 3269 2969 rursus
3293 2913 3370 2970 ait
3407 2933 3422 2970 :
3452 2913 3576 2970 Non
3602 2912 3734 2972 sicut
3758 2918 3892 2973 deli-

2281 3009 2417 3054 ctum
2441 3042 2458 3067 ,
2488 3002 2563 3055 ita
2605 3010 2654 3057 et
2680 3001 2870 3056 donum
2893 3001 3070 3070 (Rom.
3093 3003 3146 3059 5.
3177 3004 3269 3073 l5)
3297 3022 3311 3060 :
3344 3021 3451 3061 non
3472 3019 3733 3075 quantum
3751 3025 3895 3080 pec-

2283 3093 2424 3147 cavit
2463 3092 2624 3148 homo
2648 3133 2663 3158 ,
2708 3101 2912 3148 tantum
2955 3093 3175 3150 donavit
3217 3096 3362 3153 Deus
3400 3114 3415 3152 :
3449 3112 3555 3154 non
3585 3110 3786 3169 quanta
3812 3103 3896 3171 ᾔει

2282 3191 2458 3248 ctdra.
2483 3195 2664 3245 tantus
2688 3195 2772 3244 est
2799 3195 3040 3256 qumstus
3063 3206 3078 3242 :
3105 3202 3211 3244 non
3238 3199 3496 3261 quantum
3524 3191 3891 3262 naufragium,

2285 3285 2431 3330 canta
2475 3279 2636 3334 etum
2687 3279 2979 3349 negotiatio
3029 3277 3127 3334 fuit
3175 3296 3190 3334 :
3241 3279 3336 3336 sed
3383 3280 3534 3351 plura
3567 3283 3706 3338 bona
3738 3284 3895 3342 fuero

2282 3381 2444 3436 quam
2490 3368 2662 3434 mala;
2708 3378 2764 3423 et
2807 3369 3020 3426 merito.
3049 3369 3323 3442 Siquidem
3351 3372 3492 3427 mala
3519 3385 3712 3430 servus
3742 3375 3898 3431 inve-

2282 3458 2382 3526 xit,
2406 3468 2457 3514 et
2483 3459 2687 3515 minora
2717 3471 2873 3516 erant
2897 3480 2911 3517 :
2939 3456 3080 3516 bona
3104 3477 3234 3518 vero
3253 3463 3478 3534 largitus
3498 3473 3582 3521 est
3603 3461 3894 3534 Dominus,

2281 3552 2533 3621 quocirca
2562 3550 2773 3606 fuerunt
2799 3561 2853 3607 et
2869 3551 3022 3623 plura
3053 3569 3066 3606 :
3098 3561 3381 3622 propterea
3404 3553 3535 3610 dicit
3563 3573 3577 3610 :
3612 3553 3738 3611 Non
3760 3559 3900 3613 sim

2282 3641 2522 3695 delictum
2545 3681 2559 3697 .
2605 3642 2677 3695 ita
2714 3651 2760 3694 et
2805 3641 3017 3696 donum.
3049 3642 3252 3698 Deinde
3279 3643 3570 3700 discrimen
3599 3645 3851 3719 adjungit
3881 3666 3897 3702 :

2286 3730 2425 3785 Nam
2438 3731 2696 3801 judicium
2716 3732 2919 3800 quidem
2947 3749 3010 3787 ea:
3033 3746 3143 3787 uno
3167 3733 3220 3787 in
3241 3732 3740 3800 condemnationem,
3771 3753 3898 3809 grn-

2283 3827 2354 3878 tia
2401 3834 2568 3878 autem
2597 3841 2664 3880 ex
2702 3825 2874 3879 multis
2915 3824 3112 3880 delictis
3139 3825 3192 3879 in
3209 3826 3658 3895 justiﬁcatiaucm.
3685 3829 3900 3886 Oliseuo

2284 3916 2396 3970 rius
2416 3927 2499 3971 est
2521 3958 2537 3982 ,
2569 3919 2710 3986 quod
2732 3918 2962 3972 diximus
2987 3935 3001 3970 :
3037 3918 3219 3988 itaque
3241 3933 3465 3974 necesse
3488 3927 3574 3974 est
3595 3959 3614 3986 ,
3640 3929 3700 3975 ut
3721 3937 3903 3992 espo-

2284 4009 2534 4065 si‘tionem
2563 4009 2935 4079 adiungamus.
2967 4008 3112 4063 Nam
3133 4010 3396 4079 judicium
3414 4013 3652 4082 quidem,
3677 4012 3784 4070 hoc
3813 4027 3902 4072 est

2284 4114 2439 4169 poena
2463 4142 2478 4164 ,
2521 4100 2840 4169 supplicium
2864 4140 2880 4165 ,
2918 4113 3098 4166 mors;
3131 4099 3214 4155 Es
3233 4118 3334 4157 uno
3351 4142 3366 4165 ,
3393 4101 3602 4159 scilicet
3621 4115 3853 4175 peccato
3883 4129 3903 4165 τ

2281 4193 2546 4260 εἱ;;ὐί‹1αῐι
2597 4204 2764 4247 unum
2811 4201 3085 4260 peccatum
3137 4201 3342 4250 tantum
3393 4194 3592 4250 malum
3641 4198 3898 4265 invexit;

2281 4287 2452 4355 gratia
2495 4298 2622 4341 vero
2667 4301 2772 4340 non
2823 4285 2952 4340 illud
3003 4287 3176 4341 solum
3227 4297 3544 4357 peccatum,
3575 4289 3670 4345 sed
3703 4301 3763 4347 et
3789 4291 3898 4348 alia

2285 4377 2447 4431 multa
2492 4377 2729 4432 sustulit.
2773 4375 2979 4432 Idcirco
3017 4377 3149 4434 dicit
3179 4396 3193 4432 :
3227 4378 3410 4433 Gratia
3432 4391 3601 4435 autem
3629 4397 3694 4435 ex
3716 4384 3898 4438 "cultis

2286 4469 2483 4524 delictis
2525 4469 2578 4522 iu
2616 4469 3068 4539 justiﬁcationem.
3115 4469 3405 4540 Propterea
3451 4471 3688 4529 Ioannes
3731 4475 3897 4530 etiam

2287 4560 2522 4628 Baptista
2565 4560 2833 4615 clamabat
2879 4575 2893 4613 :
2936 4557 3071 4616 Ecce
3109 4577 3274 4631 agnus
3298 4559 3400 4615 Dei
3420 4604 3435 4630 ,
3461 4577 3568 4616 non
3589 4604 3604 4627 ,
3633 4565 3725 4634 qui
3755 4565 3900 4622 tollit

2288 4661 2564 4718 peccatum
2611 4651 2802 4706 Atlami
2827 4693 2841 4717 ,
2895 4651 3024 4719 sed,
3083 4651 3185 4720 Qui
3223 4652 3356 4706 tollit
3402 4664 3668 4723 peccatum
3716 4659 3901 4711 mundi

2291 4741 2488 4811 (Joau.
2515 4743 2567 4796 l.
2602 4743 2716 4812 9.9).
2754 4742 2966 4808 Vidisti,
2998 4759 3103 4814 quo
3135 4755 3289 4814 pacto
3314 4747 3590 4806 noncicut
3613 4745 3895 4816 delictum,

2287 4832 2357 4886 ita
2385 4841 2438 4886 et
2465 4834 2631 4904 gratia
2655 4874 2668 4896 ,
2694 4833 2788 4890 sed
2813 4834 2962 4905 plura
2985 4835 3185 4905 lignum
3209 4835 3312 4890 boc
3330 4837 3529 4893 invexit
3549 4836 3716 4905 bona,
3735 4855 3900 4910 quam

2287 4941 2316 4980 a
2347 4927 2609 4996 principio
2642 4926 2839 4982 fuerint
2869 4929 3078 4984 invecta
3108 4929 3284 4983 mala?

2361 5020 2414 5075 Il.
2445 5019 2571 5074 Hice
2601 5031 2778 5074 autem
2801 5035 2828 5072 a
2854 5036 2938 5074 me
2962 5020 3101 5075 dicta
3132 5029 3277 5087 sunt,
3309 5037 3376 5075 ne
3403 5033 3432 5076 a
3460 5015 3650 5091 primis
3679 5025 3787 5079 illis
3810 5037 3902 5095 pa-

2289 5113 2533 5167 rentibus
2562 5112 2760 5167 danmo
2783 5123 2834 5166 te
2861 5112 3112 5168 allectum
3142 5113 3438 5169 arbitreris.
3465 5114 3726 5171 Diabolus
3755 5118 3901 5172 Ada-

2291 5219 2435 5256 nium
2459 5202 2637 5272 cjecit,
2676 5204 2936 5259 latronem
2959 5203 3206 5260 Christus
3231 5204 3550 5260 introduxit.
3581 5207 3664 5262 Ac
3690 5209 3897 5266 discre-

2292 5295 2528 5363 pantiam
2555 5294 2696 5349 vide.
2731 5295 2824 5349 Ille
2854 5295 3126 5350 hominem
3169 5296 3316 5351 nullo
3341 5298 3599 5353 infectum
3641 5314 3902 5370 peccato,

2293 5387 2387 5442 sed
2432 5389 2546 5442 sola
2593 5386 2970 5442 inobcdientize
3014 5387 3240 5450 macula,
3287 5389 3448 5457 ejvcit
3477 5406 3491 5442 :
3521 5390 3776 5448 Christus
3822 5394 3903 5448 la-

2295 5488 2500 5532 tronem
2547 5477 2826 5532 innumera
2875 5487 3212 5547 peccatorum
3240 5492 3435 5548 genera
3491 5487 3800 5549 gestantem
3851 5485 3902 5538 in

2299 5572 2602 5641 paradisum
2662 5571 2980 5627 introduxit.
3038 5573 3121 5626 An
3179 5572 3338 5642 igitur
3395 5573 3496 5627 hoc
3553 5583 3765 5631 tantum
3822 5587 3906 5633 est

2296 5662 2630 5725 admirabile,
2663 5661 2805 5732 quod
2840 5662 3101 5716 latronem
3144 5663 3195 5716 in
3225 5661 3533 5732 paradisum
3566 5664 3904 5731 introduxit,

2297 5753 2440 5808 aliud
2463 5768 2589 5808 vero
2616 5751 2790 5808 nihil?
2813 5751 2995 5806 Potest
3015 5762 3069 5807 et
3089 5751 3232 5806 aliud
3264 5753 3432 5822 majus
3453 5754 3580 5808 dici.
3614 5755 3733 5812 Non
3758 5759 3902 5813 enim

2292 5845 2471 5900 solum
2503 5843 2794 5900 introduxit
2823 5843 3112 5914 latronem,
3144 5844 3238 5900 sed
3271 5856 3320 5901 et
3351 5857 3472 5901 ante
3500 5847 3764 5903 mundum
3791 5850 3907 5905 uni.-

3613 6324 4049 6442 ἢ...]
