4086 6428
221 496 326 546 (illi

223 620 472 667 versum,
505 614 559 658 et
597 613 720 657 ante
763 599 1040 670 apostolos
1070 615 1081 649 :
1117 610 1186 649 ιιε
1231 594 1352 664 quis
1388 599 1733 662 posterorum
1777 602 1838 644 se

222 697 432 765 ingredi
462 710 621 764 posse
649 695 936 765 desperet,
969 705 1143 760 neque
1170 703 1322 758 Spem
1360 701 1579 740 omnem
1608 699 1722 738 sua:
1751 698 1841 738 sa-

221 786 350 842 lutis
381 787 602 857 ahjiciat
625 828 640 850 ,
668 801 790 840 cuin
823 781 1123 837 innumeris
1158 787 1457 834 scatentem
1498 777 1654 831 malis
1698 789 1757 830 se
1787 775 1840 830 in

222 882 371 950 regio
404 879 608 936 versari
638 878 842 949 palatio
868 877 1063 932 videat.
1097 873 1205 930 Sed
1233 871 1646 928 consideremus
1665 912 1680 936 ,
1710 883 1840 924 num

224 975 442 1029 labores
476 982 532 1028 et
557 983 705 1028 recte
730 973 868 1027 facta
907 981 964 1028 et
994 970 1200 1025 fructus
1229 968 1533 1024 exhibuerit
1575 967 1728 1020 latro.
1755 963 1840 1020 Ne

223 1067 330 1121 hoc
349 1065 569 1137 quidem
597 1064 702 1120 dici
737 1074 934 1135 potest,
965 1062 1062 1118 sed
1095 1062 1240 1116 nudo
1265 1059 1434 1116 verbo
1464 1060 1694 1129 prolato,
1725 1058 1840 1113 sola

224 1159 330 1215 tlde
361 1158 601 1213 exhibita
633 1158 686 1213 in
720 1157 1027 1228 paradisum
1069 1165 1199 1211 ante
1225 1153 1502 1224 apostolos
1531 1153 1719 1208 insiliit
1741 1195 1755 1219 ,
1787 1160 1844 1206 ut

224 1249 497 1319 intelligas
525 1264 630 1316 non
648 1249 764 1317 ejus
787 1247 1112 1319 probitatem
1142 1255 1346 1301 tantum
1370 1245 1625 1310 valuisse,
1657 1257 1842 1298 verum

226 1343 440 1397 Domini
464 1343 848 1410 benignitatem
880 1351 1051 1396 tottun
1083 1341 1356 1412 negotium
1382 1341 1672 1409 peregisse.
1703 1335 1842 1403 Quid

221 1435 370 1487 enim
415 1434 551 1488 latro
589 1434 762 1489 dixit?
790 1433 918 1502 quid
969 1432 1141 1488 fecit?
1186 1447 1315 1485 num
1359 1427 1668 1501 jejunavit?
1715 1441 1841 1481 num

223 1525 411 1580 ﬂevit?
445 1541 572 1579 num
600 1539 661 1580 se
691 1523 1070 1579 afﬂixit?~num
1104 1524 1265 1594 longe
1299 1531 1544 1593 tempore
1571 1521 1842 1591 lKBlliICIl-

224 1616 355 1669 tiam
385 1614 674 1669 exhibuit?
717 1612 1062 1686 Nequaquam
1096 1633 1109 1668 :
1143 1613 1239 1669 sed
1281 1613 1333 1667 in
1367 1613 1480 1682 ipsa
1521 1627 1684 1667 cruce
1725 1619 1845 1681 post

221 1706 552 1760 sententiam
617 1706 846 1761 salutem
909 1706 1162 1760 obtinuit.
1205 1705 1338 1760 Vide
1365 1704 1701 1760 celeritatem
1752 1722 1762 1756 :
1811 1717 1842 1756 a

222 1811 388 1850 cruce
420 1797 470 1849 in
502 1797 714 1861 caelum,
747 1811 777 1850 a
807 1797 1076 1868 supplicio
1117 1798 1172 1851 in
1223 1795 1477 1850 salutem.
1508 1795 1639 1862 Qua:
1683 1808 1843 1862 porro

223 1895 358 1940 sunt
383 1886 470 1941 illa
493 1886 696 1962 yerba?
723 1901 882 1957 quam
912 1886 1127 1941 tandem
1149 1887 1255 1941 vim
1283 1887 1500 1948 habent,
1527 1896 1583 1940 ιιι
1610 1888 1712 1940 Ιιοε
1736 1899 1843 1940 ιιιιο

224 1989 374 2032 tanta
405 1987 830 2048 consequeretur
872 1978 1051 2032 bona?
1085 1976 1344 2031 Memento
1385 1978 1516 2041 mei,
1552 1976 1756 2046 inquit.
1788 1976 1842 2029 in

222 2087 384 2141 regno
409 2081 497 2124 tuo
527 2069 678 2138 (Luc.
705 2069 800 2125 25.
830 2071 948 2139 42).
975 2070 1114 2139 Quid
1147 2071 1250 2124 hoc
1273 2070 1348 2123 rei
1375 2069 1673 2123 esl?Petiit
1699 2069 1838 2124 booa

220 2160 365 2230 dari,
417 2177 524 2216 uon
569 2161 826 2230 operibus
870 2161 999 2232 ipsis
1038 2161 1274 2215 studium
1327 2160 1494 2214 ul'tun
1543 2159 1789 2215 adhibuit
1826 2179 1838 2212 :

220 2269 413 2308 verum
453 2254 497 2308 is
543 2253 628 2307 cui
660 2267 756 2308 eor
784 2253 902 2323 ejus
951 2264 1136 2308 notum
1163 2263 1316 2316 erat,
1353 2269 1458 2306 non
1502 2252 1735 2306 attendit
1774 2251 1842 2306 ad

223 2346 388 2402 verba
411 2387 426 2410 ,
459 2345 555 2401 sed
583 2345 651 2400 ad
680 2346 878 2400 mentis
907 2345 1184 2400 allectum.
1215 2344 1349 2400 Nam
1391 2345 1468 2400 illi
1499 2344 1718 2414 quidem
1750 2345 1842 2415 qui

225 2438 616 2508 prephetarum
650 2436 862 2493 fuerant
886 2437 1229 2493 documentis
1261 2437 1545 2502 instructi,
1569 2437 1659 2506 qui
1691 2436 1844 2506 signa

222 2529 493 2596 viderant,
517 2529 609 2600 qui
632 2530 884 2585 miracula
929 2528 1143 2585 fuerant
1189 2529 1560 2597 contemplati,
1597 2528 1665 2583 de
1696 2527 1847 2584 Chri-

221 2631 308 2676 sto
350 2620 642 2676 dicebant:
669 2619 992 2676 Dwmonium
1035 2620 1206 2686 habet,
1253 2629 1308 2676 et
1332 2661 1346 2685 ,
1388 2618 1601 2674 Seducit
1644 2619 1844 2673 turbam

222 2710 442 2782 (Matth.
476 2713 562 2766 II.
596 2711 686 2783 18)
716 2729 730 2767 :
761 2711 898 2766 latro
941 2726 1094 2779 vero,
1122 2711 1213 2782 qui
1247 2709 1537 2781 prophetas
1585 2725 1694 2766 non
1743 2725 1842 2765 au-

221 2803 420 2869 dierat,
440 2804 532 2874 qui
564 2802 805 2874 prodigia
828 2818 939 2859 non
963 2803 1192 2869 viderat,
1217 2803 1308 2874 qtti
1332 2805 1383 2858 in
1406 2819 1567 2859 cruce
1592 2801 1844 2860 sut'lixum

226 2896 460 2958 viderat,
491 2911 598 2949 non
627 2894 855 2950 attendit
879 2893 946 2949 ad
971 2894 1346 2966 ignominiam,
1379 2910 1485 2949 non
1514 2895 1754 2966 respexit
1776 2893 1846 2950 ad

225 2986 526 3053 infamiam,
556 2987 654 3042 sed
695 2986 1032 3042 divinitatem
1083 2986 1252 3057 ipsam
1295 2986 1684 3052 considerans,
1731 2984 1847 3041 Me-

223 3089 413 3142 mento,
446 3077 638 3147 inquit,
681 3078 778 3131 mei
806 3078 860 3132 in
885 3093 1043 3149 regno
1082 3087 1191 3133 tuo.
1232 3076 1347 3132 lIoc
1381 3091 1514 3132 sane
1560 3092 1758 3131 novum
1790 3083 1848 3133 et

224 3171 563 3226 inusitatum.
596 3171 826 3226 Crucem
855 3170 1025 3237 vides,
1056 3179 1112 3226 et
1152 3170 1303 3242 regni
1343 3168 1674 3225 meministi?
1703 3169 1845 3238 Quid

220 3265 444 3336 dignum
490 3280 658 3335 regno
693 3263 922 3319 vidisti?
955 3263 1243 3319 Ilominem
1283 3262 1606 3318 cruciflxnm
1628 3303 1644 3330 ,
1674 3262 1846 3334 alapis

221 3372 451 3424 «esum,
479 3357 716 3428 illusum,
749 3364 1064 3414 accusatum
1085 3399 1101 3426 ,
1134 3358 1306 3431 sputis
1333 3372 1711 3428 conspersum,
1740 3356 1841 3412 Ila-

220 3449 482 3521 gellatum
508 3465 522 3502 :
549 3449 791 3506 haccine
819 3459 968 3516 sunt,
995 3465 1180 3521 quasso
1200 3490 1218 3516 ,
1251 3449 1412 3520 digna
1444 3447 1653 3519 regno?
1684 3447 1845 3504 Vides

221 3559 346 3600 eum
372 3543 546 3599 oculis
582 3543 705 3599 ﬁdei
735 3543 1048 3613 respexisse
1070 3583 1085 3610 ,
1129 3557 1238 3599 non
1263 3557 1326 3597 ea
1354 3557 1477 3613 qua:
1505 3539 1843 3612 apparebant

221 3634 587 3706 expendisse?
616 3634 911 3706 Propterea
943 3649 1118 3705 neque
1167 3635 1313 3690 Deus
1353 3635 1496 3690 nuda
1535 3635 1700 3690 verba
1743 3650 1842 3691 ex-

224 3726 531 3797 pendebat,
559 3725 655 3782 sed
687 3735 745 3780 ut
775 3725 866 3780 ille
895 3726 948 3780 in
979 3724 1352 3792 divinitatem,
1381 3725 1462 3781 sic
1493 3725 1636 3781 Deus
1665 3725 1716 3780 itt
1746 3739 1844 3780 eor

225 3820 452 3875 latronis
477 3817 819 3890 respiciebat,
847 3825 905 3874 et
941 3816 1018 3872 ait
1046 3833 1062 3876 :
1096 3815 1266 3872 Hodie
1291 3832 1488 3871 mecum
1517 3816 1616 3872 eris
1646 3816 1700 3871 in
1737 3832 1840 3886 pa-

222 3912 397 3966 radiso
429 3909 578 3981 (Luc.
604 3909 696 3965 23.
720 3909 838 3979 45).

301 4003 652 4074 Objectionem
680 4003 868 4075 refellit
894 3999 1328 4056 Hanichworum.
1358 4031 1430 4042 --
1459 4000 1574 4058 IIoc
1605 4001 1724 4057 loco
1752 4009 1839 4056 at-

223 4094 460 4151 tendite:
491 4093 758 4166 siquidem
779 4092 1009 4165 quazstio
1034 4109 1142 4149 non
1159 4091 1397 4164 vulgaris
1415 4094 1678 4150 exoritur.
1702 4092 1838 4150 Nam

223 4186 532 4254 lanichmi,
562 4201 727 4243 canes
753 4185 888 4242 muti
908 4195 966 4242 et
985 4186 1181 4252 rabidi,
1215 4186 1456 4257 speciem
1480 4187 1698 4258 quidem
1727 4202 1839 4256 pra:

221 4296 284 4337 se
313 4281 496 4338 ferunt
520 4279 824 4347 modestia,
860 4280 1005 4336 intus
1031 4294 1164 4336 vero
1191 4295 1412 4352 gravem
1455 4295 1652 4336 canum
1691 4280 1839 4335 insa-

229 4373 376 4428 uiatu
406 4371 612 4436 fovent,
643 4379 699 4426 et
727 4371 846 4426 ovis
876 4371 1014 4442 pelle
1048 4370 1232 4441 lupttm
1260 4371 1552 4426 occultant.
1584 4372 1654 4426 At
1683 4379 1740 4425 tu
1768 4386 1838 4428 ne

221 4465 366 4540 quod
397 4472 626 4536 apparet
645 4465 901 4537 aspicias,
930 4479 1118 4520 verum
1151 4465 1299 4520 intus
1325 4464 1582 4520 latentem
1604 4464 1836 4522 belluam

222 4558 550 4630 pervestiga.
586 4555 677 4611 Isti
716 4571 849 4627 ergo
876 4555 1054 4612 locum
1096 4555 1243 4612 hune
1266 4556 1591 4627 arripientes
1633 4557 1784 4612 aiunt
1816 4573 1832 4614 :

223 4649 370 4705 Dixit
389 4647 658 4712 Christus,
684 4647 866 4713 Amen,
885 4636 1046 4702 famen
1065 4645 1181 4702 dico
1202 4646 1314 4714 tibi,
1340 4646 1493 4701 hodie
1518 4663 1714 4702 nierum
1734 4648 1836 4703 eris

218 4741 273 4794 in
303 4740 550 4810 paradiso
577 4755 598 4794 :
624 4739 786 4810 igitur
810 4738 923 4809 jam
966 4740 1101 4794 facta
1130 4748 1215 4795 est
1240 4741 1508 4797 bonorum
1551 4741 1836 4796 retributio

217 4842 272 4886 et
302 4829 576 4901 superﬂua
621 4831 726 4886 erit
753 4832 1102 4886 resurrectio.
1151 4831 1209 4885 Si
1245 4832 1392 4886 enim
1433 4832 1526 4886 illo
1553 4831 1644 4888 die
1696 4832 1836 4888 latro

218 4925 358 4981 bona
389 4924 616 4994 recepit,
670 4939 870 4996 corpus
912 4939 1096 4981 autem
1126 4925 1246 4996 ejus
1293 4924 1533 4982 nondum
1577 4926 1646 4981 ad
1690 4925 1834 4984 hunc

221 5031 396 5086 usque
425 5015 570 5071 dicm
599 5017 921 5085 resurrexit,
954 5033 1063 5073 non
1093 5019 1200 5073 erit
1244 5018 1504 5088 deinceps
1541 5033 1830 5091 corporum

221 5110 573 5164 resurrectio.
605 5109 875 5180 Numquid
907 5110 1254 5166 intellexistis
1283 5112 1426 5182 quod
1461 5111 1734 5181 diximus,
1760 5129 1830 5170 an

215 5215 348 5256 vero
378 5200 574 5256 iterum
603 5201 730 5256 illud
757 5201 864 5258 dici
904 5218 1124 5258 necesse
1147 5204 1275 5260 est?
1302 5203 1463 5259 Amen
1483 5245 1498 5270 ,
1529 5221 1681 5261 amen
1711 5207 1830 5263 dico

215 5294 326 5358 tibi,
355 5293 512 5349 hodie
533 5309 732 5348 meum
757 5295 858 5350 eris
878 5296 930 5348 in
953 5297 1214 5366 paradiso.
1239 5295 1521 5368 Ingressus
1535 5308 1619 5354 est
1646 5298 1828 5371 igitur,

221 5384 417 5453 inquit,
469 5385 523 5438 in
561 5385 868 5454 paradisum
906 5387 1042 5442 latro
1086 5404 1194 5444 non
1234 5403 1357 5444 cum
1402 5403 1630 5460 corpore
1676 5408 1831 5462 :quo

221 5477 364 5530 enim
411 5486 590 5546 pacto,
623 5494 745 5533 eum
791 5480 1061 5550 sepultum
1109 5497 1218 5536 non
1258 5491 1405 5542 esset
1450 5497 1647 5553 corpus
1671 5485 1820 5555 ejus,

217 5581 399 5635 neque
443 5567 764 5625 dissolutum
789 5611 806 5637 ,
835 5581 889 5626 et
941 5571 995 5626 in
1035 5572 1250 5629 eineres
1293 5571 1607 5633 redactum?
1654 5593 1830 5648 neque

217 5655 423 5712 dictum
472 5672 696 5729 usquam
756 5661 855 5717 fuit
905 5665 1284 5720 resuscitatum
1337 5664 1486 5719 illttnt
1540 5681 1572 5722 a
1611 5665 1829 5724 Christo

221 5747 408 5804 fuisse.
433 5749 587 5818 Quod
605 5751 649 5806 si
673 5752 937 5810 latronem
957 5755 1273 5819 introduxit.
1297 5768 1348 5812 et
1376 5757 1578 5828 absque
1598 5775 1830 5832 corpore

215 5840 376 5894 bimis
403 5843 602 5910 potitus
627 5853 730 5909 est,
775 5848 1116 5904 manifestum
1157 5859 1240 5904 est
1282 5852 1527 5919 corporis
1569 5868 1813 5909 resurre-

221 5931 457 5989 ctionem
489 5949 595 5990 non
623 5953 764 5994 esse.
793 5937 927 5995 Nam
958 5940 1002 5995 si
1033 5957 1280 6012 corporis
1304 5953 1444 5998 esset
1475 5948 1822 6015 resurrectio,

1508 476 1574 532 ΙΝ
1614 472 1911 532 GISNESIM
1953 471 2188 526 SERMO
2231 467 2340 524 ΠΙ.

3464 472 3566 530 6M

1954 601 2059 642 non
2087 585 2349 643 dixisset:
2384 582 2554 638 Hodie
2593 600 2786 637 mecum
2815 586 2914 637 eris
2945 584 2995 636 in
3027 582 3303 651 paradiso,
3352 585 3467 651 sed,
3505 587 3562 641 ln

1953 689 2199 748 tempore
2241 675 2762 739 consummationis,
2813 674 3032 746 quando
3072 676 3397 730 resurrectio
3447 693 3573 732 eor-

1952 785 2144 841 porum
2174 772 2299 825 erit.
2329 769 2483 836 Quod
2514 769 2557 822 si
2585 769 2698 838 jam
2724 768 2988 824 latronem
3023 768 3341 833 introduxit,
3367 784 3568 840 corpus

1951 873 2130 917 autem
2180 863 2298 931 ejus
2341 861 2471 915 foris
2513 869 2832 930 corruptum
2880 860 3171 923 remansit,
3201 860 3362 930 plane
3405 860 3574 932 liquet

1954 968 2242 1024 corporum
2271 952 2730 1008 resurrectionem
2775 967 2882 1006 non
2923 967 3066 1007 esse.
3097 953 3276 1022 Atque
3305 952 3420 1008 lucc
3449 955 3571 1024 qui-
3647 974 3662 980 ν

1951 1045 2076 1099 dem
2109 1044 2182 1099 illi
2213 1061 2226 1099 :
2255 1044 2368 1114 jam
2399 1058 2530 1098 vero
2560 1059 2679 1114 qua:
2726 1058 2754 1096 a
2796 1043 2952 1098 nobis
2984 1043 3403 1113 proficiscuntur
3429 1047 3573 1101 acci-

1955 1139 2098 1207 pite;
2133 1139 2242 1192 imo
2291 1151 2422 1192 vero
2461 1151 2566 1190 non
2611 1151 2734 1206 qua:
2781 1149 2810 1189 a
2853 1135 3046 1201 nobis,
3088 1135 3182 1190 sed
3212 1151 3333 1206 qua:
3358 1151 3388 1190 a
3418 1152 3574 1194 sat-ra

1950 1229 2226 1301 Scriptura
2257 1239 2384 1285 sunt
2407 1247 2420 1282 :
2449 1243 2624 1298 neque
2646 1230 2790 1284 enim
2812 1243 2932 1297 qua:
2955 1237 3137 1281 nostra
3159 1237 3289 1283 sunt
3317 1228 3571 1295 dicimus,

1952 1322 2048 1376 ευιι
2077 1340 2198 1393 qua:
2225 1323 2460 1393 Spiritus
2491 1323 2687 1376 sancti.
2720 1322 2858 1390 Quid
2891 1321 3012 1374 ais?
3041 1338 3145 1375 non
3178 1324 3320 1377 venit
3344 1323 3396 1376 in
3423 1338 3574 1378 com-

1954 1415 2267 1469 munionem
2314 1429 2641 1468 coronarum
2685 1413 2855 1467 caro?
2885 1412 2992 1467 Sed
3039 1414 3090 1466 in
3131 1415 3572 1481 communionem

1953 1506 2461 1577 quidem/laborum
2506 1506 2676 1573 venit,
2729 1505 2964 1575 prmmiis
3015 1519 3146 1559 vero
3193 1507 3472 1575 privatur?
3521 1520 3579 1563 ct

1952 1598 2170 1668 quando
2201 1599 2518 1652 certandum
2549 1597 2768 1668 quidem
2802 1596 2920 1661 fuit,
2945 1599 3208 1666 majorem
3245 1609 3453 1668 partem
3484 1615 3576 1654 su-

1951 1688 2146 1744 dorum
2173 1690 2460 1754 sustinuit;
2484 1687 2700 1758 quando
2728 1703 2855 1742 vero
2884 1702 3209 1743 coronarum
3243 1699 3456 1760 tempus
3483 1695 3578 1744 ad-

1955 1783 2075 1849 fuit,
2105 1783 2285 1838 anima
2330 1783 2446 1837 sola
2495 1783 2831 1838 eoi'onatttr?
2860 1781 2977 1838 NOn
3023 1784 3177 1837 audis
3222 1784 3444 1841 Paulum
3495 1788 3578 1842 di-

1953 1867 2211 1931 centem?
2253 1877 2409 1932 Stare
2448 1894 2542 1932 nos
2582 1887 2782 1944 oportet
2831 1887 2950 1932 ante
2990 1877 3218 1932 tribunal
3260 1878 3473 1947 Christi,
3520 1893 3578 1935 ut

1953 1968 2142 2038 referat
2176 1969 2522 2040 unusquisque
2549 1969 2762 2039 propria
2785 1970 3020 2040 corporis
3039 2010 3054 2035 ,
3090 1979 3241 2039 prout
3266 1972 3441 2041 gessit,
3475 1973 3579 2027 sire

1953 2063 2164 2130 bonum,
2195 2065 2300 2119 sive
2316 2066 2512 2118 malum
2540 2063 2720 2137 (llam.
2747 2067 2835 2120 Μ.
2868 2066 2953 2121 I0.
2981 2066 3053 2131 2;
3084 2065 3202 2120 Cor.
3237 2068 3290 2123 5.
3325 2067 3436 2137 I0).
3460 2068 3576 2124 Non

1953 2157 2108 2212 audis
2150 2149 2326 2226 ipSum
2376 2173 2564 2214 rursus
2609 2157 2922 2214 dicentem:
2958 2158 3176 2230 Oportet
3215 2163 3438 2216 mortale
3480 2162 3578 2218 hoc

1955 2249 2170 2303 induere
2208 2248 2680 2315 inmortalitatem,
2735 2258 2784 2302 et
2835 2251 3170 2320 corruptibile
3215 2254 3316 2305 hoc
3363 2252 3580 2311 induere

1954 2343 2398 2413 incorruptionem
2421 2343 2467 2416 (Ι
2486 2383 2498 2397 .
2533 2341 2653 2398 Cor.
2689 2343 2778 2398 15.
2813 2342 2949 2413 53)?
2978 2342 3246 2398 Mortale?
3271 2344 3580 2414 quodnam?

1955 2439 2191 2491 animam
2219 2453 2286 2490 an
2319 2437 2560 2506 corpus?
2590 2435 2743 2491 llaud
2779 2435 3002 2490 dubiutn
3022 2477 3036 2500 ,
3069 2437 3196 2505 quin
3226 2451 3426 2507 corpus
3457 2456 3469 2492 :
3498 2441 3578 2494 si-

1953 2527 2174 2596 quidem
2198 2527 2377 2581 anima
2409 2535 2597 2582 natura
2624 2541 2720 2582 sua
2747 2536 2834 2581 est
2859 2526 3180 2582 immortalis
3199 2543 3215 2593 ;
3237 2541 3441 2598 corpus
3472 2545 3572 2586 au-

1956 2628 2064 2674 tem
2091 2629 2280 2673 natura
2306 2619 2533 2674 mortale
2557 2629 2660 2674 Cal.
2695 2620 2765 2673 At
2786 2618 2930 2672 enim
2953 2617 3123 2672 multa
3145 2633 3211 2673 ex
3244 2621 3362 2674 istis
3386 2619 3461 2675 illi
3489 2637 3578 2676 re-

1954 2719 2175 2765 secant:
2197 2719 2436 2766 attamen
2453 2725 2519 2765 ex
2541 2710 2647 2764 illis
2666 2710 2798 2780 ipsis
2813 2725 2934 2780 qua:
2956 2720 3180 2777 reSIant,
3196 2713 3577 2782 cognationem

1955 2819 2145 2860 eorum
2161 2819 2280 2874 qure
2299 2811 2509 2859 resecta
2537 2811 2665 2857 sunt
2685 2800 3178 2872 deprehendemus.
3201 2803 3482 2874 Ingressus
3495 2815 3581 2861 est

1955 2897 2095 2954 latro
2139 2898 2194 2953 in
2227 2898 2567 2969 paradisum,
2602 2898 2796 2968 inquit.
2836 2896 2977 2965 Quid
3023 2906 3136 2952 tum
3180 2898 3409 2966 postea?
3446 2915 3577 2954 nutn

1954 2990 2102 3046 enim
2129 2989 2246 3046 haec
2273 2989 2358 3044 illa
2390 2997 2518 3044 sunt
2544 2989 2708 3057 bona,
2736 3003 2858 3060 qua:
2888 2988 3043 3043 nobis
3074 2988 3215 3043 Deus
3246 2989 3578 3058 pollicetur?

2026 3085 2083 3139 5.
2113 3083 2229 3138 Non
2251 3083 2407 3138 audis
2430 3083 2558 3154 quid
2590 3082 2658 3137 de
2685 3082 2844 3137 bonis
2872 3081 2980 3135 illis
3012 3081 3209 3135 Paulus
3233 3081 3424 3136 dicat?
3451 3083 3581 3149 Quae

1955 3178 2138 3232 oculus
2163 3193 2265 3231 non
2294 3175 2442 3238 vidit,
2472 3184 2517 3228 et
2541 3173 2684 3228 auris
2714 3189 2818 3227 non
2839 3171 3059 3238 audivit,
3082 3182 3130 3226 et
3154 3173 3209 3226 in
3236 3187 3326 3227 cor
3357 3173 3581 3233 hominis

1954 3286 2061 3324 non
2097 3267 2438 3324 ascenderunt
2465 3265 2544 3337 (I.
2594 3263 2716 3319 Cor.
2759 3263 2817 3318 2.
2849 3260 2943 3335 9):
2971 3261 3120 3333 atqui
3165 3262 3477 3332 paradisum
3520 3273 3584 3322 et

1953 3363 2144 3418 oculus
2179 3361 2312 3417 vidit
2341 3359 2557 3423 Adami,
2585 3369 2639 3414 ct
2666 3357 2814 3412 auris
2857 3356 3087 3421 audivit,
3125 3363 3180 3411 et
3203 3370 3300 3412 cor
3343 3354 3585 3415 hominis

1952 3456 2213 3524 excepit:
2245 3453 2432 3507 multis
2453 3453 2599 3507 enim
2633 3452 2744 3520 jam
2775 3448 2967 3504 diebus
2993 3448 3061 3504 de
3102 3448 3199 3503 illo
3239 3449 3403 3505 verba
3441 3449 3578 3506 fact-

1952 3560 2074 3601 mus
2104 3565 2118 3600 :
2151 3543 2428 3617 quomodo
2458 3541 2621 3614 igitur
2662 3542 2803 3595 bona
2834 3540 2975 3595 latro
3010 3537 3259 3610 recepit?
3283 3538 3402 3595 Non
3429 3540 3578 3598 enim

1949 3653 2011 3696 se
2039 3640 2091 3693 iu
2139 3637 2442 3710 paradisum
2483 3649 2582 3691 nos
2621 3633 3051 3689 introducturum
3101 3630 3366 3702 promittit
3395 3631 3577 3699 Deus.

1949 3733 2046 3790 sed
2070 3732 2122 3787 in
2153 3733 2331 3802 ipsum
2351 3731 2544 3787 caelum
2575 3747 2589 3786 :
2620 3743 2796 3800 neque
2817 3743 3041 3798 regnum
3071 3727 3326 3799 paradisi,
3360 3728 3455 3784 sed
3484 3745 3575 3787 re-

1949 3841 2115 3898 gnum
2140 3824 2400 3880 εεειοιυιιι
2434 3821 2766 3893 pra-dicavit.
2799 3820 2960 3892 Capit
3000 3819 3169 3881 enim.
3203 3819 3414 3892 inquit,
3439 3839 3579 3894 pra:-

1949 3917 2143 3983 dicare,
2184 3925 2232 3971 et
2281 3915 2473 3979 dicere,
2507 3911 2866 3968 Paenitentiam
2906 3911 3045 3983 agite
3089 3909 3308 3980 (Ilatth.
3355 3911 3411 3968 ι.
3444 3914 3560 3984 17)ὶ

1948 4007 2384 4081 appropinquavit
2407 4006 2580 4072 enim,
2609 4018 2717 4059 non
2762 4017 2990 4074 regnum
3033 4001 3293 4072 paradisi,
3340 4003 3460 4069 sed,
3494 4020 3579 4061 rs-

1948 4117 2108 4174 gmnn
2145 4099 2413 4154 striarum.
2441 4096 2577 4153 Nam
2606 4107 2660 4151 tu
2697 4094 2920 4167 quidem
2961 4094 3272 4165 paradisum
3313 4097 3571 4163 amisisti,

1953 4194 2098 4250 Deus
2121 4202 2302 4248 autem
2343 4189 2538 4246 c:elurn
2564 4187 2659 4243 tibi
2690 4185 2860 4249 dedit.
2907 4194 2967 4241 ut
2995 4200 3110 4240 sua:
3157 4185 3251 4241 tibi
3291 4187 3574 4256 specimen

1948 4286 2136 4342 ederet
2175 4282 2551 4355 benignitatis,
2590 4294 2656 4336 ac
2685 4278 2907 4334 diabolo
2943 4277 3190 4334 dolorem
3221 4277 3485 4347 inureret,
3518 4293 3576 4338 ct

1946 4375 2280 4440 ostenderet,
2301 4374 2513 4430 tametsi
2537 4373 2854 4428 innumeras
2879 4369 2970 4426 ille
2993 4373 3046 4424 lu
3072 4385 3248 4442 genus
3269 4369 3580 4430 humanum-

1948 4468 2176 4526 insidias
2217 4467 2499 4532 moliatur,
2531 4464 2666 4521 nihil
2719 4473 2901 4521 tamen
2940 4463 3046 4519 hoc
3074 4463 3154 4519 illi
3198 4464 3567 4535 profuturum,

1943 4575 2069 4617 cum
2098 4561 2240 4616 Deus
2276 4572 2493 4629 semper
2518 4557 2782 4627 majorem
2807 4556 2875 4612 ad
2918 4556 3179 4612 honorem
3225 4570 3327 4612 uos
3349 4559 3568 4616 evehat.

1945 4652 2189 4708 Amisisti
2237 4666 2372 4723 ergo
2415 4650 2760 4722 paradisum,
2806 4656 2863 4705 et
2905 4649 3102 4704 cazlmn
3149 4647 3245 4704 tibi
3292 4649 3434 4706 Deus
3477 4661 3566 4702 ro.-

1943 4745 2190 4800 seravit:
2240 4741 2570 4813 temporaria
2623 4739 2810 4796 labore
2857 4739 3148 4796 damnatus
3198 4753 3292 4806 es,
3345 4751 3402 4797 et
3449 4743 3566 4800 vita

1943 4847 2145 4892 :eterna
2170 4835 2480 4892 decoratus.
2512 4831 2778 4904 Praecepit
2807 4839 2969 4887 turne
3000 4838 3060 4886 ut
3079 4832 3265 4903 spinas
3293 4833 3568 4903 proferret

1941 4944 2006 4985 ac
2037 4927 2301 4995 tribulos,
2330 4937 2389 4984 et
2433 4925 2666 4982 fructum
2712 4923 2809 4981 tibi
2856 4922 3092 4994 Spiritus
3133 4922 3314 4979 anima
3358 4927 3566 4995 gerati-

1942 5022 2090 5078 navit
2118 5020 2274 5095 (Gen.
2304 5021 2360 5077 5.
2405 5019 2523 5091 18).
2556 5018 2724 5075 Vides
2753 5027 2813 5073 ut
2857 5017 3094 5088 majores
3123 5018 3235 5072 sint
3272 5018 3448 5087 pinnis
3478 5019 3564 5075 fa-

1940 5119 2200 5181 cultates,
2230 5125 2289 5171 ut
2317 5113 2616 5184 ampliores
2641 5112 2751 5169 sint
2783 5110 3023 5167 divitiae?
3051 5110 3296 5180 Exempli
3341 5125 3507 5169 causa
3541 5125 3566 5172 :

1943 5211 2196 5267 formavit
2223 5209 2367 5266 Deus
2407 5207 2683 5264 hominem
2714 5221 2747 5262 e
2778 5215 2921 5262 terra
2961 5214 3019 5260 et
3068 5219 3230 5275 aqua.
3276 5204 3566 5277 ipsumque

1942 5304 2123 5376 posuit
2148 5303 2200 5358 in
2229 5300 2501 5372 paradiso.
2530 5298 2649 5355 Non
2674 5298 2848 5354 evasit
2890 5297 3048 5352 bona:
3093 5295 3262 5367 frugis
3282 5337 3298 5360 ,
3327 5297 3419 5366 qui
3449 5297 3566 5355 for-

1940 5408 2118 5453 matus
2143 5395 2337 5461 fuerat,
2365 5393 2461 5449 sed
2487 5393 2813 5463 depravatus
2843 5401 2964 5446 est:
3001 5405 3107 5446 non
3129 5389 3243 5461 jam
3270 5405 3302 5446 e
3333 5398 3477 5447 terra
3509 5403 3568 5450 et

1937 5503 2076 5557 aqua
2103 5487 2279 5557 ipsum
2311 5485 2545 5555 relingit,
2573 5483 2668 5540 sed
2697 5499 2763 5540 ex
2790 5498 2930 5554 aqua
2955 5494 3012 5538 et
3038 5482 3242 5552 Spiritu
3273 5499 3287 5537 :
3317 5497 3425 5537 non
3445 5483 3562 5553 jam

1939 5580 2014 5635 illi
2059 5579 2404 5650 paradisum,
2433 5577 2527 5633 sed
2571 5593 2794 5648 regnum
2836 5576 3095 5631 calorum
3135 5575 3445 5646 pollicetur.
3492 5577 3563 5632 Et

1937 5689 2047 5742 quo
2074 5681 2228 5741 pacto
2251 5671 2301 5726 id
2326 5670 2438 5736 ﬁat,
2465 5669 2613 5724 audi.
2643 5668 2778 5725 Cum
2800 5670 2945 5724 enim
2972 5667 3224 5738 princeps
3241 5664 3560 5724 Judamrum

1944 5764 2270 5820 Nicodamus
2305 5765 2486 5834 lapsus
2511 5772 2688 5828 esset,
2717 5771 2769 5817 et
2803 5761 2963 5831 hujus
2995 5762 3122 5815 vitae
3155 5760 3352 5816 natalia
3385 5760 3563 5831 inqut~

1940 5867 2108 5922 reret,
2160 5856 2493 5927 diceretque,
2545 5857 2660 5910 lieri
2705 5871 2812 5908 non
2862 5869 3053 5923 posse.
3086 5863 3141 5908 ut
3181 5867 3350 5907 senex
3379 5852 3561 5908 denuo

1943 5958 2277 6012 nasceretur,
2299 5965 2317 6000 ι
2333 5947 2417 6004 ide
2438 5963 2544 6019 quo
2569 5957 2724 6019 pacm
2743 5945 2994 6002 Christus
3016 5944 3091 5999 illi
3119 5943 3318 6000 clarius
3339 5941 3562 5999 modum
