4086 6446
547 429 651 485 6ιῆ

547 544 763 616 detegat
789 540 1063 598 natalium.
1091 537 1209 593 A'isi
1244 538 1356 595 auis
1372 545 1520 591 natus
1533 535 1682 607 fuerit
1704 549 1767 588 ea:
1786 547 1920 604 aqua
1939 539 1985 586 at
2009 527 2137 598 Spi-

552 652 570 687 t
581 637 674 700 itu,
691 651 789 689 non
802 641 959 703 potest
971 629 1243 686 introiroin
1254 643 1460 700 regnum
1473 627 1712 682 caelorum
1727 622 1885 695 (Joan
1899 623 1956 678 ,ὃ
1967 623 2021 676 ,ι
2038 619 2141 682 .5).

563 728 616 779 δι
671 723 829 795 igitur
878 735 1098 798 regnum
1136 719 1393 776 mulorum
1433 717 1706 789 promisit,
1741 719 1793 771 in
1839 713 2141 785 paradisum

553 830 729 871 autem
746 815 1010 870 latronem
1033 812 1350 877 introduxit,
1369 811 1603 865 nondum
1627 809 1700 864 illi
1720 809 1856 863 bona
1874 804 2142 861 retribuit.

627 906 763 974 Quid
799 905 1002 959 nomine
1034 903 1264 974 paradisi
1300 905 1365 957 sit
1406 900 1812 972 intelligendum.
1846 925 1920 939 —-
1947 897 2142 952 Verum

553 996 694 1052 aliud
746 1005 1004 1065 prmtcrea
1044 992 1296 1065 quiddam
1338 992 1613 1061 objiciunt.
1666 989 1999 1053 Paradisum,
2059 989 2141 1043 in-

551 1087 761 1157 qttittttt,
796 1086 896 1140 hoc
926 1096 1080 1150 loco,
1108 1099 1215 1138 non
1247 1084 1548 1153 paradisum
1579 1082 1750 1147 dixit.
1784 1082 1880 1137 sed
1913 1081 2143 1150 paradisi

555 1177 772 1235 nomine
812 1189 1034 1245 regnum
1064 1173 1319 1232 ca-lorutn
1365 1173 1687 1244 designavit.
1718 1171 1852 1228 Nam
1901 1173 2022 1241 quia
2066 1173 2142 1226 It-

553 1277 762 1324 trenetn
813 1265 1213 1334 alloquebatur,
1249 1263 1520 1321 hominem
1563 1264 1657 1335 qui
1688 1262 2004 1319 sublimibus
2053 1265 2146 1316 tto.

550 1357 819 1428 guttatilms
857 1355 1091 1413 imbutus
1122 1370 1229 1411 non
1273 1356 1479 1424 fuerat,
1529 1370 1701 1426 neque
1745 1354 1816 1411 de
1867 1353 2144 1425 prophetia

552 1448 843 1520 quidquam
872 1457 1114 1514 noverat,
1146 1446 1241 1504 sed
1261 1461 1423 1503 omne
1451 1457 1659 1517 tempus
1682 1447 1734 1500 in
1765 1445 1992 1500 desertis
2017 1443 2146 1498 locis

553 1547 913 1610 transegerat,
939 1538 1222 1609 caedesque
1251 1545 1508 1607 patraral,
1536 1550 1710 1606 tteque
1740 1534 1804 1588 ad
1831 1534 2145 1589 concionem

553 1646 804 1701 umquam
830 1631 882 1685 in
912 1630 1139 1691 transitu
1165 1628 1481 1695 declinarat,
1509 1642 1683 1698 neque
1704 1642 1873 1684 sacra:
1898 1626 2147 1683 lectionis

556 1721 824 1788 particeps
857 1720 1064 1784 fuerat,
1107 1732 1282 1789 neqtte
1324 1716 1451 1789 quid
1499 1717 1714 1772 tandem
1743 1727 1888 1773 esset
1925 1731 2145 1786 regnum

554 1811 804 1874 taalorutn
834 1818 1079 1874 noverat,
1114 1808 1215 1864 hoc
1251 1805 1468 1864 dicebat
1497 1825 1510 1861 :
1547 1806 1717 1862 Hodie
1739 1824 1935 1862 mecum
1969 1807 2146 1861 crisin

555 1901 800 1971 paradiso
832 1900 983 1970 (an.
1014 1901 1106 1957 23.
1143 1901 1270 1973 t3);
1304 1899 1498 1956 notiuri
1526 1909 1577 1955 et
1622 1900 1884 1956 usitatiori
1931 1902 2148 1957 nomine

552 1988 782 2065 paradisi
815 2010 1037 2066 regnum
1065 1992 1318 2048 cazlorum
1348 1992 1641 2063 signiﬁcat,
1666 2002 1720 2046 et
1757 1993 1826 2048 de
1857 1992 1948 2048 illo
1989 1992 2145 2048 Chri-

557 2095 674 2142 stus
715 2084 786 2140 ad
844 2085 1016 2156 ipsum
1061 2083 1222 2143 verba
1277 2082 1426 2139 facit.
1479 2083 1739 2138 Admitte.
1789 2083 1944 2140 Unde
1988 2084 2148 2155 igitur

553 2185 767 2238 ceustat
807 2176 981 2246 ipsum
1024 2176 1077 2231 in
1112 2190 1333 2246 regnum
1361 2173 1616 2230 celerum
1664 2175 1960 2246 ingressum
1991 2179 2148 2233 esse?

557 2271 638 2329 Ex
666 2285 732 2324 eo
756 2272 904 2339 quod
943 2269 1160 2334 dixerit,
1197 2268 1367 2323 Hodie
1412 2285 1606 2322 mecum
1650 2270 1749 2323 eris
1785 2269 1839 2322 in
1879 2271 2142 2339 paradiso.

553 2361 706 2430 Quod
733 2363 778 2418 si
809 2362 1091 2418 violentior
1112 2361 1230 2418 hac
1255 2362 1452 2416 solutio
1482 2360 1746 2428 videatur,
1774 2362 2147 2418 dilucidiorcnt

551 2454 923 2525 adiungemus.
965 2456 1220 2521 Quaenam
1247 2452 1336 2508 illa
1378 2467 1538 2523 porro
1565 2455 1683 2508 est?
1706 2452 1953 2509 Christus
1991 2454 2146 2520 dixit,

557 2547 659 2612 Qui
704 2547 805 2600 non
841 2545 998 2600 credit
1041 2563 1093 2600 tn
1143 2545 1356 2609 Filium,
1378 2547 1494 2616 jam
1531 2546 1800 2615 judicatus
1847 2559 1920 2602 est
1967 2547 2146 2618 (Joan.

551 2636 606 2690 3.
639 2635 750 2703 ιδ).
786 2634 923 2703 Quid
965 2635 1158 2706 igitur?
1180 2635 1366 2706 jamne
1381 2635 1649 2706 judicatus
1675 2637 1795 2692 est?
1826 2640 1985 2709 Atqui
2010 2656 2146 2695 non-

552 2727 680 2783 dum
709 2734 794 2780 est
822 2726 1146 2780 resurrectio
1166 2767 1180 2792 ,
1211 2725 1445 2780 nondum
1488 2728 1808 2796 supplicium
1850 2739 1902 2784 et
1933 2745 2104 2799 penne
2133 2749 2148 2786 :

550 2817 822 2890 quomodo
849 2833 981 2889 ergo
1003 2817 1112 2887 jam
1139 2817 1405 2888 judicatus
1431 2820 1550 2874 est?
1576 2820 1800 2890 Pr0ptcr
1837 2833 2146 2890 peccatum.

553 2911 619 2967 ῑι
650 2924 834 2965 rursus
863 2924 886 2974 ξ
928 2909 1031 2976 Qui
1069 2910 1230 2963 credit
1272 2910 1323 2962 in
1350 2907 1564 2976 Filium,
1613 2912 1803 2981 inquit,
1830 2914 2059 2967 transivit
2087 2914 2150 2969 de

552 3012 712 3056 morte
738 3002 810 3055 ad
835 3002 988 3056 vitam
1012 3000 1191 3074 (lana.
1223 3001 1275 3056 5.
1307 2998 1421 3073 24).
1448 3001 1627 3073 Neque
1653 3003 1815 3069 dixit,
1843 3003 2146 3074 Transibit,

551 3093 647 3152 sed
669 3137 681 3154 ι
704 3094 813 3165 jam
848 3093 1121 3159 Transivit,
1145 3103 1201 3150 et
1229 3094 1313 3150 hic
1331 3110 1516 3151 rursus
1541 3106 1755 3166 propter
1776 3099 1970 3152 bonum
1990 3115 2147 3170 opus,

551 3197 610 3246 et
637 3187 726 3243 ille
771 3203 957 3243 rursus
997 3197 1215 3258 propter
1259 3198 1553 3258 peccatum.
1594 3189 1662 3244 [ι
1691 3190 1851 3259 igitur
1887 3206 2023 3246 unus
2062 3193 2148 3261 ju-

553 3277 764 3333 dicatus
796 3289 897 3341 est,
929 3293 1049 3333 cum
1083 3278 1319 3332 nondum
1350 3277 1508 3333 fuerit
1533 3278 1822 3348 judicatus,
1853 3282 1990 3337 alter
2017 3299 2148 3352 quo-

554 3383 660 3438 que
690 3366 934 3422 transivit
970 3367 1038 3422 ad
1069 3368 1230 3422 vitam
1253 3409 1269 3433 ,
1310 3383 1428 3423 cum
1481 3370 1716 3425 nendum
1768 3373 2066 3441 transierit,
2097 3385 2153 3432 et

553 3471 662 3518 tam
702 3461 777 3517 ad
815 3475 978 3518 unum
1028 3459 1100 3515 ob
1144 3461 1344 3516 bonum
1391 3477 1560 3529 opus,
1608 3478 1766 3532 quant
1816 3465 1880 3518 ad
1923 3465 2147 3522 alterum

552 3554 623 3609 ob
649 3561 947 3624 peccatum,
979 3551 1130 3622 quasi
1153 3551 1262 3622 jant
1291 3568 1379 3607 res
1402 3553 1714 3620 acciderint,
1745 3570 1866 3608 cum
1911 3558 2148 3613 nondum

553 3645 868 3712 acciderint,
901 3645 1063 3701 verba
1111 3643 1276 3700 facit:
1315 3645 1392 3700 sic
1432 3654 1486 3700 ct
1516 3644 1582 3699 ad
1627 3647 1886 3711 latronem
1919 3649 2148 3706 dicebat.

554 3735 688 3792 Nam
715 3745 770 3790 et
797 3735 990 3791 medici
1021 3745 1300 3806 postquam
1329 3736 1559 3806 aliquem
1578 3738 1917 3807 desperatum
1950 3741 2149 3807 vident,

559 3843 684 3884 cum
698 3827 922 3898 periisse
937 3827 1044 3898 jam
1068 3835 1123 3883 et
1149 3836 1414 3883 mortuunt
1437 3843 1559 3884 esse
1579 3829 1785 3896 dicunt,
1811 3834 2022 3886 tametsi
2046 3835 2154 3902 spi-

562 3928 771 3978 rantem
797 3919 974 3975 adhuc
1020 3919 1313 3975 intuentur.
1345 3919 1452 3975 Sed
1491 3931 1545 3975 ut
1577 3921 1688 3987 ille,
1717 3925 1968 3992 quoniam
2006 3927 2152 3982 nulla

560 4020 810 4082 superest
837 4027 962 4083 spes
986 4012 1103 4083 ejus
1127 4011 1338 4080 salutis,
1366 4014 1505 4082 apud
1529 4014 1763 4069 medicos
1778 4016 1888 4086 jattt
1912 4029 2154 4075 mortuus

563 4114 647 4161 est
675 4122 690 4160 :
718 4105 796 4160 sic
835 4105 997 4160 etiam
1027 4105 1199 4172 latro,
1245 4107 1495 4175 quoniam
1539 4108 1832 4176 periculum
1879 4128 2036 4167 omne
2063 4129 2152 4168 re-

562 4195 824 4251 versionis
853 4196 918 4251 ad
949 4194 1300 4265 perditionem
1324 4197 1434 4265 jam
1467 4209 1730 4265 evaserat,
1762 4201 1814 4256 in
1844 4204 2033 4256 caelum
2068 4221 2150 4257 m-

565 4286 744 4341 travit.
768 4285 860 4341 Sic
890 4285 1051 4340 etiam
1094 4284 1298 4340 audivit
1326 4286 1493 4340 Adam
1530 4305 1542 4338 :
1578 4288 1690 4355 Quo
1718 4290 1798 4344 die
1836 4303 2003 4346 autem
2038 4295 2156 4348 ede.

572 4378 685 4433 ritis
709 4394 772 4433 ex
796 4394 876 4444 eo,
905 4387 1067 4431 morte
1087 4377 1375 4430 moriemini
1400 4377 1552 4450 (Cen.
1582 4379 1637 4432 2.
1673 4381 1780 4451 l7).
1805 4382 1940 4450 Quid
1965 4385 2154 4453 igitur?

562 4488 631 4527 an
677 4472 769 4527 illo
794 4473 913 4542 ipso
944 4471 1034 4526 die
1075 4481 1318 4526 mortuus
1359 4471 1478 4526 est?
1509 4471 1876 4543 Nequaquam,
1912 4477 2004 4530 sed
2035 4488 2158 4548 post

561 4564 708 4618 illum
733 4561 876 4618 diem
901 4572 1203 4634 nongentos
1226 4563 1354 4617 vixit
1375 4571 1430 4617 et
1449 4564 1628 4633 plures
1652 4580 1841 4620 annos.
1869 4567 1975 4621 Cur
1998 4569 2157 4639 igitur

565 4657 700 4711 dixit
725 4656 893 4718 Deus,
926 4655 1018 4710 llla
1062 4655 1173 4724 ipsa
1208 4654 1295 4710 die
1333 4656 1673 4711 moriemini?
1701 4657 1994 4726 Sententia,
2048 4679 2154 4719 non

571 4746 922 4815 experientia.
957 4743 1048 4800 Sic
1081 4745 1243 4799 etiam
1275 4745 1412 4800 latro
1442 4747 1492 4800 in
1524 4748 1712 4802 czrlmn
1752 4751 2021 4820 ingressus
2050 4766 2152 4810 est.

571 4838 703 4893 Audi
732 4851 882 4901 sane,
908 4834 1034 4906 quid
1063 4834 1206 4890 dicat
1233 4835 1448 4899 Paulus,
1481 4847 1538 4891 ut
1566 4839 1832 4893 neminem
1860 4843 2032 4898 adhuc
2062 4844 2155 4900 bo-

570 4943 758 4983 norum
799 4924 1204 4981 retributionem
1245 4926 1518 4993 accepisse
1564 4926 1840 4985 declaret:
1888 4948 2007 4986 natu
2034 4950 2153 4989 cum

565 5019 634 5072 ale
663 5017 938 5087 prophetis
965 5031 1027 5070 ac
1044 5016 1204 5085 justis
1224 5015 1534 5084 dissereret,
1557 5019 1753 5090 adjecit
1782 5039 1793 5073 :
1817 5021 1985 5077 Juxta
2004 5026 2157 5094 ﬁdem

570 5110 796 5168 defuncti
825 5116 943 5161 sunt
973 5107 1056 5161 isti
1081 5121 1272 5171 euntes,
1300 5122 1412 5160 cum
1443 5112 1856 5178 repromissiones
1882 5131 1980 5168 non
2011 5133 2156 5171 accc-

568 5208 775 5269 pissent,
803 5199 892 5253 sed
919 5215 950 5251 a
979 5199 1127 5270 longe
1153 5215 1236 5253 eas
1264 5200 1669 5278 aspexissent“:
1697 5205 2018 5272 salutassent,
2054 5209 2159 5264 Deo

569 5291 744 5348 melius
781 5289 974 5361 aliquid
1012 5304 1104 5361 pro
1132 5290 1275 5344 nobis
1311 5291 1632 5358 providente,
1665 5305 1718 5347 ut
1753 5313 1852 5350 non
1879 5300 1987 5352 sine
2020 5303 2161 5356 nobis

565 5394 1036 5438 consummarrntur
1073 5382 1258 5452 (Hebr.
1292 5383 1380 5438 II.
1421 5384 1508 5438 l3.
1540 5385 1653 5452 40).
1701 5387 1824 5444 11ωο
1854 5402 2053 5458 notate,
2098 5411 2160 5450 ac

571 5475 827 5529 memoria
868 5483 1066 5539 tenete,
1094 5490 1292 5544 eosque
1319 5475 1406 5545 qui
1450 5491 1556 5530 non
1587 5477 1902 5546 audierunt,
1936 5486 2157 5552 docete;

566 5574 729 5634 atque
769 5565 884 5618 haec
924 5564 976 5618 in
1020 5564 1276 5629 ecclesia,
1319 5565 1370 5620 in
1417 5565 1536 5622 toro
1582 5584 1645 5622 ac
1688 5571 1830 5626 domi
1877 5579 2160 5647 unusquis-

567 5671 670 5722 que
701 5655 1006 5710 meditetur.
1045 5654 1186 5710 Nihil
1222 5656 1362 5710 enim
1400 5672 1551 5713 saera
1585 5660 1814 5718 lectione
1849 5665 2152 5733 jucundius.

572 5748 732 5815 Audi,
758 5763 964 5818 quaeso,
985 5748 1111 5818 quid
1140 5747 1208 5802 de
1231 5748 1318 5801 illa
1345 5749 1486 5803 dicat
1518 5752 1776 5822 propheta
1805 5773 1815 5807 :
1850 5757 2014 5823 Quam
2043 5762 2160 5815 dnt-

568 5854 649 5894 εισι
694 5840 924 5908 faucibus
975 5839 1095 5893 ntct's
1139 5840 1340 5909 eloquia
1383 5851 1505 5909 tua,
1557 5859 1709 5912 super
1749 5849 1845 5901 mel
1891 5862 1933 5902 ct
1987 5857 2160 5922 [ar-um

1261 423 1316 479 S.
1359 420 1637 481 JOANNIS
1665 410 2143 477 CIlIlYSOSTOlII
2183 409 2499 468 ARCIIIEP.
2541 409 3079 469 CUNSTANTINOI".

3752 413 3856 461 (illi

2251 526 2329 580 ori
2353 542 2464 580 meo
2491 526 2513 576 Ι
2523 523 2665 580 Psal.
2700 525 2823 580 “8.
2859 525 3007 596 l05).
3047 524 3199 579 lIunc
3240 523 3419 593 itaque
3448 521 3622 577 fat-um
3668 523 3722 576 itt
3762 538 3854 576 ve-

2250 623 2490 689 spertina
2538 636 2725 676 mensa
2782 635 3022 692 appone,
3073 627 3130 672 ut
3188 625 3351 672 totam
3405 617 3549 670 illam
3580 613 3861 687 spirituali

2250 713 2464 783 replens
2513 713 2808 784 voluptate.
2845 711 2961 767 Non
3004 711 3199 766 videtis
3246 709 3494 765 homines
3543 710 3859 778 opulentos,

2250 804 2525 875 quomodo
2556 813 2676 874 post
2718 805 2903 876 epulas
2931 801 3260 857 eitharwdos
3301 816 3367 856 ac
3414 800 3660 855 tibicines
3686 799 3863 852 intro~

2253 893 2490 951 ducant?
2536 895 2613 950 Illi
2658 909 2785 949 suas
2817 893 2964 949 ardes
3013 895 3281 948 theatrum
3324 893 3594 957 ellieiunt;
3641 900 3700 948 tu
3744 901 3863 946 luas

2251 985 2397 1043 {edes
2444 988 2637 1042 cazlum
2687 987 2842 1044 el‘lice
2876 1005 2890 1042 :
2920 986 2970 1041 id
3017 1002 3147 1041 vero
3177 985 3402 1048 efficies,
3460 1001 3567 1040 non
3621 986 3864 1056 parietes

2252 1082 2562 1143 immutans,
2581 1089 2674 1135 aut
2695 1078 3023 1134 transferens
3040 1079 3407 1144 fundamenta,
3432 1078 3524 1134 sed
3549 1078 3592 1132 si
3621 1077 3688 1132 ad
3713 1087 3862 1132 tuam

2251 1186 2492 1225 mensam
2535 1170 2819 1224 Dominum
2855 1171 3027 1240 ipsum
3074 1169 3334 1224 cat-lorum
3363 1183 3540 1223 voces.
3575 1167 3693 1223 Non
3731 1183 3864 1221 eru-

2253 1262 2424 1316 bescit
2469 1259 2735 1331 ejusmodi
2783 1261 3027 1315 convivia
3079 1261 3240 1314 Deus.
3285 1259 3384 1316 Ubi
3423 1274 3656 1329 namque
3698 1259 3864 1328 spiri-

2251 1353 2410 1407 tualis
2437 1352 2705 1419 doctrina,
2738 1354 2811 1408 ibi
2858 1363 2912 1408 et
2961 1353 3337 1423 temperantia,
3385 1361 3440 1406 et
3487 1353 3778 1415 modestia.
3807 1360 3864 1405 et

2252 1446 2444 1503 leuitas
2474 1464 2488 1500 :
2517 1446 2605 1502 tibi
2635 1446 2715 1502 vir
2759 1457 2811 1500 ct
2845 1461 2980 1502 uxor
3009 1461 3071 1500 ac
3101 1445 3275 1511 liberi,
3320 1444 3609 1501 concordia
3639 1455 3694 1499 et
3718 1447 3862 1502 ami-

2252 1539 2378 1597 citia
2423 1549 2478 1594 et
2523 1538 2738 1594 virtutis
2772 1536 3000 1592 vinculis
3053 1537 3255 1592 fuerint
3294 1537 3554 1606 colligati,
3598 1535 3709 1590 illic
3737 1552 3863 1591 vcr-

2251 1637 2404 1683 Satttr
2429 1629 2481 1682 itt
2511 1629 2690 1684 medio
2720 1626 2984 1682 Christus.
3015 1625 3133 1681 Non
3163 1627 3305 1682 enim
3338 1643 3564 1681 ant-cunt
3600 1629 3864 1695 laquearc

2253 1721 2467 1790 qua-rit,
2498 1734 2598 1775 nec
2625 1721 3000 1774 columnarum
3035 1718 3294 1790 fulgorem
3316 1761 3330 1776 .
3364 1733 3537 1787 neque
3568 1717 3864 1774 marmoris

2253 1813 2706 1883 pulchritudinem
2728 1853 2745 1879 ,
2775 1812 2867 1867 sed
2902 1813 3097 1866 auinne
3141 1812 3253 1865 tlcc-
3280 1828 3391 1866 rem
3419 1825 3483 1864 ac
3518 1811 3715 1864 lttt'nlis
3745 1809 3864 1863 fur-

2252 1922 2415 1972 mam,
2461 1919 2515 1962 et
2558 1922 2801 1962 mensam
2837 1907 3045 1977 justitia
3089 1906 3372 1970 refertam,
3405 1916 3459 1963 ct
3494 1908 3864 1976 eleentosyna:

2253 2000 2516 2056 fructibus
2571 1999 2954 2057 abundantem.
3005 1999 3158 2066 Quod
3204 1999 3247 2053 si
3301 2013 3543 2052 mensam
3589 1996 3862 2068 ejusmodi

2254 2093 2468 2159 viderit,
2499 2095 2782 2147 confestim
2824 2091 3087 2162 ejusmodi
3117 2101 3419 2146 conventus
3459 2092 3517 2144 lit
3549 2093 3859 2159 particeps,

2253 2196 2308 2240 et
2332 2186 2384 2240 in
2412 2200 2536 2239 eum
2569 2199 2628 2238 se
2674 2185 2852 2238 infert.
2902 2183 3018 2252 Ipse
3043 2184 3187 2238 enim
3236 2189 3338 2248 est,
3383 2182 3472 2252 qui
3517 2181 3655 2236 dixit
3685 2200 3698 2235 :
3726 2180 3868 2234 Esn-

2253 2280 2464 2332 rientem
2495 2257 2591 2332 me.
2611 2277 2837 2345 uidistis,
2869 2288 2918 2330 ct
2948 2277 3152 2331 abiistis
3184 2276 3397 2345 (Matth.
3426 2275 3516 2328 25.
3567 2276 3683 2343 55).
3725 2273 3862 2328 Cum

2252 2369 2414 2438 igitur
2443 2367 2675 2434 inferius
2700 2383 2888 2438 magna
2919 2382 3051 2422 voce
3077 2367 3400 2421 clamantem
3433 2365 3706 2419 audiveris
3732 2382 3862 2436 pan-

2254 2473 2459 2529 perem,
2489 2457 2686 2514 deinde
2721 2457 2994 2527 quidpiam
3043 2472 3231 2512 eorum
3283 2473 3404 2526 quae
3451 2457 3701 2524 apposita
3733 2467 3862 2511 sunt

2254 2551 2325 2607 de
2353 2567 2540 2607 mensa
2572 2566 2744 2622 egeno
2787 2551 3025 2616 dederis,
3059 2551 3344 2605 Dominum
3377 2549 3444 2604 ad
3476 2565 3721 2604 mensam
3763 2566 3860 2602 vo-

2254 2642 2386 2697 casti
2421 2657 2516 2712 per
2548 2658 2785 2709 servum,
2809 2652 2864 2696 et
2889 2643 3034 2696 illatn
3065 2651 3228 2694 totam
3261 2641 3352 2695 Dei
3387 2639 3861 2695 benedictionibus

2255 2733 2549 2804 replevisti,
2578 2734 2884 2803 oblatisque
2915 2733 3163 2803 primitiis
3194 2733 3481 2787 maximam
3514 2733 3858 2786 occasionem

2255 2837 2340 2881 tua
2373 2827 2736 2896 promptuaria
2766 2827 3010 2896 plurimis
3034 2823 3338 2895 complendi
3368 2825 3526 2880 bouis
3552 2822 3860 2893 prmbnisli.

2255 2919 2395 2974 Deus
2422 2927 2602 2973 autent
2629 2919 2773 2988 pacis
2793 2927 2848 2972 et
2870 2917 3135 2984 caritatis,
3158 2918 3248 2987 qui
3277 2917 3368 2971 dat
3397 2931 3590 2986 panem
3614 2916 3680 2969 ad
3708 2929 3863 2969 mau-

2253 3009 2587 3076 ducandutn,
2627 3021 2681 3065 et
2705 3024 2891 3064 semen
2923 3008 3248 3075 seminanti,
3277 3018 3511 3063 vestram
3553 3015 3860 3062 sclttctttcltt

2254 3103 2602 3172 multiplicet,
2635 3115 2690 3158 et
2711 3112 2906 3166 augeat
2944 3103 3274 3156 incrementa
3309 3102 3524 3168 frugum
3549 3099 3774 3166 justitim
3805 3099 3860 3152 itt

2254 3196 2506 3252 omnibus
2548 3195 2719 3260 vobis,
2763 3209 2915 3248 suam
2957 3193 3092 3249 dans
3135 3193 3385 3263 gratiam,
3437 3207 3642 3261 vosque
3694 3207 3865 3261 regno

2253 3289 2508 3344 eaL-Iorum
2549 3287 2799 3357 dignetur
2847 3285 2926 3358 (2.
2973 3284 3091 3338 Cor.
3133 3284 3185 3339 9.
3232 3283 3320 3354 lO)
3355 3300 3369 3336 :
3411 3282 3565 3352 cujus
3608 3297 3708 3337 nos
3738 3298 3865 3352 par-

2257 3383 2442 3452 ticipes
2475 3383 2591 3436 fieri
2635 3382 2946 3450 contingat,
2972 3379 3139 3449 gratia
3171 3388 3226 3433 et
3269 3377 3597 3448 benignitate
3647 3377 3866 3430 Domini

2255 3473 2424 3527 nostri
2454 3471 2581 3527 Jesu
2615 3472 2850 3537 Christi,
2888 3485 2983 3540 per
3008 3485 3166 3538 quem
3197 3478 3250 3524 et
3280 3484 3399 3522 eum
3426 3485 3532 3538 quo
3555 3467 3728 3539 gloria
3759 3468 3866 3522 Pa-

2256 3565 2352 3629 tri,
2385 3573 2438 3618 ct
2469 3564 2691 3632 Spiritui
2718 3572 2926 3625 sancto,
2958 3576 3102 3616 nunc
3129 3569 3183 3617 et
3212 3577 3461 3631 semper,
3491 3569 3544 3615 ct
3575 3560 3629 3615 itt
3659 3567 3864 3618 smcula

2255 3657 2597 3711 smculorum.
2630 3657 2820 3709 Amen.

2848 3748 3082 3805 SERMO
3126 3748 3257 3803 VIII.

2260 3838 2322 3894 In
2367 3841 2498 3895 diem
2542 3840 2858 3903 nimbosum,
2889 3851 2933 3896 et
2975 3842 3030 3894 in
3076 3851 3372 3895 conventum
3401 3840 3784 3910 episcoporum,
3817 3851 3872 3895 et.

2329 3933 2392 3986 de
2434 3932 2675 3986 mandato
2724 3933 2860 4003 quod
2890 3933 3132 3985 traditum
3184 3941 3255 3985 est
3312 3931 3530 3995 Atlanta,
3565 3947 3871 4002 magnasque

2330 4023 2656 4093 providentia:
2682 4024 2837 4094 fuisse
2862 4025 2998 4093 quod
3023 4025 3183 4092 legem
3211 4021 3479 4091 acceperit.

2332 4117 2384 4169 I.
2417 4115 2643 4170 Nubium
2676 4114 2891 4185 quidem
2931 4129 3225 4168 Concursus
3252 4114 3394 4168 diem
3427 4113 3583 4167 nobis
3630 4113 3870 4170 reddidit

2260 4209 2549 4264 tristiorem
2583 4229 2595 4264 :
2626 4207 2887 4262 adventus
2935 4217 3111 4262 autem
3153 4207 3389 4262 doctoris
3433 4206 3508 4279 (a)
3547 4206 3867 4263 hilariorem

2260 4300 2406 4354 illttttt
2439 4299 2635 4354 effecit.
2671 4299 2784 4352 Non
2812 4298 2953 4354 enim
2986 4313 3053 4351 tta
3082 4297 3185 4360 sol,
3227 4312 3346 4351 cum
3378 4296 3447 4350 dc
3490 4298 3671 4353 medio
3699 4298 3867 4351 uelo-

2261 4407 2376 4446 rum
2405 4389 2615 4461 fastigio
2659 4390 2838 4444 radios
2887 4389 3106 4454 emittit,
3133 4404 3360 4459 corpora
3412 4389 3672 4457 illustrat,
3716 4399 3773 4443 ut
3799 4405 3868 4442 ex

2261 4481 2439 4537 medio
2483 4495 2582 4536 suo
2613 4479 2807 4534 throno
2854 4478 3012 4533 facies
3064 4487 3299 4548 paternae
3343 4478 3581 4532 caritatis
3609 4479 3870 4535 eminens

2260 4572 2461 4636 radios,
2493 4572 2701 4626 animas
2722 4580 2934 4625 nostras
2961 4571 3240 4627 illuminat.
3269 4571 3420 4638 Quod
3443 4585 3565 4625 cum
3591 4572 3706 4641 ipse
3728 4588 3868 4642 quo-

2261 4680 2366 4734 que
2397 4665 2562 4734 probe
2611 4674 2814 4730 nosset,
2862 4680 2966 4719 non
3013 4666 3168 4720 nobis
3211 4666 3358 4719 solus
3398 4666 3638 4732 advenit,
3673 4667 3768 4721 sed
3813 4677 3870 4722 et

2264 4756 2604 4811 luminarium
2635 4767 2776 4813 coetu
2802 4758 3087 4812 comitatus
3118 4758 3339 4826 appulit,
3373 4767 3432 4812 ut
3462 4759 3548 4812 Ius
3583 4761 3746 4813 nobis
3773 4776 3865 4813 co-

2269 4848 2470 4919 piosior
2497 4847 2792 4917 atI‘t‘tlgeret.
2821 4849 2937 4915 Quo
2968 4850 3021 4902 tit
3053 4859 3109 4902 ttt
3136 4850 3288 4904 nobis
3321 4853 3531 4904 hetetur
3560 4850 3794 4905 ecclesia
3818 4863 3870 4907 ct

2263 4943 2531 4994 exsultent
2579 4955 2790 5009 greges,
2825 4954 3028 5007 uosque
3075 4941 3261 5008 majori
3293 4957 3412 4995 cum
3443 4941 3726 4996 alacritate
3757 4957 3872 4997 scr-

2263 5047 2477 5087 monent
2522 5031 2878 5086 instituamus.
2929 5032 3028 5088 Ubi
3074 5034 3216 5087 enim
3263 5045 3536 5103 pastorum
3568 5050 3871 5091 concursus

2263 5137 2365 5191 est,
2398 5127 2507 5182 illic
2535 5134 2589 5181 et
2619 5127 2798 5179 ovium
2828 5137 2912 5181 est
2954 5128 3233 5181 securitas.
3283 5128 3354 5180 Ita
3387 5139 3564 5181 nautze
3595 5129 3869 5193 lwtantur,

2265 5236 2385 5274 cunt
2437 5224 2617 5287 plures
2672 5219 2776 5275 illis
2839 5220 3036 5273 adsunt
3081 5221 3671 5288 gubernatores:dtttn
3727 5225 3870 5277 enim

2269 5312 2430 5365 maris
2460 5311 2813 5366 tranquillitas
2841 5321 2894 5363 et
2940 5312 3080 5366 acris
3111 5322 3191 5366 est
3216 5315 3498 5377 serenitas,
3526 5315 3872 5382 gubernacu-

2269 5402 2440 5456 lorum
2474 5401 2714 5456 subsidio
2761 5401 2997 5456 laborem
3042 5403 3144 5455 illis
3175 5403 3538 5471 rctnigationis
3586 5403 3792 5465 levant,
3821 5414 3873 5457 ct

2269 5492 2395 5547 dum
2452 5507 2600 5548 mare
2647 5492 2896 5562 procellis
2945 5494 3197 5562 agitatur,
3245 5503 3359 5547 arte
3408 5509 3469 5546 ac
3525 5495 3874 5550 multitudine

2269 5600 2551 5652 operarum
2579 5585 2822 5654 praelium
2847 5584 3105 5637 undarum
3130 5585 3336 5636 sedant.
3364 5584 3564 5637 Idcirco
3591 5601 3689 5639 nos
3713 5591 3873 5642 etiam

2270 5677 2604 5732 conﬁdenter
2645 5678 2868 5731 ducendi
2901 5695 3056 5730 eausa
3091 5693 3396 5732 aCI‘IIlOIICttl
3430 5680 3796 5746 aggredimini;
3825 5694 3874 5735 ιιι

2274 5775 2513 5842 ipsorum
2578 5773 2822 5839 precibus
2873 5785 3062 5825 runt-la
3115 5772 3516 5826 t'otnmiltimns.
3576 5772 3638 5822 l't
3698 5788 3876 5825 λκιο-,ιι

2338 5865 2411 5928 (ιι)
2448 5879 2513 5913 ue
2534 5863 2748 5912 Hastam
2776 5861 2820 5909 lo
2841 5873 3004 5925 ptitur.
