4086 6432
227 485 336 542 617

231 599 442 655 lacilius
474 616 536 653 ae
567 597 854 652 dilucidius
879 610 998 666 qua-
1024 593 1254 648 audietis
1299 589 1576 662 percipere
1604 583 1841 656 possitis,

227 709 415 748 rerum
447 709 571 762 qua:
600 691 749 743 vobis
782 693 1037 749 hesterno
1063 686 1152 740 die
1182 684 1325 738 dit-ta
1368 691 1492 736 sunt
1524 679 1842 733 memoriam

229 786 415 853 paucis
442 783 837 837 relricabimus.
877 779 992 832 Dixi
1022 777 1320 841 hominem,
1362 784 1652 842 antequam
1677 770 1745 824 de
1774 770 1843 824 li-

226 895 335 944 ent:
389 875 723 933 comederit,
759 872 958 927 bonum
1010 887 1072 925 ac
1122 869 1321 924 malum
1374 868 1610 932 novisse,
1669 879 1846 934 neque

229 981 515 1037 postquam
553 973 846 1037 gustasset,
879 964 1018 1017 banc
1060 963 1206 1016 illum
1255 959 1536 1014 scientiam
1585 956 1842 1025 adeptqu

224 1075 370 1114 esse.
404 1059 543 1124 Dixi,
576 1073 744 1128 quare
791 1057 994 1127 lignum
1026 1054 1265 1109 scicntia!
1291 1051 1418 1107 b0ni
1446 1060 1500 1105 et
1547 1049 1669 1104 mali
1698 1048 1845 1102 dice-

227 1161 399 1213 retur,
434 1159 491 1204 et
530 1166 636 1220 qtto
665 1159 818 1219 pacto
845 1147 1017 1202 soleat
1043 1146 1342 1216 Scriptura,
1375 1153 1658 1214 postquam
1701 1141 1844 1197 circa

225 1252 448 1312 tempus
493 1242 705 1313 aliquod
752 1241 999 1295 locumve
1041 1254 1127 1293 res
1173 1238 1438 1308 qua-piam
1465 1234 1728 1300 evenerit,
1775 1232 1845 1287 ab

227 1336 318 1390 illa
372 1352 432 1389 re
483 1335 702 1390 ductum
750 1334 869 1387 loco
909 1332 992 1387 vel
1043 1333 1271 1400 tempori
1322 1343 1519 1383 nomen
1562 1327 1842 1381 tribuere:

223 1441 412 1493 Opera:
453 1428 683 1496 pretium
730 1425 890 1480 hodie
922 1424 1085 1478 fuerit
1130 1423 1303 1492 ipsum
1349 1423 1660 1477 mandatum
1708 1420 1847 1474 rcci-

229 1524 363 1580 tare,
399 1517 554 1586 cujus
586 1517 884 1570 interventu
930 1514 1142 1568 arboris
1173 1513 1320 1568 illius
1370 1523 1452 1567 est
1483 1527 1611 1568 esus
1658 1510 1846 1581 probi-

229 1608 398 1661 uitus.
426 1608 706 1674 Quodnam
733 1607 892 1676 igitur
920 1606 1048 1660 illud
1076 1605 1203 1661 est?
1231 1604 1299 1659 Et
1328 1605 1566 1674 prascepit
1596 1603 1846 1658 Dominus

230 1698 370 1753 Deus
394 1700 558 1753 Adam
585 1700 756 1753 dicens
789 1716 807 1752 :
841 1697 925 1753 Ex
942 1698 1083 1751 omni
1109 1699 1248 1770 ligno
1272 1699 1410 1768 quod
1439 1697 1586 1752 estin
1604 1696 1846 1767 paradiso

225 1807 346 1844 esca
396 1791 628 1845 comedas
669 1790 823 1862 (Gen.
878 1791 933 1845 2.
979 1790 1094 1863 lii).
1147 1791 1332 1845 Divina
1390 1790 1474 1844 lex
1521 1798 1627 1856 est,
1656 1804 1844 1843 verum

225 1882 592 1936 attendamus.
623 1882 677 1937 Si
707 1883 850 1936 enim
899 1882 1147 1937 homines
1194 1882 1321 1936 dum
1367 1882 1542 1952 regias
1572 1881 1754 1951 legunt
1783 1881 1851 1934 li-

228 1982 398 2036 tents,
428 1972 736 2026 universum
768 1982 1137 2042 spectatorum
1164 1985 1365 2028 ctutum
1390 1972 1582 2042 jubent
1618 1986 1847 2026 consur-

225 2077 357 2132 gere
393 2083 406 2118 :
440 2063 607 2116 multo
649 2063 820 2134 magis
870 2078 969 2118 nos
996 2065 1084 2134 qui
1135 2079 1244 2119 non
1277 2063 1578 2128 hominum,
1607 2063 1700 2118 sed
1748 2063 1844 2118 Dei

227 2153 380 2225 leges
421 2155 617 2234 lecturi
656 2172 864 2223 sumus,
909 2158 1120 2212 animos
1162 2165 1374 2228 Oportet
1401 2156 1636 2228 erigere,
1684 2165 1846 2226 atque

226 2247 295 2302 iis
320 2264 442 2316 qua:
469 2248 723 2302 dicuntur
750 2249 1052 2305 attendere.

302 2341 382 2392 An
411 2339 496 2394 lea:
524 2342 589 2392 sit
617 2356 773 2394 causa
795 2340 1008 2410 peccati.
1037 2369 1109 2380 —
1133 2338 1258 2395 Scio
1291 2339 1580 2394 nonnullos
1605 2337 1846 2408 Legisla-

228 2439 404 2484 torctn
433 2445 715 2495 accusare,
745 2447 810 2486 ac
839 2433 1011 2502 legem
1035 2445 1253 2486 causam
1287 2431 1466 2500 lapsus
1490 2446 1611 2485 esse
1640 2431 1844 2486 dicere.

227 2524 510 2578 Adversus
539 2522 642 2577 hoc
672 2524 832 2595 igitur
859 2527 1088 2593 primum
1129 2522 1442 2578 certandum
1469 2533 1572 2590 est,
1598 2537 1662 2578 ac
1683 2522 1847 2579 rebus

231 2617 367 2685 ipsis
394 2615 812 2678 ostendendum,
838 2631 948 2669 non
976 2616 1119 2685 quod
1152 2613 1426 2679 hominem
1449 2614 1574 2668 odio
1595 2613 1843 2680 haberet,

226 2717 324 2762 aut
369 2718 617 2763 naturam
657 2718 896 2763 nostram
940 2709 1227 2778 ignominia
1274 2719 1465 2762 notare
1513 2708 1699 2773 vellet,
1748 2707 1845 2765 sed

232 2798 378 2867 quod
408 2808 616 2852 amaret
660 2799 881 2870 ejusque
910 2816 1094 2854 curam
1122 2808 1354 2869 gereret,
1392 2800 1564 2870 legem
1604 2799 1845 2856 dedisse.

231 2889 300 2945 Ut
329 2893 476 2944 enim
505 2891 689 2945 discas
717 2891 769 2944 in
817 2891 1118 2946 subsidium
1145 2891 1300 2946 nobis
1329 2907 1448 2946 eam
1479 2890 1660 2945 datam
1701 2882 1846 2960 esse,

227 2981 352 3034 audi
382 2982 509 3052 quid
539 2981 685 3037 dicat
717 2982 876 3036 Isaias
909 3003 923 3039 :
951 2982 1137 3053 Legem
1165 2984 1296 3036 enint
1318 2983 1372 3036 in
1412 2983 1662 3036 auxilium
1706 2982 1848 3038 dedit

228 3073 387 3140 (lsai.
421 3073 473 3129 8.
502 3073 620 3145 20).
664 3075 734 3127 At
762 3073 853 3144 qui
885 3075 1014 3128 odio
1060 3075 1423 3144 prosequitur,
1456 3089 1562 3128 non
1603 3077 1705 3129 fert
1750 3090 1848 3128 au-

229 3166 438 3219 xilium.
476 3166 682 3220 Rursus
732 3165 1058 3221 vociferatur
1088 3165 1348 3236 pr0pltela
1382 3184 1394 3220 :
1427 3165 1662 3221 Lucerna
1699 3167 1846 3238 pedi-

227 3257 322 3310 bus
368 3257 492 3311 meis
531 3257 737 3310 uerbum
787 3266 952 3322 tuum,
984 3265 1031 3310 et
1079 3257 1250 3312 lumen
1275 3258 1467 3311 sentitis
1506 3258 1628 3312 utris
1667 3259 1844 3330 (l’sttl.

229 3351 356 3406 “3.
396 3350 541 3419 IOS).
580 3353 642 3403 At
667 3351 758 3419 qui
792 3349 919 3403 odio
945 3349 1308 3419 prosequitur,
1340 3351 1590 3406 tenebras
1632 3353 1848 3406 lucerna

229 3459 340 3497 non
383 3442 622 3504 discutit,
655 3456 755 3494 nec
796 3449 1067 3496 errantem
1099 3455 1223 3494 cum
1270 3441 1390 3496 lucc
1420 3441 1658 3496 deducit.
1691 3441 1846 3498 Salo-

231 3547 358 3585 mon
387 3547 571 3585 rursus
595 3546 608 3584 :
642 3529 872 3584 Lucerna
897 3530 1195 3584 mandatum
1225 3531 1380 3604 legis,
1412 3541 1460 3584 et
1490 3532 1613 3596 lux,
1638 3545 1685 3586 et
1705 3534 1806 3586 rita
1829 3573 1846 3600 ,

229 3635 277 3678 et
320 3624 604 3693 correptio,
655 3634 702 3676 et
747 3621 1021 3692 disciplina
1065 3620 1250 3688 (Prov.
1287 3624 1342 3677 6.
1367 3623 1488 3692 23).
1549 3623 1687 3678 Ecce
1743 3639 1848 3678 non

227 3715 493 3771 auxilium
545 3714 722 3769 solum
750 3756 765 3780 ,
799 3728 898 3770 nec
930 3712 1146 3768 lucerna
1173 3714 1350 3768 Sttltltlt
1374 3755 1389 3781 ,
1423 3714 1518 3769 scd
1549 3725 1603 3770 et
1632 3716 1719 3768 lux
1767 3726 1852 3771 est

229 3821 288 3863 et
317 3808 422 3861 vita
449 3824 462 3860 :
497 3806 613 3860 lucc
658 3821 822 3876 porro
852 3821 959 3860 non
989 3815 1114 3859 sunt
1141 3805 1270 3858 0le
1302 3806 1678 3876 prosequentis
1700 3847 1715 3872 ,
1751 3822 1849 3861 ne-

231 3914 338 3967 que
367 3897 596 3968 perdere
623 3897 852 3953 volentis
875 3939 887 3962 ,
930 3896 1023 3952 sed
1054 3912 1270 3951 manum
1304 3898 1630 3968 porrigentis
1657 3907 1708 3952 ct
1739 3900 1850 3953 eri-

231 3989 434 4060 gentis.
470 3989 594 4044 Ideo
624 3989 821 4045 Paulus
848 4003 1064 4060 quoque
1108 3989 1237 4044 dum
1270 3989 1321 4044 in
1365 3989 1609 4044 1Ιιιιιειιιιιιι
1642 3989 1852 4046 invehi-

233 4093 360 4150 tur,
399 4091 735 4152 etquantam
767 4083 849 4138 lex
898 4082 1160 4138 invexerit
1205 4083 1525 4148 utilitatem,
1576 4084 1848 4152 ostendit,

234 4190 468 4245 cauulue
511 4191 616 4230 non
639 4189 865 4245 gravare
895 4184 1138 4229 naturam
1164 4185 1401 4229 nostram
1422 4217 1438 4240 ,
1466 4176 1561 4229 sed
1591 4174 1815 4231 reticere
1834 4216 1849 4240 ,

235 4269 488 4326 dicebat:
527 4266 659 4322 Ecce
685 4277 739 4320 tu
764 4264 984 4322 Iudicas
1028 4268 1440 4338 cognotttinaris,
1493 4278 1538 4322 et
1576 4267 1854 4338 requiescis

236 4361 290 4415 in
319 4360 431 4432 lege
459 4357 635 4432 (Ilont.
659 4358 714 4412 9..
740 4357 852 4429 Π).
888 4356 1054 4413 Vides
1100 4374 1207 4413 non
1240 4367 1296 4412 ut
1329 4367 1573 4412 naturam
1616 4368 1853 4413 nostram

236 4459 522 4524 gravaret,
575 4449 669 4505 sed
710 4458 767 4504 ut
827 4465 947 4506 eam
987 4461 1261 4506 recrearet
1285 4493 1301 4514 ,
1349 4451 1514 4506 Deum
1546 4450 1720 4521 legem
1759 4452 1858 4509 dc-

236 4545 430 4601 disse?
461 4541 622 4598 Visne
671 4542 917 4611 discere,
951 4543 1003 4597 id
1031 4543 1192 4599 etiam
1223 4543 1372 4598 illunt
1399 4543 1574 4614 egisse
1595 4585 1613 4612 ,
1646 4553 1702 4600 ιιι
1754 4543 1856 4598 Ιιυ-

239 4652 431 4693 norem
459 4635 739 4691 deferret!
768 4633 899 4690 Nam
929 4645 1173 4707 poterant
1201 4646 1258 4692 ct
1287 4637 1386 4692 ista
1415 4637 1546 4692 satis
1572 4639 1858 4696 ostendere

239 4740 295 4785 et
319 4730 578 4785 honorent
607 4729 882 4796 delatum,
914 4743 971 4786 et
999 4745 1185 4786 curam
1231 4731 1568 4802 impensam:
1607 4733 1702 4789 sed
1756 4734 1858 4792 hoc

243 4823 420 4893 ipsum
447 4822 568 4878 aliis
587 4822 838 4879 adhibitis
865 4823 1185 4879 te:timoniis
1201 4823 1605 4881 demonstrabo.
1636 4825 1818 4882 Lauda
1839 4872 1857 4898 ,

243 4917 438 4988 inquit,
458 4914 746 4972 Jerusalem
766 4956 783 4984 ,
807 4916 1084 4972 Dominum
1099 4933 1118 4979 :
1135 4918 1292 4973 lauda
1307 4918 1469 4975 Deum
1486 4931 1630 4976 tuum
1653 4965 1668 4990 ,
1693 4922 1862 4981 Sion:

240 5009 486 5078 quoniam
524 5009 847 5078 conﬁnnaeit
897 5021 1058 5065 vectes
1103 5021 1365 5081 portarunt
1413 5022 1649 5076 tuarum,
1707 5015 1861 5070 bene-

241 5102 374 5156 dixit
394 5100 520 5171 ﬁliis
538 5101 636 5155 tuis
656 5101 709 5155 in
729 5112 816 5157 te:
839 5103 927 5174 qui
950 5103 1092 5174 ponit
1113 5105 1242 5172 lines
1264 5121 1384 5159 suos
1408 5122 1583 5176 pacem
1603 5148 1619 5172 ,
1643 5118 1689 5160 et
1710 5108 1864 5177 adipe

245 5194 492 5265 frumenti
515 5193 669 5248 saliat
689 5194 775 5263 te(
807 5192 950 5248 Psal.
981 5194 1104 5250 M7.
1150 5194 1218 5250 η
1241 5227 1263 5237 -
1289 5198 1408 5267 Η).
1463 5198 1665 5254 Deinde
1714 5211 1860 5270 [mst-

243 5303 409 5356 quam
437 5285 540 5339 alia
568 5285 702 5340 dixit
731 5285 988 5342 bent-licia
1019 5303 1114 5357 per
1153 5288 1289 5344 alias
1317 5301 1600 5346 creaturas
1627 5294 1821 5348 collata
1844 5338 1860 5361 ,

244 5377 527 5448 Mtltjtllulb
568 5378 893 5448 prmeipuum
933 5390 989 5434 et
1039 5382 1251 5436 czcteris
1291 5387 1497 5452 majus,
1555 5383 1638 5439 bis
1683 5387 1864 5440 verbis

246 5480 406 5525 utens
431 5487 446 5524 :
479 5469 582 5538 Qui
600 5473 874 5525 annuntiat
896 5473 1097 5526 verbum
1119 5489 1267 5526 suam
1288 5471 1452 5529 Iacob
1473 5515 1489 5542 ,
1540 5477 1836 5550 iustiﬁcam.

248 5578 338 5617 nes
356 5572 406 5616 et
411 5562 621 5634 judicia
644 5580 740 5618 sua
768 5561 956 5619 Israel.
986 5562 1108 5620 Non
1136 5566 1255 5636 fecit
1285 5567 1454 5621 taliter
1473 5571 1611 5623 omni
1633 5573 1828 5624 nationi
1848 5614 1862 5636 ,

246 5667 294 5710 ct
308 5657 515 5731 judicia
556 5675 650 5713 sua
703 5674 808 5713 non
859 5659 1200 5730 ntaniftstaoit
1243 5661 1315 5715 eis
1355 5658 1520 5730 (Ibid.
1544 5681 1590 5717 υ.
1620 5665 1707 5720 l9.
1744 5665 1862 5736 ΞΟ).

251 5749 390 5807 \‘idc
431 5767 593 5822 quam
639 5754 802 5807 multa
833 5753 1169 5809 enumerarit
1219 5753 1384 5810 bona.
1411 5753 1571 5810 Urbis
1599 5758 1862 5813 securita-

251 5853 358 5902 tem
391 5863 404 5899 :
448 5843 780 5909 Conﬁrmarit
805 5845 984 5910 enim,
1017 5843 1222 5916 inquit,
1255 5856 1415 5900 vectes
1448 5857 1711 5917 portarum
1752 5862 1865 5904 ma-

248 5941 400 5998 rum;
423 5929 683 5985 bellorum
727 5929 1096 6001 depulsionem
1126 5946 1138 5981 :
1176 5930 1275 5999 Qui
1297 5931 1438 6000 ponit
1465 5932 1634 6001 enim,
1657 5934 1824 6006 inquit
1847 5977 1863 6000 ,

1506 473 1570 529 IN
1611 463 1913 527 GENESIM
1954 461 2190 520 Sl-leMO
2222 460 2354 518 Vlll.

3479 466 3589 525 618

1960 578 2085 644 ﬁnes
2117 584 2232 629 luas
2267 593 2447 646 pacem
2469 594 2488 630 :
2513 577 2814 634 ubertatem
2862 592 3096 633 annona:
3138 592 3151 632 :
3185 576 3254 632 Et
3274 579 3430 649 adipe
3480 589 3594 650 [ru-

1954 672 2111 725 menti
2153 672 2304 726 satiat
2349 683 2415 726 te.
2461 673 2715 728 Attamen
2766 672 2850 727 ltis
2899 673 3151 728 omnibus
3201 675 3588 745 pretiosiorem

1957 765 2088 835 legis
2138 764 2484 820 donationem
2542 780 2664 821 esse
2700 765 3012 821 declaravit.
3049 765 3182 819 Nam
3229 768 3484 836 quoniam
3543 781 3596 825 et

1953 859 2245 914 securitate
2274 869 2327 913 et
2351 874 2514 927 pace,
2543 869 2599 914 et
2619 859 2936 930 (lt‘ptllsimlc
2968 859 3235 914 bellorum
3255 901 3272 928 ,
3302 869 3356 916 et
3381 861 3593 915 libero-

1953 964 2074 1004 rnm
2107 949 2433 1004 fecunditate
2474 965 2538 1005 ac
2583 949 2925 1006 multitudine
2945 991 2961 1014 ,
2986 962 3148 1021 atque
3172 967 3402 1005 annona-
3429 953 3501 1006 ult
3525 970 3594 1008 sr-

1954 1049 2063 1099 tate
2094 1042 2265 1095 multo
2296 1042 2470 1111 majus
2512 1051 2596 1097 est
2623 1043 2825 1096 donum
2865 1042 3036 1111 legem
3069 1045 3377 1114 accepisse,
3402 1061 3466 1099 ac
3493 1048 3582 1103 IL-i

1947 1131 2359 1201 jnstilicationes
2401 1132 2692 1197 didicisse,
2735 1147 2857 1188 cum
2904 1134 3034 1189 illud
3082 1135 3325 1189 omnium
3374 1151 3590 1206 postm-

1955 1241 2102 1279 mnut
2147 1236 2419 1296 tamquam
2449 1237 2610 1296 caput
2652 1235 2707 1281 et
2734 1227 3043 1298 congeriem
3096 1227 3360 1282 bonorum
3409 1229 3588 1284 collo-

1951 1328 2159 1385 casset,
2201 1319 2402 1388 adjecit
2429 1320 2614 1375 dicens
2642 1338 2656 1375 :
2688 1319 2807 1374 Non
2833 1320 2952 1390 fecit
2996 1321 3167 1374 taliter
3191 1322 3328 1375 omni
3359 1321 3586 1376 nationi.

1909 1403 1914 1410 ’
1953 1409 2186 1475 Taliter,
2237 1427 2344 1482 quo
2401 1411 2596 1480 pacto?
2627 1412 2788 1482 Atqui
2819 1427 3051 1466 annona:
3097 1415 3378 1479 ubertate,
3419 1421 3591 1483 atque

1953 1502 2096 1569 aliis,
2124 1518 2243 1572 qua:
2274 1512 2401 1556 sunt
2425 1512 2740 1558 enumerata
2763 1543 2778 1567 ,
2811 1503 2964 1557 multi
2996 1505 3192 1574 satpius
3224 1504 3377 1574 potiti
3409 1514 3542 1560 sunt.
3569 1524 3582 1560 :

1953 1605 2324 1650 verumtamen
2357 1596 2426 1650 de
2456 1597 2559 1650 illis
2585 1612 2706 1667 qua:
2735 1597 2875 1652 dicta
2908 1607 3032 1652 sunt
3065 1613 3171 1651 nou
3220 1599 3441 1668 loquor,
3493 1599 3584 1653 in-

1953 1687 2104 1756 quit,
2133 1687 2229 1741 sed
2260 1689 2328 1741 de
2359 1690 2475 1758 lege
2497 1730 2512 1754 ,
2536 1688 2679 1759 quod
2707 1689 2855 1744 omni
2878 1690 3082 1744 nationi
3115 1690 3195 1745 sic
3224 1706 3333 1745 non
3369 1689 3584 1748 fecerit.

1955 1779 2250 1849 Proptered
2269 1783 2548 1850 subjunxit
2574 1801 2586 1835 :
2619 1780 2687 1836 Et
2721 1783 2927 1853 judicia
2953 1800 3047 1838 sua
3079 1799 3183 1837 non
3233 1785 3586 1857 manifestat-it

1952 1872 2044 1926 eis.
2072 1870 2236 1927 Vides
2271 1875 2508 1927 ontnium
2536 1873 2801 1928 bonorum
2828 1890 2948 1945 qua:
2973 1885 3102 1930 sunt
3124 1886 3437 1932 enumerata
3469 1894 3592 1934 ma-

1951 1963 2157 2016 ximum
2206 1979 2325 2018 esse
2371 1964 2563 2035 legem.

2023 2055 2079 2109 2.
2119 2057 2232 2112 lloc
2282 2057 2445 2111 etiam
2491 2057 3074 2122 .leremiasjndicavit:
3127 2061 3255 2114 dum
3296 2062 3442 2116 enim
3484 2076 3582 2118 eos

1951 2149 2041 2219 qui
2066 2149 2118 2202 in
2146 2150 2455 2219 captivitate
2477 2151 2832 2207 vers:ubantur
2853 2153 3062 2223 lugeret
3085 2196 3099 2219 ,
3122 2153 3372 2209 diccbat:
3399 2155 3542 2222 Quid
3559 2197 3576 2223 ,

1951 2241 2090 2311 quod
2112 2243 2167 2295 in
2192 2252 2329 2297 terra
2354 2244 2678 2298 inimicorum
2698 2246 2792 2300 es?
2819 2245 3144 2316 Dereliquisti
3167 2250 3578 2320 fontemsapien-

1952 2331 2039 2386 tiae
2076 2331 2326 2403 (Barnclt.
2361 2336 2414 2390 3.
2448 2335 2538 2391 10.
2587 2336 2679 2407 IS)
2719 2355 2732 2391 :
2767 2337 2936 2408 legem
2971 2338 3042 2391 ita
3074 2352 3294 2394 voeans.
3343 2338 3410 2395 Ut
3436 2341 3582 2396 enint

1955 2423 2075 2480 fons
2096 2427 2291 2482 multos
2313 2428 2551 2500 undique
2575 2429 2727 2486 rivos
2746 2432 2941 2486 emittit
2967 2473 2983 2498 ,
3004 2432 3082 2488 sic
3103 2434 3265 2488 etiam
3302 2434 3385 2488 lex
3413 2434 3581 2490 multa

1954 2515 2190 2588 undique
2239 2518 2489 2574 mandata
2520 2520 2834 2590 profundit,
2856 2522 3053 2592 quibus
3077 2523 3312 2579 animam
3339 2535 3580 2582 nostram
3659 2548 3668 2549 "

1954 2606 2171 2678 irrigat.‘
2192 2609 2398 2666 Deinde
2428 2612 2757 2681 praecipuum
2791 2613 2959 2669 decus
3013 2614 3272 2682 honoris,
3305 2618 3393 2686 qui
3427 2619 3584 2676 nobis

1953 2713 1982 2751 a
2015 2698 2132 2768 lege
2158 2699 2433 2768 defertur,
2461 2703 2757 2759 ostendens
2783 2704 3000 2762 aiebat:
3053 2705 3176 2761 Non
3209 2719 3282 2761 est
3308 2711 3487 2764 audita
3531 2713 3587 2766 in

1954 2787 2204 2845 Chanaan
2255 2793 2363 2846 haec
2407 2794 2697 2864 sapientia,
2749 2813 2912 2866 neque
2961 2800 3066 2852 visa
3093 2808 3167 2854 cst
3197 2800 3250 2854 in
3292 2799 3578 2869 Tha'man,

1953 2897 2113 2952 neque
2161 2883 2260 2951 lilii
2286 2884 2426 2956 Agar
2453 2896 2756 2942 mercatores
2777 2930 2793 2955 ,
2822 2898 2870 2942 et
2912 2891 3242 2959 exquisitores
3293 2893 3427 2946 riam
3471 2895 3586 2967 ejus

1953 2983 2200 3028 not-erunt
2219 3016 2232 3040 ,
2257 2991 2418 3048 neque
2446 2979 2739 3032 semitarum
2768 2980 2881 3050 ejus
2909 2993 3026 3042 sunt
3057 2983 3313 3037 recordati
3336 2984 3498 3058 (Ibitl.
3531 3004 3581 3042 r.

1952 3063 2042 3119 22.
2072 3063 2191 3137 25).
2223 3069 2397 3136 Atque
2420 3078 2474 3121 ut
2504 3068 2803 3139 spiritalem
2834 3085 2898 3126 ac
2928 3072 3165 3128 divinam
3194 3090 3317 3131 esse
3342 3077 3580 3132 demon-

1953 3165 2154 3213 straret
2177 3199 2192 3224 ,
2226 3158 2356 3226 Quis
2398 3161 2628 3214 ascendit
2655 3202 2671 3228 ,
2704 3162 2908 3232 ittquit,
2937 3165 2990 3218 in
3017 3165 3200 3220 coelum
3232 3209 3248 3232 ,
3290 3183 3336 3222 et
3369 3169 3584 3225 deduxit

1955 3248 2101 3302 illaut
2123 3247 2176 3318 (1
2183 3249 2286 3303 bid.
2310 3266 2358 3303 υ.
2380 3251 2510 3320 29)?
2531 3250 2666 3307 Tum
2691 3253 2934 3323 adjuuxit
2958 3272 2970 3307 :
3000 3253 3101 3309 IIic
3131 3268 3204 3312 est
3227 3257 3369 3314 Deus
3380 3270 3574 3327 noster,

1954 3355 2058 3394 non
2077 3341 2413 3396 testintabitur
2432 3343 2568 3398 alius
2591 3345 2659 3397 ad
2702 3361 2838 3398 eum.
2893 3347 3166 3403 Adittt'enit
3204 3367 3405 3406 onmem
3449 3355 3585 3410 riam

1955 3431 2180 3484 scientiae
2208 3442 2254 3486 et
2287 3433 2428 3487 dedit
2449 3449 2560 3487 eam
2587 3432 2750 3489 Iacob
2783 3453 2941 3506 puero
2961 3455 3055 3492 suo
3075 3480 3090 3506 ,
3121 3451 3167 3494 et
3202 3440 3368 3498 Israel
3389 3446 3581 3501 dilecto

1957 3538 2049 3575 suo
2079 3521 2128 3595 (l
2138 3524 2242 3576 bid.
2275 3541 2323 3578 ιο.
2349 3525 2438 3580 '56.
2465 3526 2582 3595 57).
2619 3526 2909 3597 Propterea
2933 3529 3148 3586 dicebat
3175 3533 3337 3589 etiam
3371 3536 3536 3593 David
3563 3558 3578 3593 :

1959 3613 2083 3670 Non
2119 3619 2237 3688 fecit
2266 3618 2434 3672 taliter
2460 3622 2600 3674 omni
2622 3622 2818 3676 nationi
2837 3665 2852 3690 ,
2881 3633 2928 3676 et
2939 3625 3145 3694 judicia
3171 3644 3268 3681 sua
3288 3647 3392 3686 nm
3414 3635 3583 3686 mani-

1959 3711 2160 3780 festavit
2183 3709 2445 3780 eis(Psal.
2484 3713 2604 3768 H7.
2633 3712 2753 3784 20).
2782 3715 2894 3771 lluc
2913 3718 3165 3772 nimirum
3189 3727 3244 3774 et
3274 3721 3474 3777 Paulus
3501 3725 3586 3780 in-

1960 3816 2134 3856 nuens
2162 3803 2474 3860 scribebat:
2519 3805 2657 3873 Quid
2683 3823 2803 3879 ergo
2845 3810 3070 3879 amplius
3115 3810 3305 3869 Iudico
3339 3816 3447 3871 est?
3492 3828 3587 3873 aut

1958 3900 2076 3957 qua:
2118 3888 2313 3943 utilitas
2360 3891 2761 3948 circumcisionis
2788 3894 2969 3964 (llam.
3002 3896 3056 3952 5.
3095 3899 3190 3970 l)?
3235 3900 3457 3958 Multum
3488 3919 3587 3976 per

1959 3994 2176 4033 omnem
2199 3982 2440 4035 modum.
2464 3981 2704 4039 Primum
2722 3987 2938 4057 quidem
2955 3992 3209 4060 quoniam
3229 3995 3431 4051 credita
3453 4010 3583 4054 sunt

1961 4069 2065 4123 illis
2089 4071 2299 4139 eloquia
2326 4073 2435 4127 Dei.
2473 4073 2632 4131 Vides
2653 4093 2760 4148 quo
2783 4087 2941 4148 pacto
2967 4079 3053 4135 ltic
3078 4082 3242 4139 etiam
3270 4092 3586 4156 exposuerit

1961 4164 2090 4220 illud
2112 4207 2127 4232 ,
2155 4164 2275 4219 Non
2299 4168 2416 4238 fecit
2443 4168 2613 4223 taliter
2648 4173 2786 4226 omni
2810 4174 3006 4228 nationi
3029 4216 3046 4238 ,
3078 4186 3126 4230 et
3140 4178 3349 4247 judicia
3367 4174 3461 4235 sita
3482 4200 3586 4238 non

1961 4257 2303 4328 manifestarit
2324 4259 2433 4314 eis?
2459 4260 2516 4316 Si
2544 4262 2688 4317 enim
2729 4264 2832 4318 ltoc
2859 4265 2987 4322 illud
3014 4279 3098 4323 est
3130 4273 3362 4341 amplius
3397 4273 3588 4330 Judam

1961 4351 2105 4421 quod
2131 4351 2204 4406 illi
2256 4352 2356 4407 soli
2375 4370 2440 4408 ex
2467 4355 2588 4410 aliis
2611 4354 2921 4414 hominibus
2946 4360 3078 4431 legis
3099 4365 3313 4435 scripta:
3339 4366 3590 4424 donatio-

1964 4458 2033 4497 ne
2047 4453 2172 4498 suut
2198 4446 2443 4500 honorati
2469 4487 2486 4513 ,
2515 4463 2620 4503 non
2645 4449 2810 4520 igitur
2831 4462 2888 4507 ut
2915 4462 3162 4510 naturatu
3191 4471 3432 4514 ttostram
3463 4478 3590 4533 gra-

1963 4547 2146 4600 Varet,
2177 4538 2272 4591 sed
2314 4549 2372 4592 ιιι
2417 4541 2624 4596 ltunore
2670 4541 2945 4612 aflicerct,
2998 4545 3144 4603 dedit
3198 4554 3587 4622 legcm'ltcus.

1962 4626 2149 4699 Neque
2178 4628 2278 4684 boe
2302 4640 2507 4686 tantum
2540 4632 2748 4690 honore
2785 4638 2963 4692 alTet-it
2981 4679 2998 4703 ,
3025 4643 3168 4710 quod
3197 4644 3370 4716 legem
3396 4647 3540 4703 dedit
3573 4693 3592 4714 ,

1965 4719 2060 4775 sed
2091 4721 2254 4776 etiam
2282 4723 2424 4794 quod
2477 4739 2572 4796 per
2604 4728 2841 4797 seipsutu
2869 4728 3057 4786 dedit:
3104 4735 3207 4789 ltoe
3243 4739 3391 4793 euiut
3417 4757 3595 4810 genus

1968 4811 2188 4868 ltonoris
2213 4824 2296 4870 est
2318 4820 2611 4872 maximum
2644 4820 2788 4892 quod
2819 4837 2926 4877 non
2953 4825 3126 4880 solum
3155 4827 3292 4884 bona
3341 4833 3590 4904 praebue-

1967 4907 2072 4973 rit,
2109 4908 2203 4964 sed
2237 4924 2333 4978 per
2356 4911 2595 4981 seipsqu
2629 4912 2940 4982 pradnterit.
2971 4915 3085 4974 Hoc
3110 4919 3310 4994 quippe
3338 4941 3594 4997 magnum

1969 5016 2093 5057 esse
2137 5001 2374 5069 donum,
2429 5004 2552 5060 audi
2596 5008 2870 5077 quomodo
2914 5009 3112 5066 Paulus
3138 5016 3406 5072 ostendat.
3455 5019 3593 5076 Cum

1969 5094 2114 5148 enim
2138 5094 2352 5151 inflatos
2380 5111 2503 5153 esse
2531 5097 2750 5156 Iuda-os
2779 5114 3060 5172 cerneret,
3082 5107 3227 5177 quod
3252 5108 3321 5164 ad
3343 5124 3440 5166 eos
3463 5126 3593 5183 pro-

1973 5188 2151 5258 pheta:
2192 5191 2500 5253 venissent,
2544 5204 2601 5246 ut
2647 5209 2836 5249 eorum
2891 5201 3255 5269 arrogantiam
3305 5217 3589 5274 coerceat,

1971 5297 2178 5353 nosque
2217 5282 2410 5353 majori
2453 5298 2576 5339 esse
2614 5286 2836 5343 affectos
2868 5288 3074 5347 ltnnore
3097 5293 3468 5364 demonstret,
3501 5299 3594 5370 qui

1971 5391 2078 5428 ttntt
2113 5375 2253 5429 servi
2275 5414 2291 5440 ,
2320 5376 2417 5430 sed
2450 5376 2664 5432 Domini
2695 5395 2858 5449 opera
2899 5382 3132 5438 delatam
3164 5386 3466 5444 doctrinam
3499 5407 3591 5446 ac.

1969 5467 2213 5537 cepimus
2232 5510 2245 5534 ,
2274 5467 2356 5523 ltis
2377 5470 2558 5524 verbis
2581 5470 2828 5527 utiturad
2856 5473 3110 5531 llebmos
3134 5480 3379 5536 scribens
3405 5501 3418 5535 :
3451 5481 3595 5538 Mal-

1971 5561 2199 5628 tifarimn
2243 5562 2515 5633 multisque
2551 5565 2718 5618 modis
2756 5566 2880 5620 olim
2918 5567 3058 5625 Deus
3101 5571 3315 5642 loquens
3363 5577 3596 5645 patribus

1971 5653 2180 5714 nostris,
2201 5653 2368 5706 nuuiss
2390 5654 2486 5706 mis
2516 5655 2693 5709 diebus
2719 5657 2829 5712 istis
2853 5660 3094 5730 loquutus
3113 5675 3187 5718 est
3211 5663 3357 5720 nobis
3380 5667 3432 5721 iu
3456 5667 3597 5724 Filio

1975 5743 2161 5817 (llrbr.
2189 5746 2240 5799 1.
2269 5748 2317 5800 1.
2337 5745 2420 5817 2).
2449 5746 2515 5801 Et
2538 5763 2722 5804 rursus
2757 5752 2884 5806 alibi
2913 5770 2928 5807 :
2953 5751 3078 5808 Non
3103 5757 3270 5810 solum
3290 5770 3486 5826 autem,
3507 5763 3600 5816 sed

1972 5852 2017 5894 et
2064 5841 2346 5911 gloriantur
2395 5843 2446 5894 in
2494 5840 2603 5896 Dea
2623 5884 2640 5908 ,
2696 5862 2787 5913 per
2821 5844 3096 5902 Dontnmm
3149 5862 3380 5906 nostrum
3417 5851 3597 5908 Iesum

1975 5935 2258 6001 Cbrislum,
2279 5951 2530 6008 pet-quem
2551 5948 2596 5991 et
2621 5939 3084 5996 rccmtciliutioncm
3109 5949 3398 6014 accepimus
3420 5945 3596 6015 (Rom.
