4086 6446
535 445 641 503 619

535 563 588 615 5.
634 557 746 629 ll).
784 554 944 612 Vides
978 568 1102 612 eum
1132 567 1236 608 non
1284 554 1354 610 ob
1396 552 1877 609 reconciliationem
1920 559 2122 605 lanium

539 654 789 724 gloriari.
820 646 913 702 sed
941 645 1103 702 etiam
1127 643 1270 714 quod
1311 659 1407 714 per
1429 643 1697 699 Christum
1733 641 2122 697 reconciliatio-

544 759 658 799 nem
699 740 996 808 acceperit?
1051 738 1116 794 Et
1144 751 1330 792 rursus
1375 752 1496 790 eum
1523 734 1970 792 resurrectionem
2012 747 2125 787 ma-

540 833 726 905 guilicc
771 830 1106 894 celebraret,
1160 829 1272 884 ait:
1312 829 1435 899 Ipse
1478 827 1725 882 Dominus
1763 825 2026 881 descendet
2062 823 2126 878 de

535 925 659 978 creto
694 925 768 993 (ι.
793 922 976 977 Thess.
1005 924 1057 977 4.
1088 921 1202 986 15).
1227 921 1357 976 \‘ide
1377 921 1483 976 illic
1498 935 1709 990 quoque
1730 933 1822 988 per
1844 917 2122 972 Dominum

536 1024 704 1070 totout
752 1012 976 1084 perﬁci:
1015 1020 1070 1069 et
1113 1013 1199 1066 hic
1248 1026 1352 1065 non
1405 1027 1500 1080 per
1541 1012 1770 1079 aliquem
1828 1009 2122 1074 famulum,

537 1124 640 1162 non
668 1123 761 1177 per
780 1090 1024 1175 angelum
1051 1113 1108 1160 et
1133 1103 1504 1172 archangelum
1524 1144 1539 1167 ,
1563 1109 1658 1158 sed
1686 1104 1800 1172 ipse
1834 1117 1928 1170 per
1953 1117 2012 1156 se
2043 1101 2123 1170 ip-

524 1215 650 1256 sum
695 1197 862 1252 Adam
907 1195 1188 1266 praecepit,
1233 1194 1428 1264 duplici
1452 1194 1722 1261 hominem
1771 1199 1972 1250 honore
2000 1192 2122 1248 afﬁ-

535 1289 706 1353 ciens,
735 1295 790 1342 et
808 1285 950 1358 quod
973 1285 1146 1356 legem
1168 1285 1373 1340 dederit
1393 1326 1408 1349 ,
1435 1286 1654 1355 etquod
1686 1285 1894 1344 dederit
1922 1300 2017 1355 per
2040 1299 2126 1340 se-

541 1379 736 1446 ipsum.
758 1377 1040 1447 Quomodo
1063 1377 1224 1447 igitur
1249 1377 1429 1448 lapsus
1454 1387 1539 1432 est
1577 1377 1703 1432 ille?
1743 1377 1824 1432 Ob
1860 1377 2124 1448 ignaviam

533 1482 686 1522 suam
717 1483 736 1525 ι
765 1467 927 1537 idque
963 1465 1252 1523 ostendunt
1288 1475 1547 1538 quotquot
1575 1467 1746 1538 legem
1771 1478 2120 1536 acceperunt,

540 1573 639 1614 nec
667 1558 798 1628 lapsi
823 1568 981 1623 sunt,
1020 1557 1114 1612 sed
1144 1565 1199 1612 et
1229 1557 1380 1625 plura
1409 1573 1566 1626 quam
1593 1559 1845 1627 imperata
1879 1557 2118 1624 fuerant,

540 1649 920 1716 praestiterunt.
961 1646 1065 1702 Sed
1093 1647 1345 1716 quoniam
1379 1647 1481 1702 hoc
1521 1657 1728 1714 tempus
1753 1648 1908 1703 video
1937 1663 2035 1702 nos
2069 1647 2122 1702 in

537 1750 818 1808 angustum
847 1737 1108 1807 redigere,
1141 1737 1192 1792 itt
1221 1737 1442 1792 alteram
1463 1739 1892 1795 dissertationem
1920 1752 2124 1793 sermo-

540 1844 662 1882 ncm
691 1828 992 1897 rejiciemus
1016 1844 1029 1880 :
1057 1841 1152 1883 vos
1171 1842 1299 1882 vero
1323 1843 1443 1899 qua:
1471 1829 1611 1884 dicta
1637 1838 1761 1883 sunt
1788 1837 2120 1894 conscrvate,

535 1933 600 1973 ac
639 1918 894 1973 memoria
938 1925 1113 1973 tenete
1131 1959 1147 1984 ,
1176 1917 1400 1988 illosque
1424 1919 1514 1989 qui
1543 1934 1646 1976 non
1674 1919 1990 1986 audierunt,
2021 1920 2121 1974 do-

538 2018 689 2074 cete,
722 2021 881 2080 atque
911 2009 1027 2064 hzne
1065 2009 1117 2064 in
1157 2010 1384 2064 ecclesia
1407 2053 1420 2074 ,
1454 2011 1504 2064 in
1534 2011 1669 2077 loro,
1699 2027 1759 2065 ac
1785 2011 1929 2066 domi
1958 2028 2122 2068 unus-

537 2100 762 2171 quisque
787 2099 1073 2155 meditetur
1102 2098 1198 2172 (α).
1226 2100 1367 2155 Nihil
1403 2104 1545 2156 enim
1582 2119 1731 2158 saera
1784 2105 2010 2158 lectione
2039 2105 2126 2171 ju-

536 2189 782 2248 cundius.
812 2187 947 2243 Audi
974 2203 1104 2244 sane
1129 2190 1253 2260 quid
1278 2191 1345 2245 de
1370 2191 1454 2244 illa
1476 2191 1619 2245 dicat
1639 2192 1896 2261 propheta
1922 2211 1934 2246 :
1958 2194 2126 2261 Quam

536 2279 708 2334 dulcia
735 2279 966 2347 faucibus
990 2281 1110 2336 meis
1133 2280 1331 2351 eloquia
1353 2290 1459 2348 tua,
1481 2299 1632 2349 super
1653 2284 1752 2336 mel
1777 2291 1823 2336 et
1846 2285 2019 2352 [union
2047 2285 2126 2339 ori

538 2387 648 2437 meo
674 2369 845 2439 (I’sal.
887 2371 981 2427 I18
1030 2370 1178 2442 105).
1213 2372 1362 2428 llunc
1400 2373 1574 2442 itaque
1605 2374 1784 2430 favum
1819 2376 1870 2428 in
1903 2390 2122 2445 vesper-

537 2462 645 2526 tina
684 2477 870 2518 mensa
891 2479 1129 2534 appone,
1163 2475 1220 2520 ιιι
1260 2475 1424 2520 totam
1455 2466 1598 2521 illam
1629 2467 1886 2535 spirituali
1915 2469 2124 2537 repleas

537 2551 824 2620 voluptate.
867 2551 980 2606 Non
1009 2553 1198 2608 videtis
1243 2553 1486 2610 homines
1525 2558 1824 2624 opu'entos,
1856 2559 2125 2627 quomodo

534 2651 655 2714 post
692 2644 877 2712 epulas
915 2644 1243 2701 citltarmdos
1269 2663 1332 2702 ac
1359 2648 1602 2702 tibicines
1631 2650 2006 2704 introducunt?
2048 2651 2123 2706 Illi

538 2750 665 2789 suas
692 2735 836 2790 mdes
866 2737 1130 2792 theatrum
1155 2738 1410 2805 efﬁciunt,
1441 2749 1495 2794 tu
1523 2750 1636 2795 tua»:
1663 2743 1804 2797 aules
1828 2745 2019 2798 cadum
2048 2744 2122 2799 ef-

538 2826 676 2879 tice:
705 2825 754 2878 id
800 2843 926 2885 vero
969 2828 1205 2897 el'llcies,
1252 2846 1356 2885 non
1403 2833 1629 2901 parietes
1674 2834 1987 2900 immutans,
2031 2848 2124 2891 aut

600 2933 926 3010 gilgitanum
951 2951 1016 2987 ex
1061 2929 1381 3002 sequentibus
1422 2941 1482 2991 ad
1528 2943 1733 2993 verbum
1779 2944 1971 2995 humilia
1997 2961 2122 3010 pra:-

537 2994 733 3045 cedenti
759 2996 1005 3060 leguntur.

1254 437 1311 496 S.
1350 437 1631 495 JUANNIS
1667 431 2141 492 CllRYSOSTOMI
2182 431 2497 487 AllClllEP.
2539 428 3074 487 CONSTANTINOP.

3720 431 3832 487 eeo
3859 411 3871 442 ‘

2235 547 2566 603 transferens
2592 546 2964 612 fundamenta,
2997 545 3090 601 sed
3122 545 3165 600 si
3192 545 3258 600 ad
3285 557 3426 600 tuam
3454 562 3693 602 mensam
3720 549 3830 600 Dn-

2232 642 2434 696 minum
2459 641 2630 712 ipsum
2651 641 2904 694 caelorum
2927 653 3103 694 voces.
3138 638 3252 693 Non
3274 639 3540 694 erubescit
3559 641 3830 708 ejusmodi

2231 734 2475 788 convivia
2507 733 2666 787 Deus.
2698 730 2796 787 Ubi
2827 746 3058 799 namque
3082 730 3372 800 spiritualis
3391 728 3654 795 doctrina,
3681 731 3753 784 ibi
3775 740 3832 784 et

2238 823 2614 892 temperantia,
2645 831 2701 878 et
2729 820 3010 884 modestia,
3037 829 3092 874 et
3129 819 3356 885 lenitas;
3387 820 3472 873 ubi
3504 820 3584 872 vir
3613 830 3668 873 ct
3695 835 3833 873 tuor

2230 930 2293 969 ac
2315 916 2484 975 liberi.
2508 913 2793 969 concordia
2815 921 2871 968 et
2891 911 3125 966 amicitia
3153 919 3209 965 et
3230 909 3442 964 virtutis
3469 911 3693 964 vinculis
3717 911 3835 963 fue-

2232 1005 2337 1059 rint
2364 1005 2595 1074 colligati
2622 1047 2636 1067 ,
2676 1005 2783 1059 illic
2806 1011 3048 1058 versatur
3089 1002 3140 1055 in
3185 1000 3364 1056 medio
3392 1000 3660 1055 Christus.
3709 1000 3828 1054 Non

2230 1097 2372 1151 enim
2402 1111 2622 1149 :llll‘l'llm
2654 1074 3148 1164 laquearequa'rit,
3181 1107 3282 1146 nec
3321 1091 3692 1145 columnarum
3725 1090 3831 1144 l'ul-

2229 1200 2436 1254 gon-m,
2472 1200 2641 1254 neque
2677 1183 2960 1240 marmoris
2996 1182 3443 1253 pttlelu'itudinem
3475 1181 3609 1235 :scd
3634 1181 3834 1235 animm

2229 1275 2479 1329 decorem
2505 1289 2565 1328 ac
2584 1273 2778 1329 mentis
2802 1272 3048 1337 fortnam,
3073 1281 3129 1327 et
3152 1287 3393 1330 mensam
3425 1271 3628 1341 justitia
3662 1270 3833 1326 refer-

2231 1375 2340 1420 tam
2363 1407 2378 1429 ,
2413 1376 2468 1420 et
2508 1365 2862 1436 eleemosynm
2893 1363 3151 1422 fructibus
3186 1362 3567 1420 abundantem.
3593 1361 3754 1427 Quod
3784 1362 3833 1415 si

2232 1472 2471 1512 mensam
2512 1455 2772 1525 ejusmodi
2805 1453 3025 1517 viderit,
3068 1453 3350 1513 coofestim
3393 1453 3657 1522 ejusmodi
3693 1467 3832 1508 con-

2231 1558 2420 1602 ventns
2450 1550 2506 1601 lit
2533 1547 2820 1616 particeps,
2851 1557 2906 1601 ct
2947 1547 2998 1600 in
3031 1561 3155 1602 eum
3195 1560 3254 1598 se
3298 1543 3478 1599 infert.
3523 1544 3639 1612 Ipse
3683 1544 3832 1598 enim

2230 1647 2333 1698 est,
2356 1638 2444 1703 qui
2467 1637 2623 1701 dixit,
2650 1635 2965 1693 Esurtsntem
2987 1650 3072 1687 me
3093 1634 3287 1688 vidistis
3312 1644 3357 1687 et
3385 1633 3583 1687 aluistis
3604 1631 3828 1703 (Manli.

2227 1727 2318 1781 25.
2351 1728 2463 1797 35).
2493 1727 2627 1780 Cum
2659 1725 2818 1795 igitur
2843 1725 3065 1782 inferius
3100 1740 3291 1795 magna
3335 1740 3464 1779 voce
3500 1725 3830 1779 clamantem

2228 1818 2498 1874 audiveris
2525 1835 2833 1890 pauperem,
2853 1820 3056 1876 deinde
3082 1819 3352 1890 quidpiam
3382 1835 3567 1874 eorum
3589 1835 3714 1889 qua:
3742 1833 3833 1888 ap-

2229 1909 2398 1978 posita
2445 1919 2570 1963 sunt
2607 1912 2675 1966 de
2724 1925 2907 1966 mensa
2953 1925 3122 1980 egeno
3161 1911 3396 1975 dederis,
3439 1910 3723 1962 Dominum
3763 1909 3831 1963 ad

2229 2004 2688 2057 meummvoeasﬁ
2719 2020 2813 2073 per
2838 2019 3090 2071 servum,
3115 2012 3171 2059 et
3209 2003 3353 2058 illam
3387 2013 3554 2057 totam
3600 2003 3696 2056 Dei
3737 2002 3833 2058 bc-

2231 2093 2621 2153 nedictionibus
2649 2095 2938 2164 replevisti,
2956 2095 3250 2164 oblatisque
3274 2094 3520 2162 primitiis
3538 2095 3829 2148 maximam

2231 2185 2566 2237 occasionem
2596 2193 2682 2238 tua
2713 2187 3070 2255 promptuaria
3107 2185 3349 2256 plurimis
3386 2184 3690 2254 complendi
3732 2184 3831 2238 lio-

2231 2276 2314 2327 nis
2346 2276 2636 2343 pra-inusti.
2681 2277 2823 2331 Deus
2850 2287 3027 2331 autem
3056 2278 3199 2346 pacis
3230 2289 3285 2333 et
3318 2278 3590 2340 caritatis,
3617 2278 3708 2346 qui
3740 2277 3834 2331 dat

2231 2381 2422 2434 panem
2471 2368 2536 2420 ad
2583 2369 3011 2425 manducandum
3046 2369 3134 2441 (9.
3163 2369 3283 2423 Cor.
3311 2370 3365 2425 9.
3403 2370 3528 2438 10),
3557 2379 3612 2424 et
3640 2385 3832 2425 semen

2230 2457 2515 2511 seniinanti
2543 2499 2556 2518 ,
2587 2466 2819 2512 vestram
2860 2469 3155 2514 sementem
3187 2459 3524 2529 multiplicat,
3555 2469 3610 2514 et
3635 2469 3836 2528 augeat

2231 2547 2558 2601 incrementa
2593 2547 2803 2617 frugum
2841 2549 3060 2618 justitim
3090 2549 3141 2607 in
3176 2551 3426 2604 omnibus
3457 2550 3612 2603 vobis
3633 2590 3647 2612 ,
3677 2565 3832 2604 suam

2232 2636 2366 2690 dans
2385 2639 2630 2707 gratiam,
2656 2653 2859 2709 nosque
2889 2656 3055 2709 regno
3083 2641 3334 2695 cwlorutn
3363 2639 3614 2708 dignetur
3641 2657 3654 2690 :
3677 2638 3833 2708 cujus

2233 2744 2331 2782 nos
2377 2731 2660 2800 participes
2709 2732 2824 2786 fieri
2867 2734 3158 2803 contingat,
3188 2733 3356 2802 gratia
3400 2741 3450 2787 et
3497 2731 3832 2801 benignitate

2231 2822 2442 2875 Domini
2470 2825 2636 2902 nostri
2661 2823 2788 2883 Jesu
2817 2825 3035 2891 Christi,
3059 2842 3180 2879 cum
3208 2841 3316 2894 quo
3345 2825 3486 2880 l’atri
3505 2825 3700 2894 gloria,
3725 2824 3826 2878 ho-

2231 2927 2349 2977 nor,
2385 2914 2684 2983 imperium,
2709 2933 2810 2969 una
2839 2932 2959 2971 cum
2985 2916 3182 2986 Spiritu
3211 2928 3416 2982 sancto,
3443 2930 3582 2972 nunc
3607 2925 3666 2973 et
3689 2930 3832 2979 sem-

2235 3019 2348 3073 per,
2379 3015 2433 3060 et
2466 3007 2515 3059 in
2547 3008 2737 3061 szccula
2767 3009 3106 3066 sa-culorutn.
3136 3009 3325 3064 Amen.

1693 3709 2047 3771 MONITUM
2100 3711 2200 3774 AD
2257 3711 2698 3773 SERMONEM,

629 3962 726 4017 Hic
759 3977 960 4027 sermo,
999 3963 1162 4033 longo
1211 3971 1329 4032 post
1388 3939 1681 4026 octo‘alios
1732 3963 1990 4034 temporis
2026 3963 2312 4019 intervallo
2346 3965 2588 4028 habitus,
2635 3969 2688 4022 in
2733 3969 2834 4024 hac
2889 3971 3033 4029 serie
3084 3974 3296 4041 positus
3350 3973 3478 4041 fuit,
3509 3992 3619 4032 non
3673 3983 3844 4037 "uno

554 4080 682 4159 quia
711 4080 761 4131 iu
790 4079 879 4132 illo
911 4079 977 4132 de
1009 4079 1280 4133 Abraham
1315 4089 1371 4133 et
1402 4079 1470 4132 tle
1504 4079 1618 4134 Noe
1650 4080 1898 4148 pluribus
1945 4082 2146 4150 agitur,
2197 4082 2291 4136 sed
2343 4083 2506 4136 etiam
2557 4087 2683 4154 quia
2739 4102 2846 4141 non
2917 4105 3087 4158 pauca
3155 4092 3242 4147 hic
3291 4093 3559 4150 habentur
3610 4099 3842 4169 similia,

559 4202 670 4258 imo
694 4200 886 4254 eadem
924 4213 1059 4267 pene
1085 4197 1284 4268 quaeiu
1317 4197 1567 4252 llomiliis
1605 4200 1656 4252 in
1708 4199 1984 4254 Genesim.
2040 4198 2193 4255 llunc
2241 4215 2406 4269 porro
2453 4203 2774 4260 Sermonem
2823 4210 3014 4262 eodem
3071 4209 3260 4263 habuit
3294 4227 3441 4266 anno
3486 4228 3595 4282 quo
3644 4214 3843 4270 Homi-

561 4315 660 4368 lias
689 4313 908 4385 triginta
938 4314 1072 4366 duas
1114 4313 1324 4382 priores
1353 4314 1406 4366 in
1437 4312 1717 4378 Genesim,
1753 4324 1941 4384 etquo
1975 4313 2236 4371 llomilias
2286 4317 2339 4372 in
2390 4319 2716 4389 principium
2762 4323 3049 4388 Actorum,
3088 4335 3143 4378 et
3189 4325 3257 4379 de
3305 4328 3611 4381 mutatione
3660 4334 3842 4384 uomi-

559 4447 708 4484 tnnu.
737 4431 906 4501 Cujus
940 4431 1307 4501 chronologiae
1353 4431 1620 4484 rationem
1671 4432 1996 4501 explicatam
2052 4433 2221 4488 babes
2255 4434 2306 4490 in
2369 4434 2579 4492 Manilo
2625 4439 2692 4492 ad
2747 4437 3011 4495 llomilias
3069 4440 3122 4493 in
3178 4441 3508 4511 principium
3572 4445 3841 4501 Aetorum

559 4543 728 4600 Tomo
759 4545 793 4598 5
818 4545 944 4614 (col.
980 4545 1094 4613 63),
1127 4551 1367 4616 itemque
1391 4550 1443 4602 in
1473 4548 1675 4603 Monito
1699 4550 1764 4604 ad
1792 4549 2054 4606 llomilias
2088 4551 2155 4606 tle
2184 4554 2485 4610 mutatione
2512 4557 2796 4611 nominum
2819 4559 3010 4612 eodem
3037 4558 3212 4612 Tomo
3241 4558 3368 4629 (col.
3407 4559 3552 4630 lli).
3580 4560 3707 4628 Quo
3743 4576 3842 4613 an-

565 4670 670 4714 tem
701 4675 844 4714 auno
875 4661 993 4715 hanc
1020 4670 1165 4714 tanta
1206 4663 1550 4716 homiliarum
1592 4679 2019 4735 sermonumque
2066 4681 2239 4722 series
2289 4670 2641 4735 pronuntiata
2680 4671 2868 4739 fuerit,
2913 4674 3154 4729 nondum
3199 4677 3479 4744 p0tuimus
3521 4679 3836 4748 deprehen-

563 4776 712 4834 dere.
745 4777 872 4834 Illud
907 4779 1081 4834 solum
1112 4796 1210 4850 pro
1241 4795 1391 4836 certo
1425 4784 1812 4860 exploratoque
1859 4787 2138 4852 habemus,
2173 4801 2361 4842 omnes
2409 4800 2528 4861 post
2581 4807 2787 4848 annum
2836 4794 2942 4849 387
3001 4794 3216 4849 habitas
3266 4794 3458 4851 fuisse.
3517 4796 3598 4850 Ea
3651 4799 3724 4852 de
3782 4813 3842 4854 re

2847 5096 3815 5121 ..__.___._.______._._____

1156 5297 1388 5354 SERMO
1426 5297 1516 5352 IX.

553 5395 815 5462 Quomodo
834 5401 1059 5462 oporteat
1078 5396 1298 5462 fratrum
1321 5402 1523 5459 peccata
1541 5407 1772 5461 arguere,
1807 5399 1856 5444 et
1880 5390 2015 5461 quod
2040 5407 2129 5445 co-

612 5503 726 5540 rum
749 5485 926 5538 salutis
957 5499 1132 5537 curam
1159 5482 1340 5536 habere
1362 5484 1655 5546 conveniat,
1684 5493 1730 5534 et
1758 5499 1916 5550 quare
1942 5482 2131 5534 Abram

614 5589 813 5632 vocatus
839 5577 902 5629 sit
926 5575 1199 5640 Abraham,
1242 5584 1288 5628 et
1323 5575 1387 5627 de
1427 5575 1627 5627 nomine
1670 5573 1792 5628 Noe"
1817 5589 1836 5627 :
1859 5575 1994 5643 quod
2029 5591 2129 5627 non

615 5676 801 5735 [rustra
828 5677 913 5719 aut
942 5667 1048 5720 sine
1070 5683 1224 5722 causa
1252 5666 1381 5736 justi
1415 5667 1491 5720 illi
1529 5666 1713 5736 fuerint
1743 5666 1820 5720 Itis
1845 5667 2130 5720 nominibus

614 5759 880 5826 appellati,
906 5758 993 5810 sed
1016 5757 1085 5808 ita
1110 5757 1434 5825 dispensante
1455 5756 1549 5810 Dei
1579 5757 1912 5826 providentia.

622 5852 666 5905 l.
685 5851 830 5905 llaud
844 5850 1054 5906 diilicile
1071 5849 1203 5905 l'orct
1219 5864 1281 5905 ex
1301 5850 1674 5921 consequentia
1693 5849 2132 5920 nuperdictorum

2238 5305 2514 5373 praesentis
2535 5307 2799 5361 sermonis
2819 5322 3033 5366 sumere
3056 5313 3395 5382 prommium,
3415 5315 3680 5385 siquidem
3703 5320 3843 5375 scire

2239 5397 2466 5463 possetis
2493 5397 2618 5466 quid
2650 5414 2819 5467 nuper
2847 5416 2876 5451 a
2906 5401 3059 5455 nobis
3088 5402 3313 5469 dictum,
3341 5416 3393 5460 et
3415 5410 3690 5477 quomodo
3721 5412 3840 5466 lini-

2239 5492 2321 5538 tus
2350 5484 2507 5539 fuerit
2537 5501 2736 5540 sermo.
2783 5487 2978 5543 Verum
3008 5493 3131 5562 quia
3164 5493 3400 5563 plerique
3427 5513 3489 5550 ex
3521 5497 3589 5552 iis
3615 5499 3709 5568 qui
3739 5518 3844 5556 un»

2239 5590 2334 5644 per
2356 5576 2558 5633 all'uere
2577 5619 2592 5642 ,
2625 5577 2780 5635 hodie
2811 5596 2915 5634 non
2943 5582 3167 5649 adsunt,
3196 5594 3251 5637 et
3271 5601 3332 5640 ex
3369 5587 3432 5640 iis
3461 5590 3549 5659 qui
3574 5605 3720 5647 nunc
3743 5593 3840 5646 sd-

2238 5677 2382 5732 suut,
2408 5685 2576 5736 nuper
2601 5669 2838 5736 abluere,
2865 5673 3009 5742 cogit
3037 5674 3338 5729 auditorum
3372 5680 3624 5742 varietas,
3662 5693 3720 5736 ut
3751 5700 3839 5739 rc-

2240 5760 2466 5828 petenda
2493 5761 2631 5826 sint,
2665 5777 2784 5830 qua:
2821 5779 2992 5831 nuper
3032 5764 3172 5819 dit-ta
3210 5784 3222 5820 :
3256 5769 3396 5822 unde
3425 5780 3478 5824 et
3508 5772 3540 5824 ii
3571 5774 3660 5841 qui
3694 5775 3841 5844 prius

2241 5865 2545 5905 sermonem
2600 5849 2913 5918 audierant,
2967 5856 3156 5910 melius
3203 5857 3464 5913 dictorum
3520 5866 3845 5921 memoriam
