4086 6428
213 393 312 448 εει

213 507 442 564 ﬁrment
468 523 478 557 :
513 515 570 561 et
595 505 658 560 iis
683 505 773 573 qui
804 505 1119 568 abfucrunt,
1146 516 1249 554 non
1281 509 1384 555 tam
1411 499 1731 552 damnosum
1759 497 1828 550 sit

213 598 478 662 abfuisse,
498 599 541 652 si
563 607 617 653 et
641 597 769 666 ipsis
797 596 1096 650 innotescat
1123 594 1366 648 doctrina
1392 593 1596 662 pridem
1628 589 1828 642 habiti.

215 689 288 742 Et
315 687 562 742 fortassis
600 687 783 742 dicent
812 686 901 756 qui
934 701 1151 755 semper
1180 693 1304 738 sunt
1342 692 1638 753 praesentes
1659 721 1674 743 ,
1706 695 1832 748 pro-

213 788 340 849 ptcr
369 779 488 833 illos
517 791 688 846 nuper
713 777 856 831 dicta
889 792 993 830 non
1024 790 1146 831 esse
1173 772 1494 829 resumenda
1521 812 1536 838 ,
1577 781 1632 824 ut
1673 771 1706 823 ii
1742 769 1832 838 qui

214 886 340 925 cum
364 871 483 925 aliis
502 869 794 925 convenire
819 877 1280 937 contempserunt,
1305 868 1405 921 hoc
1429 867 1626 920 damno
1647 878 1834 919 cmen-

215 960 436 1022 dentur,
470 970 523 1014 et
553 960 683 1014 flant
714 958 936 1028 posthac
963 959 1353 1028 diligentiores.

291 1052 446 1108 Zelus
486 1051 842 1122 temperandus
869 1049 1237 1105 misericordia.
1269 1075 1338 1089 -
1391 1047 1648 1116 Equidem
1707 1047 1825 1101 Ιιιιι⁴

215 1140 310 1200 do.
338 1141 482 1210 quod
526 1141 751 1196 fratrum
799 1139 996 1196 doletis
1038 1141 1326 1211 ignaviam,
1360 1149 1414 1193 et
1443 1138 1685 1192 admiror
1734 1152 1826 1191 ze-

217 1233 330 1285 lnm
365 1251 378 1287 :
413 1234 610 1288 vellem
639 1241 818 1287 autem
849 1247 944 1286 vos
965 1233 1137 1287 zelum
1165 1232 1307 1286 hunc
1339 1240 1643 1300 temperare
1675 1230 1838 1283 mise-

217 1323 473 1378 ricordia.
505 1325 662 1379 Zelus
688 1325 830 1378 enim
874 1327 1080 1380 veniam
1110 1339 1332 1395 negans,
1365 1325 1546 1393 potius
1581 1321 1728 1376 furor
1755 1329 1837 1375 est

216 1428 379 1484 quam
412 1416 579 1480 zelus,
608 1425 664 1470 et
691 1417 1009 1480 admonitio,
1049 1417 1270 1471 leuitate
1309 1415 1562 1470 destituta
1583 1456 1597 1479 ,
1637 1415 1834 1468 invidia

214 1506 465 1574 qua-dan:
494 1515 594 1562 est.
625 1508 963 1578 Quapmpter
989 1508 1159 1578 magis
1186 1522 1282 1560 vos
1310 1507 1559 1568 obsecro,
1593 1523 1660 1560 ne
1690 1521 1837 1560 ama-

228 1613 290 1651 re
318 1597 384 1651 de
409 1600 776 1667 proximorum
799 1599 1052 1667 judicetis
1106 1600 1360 1667 peccatis.
1411 1598 1542 1652 Nam
1601 1598 1742 1652 sicut
1793 1598 1837 1651 is

214 1692 309 1759 qui
337 1692 541 1762 absque
583 1693 1054 1747 commiseratione
1076 1693 1294 1745 vulnera
1326 1691 1550 1744 fratrum
1584 1699 1790 1760 spectat
1817 1731 1831 1752 ,

216 1783 425 1835 nullum
463 1784 698 1837 inveniet
741 1782 832 1852 qui
875 1798 933 1838 se
972 1783 1224 1852 dignetur
1251 1783 1428 1844 venia,
1460 1782 1504 1836 si
1533 1780 1750 1850 quando
1781 1790 1835 1833 et

216 1874 336 1942 ipse
359 1875 658 1942 pvcraverit
693 1892 705 1927 :
737 1874 806 1927 ita
853 1874 940 1943 qui
990 1888 1114 1927 cum
1159 1871 1527 1928 misericordia
1571 1871 1638 1926 de
1682 1871 1833 1937 lagsu

217 1966 450 2034 proximi
479 1965 703 2033 judicat,
732 1966 776 2018 si
801 1967 1015 2035 quando
1036 1976 1089 2021 et
1112 1967 1226 2035 ipse
1253 1965 1622 2035 supplantatns
1655 1966 1830 2025 fuerit,

216 2057 419 2111 inultos
447 2059 642 2112 videbit
674 2074 888 2111 manttm
922 2058 1280 2128 porrigentes.
1334 2058 1398 2111 Et
1426 2056 1538 2110 lure
1569 2072 1708 2110 nunc
1749 2055 1834 2110 di-

212 2165 283 2203 (ιο
309 2192 322 2213 ,
356 2167 461 2204 ιιοιι
486 2151 626 2219 quod
661 2151 820 2204 velim
850 2166 1036 2204 eorum
1083 2151 1170 2220 qui
1200 2165 1321 2204 raro
1369 2150 1474 2205 huc
1508 2148 1836 2202 conveniunt

214 2243 597 2312 negligentiam
627 2244 836 2311 aageri,
870 2243 964 2296 sed
995 2242 1135 2312 quod
1183 2243 1443 2310 majorem
1499 2256 1684 2294 curam
1733 2255 1834 2294 no-

210 2347 383 2389 stram
411 2351 534 2404 ergo
567 2335 687 2389 illos
717 2336 950 2402 cupiam,
975 2337 1042 2389 ita
1073 2347 1128 2389 ιιι
1160 2351 1280 2390 cum
1311 2336 1521 2388 ratione
1551 2344 1606 2389 et
1635 2334 1835 2387 amoris

209 2425 411 2480 all'vctu
441 2437 673 2493 geratur.
734 2427 984 2494 Alioquin
1026 2436 1080 2481 et
1127 2441 1225 2479 nos
1247 2427 1615 2494 superioribus
1640 2425 1831 2479 diebus

214 2517 418 2570 multos
443 2527 496 2570 et
530 2515 718 2586 longos
742 2532 1024 2572 sermones
1055 2517 1338 2572 adversum
1366 2518 1482 2570 illos
1514 2517 1829 2586 pronuntia-

212 2609 412 2668 vimus,
445 2617 501 2662 ct
549 2625 718 2678 neque
751 2609 1022 2662 hominum
1058 2611 1276 2663 nomine
1319 2608 1510 2678 dignos
1554 2610 1784 2662 diximus
1815 2624 1830 2664 :

209 2700 359 2753 sicut
391 2702 715 2754 meministis
743 2699 818 2772 (ιι)
851 2717 948 2755 nos
973 2701 1024 2755 in
1059 2702 1159 2755 hoc
1187 2701 1508 2770 produxisse
1544 2701 1833 2771 prophetas

205 2789 350 2844 dnns
404 2791 701 2860 praecipuo;
748 2802 936 2846 contra
991 2792 1156 2846 illos:
1189 2808 1422 2862 quorum
1473 2790 1635 2846 uuus‘
1662 2793 1831 2847 dicit:

222 2880 352 2933 Veni
378 2924 391 2940 ,
426 2892 471 2933 et
500 2899 598 2936 non
625 2895 733 2936 (rat
761 2884 912 2937 homo
946 2901 965 2938 :
996 2885 1186 2946 vocavi,
1214 2895 1261 2938 et
1294 2901 1394 2938 non
1423 2895 1530 2937 erut
1560 2886 1648 2954 qui
1677 2885 1830 2937 nudi-

207 2983 285 3024 rcl
317 2971 474 3042 (Isai.
501 2973 592 3028 50.
635 2974 725 3041 c2);
757 2975 895 3027 alius
935 2984 1112 3028 autem
1158 2975 1391 3037 clamat,
1427 2983 1480 3030 cl
1527 2976 1656 3028 dicit
1690 2993 1701 3027 :
1737 2973 1830 3029 Cui

203 3065 396 3131 loquar
425 3074 474 3116 ct
526 3066 880 3132 testiﬁcabor?
937 3065 1323 3118 lnrircumcisa:
1368 3081 1519 3118 aures
1556 3081 1754 3130 eorum,
1785 3075 1831 3118 et

206 3173 310 3208 non
331 3169 544 3225 possunt
571 3159 754 3212 audire
785 3157 918 3221 (Jer.
941 3158 993 3212 6.
1026 3159 1132 3227 10).
1157 3158 1362 3226 Quibus
1386 3159 1565 3212 verbis
1589 3168 1827 3214 mentem

205 3264 398 3302 eorum
429 3251 560 3304 Satis
586 3252 790 3305 acriter
819 3253 1247 3320 perstrinximus.
1295 3250 1446 3306 Nunc
1475 3268 1602 3305 vero
1635 3253 1828 3307 iterum

207 3341 567 3394 obsecramus
598 3343 731 3433 z'sic
770 3343 912 3396 enim
943 3352 997 3396 et
1038 3343 1234 3396 Paulus
1261 3342 1421 3411 jussit
1457 3361 1468 3393 :
1503 3345 1673 3413 Argue
1695 3385 1708 3406 ,
1745 3344 1825 3397 itt-

202 3431 344 3499 quil,
372 3432 601 3499 increpa,
617 3431 828 3486 obsecra
866 3433 940 3503 (2.
969 3433 1100 3486 Tim.
1130 3435 1183 3488 4.
1220 3435 1300 3504 2).
1335 3434 1519 3504 Neque
1548 3436 1690 3488 cnim
1727 3437 1828 3490 hoc

203 3537 429 3592 semper
455 3524 629 3577 solum
670 3540 833 3594 agere
857 3536 1093 3594 oportet,
1129 3542 1302 3596 neque
1330 3541 1547 3595 semper
1579 3528 1704 3582 illud
1730 3545 1822 3581 so-

204 3614 317 3666 lum
347 3631 359 3664 :
385 3613 479 3667 sed
503 3626 788 3686 utrumque
814 3615 1036 3670 alternis
1062 3617 1301 3679 vicibus,
1348 3633 1456 3685 quo
1503 3619 1677 3687 major
1704 3621 1826 3676 inde

203 3718 469 3779 sequntur
495 3709 712 3763 utilitas.
752 3708 884 3763 Nam
915 3711 956 3762 si
987 3725 1202 3779 semper
1230 3726 1577 3778 argncremns
1598 3754 1611 3773 ,
1646 3713 1826 3780 impu-

199 3799 484 3855 dentiores
527 3801 599 3855 illi
643 3802 921 3856 fierentzsi
949 3817 1165 3871 semper
1205 3802 1644 3870 obsecrarcnius,
1679 3805 1822 3874 igna-

203 3895 387 3949 viores
418 3895 792 3949 reddereutnr.
835 3895 1175 3964 Quapropter
1204 3904 1259 3950 et
1291 3896 1486 3950 medici
1519 3913 1623 3950 non
1647 3898 1821 3952 solum

199 3995 414 4048 secant,
448 3986 546 4038 scd
580 3995 632 4040 et
657 3987 874 4040 vulnera
903 3987 1137 4057 obligant
1167 4004 1179 4038 :
1215 4002 1389 4054 neque
1426 4004 1640 4056 semper
1669 4003 1820 4042 ama-

196 4093 284 4141 ra,
307 4077 402 4130 sed
430 4094 832 4148 nonnumquam
853 4080 1014 4133 etiam
1034 4081 1171 4134 leuia
1189 4081 1475 4149 pltaraiaea
1499 4083 1816 4138 infundunt:

201 4180 260 4222 ιιι
296 4185 393 4238 per
418 4172 593 4238 priora
623 4172 710 4225 illa
749 4174 1099 4240 purilicentnr
1122 4176 1306 4228 sanies
1333 4185 1387 4230 et
1431 4194 1442 4244 |
1467 4177 1655 4230 utredo
1677 4219 1691 4242 ,
1725 4193 1820 4246 per

199 4263 504 4331 posteriora
549 4273 728 4318 autem
770 4264 1042 4333 mitigetur
1071 4264 1281 4319 inustus
1306 4266 1373 4320 ab
1403 4267 1504 4320 illis
1541 4267 1715 4320 dolor.
1751 4267 1819 4322 Et

193 4351 408 4407 idcirco
436 4352 557 4408 alibi
579 4368 796 4425 quoque
821 4354 991 4425 inquit
1026 4355 1221 4411 Paulus
1255 4373 1268 4410 :
1301 4355 1535 4423 Fratres,
1559 4359 1602 4411 si
1625 4375 1818 4426 pra-oc-

194 4455 418 4512 rupams
449 4443 605 4512 fuerit
630 4445 781 4498 homo
806 4446 857 4498 in
887 4447 1061 4514 aliqua
1091 4447 1294 4508 delicto,
1331 4465 1416 4501 eos
1459 4451 1546 4516 qui
1565 4451 1812 4519 spiritua-

193 4532 273 4586 Ies
297 4534 438 4598 αἰξί,
467 4536 708 4603 corripite
734 4535 904 4602 illum,
931 4537 1262 4592 considerans
1285 4540 1647 4610 temetipsum,
1682 4559 1744 4597 ne
1768 4553 1816 4598 et

191 4632 249 4675 tn
275 4627 478 4678 tenteris
499 4624 694 4694 (Gula.
721 4627 775 4682 6.
812 4627 889 4698 l).
923 4629 1140 4698 Optima
1163 4631 1483 4696 admonitio,
1519 4634 1812 4702 perfectum

192 4714 486 4768 consilium
509 4758 524 4778 ,
549 4715 688 4785 quod
719 4726 938 4785 paterna
963 4721 1170 4773 viscera
1198 4720 1470 4787 declarat,
1501 4733 1554 4776 et
1584 4726 1702 4792 ejus
1722 4729 1811 4795 qtti

192 4821 449 4876 magnam
479 4810 646 4862 nostri
673 4824 854 4864 curam
877 4819 1034 4880 gert.
1072 4811 1209 4867 Vere
1239 4813 1433 4881 lingua:
1457 4814 1603 4868 Pauli
1630 4818 1811 4885 verba,

191 4899 412 4952 fratres.
445 4901 588 4956 Satis
618 4903 819 4956 eximio
849 4904 1067 4958 nomine
1096 4905 1415 4960 benevolum
1455 4908 1682 4962 reddidit
1713 4926 1811 4964 au-

187 4992 429 5045 ditorem
470 4995 664 5062 :qnasi
731 4994 1016 5050 dicturus:
1047 4996 1298 5065 Ejusdem
1351 5000 1486 5053 uteri
1542 5013 1694 5068 partu
1758 5014 1811 5055 et

188 5083 478 5138 doloribus
507 5097 802 5155 prognatus
826 5103 906 5149 es,
927 5089 1176 5142 eumdem
1206 5089 1434 5145 habuisti
1465 5107 1694 5161 patrem,
1717 5096 1808 5150 iis-

187 5176 315 5230 dem
343 5175 618 5230 alimeutis
642 5177 899 5232 educatus
923 5195 1000 5243 es,
1030 5183 1440 5236 Ctlmllll1llic;hli
1493 5187 1538 5238 ei
1572 5186 1621 5238 in
1655 5198 1810 5254 partu

187 5267 494 5337 spirituali;
529 5270 902 5338 eognationem
925 5281 978 5324 cl.
1009 5271 1396 5328 fraternitatem
1422 5276 1557 5330 banc
1578 5279 1738 5331 etiam
1759 5281 1810 5333 in

187 5361 531 5429 corrigendis
556 5362 783 5430 proximi
815 5364 1006 5417 erratis
1031 5363 1272 5420 declara.
1327 5367 1388 5420 Si
1415 5381 1804 5437 prwoccnpatus

187 5453 368 5520 fuerit.
400 5452 518 5506 Non
548 5454 705 5516 dixit,
736 5454 789 5509 Si
819 5465 1023 5524 peccet,
1053 5457 1146 5510 sed
1169 5457 1234 5510 ad
1252 5474 1422 5528 genus
1451 5459 1652 5528 peceati
1680 5475 1812 5514 con-

188 5543 328 5612 fugit
351 5585 365 5607 ,
389 5545 532 5614 quod
563 5545 820 5614 majorem
853 5557 1091 5601 meretur
1116 5549 1350 5606 veniam.
1382 5550 1441 5605 Si
1473 5568 1808 5622 pra'orrupa-

188 5645 276 5686 tus
303 5637 462 5703 fuerit
491 5653 508 5689 :
547 5635 650 5690 hoc
673 5647 776 5704 ast,
811 5638 853 5691 si
886 5639 1120 5706 graviter
1150 5649 1384 5694 tentatus
1428 5643 1767 5696 succubuerit
1792 5686 1806 5709 ,

247 5768 330 5837 .(a)
365 5772 447 5819 llic
469 5771 671 5841 denotat
688 5785 967 5841 sermonem
987 5776 1035 5824 i.t
1078 5774 1214 5829 illud.
1241 5775 1413 5824 Saulus
1432 5777 1594 5826 adhuc
1618 5778 1810 5841 spirans

178 5843 363 5894 munis,
390 5841 506 5894 i‘tc._
532 5837 614 5895 qui
635 5842 709 5883 est
731 5837 915 5897 [rimus
937 5837 999 5884 de
1023 5841 1282 5887 nutatione
1309 5853 1573 5888 ttonauun.

1447 387 1510 441 IN
1553 380 1852 441 GENI‘ISIM
1892 380 2124 438 SERMO
2157 379 2246 435 IX.

3454 377 3560 430 6‘22

1943 497 1986 550 si
2018 495 2296 558 erraverit,
2324 509 2641 566 neqtte'ettm
2664 498 2755 566 qui
2794 495 2972 550 dedita
3007 508 3170 565 Opera
3205 495 3446 562 peccavit
3472 498 3557 550 di-

1942 589 2034 654 cit,
2063 588 2156 642 sed
2198 603 2321 641 cunt
2363 588 2451 656 qui
2503 587 2709 642 studuit
2757 589 2898 644 bene
2949 602 3136 656 agere,
3184 589 3556 655 supplantalns

1945 689 2122 734 tamen
2151 688 2289 734 esta
2323 688 2588 749 potestate
2631 680 2894 734 diabolica
2923 694 2978 735 et
3021 681 3213 734 victus.
3260 678 3390 732 Nam
3437 681 3557 731 talis

1945 785 2055 825 non
2097 780 2204 823 tam
2264 771 2662 826 accusationem
2707 786 2868 842 quam
2923 772 3134 826 veniam
3183 781 3441 825 meretur.
3498 771 3558 824 Si

1947 875 2334 933 pra'occupatus
2361 866 2518 936 fuerit
2567 865 2739 918 homo.
2800 863 2997 918 lterum
3050 862 3117 916 ad
3167 863 3328 917 aliam
3385 865 3556 917 veniae

1943 955 2180 1024 Speciem
2205 954 2464 1025 confugit,
2496 971 2692 1025 nempe
2719 966 2924 1008 natura:
2955 954 3324 1008 inﬁrmitatem
3348 994 3364 1020 ,
3396 969 3557 1024 quant

1945 1049 2164 1102 nomine
2187 1047 2423 1103 hominis
2445 1049 2704 1102 insinuat.
2739 1047 2892 1102 Sicut
2927 1047 3087 1116 igitur
3123 1054 3178 1100 et
3204 1060 3432 1115 magnus
3460 1046 3562 1101 Job

1948 1140 2156 1192 veniam
2209 1152 2238 1192 a
2293 1139 2403 1192 Deo
2462 1139 2752 1208 impetrare
2803 1139 3010 1199 volens,
3040 1136 3468 1204 dicebat:Qnid
3488 1148 3563 1190 est

1945 1235 2096 1286 homo
2140 1231 2275 1301 quod
2319 1241 2526 1301 reputas
2573 1249 2724 1294 eum,
2754 1243 2802 1284 et
2847 1231 3184 1285 visitationem
3227 1241 3550 1300 peccatorum

1943 1327 2055 1395 ejus
2084 1325 2247 1394 fecisti
2279 1323 2419 1394 (Job.
2448 1325 2501 1378 7.
2534 1325 2654 1389 17)?
2686 1325 2762 1378 sic
2792 1332 2847 1377 et
2877 1337 2975 1377 nos
3016 1322 3274 1377 faciamus
3294 1364 3309 1388 ,
3341 1324 3562 1392 quando

1944 1431 2066 1471 cum
2096 1424 2376 1485 peccatore
2402 1416 2582 1484 aliquo
2602 1414 2995 1484 expostulatur,
3010 1414 3268 1469 continue
3287 1413 3555 1473 dicamus,

1947 1507 2119 1561 llomo
2140 1515 2220 1560 est
2255 1524 2270 1560 ε
2299 1517 2351 1561 et
2383 1516 2590 1559 natura:
2623 1504 2996 1560 recordatione
3035 1503 3100 1556 ad
3131 1503 3562 1557 miscricordiam

1946 1597 2313 1667 indignantem
2348 1611 2726 1666 provocemus.
2774 1595 2842 1649 Et
2868 1609 2930 1650 ea
2965 1594 3032 1648 dc
3062 1609 3221 1647 causa
3270 1593 3467 1648 Paulus
3495 1593 3562 1646 ad

1943 1701 2186 1744 naturam
2217 1694 2269 1742 el
2296 1689 2413 1758 ejus
2453 1687 2814 1742 infirmitatem
2843 1687 3115 1757 confugit,
3139 1701 3262 1741 cum
3293 1685 3429 1739 dixit
3455 1701 3468 1737 :
3501 1684 3563 1740 Si

1944 1793 1992 1835 et
2041 1792 2433 1852 prceoccnpatus
2476 1781 2629 1850 fuerit
2668 1781 2819 1833 homo
2867 1780 2920 1832 in
2949 1779 3124 1848 aliquo
3173 1777 3383 1831 delicto.
3443 1776 3560 1830 Non

1942 1871 2264 1942 simpliciter
2307 1885 2496 1940 magna
2529 1877 2747 1940 peccata
2780 1869 2942 1933 dicit,
2978 1883 3099 1938 qua:
3143 1867 3347 1936 majora
3397 1881 3561 1936 quam

1945 1975 2002 2021 ut
2043 1967 2250 2020 veniam
2300 1973 2357 2019 ct
2405 1963 2834 2018 misericordiam
2881 1962 3077 2016 mereri
3125 1960 3432 2024 videantur,
3462 1959 3559 2014 sed

1945 2074 2104 2128 parva
2134 2067 2190 2112 et
2216 2057 2450 2125 objecta.
2514 2055 2614 2109 Vos
2642 2056 2731 2125 qui
2758 2054 3074 2124 spirituales.
3104 2051 3156 2107 Is
3199 2034 3290 2121 (ιῖιί
3333 2060 3521 2121 peccat
3544 2090 3558 2110 ,

1943 2151 2142 2215 homo;
2171 2149 2260 2220 qui
2294 2164 2424 2204 vero
2447 2147 2587 2202 bene
2617 2155 2930 2219 operantur,
2959 2143 3264 2214 spirituales
3286 2142 3559 2196 dicuntur.

1945 2244 2042 2298 llic
2087 2242 2300 2298 virtutis
2341 2241 2661 2296 vocabulum
2702 2239 2915 2310 posuit,
2963 2239 3073 2295 illic
3113 2245 3318 2292 natura:
3363 2251 3562 2292 nomen

1942 2337 2103 2390 dixit.

2015 2429 2318 2498 Spiritnulis
2375 2427 2526 2480 homo
2573 2427 2706 2494 quis.
2748 2455 2819 2465 —
2859 2424 3083 2479 Multum
3142 2432 3321 2477 autem
3382 2420 3559 2476 differt

1943 2520 2122 2581 homo.
2156 2530 2210 2575 et
2236 2519 2552 2589 spiritualis.
2594 2517 2693 2572 Vos
2717 2518 2804 2587 qui
2827 2516 3143 2586 spirituales.
3177 2515 3235 2569 Si
3267 2513 3561 2582 spiritualis

1940 2631 2020 2680 es,
2050 2615 2274 2669 ostende
2301 2614 2430 2667 mihi
2456 2615 2706 2667 virtutem
2735 2620 2904 2676 tuam,
2939 2625 3048 2663 non
3071 2624 3097 2662 a
3125 2618 3234 2671 tua,
3267 2607 3362 2662 sed
3387 2622 3416 2660 a
3442 2622 3561 2660 mea

1939 2709 2132 2770 salute,
2165 2707 2260 2761 sed
2284 2722 2312 2760 a
2345 2706 2586 2760 subsidio
2609 2702 2750 2771 quod
2780 2704 2931 2772 lapso
2963 2705 3088 2756 fers.
3121 2700 3234 2755 Hoc
3263 2700 3405 2754 enim
3445 2700 3560 2768 spi-

1940 2802 2150 2857 ritualis
2173 2810 2251 2854 est
2277 2841 2290 2863 ,
2325 2815 2430 2852 non
2453 2799 2734 2868 despicere
2762 2813 2857 2850 sua
2883 2795 3128 2850 membra
3181 2793 3558 2862 periclitantia.

1941 2891 2189 2946 lnslruile
2215 2893 2386 2944 talem.
2423 2889 2626 2953 Facite,
2658 2890 2753 2951 ait,
2785 2903 2852 2941 ne
2883 2887 3002 2954 capi
3035 2886 3224 2956 possit,
3247 2901 3313 2939 ne
3339 2894 3558 2939 certan-

1941 2984 2012 3038 do
2042 2984 2385 3051 defatigetnr,
2417 2999 2482 3034 ne
2506 2981 2802 3050 praeliando
2828 2981 3092 3033 adversus
3111 2977 3386 3032 diabolum
3430 2990 3557 3030 suc-

1940 3075 2176 3129 cumbat.
2206 3073 2548 3127 Cousiderans
2580 3073 2920 3139 temetipsum,
2955 3087 3018 3123 ne
3051 3080 3098 3123 et
3122 3081 3177 3121 tu
3201 3069 3427 3122 tenteris.

2007 3165 2063 3218 2.
2106 3163 2219 3218 Hoc
2245 3177 2512 3216 smnmum
2535 3161 2822 3216 consilium
2853 3169 2959 3226 est,
2976 3170 3030 3214 et
3051 3159 3348 3214 admonitio
3375 3161 3557 3213 maxi-

1938 3273 2024 3312 me
2047 3271 2263 3325 cogens.
2301 3255 2520 3309 Etiamsi
2544 3269 2740 3308 saxeus
2773 3253 2958 3318 fueris,
2991 3262 3045 3307 et
3068 3253 3256 3307 audias
3279 3295 3294 3319 ,
3327 3253 3555 3308 verlmm

1938 3347 2041 3404 hoc
2068 3347 2299 3401 sufficiet
2321 3346 2386 3400 ad
2417 3345 2730 3400 terrendnm
2756 3386 2771 3408 ,
2799 3355 2854 3400 et
2881 3344 3312 3414 provocandam,
3342 3361 3450 3414 quo
3475 3343 3554 3398 fe-

1937 3455 2026 3494 ras
2055 3440 2312 3492 auxilium
2346 3439 2516 3508 lapso.
2549 3437 2666 3492 Non
2693 3437 2772 3492 vis
2793 3479 2807 3504 ,
2842 3438 2952 3504 ait,
2982 3445 3040 3490 ut
3074 3438 3241 3491 frater
3270 3437 3555 3492 misereri?

1937 3547 2042 3586 non
2069 3530 2147 3584 vis
2179 3539 2235 3582 ut
2262 3530 2570 3584 hominibus
2597 3528 2896 3584 concedere
2935 3529 3192 3582 veniam?
3221 3542 3327 3582 non
3369 3528 3451 3582 vis
3495 3538 3554 3582 ut

1934 3625 2124 3694 spiritu
2165 3623 2229 3677 lis
2261 3639 2477 3676 manum
2509 3621 2826 3692 porrigere?
2855 3621 3149 3676 Considera
3181 3621 3551 3676 conditionem

1935 3729 2078 3773 tuam
2110 3735 2122 3770 :
2155 3727 2211 3772 et
2240 3733 2343 3770 non
2398 3717 2660 3785 indigebis
2703 3716 3034 3780 consiliario,
3081 3715 3175 3771 sed
3209 3731 3307 3784 per
3357 3724 3551 3770 temet-

1932 3810 2106 3880 ipsum
2135 3813 2403 3878 jaecntem
2427 3808 2658 3878 juvabis.
2689 3817 2744 3861 et
2766 3822 2794 3860 a
2819 3808 3105 3876 temetipso
3143 3805 3546 3861 admonebcris.

1931 3901 2051 3968 Quo
2078 3912 2252 3971 pacto,
2284 3909 2337 3955 et
2367 3917 2472 3968 quo
2505 3899 2704 3954 motio?
2729 3899 3430 3967 Consideranstemetipsnm,
3449 3899 3546 3963 ait,

1931 4011 1994 4049 ne
2021 4005 2066 4048 et
2093 4006 2146 4048 tu
2169 3999 2392 4050 tenteris.
2423 3994 2538 4049 Non
2562 3995 2693 4049 dixit
2721 4011 2732 4047 :
2765 3993 2896 4048 Nam
2927 3994 3150 4048 omnino
3178 4004 3231 4047 et
3260 4003 3314 4046 ιιι
3349 4008 3546 4064 pecea-

1929 4087 2031 4154 bis,
2066 4106 2132 4144 ne
2163 4090 2439 4142 molestior
2463 4099 2606 4142 esset
2632 4107 2642 4140 :
2669 4086 2764 4141 sed
2785 4085 3054 4156 quomodo
3085 4085 3256 4141 dixit?
3281 4085 3547 4157 Nequan-

1927 4179 1999 4234 do
2023 4192 2068 4233 et
2093 4190 2144 4232 tn
2172 4180 2397 4232 tenteris.
2447 4179 2587 4232 Fieri
2639 4179 2782 4232 enim
2817 4187 2996 4248 potest
3041 4188 3099 4231 ut
3148 4192 3338 4246 pecces
3373 4193 3387 4231 :
3424 4177 3541 4232 fieri

1926 4272 2091 4326 etiam
2119 4280 2294 4341 potest
2326 4280 2381 4324 ιιι
2433 4287 2538 4325 ιιοιι
2569 4286 2777 4340 pecces.
2811 4270 2878 4325 Et
2907 4270 3031 4342 quia
3061 4271 3326 4326 incertum
3349 4281 3434 4326 est
3457 4271 3542 4325 ιιι-

1928 4373 2126 4424 turum,
2163 4377 2290 4432 para
2342 4362 2434 4416 tibi
2481 4363 2868 4416 misericordia:
2920 4362 3220 4430 sportulas,
3274 4378 3410 4433 quas
3467 4363 3542 4417 illi

1923 4455 1958 4510 d
1985 4471 2118 4521 mes,
2151 4464 2206 4508 ut
2245 4470 2342 4524 per
2368 4453 2457 4508 illa
2486 4470 2606 4523 qua:
2657 4455 2902 4522 proximo
2949 4453 3254 4522 impendis,
3286 4454 3330 4508 si
3380 4465 3436 4506 ct
3486 4463 3543 4509 tu

1923 4547 2210 4617 aliquando
2235 4547 2414 4615 lapsus
2437 4545 2603 4599 fueris
2627 4587 2641 4609 ,
2676 4545 2922 4600 invenias
2975 4545 3340 4614 promptuaria
3379 4543 3543 4599 mise-

1924 4641 2132 4695 ratione
2175 4640 2394 4693 referta.
2449 4637 2564 4692 Non
2596 4638 2755 4700 dixit,
2802 4637 2879 4692 Ne
2907 4638 3125 4707 quando
3152 4648 3206 4692 et
3236 4647 3289 4690 tu
3321 4653 3539 4707 pecces,

1925 4747 1992 4787 ne
2021 4732 2234 4802 quando
2261 4742 2309 4783 et
2342 4739 2394 4785 tu
2430 4730 2592 4784 cadas
2623 4747 2636 4782 :
2670 4730 2935 4785 attendite
2981 4730 3274 4800 diligenter
3311 4730 3378 4784 ad
3429 4731 3539 4786 vim

1925 4823 2213 4878 verborum
2258 4823 2502 4892 ipsorum
2530 4840 2542 4876 :
2570 4821 2663 4877 sed
2687 4864 2704 4888 ,
2759 4821 2845 4876 Ne
2899 4822 3118 4892 quando
3147 4832 3193 4877 et
3223 4832 3279 4877 ιιι
3308 4824 3536 4878 tentcris.

1921 4916 2042 4984 Quo
2073 4917 2232 4971 simul
2282 4916 2584 4982 indicatur,
2615 4930 2715 4970 nos
2747 4916 2948 4970 habere
2985 4916 3262 4970 inimicum
3304 4924 3538 4970 tentato-

1923 5025 2034 5064 rem
2067 5026 2079 5060 :
2113 5019 2164 5063 et
2203 5016 2437 5062 tentator
2460 5025 2565 5062 non
2594 5016 2851 5063 statutum
2883 5007 3165 5061 insidiandi
3196 5017 3408 5077 tempus
3436 5005 3535 5061 ba-

1922 5102 2047 5163 bet;
2084 5104 2400 5172 plerumque
2426 5102 2568 5156 enim
2596 5101 2644 5155 in
2679 5116 2777 5154 nos
2809 5100 3144 5154 dormientes
3171 5108 3222 5154 et
3253 5098 3535 5170 negligen-

1924 5204 2003 5248 tes
2033 5196 2289 5262 impetum
2323 5195 2486 5247 facit:
2511 5203 2566 5247 ct
2596 5192 2795 5247 idcirco
2821 5199 3224 5262 prmoccupatus
3254 5190 3341 5245 ille
3365 5192 3538 5262 magis

1920 5286 2112 5356 dignus
2139 5293 2221 5339 cst
2242 5327 2254 5345 .
2280 5287 2364 5338 cui
2398 5284 2739 5338 t-onilonetur
2759 5325 2773 5350 ,
2797 5284 3054 5353 quoniam
3089 5298 3117 5336 a
3152 5290 3418 5336 tentatore
3444 5296 3535 5336 ca-

1922 5387 2044 5446 ptus
2073 5385 2176 5430 est.
2239 5375 2354 5430 Non
2399 5377 2543 5433 enim
2571 5386 2688 5430 erat
2718 5377 2768 5431 ei
2809 5373 3090 5429 manifesta
3117 5388 3325 5444 pugna,
3359 5387 3538 5444 neque

1921 5468 2202 5521 condictus
2231 5465 2348 5520 dies
2377 5466 2539 5532 belli,
2573 5467 2668 5522 sed
2692 5469 2744 5521 iit
2778 5467 3052 5521 incautum
3083 5466 3338 5536 impetum
3365 5463 3492 5519 fecit
3516 5505 3534 5530 ,

1920 5569 2077 5627 atque
2108 5557 2308 5612 ideirco
2336 5560 2630 5625 superavit.
2677 5558 2766 5614 Sic
2815 5567 2993 5612 nauta:
3050 5571 3266 5627 quoque
3308 5555 3533 5620 faciunt,

1918 5667 2040 5706 cum
2074 5667 2167 5721 per
2199 5666 2450 5721 magnum
2481 5661 2536 5706 et
2557 5653 2858 5720 spatiosum
2893 5668 3041 5706 mare
3074 5653 3344 5722 navigant.
3383 5650 3532 5706 Licet

1923 5745 2072 5797 navis
2099 5743 2340 5797 secumlo
2363 5753 2525 5798 vento
2552 5742 2794 5808 feratur,
2829 5745 2954 5798 licet
2990 5746 3136 5797 omni
3169 5742 3416 5797 fruantur
3447 5759 3530 5798 se-

1926 5835 2174 5903 curitate,
2205 5849 2325 5889 cum
2356 5843 2533 5889 tamen
2565 5833 2796 5890 viderint
2825 5833 2959 5889 alios
2985 5835 3065 5888 vel
3096 5833 3281 5906 procul
3315 5832 3528 5888 naufra-
