4086 6434
588 381 695 438 823

583 492 731 560 giutu
759 493 953 564 lacere,
975 511 1101 558 non.
1126 512 1276 551 suam
1303 509 1606 567 spectantes
1626 503 1927 572 utilitatem,
1951 507 2163 562 illorum

587 592 937 640 contemnunt
957 586 1310 642 calamitatem
1343 607 1357 643 :
1389 592 1482 645 sed
1502 592 1698 648 sistunt
1725 611 1914 650 navem
1943 637 1961 663 ,
1990 598 2168 654 laxant

587 673 900 740 ant-liorant,
929 674 1219 733 detrahunt
1245 681 1380 746 vela,
1403 682 1621 752 cjieiunt
1651 683 1842 751 funes,
1879 689 2167 757 projiciunt

589 762 823 828 tabulas,
854 773 909 818 ut
937 766 1026 821 ille
1046 769 1136 837 qui
1161 783 1191 821 a
1217 767 1465 826 ﬂuctibus
1508 774 1788 842 mergitur,
1820 776 1956 831 forte
1983 776 2166 845 aliquo

587 849 794 906 illorum
822 866 1035 923 arrepto
1065 869 1320 930 emergat.
1352 859 1565 918 Imitare
1591 864 1749 932 igitur
1768 875 1822 920 et
1855 876 1907 920 tu
1939 878 2123 922 nautas
2148 908 2163 935 ,

586 937 747 994 homo
770 957 783 994 :
807 957 930 998 nim
946 955 1000 1000 et
1021 955 1076 1000 tu
1099 962 1245 1003 mare
1265 950 1481 1020 navigas
1509 967 1758 1022 magnum
1779 965 1829 1010 et
1852 956 2164 1025 spatiosum,

586 1046 778 1104 nempe
808 1037 928 1090 vita:
951 1042 1263 1108 praesentis,
1297 1042 1436 1112 quod
1484 1043 1680 1098 multas
1731 1043 1894 1102 habet
1935 1047 2162 1113 belluas,

584 1122 802 1191 piatas,
829 1136 1027 1194 petras,
1050 1138 1104 1182 et
1135 1129 1362 1185 latentes
1394 1131 1644 1201 scopulos
1664 1173 1680 1200 ,
1708 1136 2019 1206 crebrisque
2053 1149 2166 1193 tur-

585 1213 739 1270 batur
769 1215 1032 1284 ﬂuetibus,
1057 1229 1109 1274 et
1149 1222 1200 1275 in
1244 1236 1312 1277 eo
1359 1223 1736 1294 naufragantur
1760 1226 1994 1296 plurimi.
2017 1227 2152 1283 Cum

585 1303 745 1374 Igitur
796 1307 993 1363 videris
1038 1312 1396 1383 navigantium
1441 1312 1675 1384 aliquem
1715 1315 1910 1371 diaboli
1961 1317 2166 1374 insidiis

584 1395 832 1450 amittere
858 1396 1071 1453 divitias
1100 1399 1287 1455 salutis
1307 1442 1321 1466 ,
1352 1413 1537 1458 tutare
1577 1404 1628 1457 in
1671 1402 1940 1472 ﬂuctibus,
1971 1417 2023 1462 et
2050 1407 2164 1476 jam

583 1485 876 1557 Submergi,
905 1491 1036 1544 siste
1059 1505 1270 1556 navem,
1301 1502 1356 1547 et
1385 1494 1585 1549 relictis
1623 1497 1850 1565 negotiis
1887 1497 1990 1552 tuis
2012 1536 2028 1563 ,
2056 1509 2166 1552 sta-

586 1575 680 1628 tim
703 1575 843 1632 illius
871 1579 1088 1647 provide
1130 1581 1310 1637 saluti.
1355 1581 1488 1637 Nam
1528 1599 1731 1640 moram
1763 1601 1869 1641 non
1912 1590 2162 1656 sustinet,

589 1679 758 1734 neque
782 1666 1108 1732 dilationem,
1149 1669 1236 1740 qui
1263 1670 1531 1744 submergi
1555 1673 1759 1745 incipit.
1792 1675 1957 1748 Igitur
1983 1679 2164 1734 statim

587 1770 806 1812 accurre
827 1796 844 1821 ,
874 1767 930 1812 et
956 1770 1287 1833 quantocyus
1324 1777 1356 1817 e
1389 1762 1636 1822 ﬂuctibus
1661 1780 1784 1822 eum
1829 1767 1997 1838 eripe,
2032 1769 2164 1825 nihil

586 1861 692 1900 non
720 1861 818 1918 age
845 1857 899 1902 ut
921 1848 1093 1918 ipsum
1138 1866 1204 1906 es
1256 1850 1523 1921 profundo
1571 1853 1821 1911 interitus
1865 1857 2160 1913 extrahas:

587 1940 799 1995 etiamsi
825 1950 878 2017 te
901 1940 1125 2009 plurima
1148 1943 1356 2014 negotia
1374 1945 1627 2001 aliorsum
1647 1957 1838 2003 vocent
1854 1959 1908 2004 et
1927 1949 2157 2013 trahant,

592 2023 720 2084 nihil
747 2012 910 2086 ducas
937 2031 1106 2103 magis
1139 2012 1498 2091 necessarium
1533 2037 1698 2094 salute
1725 2041 1803 2095 sic
1833 2033 2156 2108 laborantis;

585 2129 710 2174 nam
751 2119 799 2174 si
830 2132 1114 2191 parumper
1136 2121 1353 2181 differre
1375 2125 1626 2194 volueris,
1679 2128 1928 2196 perdetur
1957 2138 2163 2199 tempe-

586 2217 724 2266 state
743 2211 949 2267 rabidas.
977 2211 1127 2270 Unde
1145 2214 1199 2270 in
1226 2216 1387 2272 tantis
1415 2216 1668 2286 periculis
1682 2233 1869 2289 magna
1889 2221 2161 2276 accelera-

573 2298 723 2355 tione
741 2312 879 2370 opus
902 2308 987 2355 est
1011 2306 1068 2354 et
1095 2300 1292 2356 studio.
1323 2301 1463 2357 Audi
1485 2300 1758 2371 quomodo
1785 2301 1981 2364 Paulus
1999 2347 2016 2364 .
2044 2305 2162 2360 viso

573 2389 790 2447 nomine
818 2390 1054 2466 quodam
1081 2390 1171 2468 qui
1204 2395 1256 2450 in
1283 2396 1605 2467 prolnndum
1636 2397 1943 2468 rapiebatur
1967 2438 1984 2462 ,
2014 2396 2162 2453 solli-

569 2486 709 2544 citus
733 2497 788 2547 et
812 2490 1004 2547 anxius
1028 2501 1179 2555 erat,
1204 2499 1258 2547 et
1284 2491 1420 2546 alios
1445 2490 1730 2547 excitabat.
1777 2489 2088 2559 Conﬁrmata
2107 2488 2162 2542 in

576 2579 722 2634 illum
756 2581 1038 2646 caritatem,
1071 2580 1262 2652 inquit,
1292 2597 1356 2635 ne
1378 2580 1511 2643 forte
1545 2580 1751 2635 tristitia
1795 2580 2166 2635 nbundantiore

574 2673 900 2727 absorbeatur
922 2673 1010 2728 ille
1036 2673 1114 2744 (2.
1133 2672 1254 2728 Cor.
1282 2672 1344 2728 2.
1367 2673 1421 2729 8.
1449 2673 1529 2744 7).
1562 2671 1630 2728 Et
1651 2681 1869 2744 propter
1894 2671 1996 2727 hoc
2012 2670 2167 2741 jubet

577 2760 754 2816 statim
782 2761 1022 2831 pmbcre
1041 2768 1281 2830 manum,
1301 2771 1359 2816 ut
1385 2775 1454 2817 ne
1475 2762 1689 2817 interim
1716 2761 1844 2816 dum
1867 2760 2166 2816 dill’erimus

579 2845 879 2919 praeventus
907 2853 998 2909 ille
1028 2853 1398 2910 absorbeatur.
1450 2853 1647 2909 Curam
1702 2851 1864 2924 igitur
1913 2866 2164 2924 geramus

577 2942 798 2997 fratrum
819 2953 1148 2998 nostrorum.

649 3031 766 3100 Quo
789 3034 935 3105 signa
953 3035 1360 3091 internoscantur
1385 3035 1683 3092 Christiani.
1712 3065 1786 3078 —
1815 3035 1941 3093 Haec
1953 3052 2164 3094 summa

577 3125 702 3181 vita:
735 3135 932 3181 nostra:
959 3137 1081 3193 est;
1113 3127 1217 3183 hoc
1260 3129 1414 3200 signo
1457 3129 1875 3186 internoscimnr
1913 3146 1983 3184 an
2009 3131 2168 3187 Chri-

579 3213 737 3270 stiani
764 3216 968 3284 simus,
995 3232 1117 3272 cum
1153 3232 1260 3273 non
1293 3219 1468 3274 solum
1511 3234 1632 3290 qua:
1662 3229 1846 3276 nostra
1883 3230 2013 3276 sunt
2035 3236 2167 3292 spe-

579 3314 806 3370 ctamus,
834 3307 928 3361 sed
953 3317 1009 3363 et
1038 3310 1278 3364 membra
1319 3319 1501 3365 nostra
1546 3324 1797 3380 perversa
1843 3312 2166 3383 corrigimus

577 3405 636 3450 et
653 3395 984 3451 instruimus.
1007 3396 1123 3454 Hoc
1147 3399 1440 3454 niaximum
1478 3399 1737 3456 indicium
1792 3401 1933 3457 lidei.
1972 3401 2040 3456 In
2069 3402 2167 3458 hoc

577 3487 714 3540 enim
735 3495 1033 3558 cognoscent
1054 3505 1245 3552 om,
1277 3489 1467 3560 inquit,
1492 3491 1628 3561 quod
1646 3491 1886 3562 discipuli
1902 3491 2000 3548 nisi
2022 3494 2163 3562 estis,

577 3577 622 3630 si
649 3590 737 3630 nos
758 3569 969 3650 diligitis
989 3588 1161 3634 mutuo
1184 3578 1365 3650 (locis.
1387 3581 1472 3636 i3.
1505 3582 1620 3652 35).
1668 3581 1961 3639 Caritatem
1985 3591 2166 3641 autem

581 3668 846 3723 sinceram
870 3669 1109 3725 declarat
1135 3683 1244 3726 non
1272 3673 1582 3728 communio
1606 3687 1805 3729 mensae
1823 3710 1840 3739 ς
1867 3689 1975 3730 non
2004 3675 2168 3732 breve

581 3759 933 3829 colloquium;
961 3775 1068 3815 non
1094 3762 1384 3818 verborum
1412 3764 1680 3832 adulatio,
1709 3766 1805 3820 sed
1848 3766 2083 3821 studium
2112 3767 2166 3823 in

580 3849 971 3907 considerando
1032 3852 1159 3922 quid
1203 3857 1445 3924 proximo
1489 3854 1774 3920 conducat,
1829 3866 1887 3912 ut
1935 3859 2170 3929 erigatur

579 3943 670 4010 qui
695 3942 905 4006 cecidit,
935 3956 992 3996 et
1036 3944 1337 4014 porrigatur
1383 3946 1536 4016 lapso
1566 3961 1759 4004 manus
1795 3949 2026 4006 salutem
2065 3964 2167 4006 ne-

579 4030 820 4102 gltgenti,
845 4042 902 4086 nt
924 4043 1051 4089 ante
1088 4034 1224 4089 bona
1250 4036 1458 4106 prapria
1479 4076 1496 4103 ,
1531 4037 1868 4108 inquirantur
1891 4055 2010 4110 qua:
2040 4056 2168 4112 pro-

580 4124 872 4177 ximisunt.
930 4124 1056 4180 llzee
1100 4136 1186 4181 est
1219 4143 1340 4183 vera
1376 4129 1594 4185 caritas.
1641 4129 1772 4186 Nam
1801 4134 2002 4188 caritas
2058 4149 2165 4190 nou

582 4224 788 4281 spectat
811 4231 1048 4286 quorsus
1074 4227 1219 4283 sunt,
1234 4219 1326 4273 sed
1347 4221 1492 4288 prius
1520 4221 1666 4278 videt
1688 4237 1750 4276 ea
1772 4239 1890 4293 quae
1912 4227 2164 4295 proximi,

583 4318 742 4374 quam
771 4322 889 4375 qttze
919 4323 1036 4374 sua,
1064 4318 1122 4362 ut
1162 4325 1256 4378 per
1296 4325 1360 4364 ea
1388 4311 1569 4367 videat
1619 4327 1740 4383 quae
1787 4329 1884 4370 sua
1927 4326 2055 4372 sunt
2088 4318 2164 4388 (i.

586 4397 706 4450 Cor.
741 4397 824 4450 13.
850 4395 929 4469 5).
964 4398 1028 4452 Et
1052 4413 1153 4468 ego
1196 4415 1338 4456 nunc
1389 4415 1495 4456 non
1532 4414 1751 4475 propter
1791 4407 2167 4478 memetipsunt

587 4498 693 4542 ttun
721 4488 891 4558 leugis
915 4491 1251 4546 sermonibus
1275 4501 1397 4548 utor
1416 4533 1432 4560 ,
1457 4494 1552 4551 sed
1606 4501 1824 4567 pmpter
1853 4509 1968 4553 νος.
2006 4493 2171 4572 igitur

585 4585 644 4631 et
672 4591 767 4632 vos
790 4578 972 4633 audite
994 4621 1011 4646 ,
1034 4596 1140 4634 non
1169 4591 1389 4653 propter
1412 4586 1767 4656 vosmetipsos
1785 4628 1802 4655 ,
1831 4589 1924 4644 sed
1952 4601 2172 4661 propter

587 4668 723 4723 alios
762 4684 794 4722 a
831 4670 983 4725 vobis
1034 4674 1376 4730 erudiendos.
1427 4677 1872 4750 Quandoquidem
1917 4683 2169 4742 Ecclesiae

588 4779 785 4834 corpus
817 4780 912 4834 per
945 4767 1307 4824 membrorum
1333 4772 1711 4827 cohaerentiam
1741 4777 1992 4830 nutritur.
2023 4779 2172 4833 Sicut

586 4869 717 4924 ergo
770 4857 1068 4913 membrum
1125 4861 1268 4930 quod
1314 4862 1455 4932 apud
1497 4865 1734 4934 seipsum
1787 4867 1939 4922 cibos
1982 4881 2172 4926 omnes

589 4959 846 5015 reservat,
895 4951 1176 5022 vicinoque
1214 4968 1322 5010 non
1377 4959 1762 5024 communicat,
1821 4969 1878 5014 ct
1934 4962 2169 5030 seipsum

583 5036 807 5094 ollendit
827 5083 840 5106 ,
868 5050 922 5097 et
942 5043 1201 5114 reliquum
1232 5060 1429 5116 corpus
1461 5051 1751 5118 eorrmnpit
1777 5068 1788 5102 :
1814 5054 2171 5121 quemadmo-

581 5136 709 5185 dum
759 5133 810 5186 in
840 5133 1117 5190 stomacho
1149 5136 1493 5193 videmuszis
1541 5141 1683 5194 enim
1729 5142 1773 5197 si
1817 5145 1995 5199 cibum
2025 5145 2172 5200 s‘olus

583 5221 934 5287 continuerit,
958 5233 1010 5279 et
1053 5227 1314 5296 reliquum
1350 5243 1544 5298 corpus
1593 5232 1730 5286 iaine
1771 5235 2089 5305 corrumpit;
2119 5244 2173 5291 et

582 5311 822 5377 seipsum
840 5328 935 5368 sua
967 5314 1274 5388 inexplebili
1307 5319 1648 5389 improbitate
1678 5323 1853 5391 perdit
1878 5342 1890 5378 :
1919 5325 1965 5379 si
1989 5335 2169 5381 autem

583 5407 853 5475 acceperit
873 5417 1130 5476 quantum
1162 5425 1258 5479 pro
1273 5426 1368 5466 sua
1403 5413 1646 5483 portione
1664 5416 1811 5480 satis,
1831 5427 1884 5472 et
1905 5417 2171 5488 reliquum

585 5498 706 5553 aliis
738 5499 993 5554 membris
1023 5505 1421 5570 transmiserit,
1453 5515 1507 5561 et
1545 5506 1777 5575 seipsum
1803 5525 1867 5564 ac
1905 5510 2168 5580 reliquum

587 5603 782 5659 corpus
813 5591 862 5644 in
899 5592 1032 5649 bona
1063 5594 1364 5651 valetudine
1381 5609 1665 5652 conservat
1695 5616 1708 5652 :
1743 5599 1812 5654 ita
1839 5611 1893 5656 et
1924 5610 1976 5655 tu
2004 5615 2167 5667 nunc,

587 5683 632 5736 si
663 5698 723 5736 ea
763 5696 882 5754 quae
927 5701 955 5738 a
1004 5685 1156 5741 nobis
1200 5689 1393 5755 audis,
1442 5689 1738 5746 detinueris
1767 5733 1782 5758 ,
1832 5691 2026 5764 aliique
2069 5709 2174 5748 non

595 5774 1094 5844 connnuniem'cris,
1121 5789 1173 5834 et
1206 5779 1353 5835 illum
1376 5781 1795 5840 iucommodabis
1819 5827 1834 5852 ,
1863 5797 1916 5841 ct
1947 5785 2172 5858 tcipsum

1414 387 1471 444 S.
1510 388 1789 447 JOANMS
1809 390 2288 454 CIIRYSOSTOMI
2323 406 2642 463 Mittitur.
2682 413 3217 474 LUAbTANTINOP.

3763 426 3868 486 Gil

2273 513 2386 584 jam
2415 524 2698 592 corrupisti
2733 547 2746 582 :
2776 530 2896 596 quia
2945 531 3166 601 ignavim
3198 546 3252 590 et
3285 538 3498 593 invnlirc
3520 545 3868 612 gravissimos

2273 611 2493 668 morbos
2512 614 2679 672 foves.
2720 618 2861 674 Satis
2885 624 3030 677 enim
3061 627 3127 679 ad
3185 611 3539 696 perditionem
3581 641 3730 690 tuatn
3764 639 3869 693 l'ue-

2272 700 2362 767 rit,
2393 705 2477 760 vel
2505 706 2576 762 ob
2601 709 2891 776 malitiam,
2924 717 3004 767 vel
3048 717 3119 770 ob
3165 720 3457 790 invidiam,
3491 725 3571 780 vel
3602 727 3770 782 etiam
3798 729 3868 782 ob

2271 789 2536 862 ignaviam
2563 813 2668 853 non
2696 804 3095 862 communicare
3121 809 3260 864 aliis.
3287 789 3506 879 Contra,
3539 819 3584 870 si
3608 817 3750 872 citra
3781 819 3832 871 in
3849 849 3866 861 -

2271 883 2465 938 vidiatu
2494 897 2549 942 et
2577 888 2642 943 ad
2679 891 2813 947 alios
2863 898 3228 954 transmiseris
3281 901 3614 973 alimoniam,
3674 921 3729 963 et
3772 911 3866 964 tibi

2272 972 2372 1042 ipsi
2423 985 2478 1031 et
2527 979 2649 1034 aliis
2696 981 3010 1050 profuturus
3059 1003 3138 1043 es.
3179 989 3285 1046 Sed
3318 991 3388 1049 de
3421 995 3487 1050 iis
3533 972 3736 1054 dictum
3785 1009 3866 1056 est

2271 1065 2420 1118 satis.

2341 1157 2394 1213 3.
2433 1158 2588 1215 Nunc
2640 1178 2820 1233 operte
2849 1169 3082 1238 pretium
3121 1170 3321 1240 fuerit,
3381 1178 3566 1231 venire.
3618 1181 3684 1233 ad
3731 1197 3866 1238 con-

2273 1258 2476 1306 textum
2505 1269 2690 1310 eorum
2727 1274 2847 1325 qua:
2883 1276 3052 1330 nuper
3090 1264 3233 1320 dicta
3272 1266 3505 1324 inerunt.
3535 1273 3669 1338 Quae
3711 1285 3871 1330 erant

2270 1353 2400 1412 ergo
2438 1343 2570 1397 illa?
2627 1344 2705 1400 De
2747 1346 2911 1402 Saulo
2948 1359 3002 1405 et
3029 1351 3196 1408 Paulo
3241 1365 3369 1412 tunc
3421 1361 3871 1430 exquirebamns,

2269 1444 2437 1500 quare
2465 1434 2752 1504 aliquando
2775 1437 2968 1494 Saulus
2987 1482 3002 1508 ,
3030 1445 3085 1497 et
3106 1444 3393 1514 aliquando
3421 1447 3617 1505 Paulus
3645 1453 3873 1510 vocatds

2270 1522 2340 1576 sit
2364 1522 2445 1592 (tt)
2469 1540 2485 1588 ;
2515 1532 2570 1579 ct
2598 1525 2719 1581 inde
2738 1527 2962 1598 digressi
2984 1548 3169 1588 sumus
3197 1536 3250 1588 in
3269 1538 3560 1595 multorum
3584 1544 3870 1599 nominum

2270 1609 2566 1667 historiam.
2602 1614 2798 1670 Verum
2829 1620 2952 1690 quia
2981 1624 3148 1678 semel
3177 1625 3303 1682 hinc
3327 1628 3589 1686 solvimus
3608 1672 3622 1694 ,
3657 1646 3765 1686 non
3791 1647 3872 1688 vt-

2270 1699 2426 1757 detttr
2454 1703 2669 1775 dignum
2700 1723 2822 1764 esse
2841 1750 2856 1776 ,
2891 1721 2948 1766 ut
2982 1727 3104 1768 eum
3133 1715 3276 1772 utilis
3305 1718 3479 1776 adhuc
3505 1726 3742 1779 occurrit
3774 1743 3872 1782 ne-

2270 1792 2514 1862 gotiatio.
2553 1804 2755 1852 temere
2779 1808 2898 1854 eam
2927 1811 3312 1869 praetereuntes
3338 1809 3688 1880 negligamus.
3731 1814 3870 1870 Nam

2270 1879 2394 1936 licet
2434 1892 2653 1952 propter
2680 1885 2900 1940 Paulum
2932 1889 2984 1943 in
3017 1890 3118 1946 inde
3165 1879 3535 1964 argumentum
3575 1900 3870 1958 deveneri-

2267 1987 2407 2034 mus,
2439 1972 2787 2033 nihilominus
2810 1989 2863 2033 et
2902 1980 3130 2036 aliorum
3164 1986 3440 2042 nominum
3479 1991 3716 2047 rationes
3760 1993 3869 2051 liae

2268 2064 2631 2134 negotiatione
2661 2067 2903 2125 invenire
2932 2085 3236 2141 poswmus.
3260 2073 3411 2132 Sicut
3433 2089 3486 2133 et
3508 2093 3869 2151 mercatoris,

2267 2155 2358 2225 q‘ui
2407 2171 2555 2212 mare
2599 2159 2867 2229 navigant,
2896 2171 2952 2217 et
3004 2177 3226 2235 propter
3261 2169 3464 2224 minuta
3510 2173 3758 2242 quaedam
3811 2176 3870 2232 in

2268 2241 2583 2316 longinquas
2632 2256 2802 2304 terras
2851 2251 3260 2320 proﬁciscuntur
3295 2272 3463 2313 zeum
3505 2241 3753 2318 venerint
3813 2265 3868 2320 in

2273 2334 2496 2401 petitam
2519 2335 2815 2406 civitatem,
2846 2340 3187 2415 viderintque
3205 2347 3416 2417 copiam
3437 2349 3666 2407 aliarum
3693 2366 3883 2410 rerum

2269 2422 2372 2479 sibi
2403 2425 2857 2495 conducibilium,
2883 2442 3080 2501 praster
3113 2450 3207 2492 eas
3235 2448 3456 2510 propter
3483 2457 3620 2513 quas
3645 2462 3673 2498 a
3705 2447 3882 2515 patria

2270 2517 2536 2586 exierunt,
2564 2521 2732 2576 multo
2753 2522 2907 2592 plura
2931 2537 3092 2596 quam
3118 2527 3476 2590 decreverant
3492 2577 3508 2600 ,
3542 2548 3880 2594 mereantur.

2271 2604 2427 2673 Quod
2456 2609 2500 2663 si
2530 2609 2652 2680 quis
2674 2626 2770 2667 eos
2799 2613 3178 2686 reprehendat,
3211 2620 3295 2676 his
3323 2636 3385 2678 se
3410 2623 3589 2682 verbis
3611 2635 3835 2686 tuentur
3861 2649 3876 2685 :

2271 2695 2454 2769 Longa
2483 2699 2567 2754 via
2598 2703 2844 2760 venimus
2863 2745 2878 2768 ,
2908 2707 3107 2764 multas
3132 2717 3503 2782 tempestates,
3535 2717 3703 2772 multa
3729 2721 3880 2790 peris

2271 2789 2390 2844 cuia
2419 2791 2736 2860 pertulimus
2759 2835 2776 2861 ,
2807 2797 3220 2856 transmarinam
3260 2805 3600 2876 suscepimus
3639 2789 3882 2882 peregri-

2272 2880 2542 2936 nationem
2575 2898 2590 2934 :
2619 2884 2746 2954 quid
2778 2886 2940 2957 igitur
2980 2899 3126 2946 vetat
3174 2895 3590 2964 negotiationem
3634 2880 3878 2957 nostram

2273 2969 2390 3024 Iicri
2435 2973 2793 3042 ampliorem?
2848 2976 2997 3035 Talia
3029 2979 3212 3052 utique
3239 2993 3296 3039 et
3333 2987 3489 3043 nobis
3516 2989 3701 3047 dicere
3733 2992 3878 3048 licet.

2271 3058 2406 3114 Nam
2436 3061 2768 3133 iuqulrentes
2790 3066 2858 3123 de
2889 3070 3196 3128 nominibus
3218 3072 3391 3142 Pauli,
3424 3078 3726 3136 invenimus
3745 3098 3882 3138 con-

2273 3162 2565 3220 sequenter
2624 3165 2682 3209 ut
2725 3159 3167 3233 nundinationem
3238 3165 3467 3224 aliorum
3524 3174 3805 3229 nominum
3864 3199 3880 3230 ;

2274 3256 2470 3313 nempe
2497 3243 2714 3301 Petrum
2745 3259 2900 3305 antea
2928 3251 3205 3309 Simonem
3229 3255 3433 3314 dictum
3467 3271 3559 3317 :et
3588 3262 3730 3320 Iilios
3773 3265 3883 3322 Ze-

2275 3330 2443 3387 Ιηόωί
2469 3332 2730 3392 Joannem
2751 3346 2807 3393 ct
2827 3339 3086 3396 Jacobum
3112 3343 3252 3401 lilios
3281 3348 3499 3406 tonitrli
3519 3363 3882 3425 noncupatos.

2275 3420 2585 3480 Invenimus
2631 3438 2686 3482 et
2724 3429 2775 3481 in
2822 3428 2998 3486 Veteri
3027 3434 3322 3506 Abraham,
3353 3441 3442 3509 qui
3485 3451 3642 3499 antea
3675 3420 3887 3504 Abtam

2272 3519 2493 3568 vocatus
2525 3515 2623 3572 iuit
2652 3535 2665 3571 :
2703 3529 2756 3574 et
2784 3520 2950 3577 .lacob
2991 3523 3245 3582 Israelem
3275 3531 3642 3602 nominatum;
3670 3548 3728 3594 ct
3753 3541 3890 3595 Sar-

2274 3615 2389 3660 rain
2417 3604 2628 3661 Saram.
2659 3608 2962 3668 Invenimus
2992 3627 3251 3685 pnetcrea
3280 3620 3403 3677 aliis
3427 3639 3534 3679 non
3571 3625 3738 3684 ittisse
3763 3643 3892 3685 mn-

2275 3695 2384 3749 tata
2407 3699 2619 3751 nomina
2650 3699 2787 3754 sicut
2813 3701 2949 3770 istis,
2973 3705 3068 3761 sed
3095 3707 3216 3763 illos
3236 3724 3269 3764 a
3297 3713 3561 3786 principio
3577 3717 3681 3782 sibi
3709 3719 3888 3777 indita

2276 3786 2494 3841 nomina
2523 3789 2840 3858 retinuisse,
2874 3793 3014 3849 sicut
3039 3795 3280 3856 Joannes
3326 3801 3583 3875 Baptista,
3630 3807 3782 3866 Isaac
3827 3821 3892 3868 et

2275 3874 2465 3930 Adam.
2499 3878 2808 3937 Absurdum
2852 3883 3012 3955 igitur
3055 3888 3211 3944 fuerit
3242 3901 3297 3947 et
3323 3874 3586 3951 extrema:
3614 3898 3848 3955 desidia:
3871 3943 3887 3966 ,

2276 3975 2484 4024 tantum
2524 3985 2557 4026 e
2607 3975 2854 4031 manibus
2905 3977 3214 4036 thesaurum
3252 3984 3509 4055 obiicere.
3559 3987 3696 4046 Nam
3758 3993 3890 4050 ideo

2277 4059 2570 4130 longiorem
2602 4064 2823 4123 iacimus
2850 4083 3179 4142 sermonem,
3220 4087 3274 4132 ct
3294 4078 3418 4148 quia
3445 4097 3622 4151 nuper
3646 4085 3892 4143 diximus

2275 4152 2343 4208 de
2371 4155 2434 4210 iis
2461 4156 2551 4227 qui
2580 4159 2811 4227 prinmm
2837 4174 3032 4219 nomen
3063 4167 3434 4236 retinuerunt,
3467 4171 3629 4231 hodie
3657 4177 3726 4234 de
3765 4179 3891 4235 dio-

2276 4249 2474 4316 nymis,
2502 4249 2618 4304 sive
2641 4250 2711 4306 de
2741 4251 2826 4319 iis,
2849 4255 2940 4324 qui
2966 4255 3165 4327 duplici
3194 4271 3318 4316 sunt
3355 4267 3572 4322 nomine
3595 4272 3887 4340 appellati,

2277 4336 2461 4394 dicere
2490 4348 2643 4395 utens
2674 4353 2776 4408 est,
2808 4358 3036 4414 quorum
3066 4360 3205 4404 unus
3243 4363 3323 4407 est
3357 4336 3652 4412 Abraham:
3673 4336 3686 4340 ”
3708 4336 3888 4418 Atlans

2277 4432 2470 4487 eodem
2501 4448 2716 4504 semper
2745 4439 2962 4495 nomine
3006 4449 3226 4498 vocatus
3247 4457 3330 4501 est
3363 4464 3377 4501 :
3410 4447 3557 4504 Isaac
3583 4451 3745 4508 aliam
3787 4471 3892 4527 ap-

2279 4527 2620 4596 pellationem
2643 4545 2747 4584 non
2779 4532 3016 4602 accepit,
3049 4536 3144 4590 scd
3165 4538 3235 4593 ab
3260 4539 3414 4595 initio
3439 4542 3507 4595 ad
3536 4544 3700 4599 linem
3730 4547 3886 4604 Isaac

2278 4615 2454 4672 dictus
2480 4627 2583 4672 est.
2636 4619 2798 4675 Pater
2824 4633 3001 4679 autem
3035 4624 3182 4681 Isaac
3225 4629 3372 4698 prius
3413 4633 3631 4703 quidem
3677 4637 3886 4695 Abram

2279 4708 2575 4774 dicebatur,
2610 4724 2798 4781 poSIea
2824 4730 2955 4771 vero
2983 4717 3281 4776 Abraham.
3325 4722 3466 4778 Dixit
3485 4727 3631 4782 enim
3663 4729 3732 4784 ad
3757 4747 3884 4786 eum

2282 4799 2459 4855 Deus:
2492 4800 2612 4856 Non
2643 4806 2736 4858 erit
2777 4808 2916 4860 ultra
2951 4823 3132 4864 nomen
3176 4821 3321 4865 tuum
3344 4814 3553 4881 Abram,
3577 4820 3669 4870 sed
3714 4821 3886 4875 Abra-

2281 4890 2398 4942 Imm
2414 4892 2670 4945 vocabitur
2686 4911 2864 4950 nomen
2885 4899 3198 4968 tuum(Gen.
3225 4903 3311 4958 i7.
3331 4904 3410 4973 5).
3437 4905 3649 4963 Etenim
3678 4912 3885 4971 Λικιιή

2284 4983 2576 5036 vocabatur
2608 4985 2755 5053 prius
2783 5005 2797 5040 :
2829 4989 2924 5044 sed
2973 4989 3074 5046 hoc
3105 5009 3297 5049 nomen
3341 5014 3447 5051 non
3473 5011 3557 5054 est
3603 5002 3888 5073 Gnccum,

2283 5087 2456 5142 neque
2494 5088 2710 5142 nostra,
2739 5079 2834 5133 sed
2877 5080 3223 5138 Ilebrzeotrutn
3270 5087 3450 5159 lingua
3495 5092 3574 5147 sic
3629 5108 3886 5154 vocatur.

2281 5165 2416 5232 Quid
2451 5168 2608 5236 igitur
2636 5171 2897 5241 signiﬁcat
2925 5173 3025 5228 hoc
3055 5179 3296 5232 nmnen?
3323 5179 3601 5238 Transitor
3624 5186 3722 5258 (ὁ).
3749 5187 3889 5246 Nam

2285 5262 2480 5316 Abram
2512 5264 2771 5334 Syrorum
2801 5281 2930 5323 voce
2956 5267 3095 5323 idem
3123 5280 3206 5324 est
3228 5274 3370 5342 quod
3396 5285 3543 5332 trans
3578 5284 3664 5333 vel
3698 5283 3841 5338 ultra
3878 5301 3894 5339 :

2283 5363 2335 5408 et
2373 5355 2547 5411 sciunt
2582 5357 2670 5425 qui
2717 5357 2911 5428 lingua:
2934 5359 3050 5429 ejus
3096 5363 3253 5432 periti
3280 5377 3424 5420 sunt.
3459 5367 3644 5437 Magna
3667 5390 3888 5444 quoque

2347 5553 2568 5630 (αλγὶάο
2593 5555 2838 5607 liomiliatn
2860 5559 2891 5608 2
2912 5560 2976 5609 de
3007 5566 3264 5612 Mutatione
3289 5566 3556 5621 nominum.
3597 5576 3731 5619 ‘t‘om.
3760 5575 3808 5630 5,
3840 5587 3891 5624 et

2294 5611 2528 5680 Mouitnm
2551 5630 2718 5680 supra.

2347 5679 2417 5737 (0)
2456 5685 2551 5725 non
2578 5679 2690 5758 esse
2719 5692 2880 5756 veram
2904 5683 3046 5758 hanc.
3070 5688 3275 5756 nominis
3308 5689 3483 5758 Ἀὶιττιιξι
3505 5693 3883 5758 _etymologiam

2275 5737 2535 5842 ¹ζὲἓιειιῳιη
2562 5740 2769 5792 vidimus
2791 5746 2838 5794 iu
2863 5747 3368 5799 Itomiliisiucenesim
3396 5737 3618 5812 €01.36:
3643 5737 3861 5806 ibim;
