4086 6442
613 423 717 478 ωῒὶ

613 538 800 607 Σύρων
831 519 1071 606 φωνῇιτὸ
1115 532 1307 600 πέραν
1350 529 1586 598 λέγεται,
1621 528 1715 580 καὶ
1743 526 1923 579 ῐσασιν
1952 527 2066 578 ὅσοι
2095 525 2193 594 τῆς

617 622 799 689 φωνῆς
825 615 1030 683 ταύιης
1070 614 1213 667 εἰσιν
1245 613 1517 682 ἔμπειροι.
1568 609 1746 679 Πολλὴ
1796 608 1853 661 δέ
1898 611 1964 678 τῇ
2012 607 2198 677 Σύρων

619 704 768 772 φωνῇ
800 698 932 769 πρὸς
963 697 1060 767 τὴν
1097 695 1207 748 τῶν
1244 692 1511 764 Ἐϐραίων
1538 691 1784 760 γλῶτταν
1817 693 1849 760 ὴ
1886 691 2194 772 συγγένεια.

616 771 725 838 Καὶ
749 781 836 834 διά
859 780 908 833 τί
937 779 1184 850 περάτης
1204 777 1442 845 ἐλέγετο,
1463 774 1626 845 φησίν
1645 792 1660 839 ;
1679 774 1743 826 'H
1775 774 2004 826 Ἰουδαία
2024 771 2198 842 χώρα,

615 862 913 924 τουτέστιν,
943 863 977 933 ἡ
1005 861 1336 928 Παλαιστίνη
1358 861 1539 920 πᾶσα,
1577 859 1610 927 ἡ
1636 856 1749 910 ἀπὸ
1778 859 1877 927 τῆς
1919 854 2199 922 Αἰγύπτου

619 947 780 1017 μέχρι
807 945 902 998 τοῦ
928 944 1234 1015 Εὐφράτου,
1268 943 1388 995 κατ’
1416 941 1643 1010 ἀντικρὺ
1690 941 1870 992 κεῖται
1897 941 1995 1007 τῆς
2021 937 2200 988 Βαϐυσ

616 1030 834 1092 λωνίας,
866 1027 988 1079 ὃθεν
1015 1022 1084 1096 ἦν
1111 1028 1140 1078 6
1179 1023 1454 1094 Ἀϐραάμ.⁹
1489 1022 1584 1074 καὶ
1623 1021 1787 1090 μέσος
1831 1022 1917 1090 ρεῖ
1938 1020 2006 1072 δι’
2033 1020 2203 1089 ἀμφο·

616 1112 837 1182 τέρωνό
869 1107 1114 1177 ποταμὸς
1137 1145 1153 1170 ,
1192 1104 1369 1159 κοινὸν
1405 1102 1656 1174 μεθόριον
1696 1101 1772 1155 ὢν
1801 1101 2066 1182 ἐκιιτέρας
2102 1100 2203 1170 τῆς

617 1180 738 1262 γῆς.
757 1191 909 1244 Ἐπεὶ
940 1186 1034 1244 οὖν
1055 1191 1156 1244 οὑκ
1183 1188 1291 1242 ἀπὸ
1322 1186 1422 1255 τῆς
1451 1186 1817 1254 Παλαιστίνης
1850 1180 1939 1255 ἦν,
1961 1185 2078 1239 ἀλλ’
2096 1184 2206 1236 άπὸ

614 1277 710 1328 τοῦ
745 1276 915 1344 πέραν
946 1269 1110 1346 ἦλθεν
1138 1273 1246 1325 ἀπὸ
1266 1272 1367 1339 τῆς
1391 1269 1764 1334 Βαϐυλωνίας,
1794 1268 1884 1322 διὰ
1915 1267 2076 1320 τοῦτο
2097 1265 2207 1320 ἀπὸ

614 1358 713 1412 τοῦ
746 1359 911 1410 τόπου
944 1358 1041 1410 καὶ
1093 1355 1186 1411 τοῦ
1231 1354 1554 1425 πράγματος
1587 1352 1648 1404 τὸ
1684 1352 1854 1421 ὄνομα
1896 1352 2075 1412 ἔλασε,
2111 1349 2206 1401 καὶ

618 1441 864 1511 περάτης
891 1439 1132 1507 ἐλέγετο,
1164 1436 1351 1507 ἐπειδὴ
1379 1435 1488 1490 ἀπὸ
1518 1433 1613 1488 τοῦ
1641 1435 1814 1506 πέραν
1846 1429 1998 1504 ἦλθε.
2023 1435 2121 1485 Διά
2153 1431 2205 1483 τί

616 1523 674 1574 δὲ
708 1524 816 1574 ἀπὸ
848 1519 944 1574 τοῦ
978 1520 1150 1589 πέραν
1184 1514 1383 1587 ἧλθεν;
1439 1517 1658 1587 Ἐπειδὴ
1702 1518 1730 1568 6
1767 1515 1900 1577 Θεὸς
1929 1514 2203 1567 ἐκέλευσε.

620 1605 730 1658 Καὶ
759 1603 848 1656 διά
876 1603 929 1655 τί
953 1603 983 1653 6
1003 1601 1135 1662 Θεὸς
1162 1601 1480 1664 ἐκέλευσεν;
1505 1600 1622 1652 ἰνα
1651 1597 1802 1670 δείξῃ
1829 1598 1928 1669 τὴν
1959 1597 2207 1665 ὑπακοὴν

616 1687 712 1738 τοῦ
747 1685 976 1738 δικαίου.
1025 1684 1136 1737 Καὶ
1181 1682 1298 1745 πῶς
1347 1681 1555 1734 ἐδείκνυ
1584 1681 1684 1752 τὴν
1721 1681 1969 1751 ὑπακοὴν
2015 1678 2109 1732 τοῦ
2138 1679 2208 1730 δι-

620 1769 808 1829 καίους
859 1767 982 1819 ’Ὁτι
1026 1766 1115 1818 διὰ
1163 1765 1224 1818 τὸ
1277 1763 1442 1818 αὑτοῦ
1479 1764 1955 1834 πρόσταγματὴν
1998 1761 2210 1814 οἰκείαν

618 1852 808 1919 ἀφεὶς,
849 1851 950 1920 τὴν
997 1849 1285 1918 ἀλλοτρίαν
1316 1849 1436 1902 ἀντὶ
1474 1847 1690 1916 ἐκείνης
1733 1845 2020 1914 ἠλλάξατο.
2057 1841 2209 1906 Εἶδες

619 1933 760 2002 πόση
809 1932 1071 1984 πλέκεται
1100 1929 1260 2000 σειρὰ
1298 1929 1408 1983 ἀπὸ
1442 1930 1539 1999 τῆς
1567 1928 1660 1982 τοῦ
1691 1928 1900 1981 δικαίου
1932 1943 2208 1998 προσηγοο

623 2015 779 2087 ρίας;
826 2015 1152 2083 ὐλόκληρον
1192 2014 1326 2083 ἡμῖν
1368 2012 1604 2080 πέλαγος
1653 2011 1896 2081 ἱστορίας
1944 2009 2004 2061 τὸ
2037 2009 2210 2077 ὄνομα

619 2096 797 2167 ἡνοιξε
825 2095 999 2150 τοῦτο.
1016 2094 1172 2150 Μάθε
1197 2096 1377 2148 τοίνυν
1399 2093 1564 2147 αὑτοῦ
1586 2093 1648 2146 τὸ
1669 2093 1842 2162 ὖνομα
1868 2092 1927 2144 τὸ
1955 2092 2211 2153 παλαιὸν,

621 2178 709 2232 ἵνα
737 2179 863 2230 ὅταν
893 2178 1007 2249 ἴδῃς
1039 2177 1202 2230 αὑτὸν
1242 2177 1341 2246 τὴν
1381 2175 1749 2245 Παλαιστίνην
1793 2172 2047 2228 οἰκοῦντα
2068 2215 2083 2235 ,
2125 2173 2213 2225 διὰ

620 2261 718 2330 τῆς
752 2261 1124 2330 προσηγορίας
1171 2260 1336 2313 αὑτοῦ
1383 2261 1520 2330 πρὸς
1567 2260 1663 2328 τὴν
1709 2259 1945 2328 ἀρχαίαν
1975 2257 2212 2323 πατρίδα

623 2343 1132 2415 χειραγωγούμενος
1155 2384 1168 2406 ,
1204 2343 1297 2396 καὶ
1342 2342 1628 2413 μανθάνων
1667 2341 1764 2411 τὴν
1795 2341 1997 2412 αίτίςιν,
2043 2339 2111 2391 δι’
2146 2340 2211 2408 ἦν

623 2425 794 2495 αὐτὴν
825 2426 1201 2493 ἐγκατέλιπεν,
1236 2426 1428 2494 ίκανὴν
1459 2423 1595 2493 πρὸς
1622 2424 1714 2477 τὸν
1737 2421 1901 2476 αὑτὸν
1929 2421 2092 2492 ζῆλον
2117 2420 2211 2474 λά-

623 2506 724 2578 ϐῃς
760 2509 1126 2579 παράκλησιν.

698 2589 1017 2661 Ἀνθρωπος
1051 2591 1158 2660 γὰρ
1197 2591 1306 2660 πρὸ
1354 2591 1518 2658 νόμου
1545 2588 1639 2642 καὶ
1672 2587 1771 2658 τῆς
1802 2588 2031 2659 ἐννόμου
2063 2585 2214 2639 πολιο

623 2672 775 2734 τείας
808 2673 903 2734 ὢν,
937 2673 1034 2743 τὴν
1069 2675 1126 2724 ἐν
1174 2675 1242 2742 τῇ
1287 2672 1472 2741 χάριτι
1520 2670 1841 2739 φιλοσοφίαν
1875 2668 2211 2733 ἐπεδείξατο,

629 2754 722 2806 καὶ
749 2756 884 2825 ὅπερ
910 2756 1094 2823 ἔλεγεν
1130 2755 1354 2824 ὓστερον
1400 2755 1428 2804 6
1460 2752 1693 2822 Χριστὸς
1723 2754 1838 2813 τοῖς
1860 2751 2179 2812 ἀποστόλοις
2197 2768 2209 2780 ·

642 2836 820 2906 Ἀμὴν
857 2838 1012 2907 λέγω
1049 2837 1218 2906 ὑμῖν,
1249 2837 1337 2888 ὅτι
1385 2839 1494 2889 οὐκ
1539 2834 1740 2899 ἐστιν,
1774 2833 1942 2898 ὅστις
1975 2832 2216 2902 ἀφῆκεν

627 2921 842 2983 οὶκίαν,
869 2921 906 2988 ἢ
936 2919 1260 2988 ἀδελφοὺς.
1286 2920 1322 2986 ἢ
1351 2917 1639 2986 ἀδελφὰς,
1675 2916 1713 2984 ἢ
1743 2915 1989 2984 πατέρα,
2030 2916 2069 2983 ἢ
2099 2934 2214 2985 μη·

628 3001 798 3068 τέρα,
849 3001 915 3066 ὃς
954 3003 1068 3071 οὐχ
1111 3000 1714 3054 ἑκατονταπλασίονα
1762 2999 2063 3066 λήψεται,
2113 3001 2212 3052 καὶ

629 3081 783 3150 ζωὴν
828 3083 1070 3137 αἰώνιον
1124 3081 1605 3152 κληρονομήσει·
1662 3081 1819 3134 τοῦτο
1867 3084 2074 3144 εκεῖνος
2127 3081 2216 3135 διὰ

629 3165 741 3219 τῶν
783 3167 959 3236 ἔργων
989 3167 1096 3238 πρὸ
1123 3168 1223 3237 τῆς
1249 3171 1471 3238 χάριτος
1501 3166 1776 3236 ἐποίησεν.
1816 3167 1931 3220 Ούκ
1962 3166 2070 3218 ἀπὸ
2095 3165 2216 3218 τούο

631 3268 726 3304 του
763 3251 819 3304 δὲ
855 3253 1014 3321 μόνον
1043 3252 1141 3321 τὴν
1169 3251 1493 3319 φιλοσοφίαν
1522 3250 1670 3302 ἐστιν
1707 3249 1835 3303 ἰδεῖν
1863 3248 1956 3301 τοῦ
1983 3249 2215 3310 δικαίου,

632 3332 772 3386 ἀλλὰ
834 3334 929 3385 καὶ
970 3334 1077 3385 ἀπὸ
1123 3332 1223 3402 τῆς
1278 3331 1626 3401 ὑποσχέσεως
1682 3330 1855 3399 αὐτῆς
1902 3329 1997 3382 τοῦ
2059 3330 2214 3384 Θεοῦ.

632 3413 814 3483 Δεῦρο
853 3415 957 3485 γάρ
980 3457 995 3479 ,
1028 3419 1214 3484 φησὶν.
1243 3418 1331 3480 εις
1362 3415 1478 3481 τὴν
1504 3413 1636 3482 τῆν,
1673 3411 1754 3479 ἢν
1779 3414 1856 3465 ἄν
1890 3429 1988 3466 σοι
2019 3412 2214 3476 δείξω.

635 3498 700 3552 Εἰ
730 3496 836 3568 γάρ
864 3498 955 3549 καὶ
981 3497 1288 3567 ἀμφότεραι
1328 3497 1584 3564 αίσθηταὶ
1616 3497 1670 3549 αἱ
1703 3495 1960 3566 πατρίδες
1979 3536 1994 3558 ,
2039 3495 2153 3548 ἀλλ’
2183 3499 2215 3566 ή

638 3579 737 3648 μὲν
761 3578 932 3630 οίκεία
956 3576 1042 3649 ἦν,
1078 3581 1111 3647 ἡ
1151 3579 1208 3631 δὲ
1248 3579 1536 3648 ἀλλοτρία·
1578 3579 1672 3630 καὶ
1701 3581 1734 3648 ἡ
1781 3579 1877 3649 μὲν
1907 3578 2139 3648 φανερά,
2186 3581 2219 3647 ἡ

633 3659 690 3712 δέ
720 3659 910 3730 ἄδηλος
933 3677 946 3690 ·
978 3660 1073 3713 καὶ
1105 3661 1138 3730 ἡ
1173 3662 1270 3729 μὲν
1303 3664 1361 3713 ἐν
1395 3663 1613 3730 χερσὶν,
1650 3663 1684 3730 ἡ
1711 3660 1768 3714 δὲ
1801 3663 1858 3712 ἐν
1888 3660 2096 3713 ἐλπίσι·
2126 3660 2222 3712 καὶ

635 3745 785 3812 ὅμως
813 3743 882 3795 τὰ
914 3743 1124 3813 φανερὰ
1169 3744 1263 3796 καὶ
1307 3745 1444 3813 δῆλα
1499 3745 1593 3798 καὶ
1621 3745 1691 3796 τά
1719 3745 1776 3796 ἐν
1807 3743 1994 3814 χερσὶν
2025 3742 2184 3811 ἀφεὶς
2205 3783 2220 3806 ,

639 3823 790 3896 1695]
819 3826 954 3896 πρὸς
985 3826 1056 3878 τὰ
1083 3827 1264 3895 ἀφανῆ
1298 3827 1392 3878 καὶ
1419 3826 1612 3896 ἄδηλα,
1654 3828 1746 3878 καὶ
1774 3819 1848 3878 ὧν
1879 3827 1979 3877 οὑκ
2015 3821 2082 3896 ἧν
2123 3825 2218 3877 κύο

642 3924 754 3975 pro;
781 3909 1021 3979 ἔτρεχεν,
1054 3910 1140 3961 ἵνα
1175 3925 1234 3961 σε
1266 3910 1431 3981 πείσῃ
1462 3911 1556 3961 καὶ
1579 3909 1866 3981 παιδεύσῃ,
1891 3910 2020 3962 ὅταν
2041 3913 2069 3962 ὁ
2091 3909 2225 3973 Θεὸς

639 3990 706 4042 τά
736 3990 836 4058 μὲν
864 3990 998 4061 δῆλα
1031 3992 1248 4058 ἀφεῖναι
1278 3991 1474 4061 κελεύῃ
1501 4033 1515 4054 ,
1554 3992 1689 4062 πρὸς
1716 3992 1773 4044 δὲ
1801 3993 1868 4044 τὰ
1898 3993 2066 4064 ἄδηλα
2102 3993 2223 4061 βλέ-

639 4089 797 4136 πειν,
861 4075 936 4144 μὴ
993 4073 1317 4140 ἀντιλέγειν,
1371 4074 1506 4142 μηδὲ
1553 4075 1936 4144 ἀμφισϐητεῖν.
1990 4077 2064 4126 Ού
2119 4075 2224 4147 γάρ

640 4155 782 4207 οὕτω
810 4156 946 4224 δῆλά
979 4158 1093 4207 ἐστι
1119 4157 1186 4208 τά
1213 4159 1270 4207 ὲν
1300 4155 1489 4226 χερσὶν
1510 4196 1524 4218 ,
1551 4156 1626 4219 ὡς
1670 4157 1854 4209 ἐκεῖνα
1879 4157 1949 4210 τά
1986 4159 2044 4209 ἐν
2070 4158 2224 4210 ἐλπί-

645 4252 728 4286 σιν
750 4252 763 4266 ·
795 4236 893 4305 οὑχ
921 4235 1063 4287 οὑτω
1088 4235 1220 4306 δήλη
1250 4238 1398 4290 ἐστὶν
1423 4239 1458 4306 ἡ
1488 4237 1738 4307 παροῦσα
1769 4238 1904 4307 ζωὴ,
1934 4239 2008 4301 ὠς
2043 4240 2224 4308 ἐκείνη

646 4319 680 4384 ἡ
715 4318 1005 4387 μέλλουσα.
1036 4318 1254 4388 Ταύτην
1280 4320 1379 4388 μὲν
1405 4321 1512 4388 γάρ
1556 4320 1770 4390 ὁρῶμεν
1800 4323 1912 4384 τοῖς
1940 4322 2226 4390 ἡμετέροις

646 4400 965 4470 ὀφθαλμοῖς,
993 4400 1209 4468 ἐκείνην
1235 4402 1451 4473 ὁρῶμεν
1482 4404 1595 4463 τοῖς
1632 4402 1732 4471 τῆς
1762 4403 1998 4465 πίστεως
2029 4403 2228 4472 ὀφθαλ-

652 4485 770 4553 μοῖς
793 4499 805 4512 ·
841 4483 1045 4553 ταύτην
1072 4483 1290 4554 ὁρῶμεν
1319 4487 1374 4536 ἐν
1403 4487 1524 4546 ταῖς
1571 4484 1868 4554 ἡμετέραις
1915 4487 2070 4556 χερσὶ
2115 4505 2231 4540 κει⁸

653 4565 845 4634 μένην,
865 4566 1079 4636 ἐκείνην
1107 4566 1323 4638 ὁρῶμεν
1346 4567 1440 4619 καὶ
1459 4569 1578 4630 ταῖς
1605 4566 1960 4634 ἐπαγγελίαις
1983 4565 2077 4619 τοῦ
2095 4566 2230 4620 Θεοῦ

654 4647 1081 4715 φυλαττομένην.

725 4729 784 4782 δ’.
827 4730 894 4781 Δί
921 4730 978 4782 δέ
1009 4729 1330 4798 ἐπαγγελίαι
1367 4731 1461 4784 τοῦ
1488 4731 1622 4784 Θεοῦ
1650 4730 1830 4802 πολλῷ
1865 4731 2233 4804 δυνατώτεραι

653 4813 765 4865 τῶν
790 4812 1070 4883 ἡμετέρων
1103 4813 1320 4883 χειρῶν.
1364 4813 1550 4868 Βούλει
1581 4815 1770 4884 μαθεῖν
1808 4816 1925 4877 πῶς
1954 4816 2093 4884 αῦτη
2133 4817 2232 4886 μὲν

656 4898 691 4966 ἡ
722 4896 835 4966 ζωὴ
862 4895 895 4965 ἡ
919 4894 1168 4966 παροῦσα
1196 4897 1253 4948 ἐν
1289 4897 1472 4967 ἀδήλῳ
1506 4899 1683 4949 κεῖται
1712 4897 2024 4960 διαπαντὸς,
2053 4900 2237 4968 ἐκείνη

657 4978 712 5031 δέ
745 4978 777 5047 ἡ
809 4977 1098 5047 μέλλουσα,
1135 4979 1168 5048 ἡ
1202 4977 1434 5031 δοκοῦσα
1462 4979 1658 5050 ἄδηλος
1686 4975 1849 5041 εἶναι,
1887 4980 2240 5051 φανερωτέρα

658 5062 758 5131 τῆς
781 5059 1060 5131 παρούσης
1083 5063 1200 5115 ἐστὶ
1223 5063 1316 5115 καὶ
1339 5061 1659 5133 βεϐαιοτέρα
1682 5062 1776 5114 καὶ
1800 5062 2027 5132 μόνιμος
2052 5079 2066 5124 ;
2098 5061 2242 5128 Ἐξε-

661 5145 934 5212 τάσωμεν,
971 5142 1020 5195 εί
1045 5142 1211 5208 δοκεῖ,
1241 5145 1311 5197 τά
1354 5145 1585 5215 λαμπρά
1630 5145 1728 5214 τῆς
1759 5145 2043 5216 παρούσης
2073 5145 2240 5214 ζωῆς,

660 5227 753 5278 τὸν
789 5223 1046 5292 πλοῦτον,
1077 5227 1176 5297 τὴν
1206 5226 1393 5293 δόξαν,
1420 5228 1519 5297 τὴν
1563 5227 1882 5281 δυναστείαν
1905 5269 1919 5292 ,
1947 5229 2047 5290 τὰς
2079 5230 2244 5298 τιμάς

663 5307 762 5370 τὰς
787 5307 938 5378 παρά
966 5307 1271 5379 ἀνθρώπων
1293 5327 1306 5340 ο
1353 5308 1447 5362 καὶ
1475 5309 1594 5378 ὄψει
1625 5311 1831 5364 τούτων
1863 5311 2017 5364 οὐδὲν
2051 5310 2246 5380 ἀδηλό-

663 5405 842 5460 τερον.
877 5391 943 5442 Τί
981 5391 1089 5462 γὰρ
1116 5392 1472 5462 ἀπιστότερον
1511 5393 1762 5457 πλούτου,
1796 5392 1888 5445 τοῦ
1920 5393 2054 5464 μηδὲ
2087 5394 2249 5464 μέχρι

667 5475 763 5543 τῆς
787 5475 1023 5544 ἑσπέρας
1053 5474 1315 5539 πολλάκις
1341 5477 1474 5546 ἡμῖν
1506 5477 1948 5547 παραμένοντοςς
1986 5477 2252 5548 Καθάπερ

669 5557 777 5627 γὰρ
801 5556 1074 5627 δραπέτης
1110 5556 1380 5628 ἀγνώμων
1409 5560 1518 5612 άπὸ
1547 5559 1737 5612 τούτου
1770 5562 1847 5623 εἰς
1887 5563 2094 5613 ἐγεῖνον
2132 5577 2249 5613 συν·

675 5639 813 5707 εχῶς
845 5639 1184 5709 μεθίσταται,
1219 5643 1312 5695 καὶ
1351 5643 1512 5696 πάλιν
1550 5644 1659 5697 ἀπὸ
1682 5643 1869 5697 τούτου
1913 5644 2047 5714 πρὸς
2074 5644 2250 5700 ἄλλον.

675 5721 924 5775 Τοιοῦτόν
953 5739 1004 5776 τι
1028 5727 1123 5778 καὶ
1147 5727 1180 5795 ἡ
1203 5725 1329 5793 δόξα
1352 5726 1524 5782 ἐστίν.
1547 5727 1605 5778 '0
1633 5727 1742 5798 γάρ
1767 5728 1873 5801 πρὸ
1898 5727 2088 5782 τούτου
2117 5729 2255 5800 λαμ-

680 5805 816 5877 πρὸς
861 5807 954 5859 καὶ
986 5808 1254 5879 ἐπίσημος
1273 5850 1289 5876 ,
1324 5810 1515 5880 ἄτιμος
1547 5811 1640 5862 καὶ
1686 5812 1967 5883 ἀνώνυμος
1999 5811 2256 5883 ἐξαίφνης

1304 415 1362 472 S.
1402 411 1690 469 JOANNIS
1728 407 1910 466 CHIW
1925 406 2219 464 SOSTOHI

2321 407 2595 466 ΠΟΙΠΕΡ.
2635 407 3192 463 ΟΟΝΒΤΑΝΤΙΝΟΡ.

3792 409 3898 466 626

2300 525 2554 594 γίνεται·
2602 523 2696 577 καὶ
2745 524 2807 576 τὸ
2855 523 3098 576 ἐναντίον
3130 521 3312 576 πάλιν.
3353 520 3465 574 Καὶ
3498 520 3758 594 καθάπερ
3808 527 3899 578 τὸν

2299 608 2492 676 τροχὸν
2522 605 2761 675 συνεχῶς
2792 606 3162 675 στρεφόμενον
3190 606 3294 657 οὑκ
3323 603 3474 656 ἐστιν
3497 605 3635 674 ὀρᾷν
3676 607 3773 658 ἐπι
3811 607 3904 660 τοῦ

2300 689 2468 744 αὑτοῦ
2501 691 2600 760 τῆς
2639 691 2868 757 ἄντυγος
2910 688 3112 758 μέρους
3137 704 3149 718 ·
3204 690 3271 758 τῇ
3316 684 3427 757 γάρ
3469 688 3774 757 πυκνότητι
3806 689 3906 757 τῆς

2300 775 2452 846 δίνης
2475 775 2771 838 διαπαντὸς
2792 774 2860 828 τὰ
2882 774 2997 828 ἀνω
3027 773 3178 826 κάτω
3207 773 3442 841 γίνεται,
3476 772 3572 825 καὶ
3590 773 3908 826 τούναντίον

2304 859 2498 912 πάλιν·
2535 858 2683 911 οὑτω
2717 857 2809 910 καλ⁵
2856 859 2891 928 ἡ
2940 856 3046 909 τῶν
3082 857 3430 928 πραγμάτων
3469 855 3580 908 τῶν
3613 856 3909 928 ἡμετέρων

2303 942 2444 1013 φορά
2471 940 2710 1012 συνεχῶς
2743 939 3110 1012 στρεφομένη.
3136 938 3203 991 τά
3228 940 3342 992 ἀνω
3370 938 3523 991 κάτω
3544 940 3728 991 ποιεῖ·
3765 938 3910 990 οὑτω

2305 1025 2401 1078 καὶ
2429 1025 2523 1076 ἐπὶ
2545 1022 2641 1076 τοῦ
2675 1022 2909 1075 πλούτου
2937 1022 3034 1075 καὶ
3073 1021 3167 1073 ἐπὶ
3199 1021 3299 1089 τῆς
3329 1019 3650 1082 δυναστείας
3687 1021 3787 1073 καὶ
3818 1021 3912 1072 ἐπὶ

2303 1107 2412 1159 τῶν
2438 1106 2614 1161 ἄλλων
2635 1107 2912 1158 ἀπάντων.
2936 1105 3208 1158 Οὐδέποτε
3234 1104 3328 1156 ἐπὶ
3352 1103 3449 1172 τῆς
3474 1104 3647 1172 αὑτῆς
3672 1104 3912 1172 ἕστηκεν

2303 1190 2488 1260 ἕδρας,
2520 1188 2658 1242 ἀλλὰ
2683 1187 2753 1241 τὰ
2782 1186 2893 1238 τῶν
2919 1186 3183 1256 ποταμῶν
3216 1187 3465 1255 μιμεῖται
3498 1185 3777 1255 ῥεύματα,
3809 1203 3914 1253 μη-

2304 1270 2478 1341 δαμοῦ
2515 1287 2642 1323 ποτε
2673 1269 2963 1340 ἱστάμενα.
2994 1268 3060 1320 Τί
3085 1264 3178 1320 οῦν
3212 1266 3419 1320 τούτων
3450 1267 3647 1336 γένοιτ’
3685 1267 3755 1320 ἂν
3782 1268 3915 1334 ἀδη-

2305 1353 2423 1406 λότε
2433 1371 2545 1424 ρον,
2562 1354 2668 1406 τῶν
2691 1351 2838 1406 οὕτω
2859 1351 3101 1422 συνεχῶς
3126 1350 3641 1422 μεταϐαλλομένων,
3661 1349 3759 1404 καὶ
3783 1351 3915 1422 πρὶν

2307 1438 2341 1507 ἢ
2369 1439 2604 1506 φανῆναι
2636 1436 3057 1505 ἀφιπταμένων,
3087 1436 3217 1505 πρὶν
3243 1434 3277 1503 ἢ
3329 1433 3741 1504 παραγενέσθαι
3773 1433 3914 1486 ἀποο

2309 1519 2604 1590 πηδώντων
2633 1535 2648 1583 ;
2684 1519 2784 1571 Διά
2813 1517 2972 1570 τοῦτο
3007 1519 3100 1569 καὶ
3131 1519 3160 1568 6
3195 1519 3482 1585 προφήτης
3532 1518 3661 1584 περὶ
3695 1515 3915 1586 τρυφῆς

2308 1603 2401 1654 καὶ
2423 1601 2657 1654 πλούτου
2685 1602 2778 1653 καὶ
2803 1599 2914 1652 τῶν
2933 1598 3192 1651 τοιούτων
3209 1598 3616 1667 διαλεγόμενος,
3642 1598 3738 1650 καὶ
3769 1596 3919 1649 σκὼ-

2309 1702 2460 1737 πτων
2487 1686 2565 1746 είς
2598 1687 2724 1748 τοὺς
2765 1683 2904 1755 πρὸς
2938 1681 3078 1734 αὐτὰ
3110 1680 3408 1750 κεχηνότας
3441 1681 3516 1744 ὡς
3559 1681 3915 1750 διαμένοντα,

2311 1767 2504 1836 φησίν
2555 1767 2664 1831 Ὠς
2710 1765 2941 1821 ἑστῶτα
2977 1766 3340 1832 Mariam-to
3381 1763 3607 1825 ταῦτα,
3649 1765 3751 1818 καί
3798 1767 3916 1833 οὐχ

2308 1853 2391 1916 ὡς
2413 1851 2734 1919 φεύγοντα.
2781 1849 2897 1900 υὺκ
2927 1843 3103 1909 εἶπεν,
3151 1847 3213 1900 οὑ
3265 1847 3690 1918 παρερχόμενα,
3733 1847 3854 1900 ἀλλ’
3888 1847 3918 1900 6

2311 1931 2491 2002 πολλῷ
2522 1933 2710 2001 μεῖζόν
2741 1933 2912 1992 ἐστιν,
2947 1931 3045 1993 Ὠς
3069 1928 3369 1997 φεύγοντα
3388 1945 3401 1960 ο
3437 1929 3556 1982 οὐδὲ
3584 1929 3697 1996 γὰρ
3727 1929 3918 2000 ἡρέμα

2312 2018 2607 2088 ἀναχωρεῖ,
2633 2016 2769 2070 ἀλλά
2801 2013 2939 2086 μετὰ
2971 2011 3169 2066 πολλοῦ
3201 2011 3296 2065 τοῦ
3321 2013 3538 2081 τάχους.
3581 2012 3723 2065 Ἀλλ’
3759 2013 3864 2082 οὑχ
3891 2015 3921 2065 6

2313 2103 2662 2170 πατριάρχης
2705 2099 2882 2161 οὕτως
2905 2136 2922 2160 ,
2954 2096 3091 2150 ἀλλά
3137 2097 3315 2150 πάντα
3347 2096 3523 2149 ταῦτα
3558 2094 3744 2164 ἀφεὶς,
3777 2095 3920 2165 πρὸς

2314 2183 2411 2246 τὰς
2446 2182 2782 2250 ἐπαγγελίας
2827 2181 2928 2242 τὰς
2968 2179 3118 2248 παρά
3158 2177 3254 2231 τοῦ
3299 2176 3438 2230 Θεοῦ
3487 2179 3648 2246 μόνον
3691 2176 3918 2238 ἐϐλεπε,

2316 2264 2683 2334 προοδοποιῶν
2731 2265 2863 2333 ἡμῖν
2898 2263 3035 2333 πρὸς
3083 2261 3180 2331 τὴν
3221 2261 3331 2313 τῶν
3368 2260 3672 2330 μελλόντων
3706 2261 3920 2321 πίστιν,

2314 2347 2403 2408 ἵν’,
2439 2347 2569 2400 ὃταν
2601 2343 3010 2413 ἐπαγγέλληταί
3047 2360 3130 2397 σοι
3165 2345 3193 2394 6
3241 2342 3376 2405 Θεὸς
3411 2342 3478 2396 τὰ
3511 2343 3779 2412 μέλλοντα
3825 2344 3925 2395 καὶ

2311 2431 2410 2500 οὐχ
2440 2430 2717 2501 ὁρώμενα,
2747 2427 2821 2498 μὴ
2857 2427 3044 2497 λέγῃς,
3087 2428 3169 2479 δτι
3204 2425 3381 2496 ἄδηλά
3415 2427 3563 2478 ἐστιν
3600 2428 3789 2478 ἐκεῖνα
3824 2427 3925 2478 καὶ⁵

2313 2513 2516 2582 ἀφανῆ.
2544 2513 2626 2564 Τὰ
2654 2512 2763 2580 γάρ
2800 2510 2973 2580 ἀδηλα
2999 2512 3182 2563 ἐκεῖνα
3214 2508 3421 2562 τούτων
3452 2508 3572 2560 ἐστί
3601 2507 3924 2575 σαφέστερα

2313 2595 2422 2647 τῶν
2454 2594 2774 2665 ὁρωμένων,
2800 2594 2894 2646 ἐὰν
2921 2594 3050 2654 τοὺς
3087 2593 3185 2660 τῆς
3211 2591 3447 2652 πίστεως
3476 2589 3692 2659 ἔχωμεν
3714 2588 3924 2656 ὀφθαλ-

2317 2677 2475 2748 μούς.
2510 2677 2572 2728 Εί
2603 2676 2712 2746 γὰρ
2741 2676 2834 2728 καὶ
2869 2675 2944 2745 μὴ
2979 2674 3309 2743 ἑωράκαμεν
3355 2672 3516 2735 αὑτά,
3564 2669 3681 2724 ἀλλ’
3717 2673 3748 2722 6
3784 2669 3925 2732 Θεὸς

2315 2760 2456 2815 αὑτά
2487 2760 2855 2830 ἐπηγγείλατο
2890 2759 2984 2811 καὶ
3007 2757 3295 2827 ὑπέσχετο.
3325 2758 3494 2809 Ὅταν
3525 2758 3553 2808 6
3583 2753 3718 2818 Θεὸς
3745 2756 3925 2822 ἐπαγ-

2316 2844 2596 2912 γέλληται,
2627 2843 2853 2911 οὐδεμία
2897 2839 3169 2911 μεταϐολὴ
3214 2838 3325 2891 τῶν
3351 2837 3704 2908 ὑποσχέσεων
3746 2837 3921 2891 ἅπτε-

2313 2943 2405 2978 ται
2430 2942 2443 2956 ·
2479 2924 2620 2977 ὥστε
2659 2926 2842 2977 ἐκεῖνα
2881 2923 3116 2995 μάλιστα
3150 2921 3302 2992 μένει
3339 2922 3435 2975 καὶ
3474 2921 3730 2990 πέπηγεν
3761 2922 3822 2974 ἐν
3853 2923 3924 2991 τῇ

2315 3007 2460 3078 χειρὶ
2487 3006 2581 3060 τοῦ
2615 3006 2774 3058 Θεοῦ.
2825 3008 2924 3060 Ἐκ
2959 3006 3071 3074 γὰρ
3102 3004 3213 3072 τῆς
3245 3003 3446 3072 χειρὸς
3477 3002 3584 3056 τοῦ
3628 3003 3782 3056 Θεοῦ
3815 3004 3921 3069 ἀρ-

2317 3090 2523 3150 πάζέιν
2553 3089 2756 3154 οὐδεὶς
2796 3090 3049 3142 δύναται
3075 3127 3089 3149 ,
3128 3087 3310 3156 φησίν.
3364 3085 3665 3156 Ἀρπάζειν
3711 3087 3778 3138 ἐκ
3822 3085 3924 3155 τῆς

2318 3175 2502 3244 χειρὸς
2528 3171 2624 3224 τοῦ
2660 3172 2874 3241 Πατρός
2899 3188 3000 3241 μου
3036 3170 3213 3234 οὐδεὶς
3237 3168 3482 3221 δύναται.
3518 3168 3672 3220 Ἐπεὶ
3704 3164 3799 3221 οῦν
3833 3168 3925 3220 ού-

2317 3255 2428 3318 δεὶς
2459 3254 2681 3308 δύναται
2709 3254 2976 3326 ἁρπάζειν
3013 3255 3078 3306 ἐκ
3112 3253 3211 3322 τῆς
3242 3253 3425 3322 χειρὸς
3449 3250 3544 3304 τοῦ
3573 3250 3733 3312 Θεοῦ,
3767 3252 3924 3322 [69H

2317 3339 2375 3390 ἐν
2415 3337 2560 3408 δήλῳ
2594 3337 2743 3406 μένει
2785 3337 3044 3406 θησαυρῷ
3083 3336 3397 3397 διαπαντός.
3443 3333 3630 3386 Ταῦτα
3677 3335 3737 3386 δὲ
3787 3351 3928 3387 παν-

2318 3418 2492 3481 τοίαις
2528 3419 2852 3488 μεταϐολαῖς
2899 3419 3185 3470 ὑπόκειται
3215 3416 3312 3470 καὶ
3347 3419 3576 3487 τροπαῖς
3597 3432 3609 3443 ”
3642 3416 3734 3469 διὰ
3764 3413 3931 3469 τοῦτο

2321 3501 2581 3564 πολλάκις
2646 3502 2888 3573 τὸνμὲν
2953 3502 3116 3553 πόνον
3163 3499 3342 3553 αὑτῶν
3397 3499 3769 3570 ὑπομένομεν,
3829 3498 3931 3551 τοῦ

2321 3586 2377 3638 δὲ
2408 3585 2598 3649 τέλους
2635 3586 2816 3638 αὑτῶν
2849 3582 3326 3656 ἀποστερούμεθα.
3381 3581 3506 3634 Ἐπὶ
3537 3581 3592 3634 δὲ
3625 3581 3736 3634 τῶν
3775 3583 3934 3634 ἐλπί-

2321 3670 2426 3722 δων
2453 3670 2678 3721 ἐκείνων
2708 3670 2808 3722 οὑκ
2839 3669 2917 3721 ενι
2945 3668 3126 3732 τοῦτο,
3151 3666 3290 3721 άλλά
3318 3665 3411 3719 τὸν
3448 3665 3760 3719 πονέσαντα
3789 3668 3933 3720 πάν-

2323 3768 2432 3814 τως
2460 3751 2538 3803 δεῖ
2580 3752 2673 3804 καὶ
2704 3752 2813 3803 τῶν
2851 3751 3130 3818 στεφάνων
3158 3751 3457 3818 ἐπιτυχεῖν.
3489 3749 3554 3801 Ἢ
3595 3747 3708 3817 γὰρ
3747 3749 3935 3813 ἐλπὶς

2325 3837 2397 3887 οὑ
2429 3836 2838 3903 καταισχύνει.
2862 3833 2999 3886 Θεοῦ
3031 3832 3140 3903 γάρ
3171 3833 3320 3883 ἐστιν
3351 3832 3670 3899 ὑπόσχεσις,
3709 3832 3812 3884 καὶ
3839 3832 3934 3884 τὸν

2327 3919 2697 3987 ὑποσχόμενον
2759 3920 3009 3987 μιμεῖται
3044 3917 3110 3968 τά
3164 3914 3336 3984 δῶρα.
3395 3914 3582 3981 Ἀφεὶς
3629 3912 3817 3987 τοίνυν
3867 3914 3936 3966 τά

2325 3982 2770 4070 ἀδηλαξκάτεχε-
2803 3982 2871 4052 τὰ
2913 3999 3218 4068 φαινόμενα
3233 3982 3254 4028 ο.
3284 3997 3352 4050 τὰ
3387 3996 3494 4068 γὰρ
3531 3982 3844 4066 φαινόμενᾶ
3875 3999 3934 4050 οὑ

2325 4084 2397 4134 τὰ
2427 4083 2668 4153 παρόντα
2703 4083 2874 4143 ἐστὶν,
2919 4082 3056 4134 άλλά
3097 4083 3162 4134 τὶ
3209 4080 3495 4150 μέλλοντα.
3541 4081 3604 4133 Εἰ
3649 4079 3710 4132 δέ
3764 4096 3934 4142 τινες,

2327 4165 2463 4235 πρὸς
2491 4167 2558 4218 τά
2606 4167 2852 4236 παρόντα
2886 4164 3236 4234 ἐπτοημένοι,
3269 4162 3382 4217 τῶν
3419 4162 3737 4233 μελλόντων
3765 4164 3938 4232 ὑπερ⁴

2327 4249 2548 4319 ορῶσιν,
2577 4248 2767 4319 ἐπειδὴ
2787 4247 3170 4316 ἀσθενέστεροί
3198 4247 3304 4299 εἱσι
3335 4245 3430 4299 τοῦ
3456 4245 3628 4315 ὕψους
3651 4246 3756 4316 τῆς
3788 4246 3938 4300 ἐλπίο

2328 4333 2416 4396 δος
2441 4333 2677 4402 ἐκείνης,
2699 4331 2790 4384 διά
2814 4330 2975 4384 τοῦτο
3000 4331 3102 4382 ὑπε
3113 4329 3370 4400 ρορῶσιν,
3399 4331 3500 4382 οὑκ
3525 4329 3724 4402 ἐπειδὴ
3750 4331 3936 4399 ἀφανῆ

2329 4414 2502 4469 ταῦτά
2540 4417 2655 4467 ἐστι
2687 4413 2782 4466 καὶ
2815 4411 3007 4482 ἄδηλα.
3039 4411 3240 4464 Σκόπει
3284 4411 3418 4479 γοῦν
3451 4412 3552 4481 τὴν
3598 4412 3935 4481 φιλοσοφίαν

2330 4498 2424 4551 τοῦ
2465 4498 2696 4551 δικαίου.
2751 4497 2810 4549 '0
2869 4495 3002 4558 Θεὸς
3059 4495 3429 4565 ἐπηγγείλατο
3479 4493 3632 4566 αύτῷ
3697 4495 3939 4564 αἰσθητὰ

2333 4581 2654 4650 πράγματα,
2695 4579 2791 4632 καὶ
2819 4576 2980 4640 αὐτὸς
3011 4576 3180 4649 νοητά
3215 4575 3420 4648 ἐζήτει.
3464 4578 3574 4630 Καὶ
3604 4575 3711 4629 ποῦ
3739 4580 3771 4631 6
3810 4577 3940 4639 Θεὸς

2335 4664 2567 4735 αἰσθητά
2599 4661 2749 4732 αὑτῷ
2785 4660 3176 4730 ἐπηγγείλατο,
3213 4662 3378 4725 αὑτὸς
3409 4662 3465 4712 δὲ
3506 4661 3678 4732 νοητά
3711 4660 3938 4730 ipsi»;

2339 4747 2604 4810 Ἔξελθε,
2633 4745 2819 4816 φησὶν,
2852 4745 2920 4797 ἐκ
2950 4743 3064 4812 τῆς
3097 4743 3212 4813 γῆς
3232 4760 3372 4809 σου,
3405 4746 3503 4796 καί
3536 4744 3606 4796 ἐκ
3643 4743 3762 4812 τῆς
3793 4758 3937 4812 cur-

2339 4824 2571 4896 γενείιις
2603 4839 2742 4886 σου,
2783 4824 2880 4876 καὶ
2923 4823 2993 4876 ἐκ
3034 4821 3142 4876 τοῦ
3175 4823 3347 4875 οῖκου
3377 4821 3487 4874 τοῦ
3521 4825 3757 4888 πατρός
3798 4837 3936 4878 σου.

2307 4907 2438 4960 ⁴καὶ
2463 4903 2641 4974 δεῦρο
2677 4908 2766 4971 εις
2801 4903 2938 4975 γῆν,
2975 4903 3057 4971 ῆν
3095 4904 3176 4957 ἄν
3207 4919 3304 4958 σοι
3333 4904 3530 4967 δείξω.
3568 4905 3823 4976 Αἰσθητὴ
3849 4908 3941 4958 καὶ

2339 4993 2374 5062 ἡ
2406 4989 2648 5060 προτέρα
2681 4991 2776 5058 γῆ,
2807 4989 2902 5040 καὶ
2939 4988 2974 5059 ἡ
3008 4987 3283 5058 μέλλουσα
3309 4987 3548 5040 δίδοσθαι
3589 4987 3850 5059 ὕστερον.
3877 4988 3942 5040 τί

2343 5069 2437 5127 οὑν
2484 5071 2682 5138 αὑτός;
2733 5071 2950 5125 Μᾶλλον
2987 5071 3044 5124 δέ
3093 5069 3170 5140 μὴ
3209 5068 3374 5122 αὑτοῦ
3411 5068 3768 5140 ἀκούσωμεν,
3805 5071 3945 5125 ἀλλὰ

2349 5155 2559 5210 Παύλου
2596 5156 2722 5225 περὶ
2774 5153 2939 5207 αὑτοῦ
2988 5153 3262 5220 λέγοντος,
3312 5152 3402 5204 ἵνα
3432 5152 3699 5222 μάθωμεν
3741 5155 3828 5206 ὅτι
3881 5155 3943 5206 οὗ

2348 5239 2483 5310 πρὸς
2513 5237 2718 5307 ταύτην
2748 5235 2941 5288 ἐϐλεπε
2966 5235 3065 5307 τὴν
3094 5237 3217 5304 γῆν,
3251 5235 3300 5287 εί
3328 5235 3422 5288 καὶ
3445 5233 3652 5304 ταύτην
3680 5236 3946 5305 ἐπηγγεί-

2347 5319 2478 5375 λατο
2504 5323 2533 5374 6
2559 5319 2714 5382 Θεὸς,
2744 5318 2880 5373 ἀλλά
2913 5318 2983 5372 τά
3016 5318 3257 5390 παρόντα
3298 5317 3479 5386 ἀφεὶς.
3519 5317 3658 5387 πρὸς
3690 5318 3762 5369 τά
3804 5318 3948 5388 μέλ-

2350 5402 2511 5457 λοντα
2538 5403 2807 5472 ἐκεχήνει.
2839 5401 2905 5453 Τί
2925 5397 3018 5454 οὑν
3047 5404 3077 5454 6
3101 5398 3313 5462 Παῦλός
3341 5415 3504 5469 φησι;
3538 5400 3704 5453 Κατὰ
3737 5401 3952 5453 πίστιν

2352 5485 2657 5541 ἀπέθανον
2681 5479 2846 5540 οὗτοι
2875 5483 3120 5549 πάντες,
3164 5483 3294 5553 περὶ
3333 5481 3586 5552 Ἀϐραὰμ
3613 5481 3820 5550 λέγων,
3858 5488 3952 5535 καὶ

2367 5570 2572 5631 Ἰσαὰκ,
2604 5569 2700 5622 καὶ
2735 5566 2952 5628 Ἰακὼϐ.
2982 5568 3078 5620 καὶ
3109 5566 3219 5618 τῶν
3239 5564 3469 5618 δικαίων
3499 5567 3784 5619 ἁπάντων.
3814 5568 3954 5619 υὺδέ

2356 5652 2465 5721 γάρ
2516 5650 2769 5722 Ἀϐραάμ
2813 5651 3004 5722 μόνος,
3035 5648 3171 5704 ἀλλά
3199 5649 3401 5712 πάντες
3442 5647 3542 5716 τῆς
3582 5648 3763 5717 αὑτῆς
3812 5647 3957 5719 ἦσαν

2359 5733 2675 5804 φιλοσοφίας
2698 5733 2962 5788 κοινωνοί.
2995 5733 3156 5788 Κατὰ
3190 5735 3399 5786 πίστιν
3439 5731 3750 5786 ἀπέθανον
3785 5730 3956 5789 οὗτοι

2362 5817 2605 5882 πάντες,
2647 5816 2732 5886 μὴ
2781 5814 3163 5883 κομισάμενοι
3210 5815 3316 5879 τὰς
3349 5816 3751 5884 ἐπαγγελίης,
3793 5817 3960 5867 ὁτιὴ
