4086 6422
190 426 300 481 ti'li‘i

184 551 450 623 Syrorum
468 561 592 602 cum
622 544 845 601 llebnea
873 540 1052 611 lingua
1077 533 1330 606 cognatio
1354 539 1457 586 est.
1481 526 1586 581 Sed
1617 523 1756 582 dicis
1775 563 1792 589 ,

184 657 357 714 quare
394 640 676 696 Transitor
714 631 1049 691 vocabatur?
1096 627 1283 685 Judma
1332 624 1511 696 regio,
1541 623 1644 679 hoc
1687 629 1794 686 est,

187 736 476 791 Palaestina
501 733 699 794 omnis,
724 745 847 801 qua:
875 729 946 784 ab
974 724 1210 797 Egypto
1238 735 1409 791 usque
1427 718 1496 773 ad
1540 716 1794 787 Euphra-

188 839 300 883 tem
331 844 364 882 e
394 826 613 893 regione
629 826 777 892 jacet
801 819 1132 892 Babylonius,
1163 813 1305 870 umle
1326 821 1442 868 erat
1469 807 1742 866 Abraham
1775 824 1791 861 :

182 932 240 976 et
264 921 458 976 ﬂuvius
496 916 802 973 communis
825 913 1088 969 terminus
1127 909 1415 977 utriusque
1443 915 1602 961 terrm
1624 944 1639 967 ,
1673 916 1792 958 nte-

183 1014 312 1068 dius
341 1023 622 1080 utramque
644 1017 812 1064 seuit.
847 1007 913 1061 Et
937 1005 1060 1074 quia
1087 1001 1362 1058 Abraham
1397 1014 1506 1054 non
1548 996 1796 1051 Paltcsti-

183 1120 288 1159 nus
311 1113 451 1165 erat,
470 1103 562 1156 sed
587 1101 655 1156 ab
671 1099 912 1157 nltcriori
933 1097 1044 1167 ripa
1076 1093 1313 1150 fluminis
1334 1099 1576 1156 venerat,
1599 1102 1795 1158 nempe

179 1211 214 1250 a
248 1195 539 1268 Babylonia
567 1211 579 1246 :
613 1193 735 1248 ideo
759 1208 788 1244 a
818 1192 936 1245 loco
967 1198 1020 1244 et
1068 1187 1208 1242 facto
1247 1201 1444 1240 nomen
1472 1182 1713 1251 accepit.
1740 1189 1796 1235 ct

180 1286 360 1341 dictus
409 1293 495 1340 est
534 1283 815 1338 Transitor
842 1297 855 1335 :
885 1280 1008 1351 quia
1041 1295 1068 1332 a
1099 1279 1219 1333 loco
1248 1275 1498 1341 ulteriori,
1541 1273 1788 1328 flutninis

185 1380 358 1434 venit.
415 1379 593 1444 Quare
650 1386 829 1430 autem
887 1373 1105 1427 fluvium
1169 1369 1426 1425 transiit?
1467 1367 1603 1438 Quia
1649 1367 1793 1422 Deus

175 1473 437 1543 jnsserat.
472 1471 538 1525 Et
562 1485 730 1540 quare
762 1468 905 1522 Deus
921 1465 1122 1536 jussit?
1151 1463 1218 1520 Ut
1241 1461 1622 1518 ostenderetur
1661 1459 1789 1512 obc-

178 1565 384 1618 dientia
411 1561 563 1632 justi.
599 1561 663 1616 Et
688 1558 961 1630 quomodo
983 1566 1198 1611 ostensa
1229 1554 1329 1610 fuit
1371 1553 1678 1609 obedientia
1704 1552 1792 1619 jn-

178 1657 294 1710 sti?
318 1656 451 1725 Quia
478 1664 694 1724 propter
714 1660 1042 1723 prmccptum
1069 1650 1162 1704 Dei
1194 1649 1422 1718 patriam
1451 1663 1602 1701 suam
1626 1660 1786 1716 quam

176 1746 398 1814 reliquit
417 1786 432 1810 ,
463 1759 558 1814 pro
583 1743 756 1798 aliena
792 1740 1162 1796 commutavit.
1185 1738 1347 1793 Vides
1369 1747 1568 1808 quanta
1598 1744 1786 1789 catena

175 1853 360 1892 rerum
391 1838 442 1890 in
471 1835 828 1904 appellatione
853 1831 981 1900 jttsti
1009 1831 1294 1886 nectatnr?
1313 1830 1506 1899 Ingens
1535 1826 1789 1881 historia-

176 1944 299 1982 rum
332 1927 551 1997 pelagus
584 1941 780 1980 nomen
827 1923 929 1978 hoc
965 1923 1120 1978 nobis
1146 1921 1378 1992 aperuit.
1422 1919 1577 1973 Disce
1625 1917 1788 1987 igitur

171 2020 296 2089 ejns
325 2035 521 2074 nomen
555 2019 806 2088 primum.
837 2024 897 2070 ttt
919 2032 1044 2070 cum
1069 2015 1268 2070 videris
1289 2029 1412 2069 eum
1443 2011 1786 2067 Palmstinam

172 2111 526 2173 incolentem,
554 2109 913 2178 appellatione
956 2105 1192 2160 nominis
1221 2105 1274 2160 in
1307 2103 1620 2159 memoriam
1643 2101 1787 2155 anti-

168 2217 296 2269 qua!
325 2200 512 2272 patria:
538 2201 655 2268 ejus
675 2241 690 2265 ,
723 2209 778 2254 et
805 2209 980 2253 caute
1013 2205 1234 2267 propter
1286 2210 1447 2266 quam
1499 2210 1620 2250 eam
1662 2193 1786 2248 reli-

167 2295 326 2364 quit,
355 2292 737 2350 manmlucaris
759 2334 774 2357 ,
807 2303 861 2346 et
891 2291 960 2346 ita
987 2290 1051 2344 ad
1077 2289 1400 2345 imitandum
1442 2303 1566 2344 cum
1594 2287 1781 2342 admo-

169 2403 360 2443 ncarc.

242 2477 505 2556 Mraliam
551 2478 816 2548 discipulis
859 2475 1046 2531 Christi
1089 2491 1202 2546 par.
1230 2505 1303 2516 —
1350 2474 1493 2530 Ecce
1540 2473 1683 2530 enim
1726 2483 1784 2527 ut

165 2571 259 2627 ille
298 2580 425 2626 ante
473 2569 645 2641 legem
685 2578 742 2624 et
781 2568 883 2625 sub
921 2569 1040 2639 lege
1080 2569 1247 2623 vitam
1285 2581 1491 2636 agens,
1537 2567 1780 2638 philoso-

161 2662 351 2733 pltiam
378 2677 594 2733 quoque
623 2670 867 2730 tempore
895 2660 1083 2732 gratim
1119 2660 1368 2714 traditam
1408 2660 1649 2728 suscepit
1675 2660 1777 2712 im-

162 2757 460 2827 plendam,
491 2768 545 2811 et
572 2764 698 2812 ante
727 2765 938 2824 tempus
980 2755 1167 2825 gratia:
1208 2752 1374 2819 fecit,
1419 2754 1560 2825 quod
1595 2761 1778 2822 postea

159 2849 446 2918 discipulis
466 2847 714 2902 Christus
740 2847 875 2901 dixit
904 2864 918 2901 :
947 2845 1106 2899 Amen
1131 2846 1245 2899 dico
1265 2845 1423 2910 vobis,
1442 2844 1581 2915 quod
1608 2843 1780 2897 nullus

157 2953 238 2998 est
264 2943 358 3010 qui
393 2941 594 3011 reliquit
623 2940 871 3006 domum,
921 2949 1010 2993 aut
1047 2941 1253 3009 fratres,
1299 2947 1388 2990 aut
1423 2954 1643 2996 sorores,
1689 2945 1778 2989 aut

160 3044 365 3100 patrem
387 3073 403 3095 ,
453 3042 542 3083 aut
583 3039 829 3094 matrem,
875 3029 964 3098 qui
994 3045 1095 3082 non
1129 3028 1419 3097 centuplum
1453 3026 1705 3094 accipiet,
1733 3036 1778 3078 et

158 3124 319 3177 vitam
353 3131 597 3177 (sternam
617 3121 889 3190 possidebit
915 3118 1130 3190 (Matth.
1158 3119 1246 3174 19.
1271 3118 1364 3174 28.
1388 3116 1506 3188 29).
1539 3117 1655 3172 Non
1683 3133 1776 3171 so-

158 3217 277 3271 lum
320 3225 502 3270 autem
559 3215 684 3270 hinc
733 3222 993 3285 apparet,
1045 3228 1208 3284 quam
1259 3213 1535 3281 sapienter
1582 3211 1778 3267 vixerit

151 3310 373 3379 justus,
411 3307 509 3362 sed
550 3308 711 3363 etiam
744 3307 834 3362 Dei
884 3305 1171 3376 promissio
1200 3305 1304 3360 hoc
1342 3305 1606 3360 declarat.
1652 3302 1778 3356 Veni

157 3403 310 3456 enim
337 3443 351 3464 ,
385 3401 596 3472 inquit,
624 3401 678 3454 in
703 3411 911 3466 terram,
943 3417 1096 3470 quam
1126 3409 1472 3452 monstravere
1503 3397 1592 3450 tibi
1618 3396 1774 3466 (Gen.

161 3492 251 3547 η.
289 3494 366 3560 1).
411 3490 542 3547 Nam
572 3491 783 3546 tametsi
816 3501 1058 3560 utraeque
1101 3490 1204 3544 illa:
1240 3491 1488 3560 regiones
1516 3488 1773 3543 Chalda-a

156 3593 213 3638 ct
254 3583 540 3638 Pala'slina
578 3590 732 3637 erant
768 3583 1111 3650 corporales,
1166 3580 1257 3635 illa
1299 3589 1478 3635 tamen
1508 3594 1601 3635 sua
1633 3589 1771 3646 erat,

157 3674 278 3731 hzvc
308 3673 486 3730 aliena
518 3690 533 3725 :
569 3673 652 3729 illa
681 3685 849 3731 certa.
881 3673 994 3728 lucc
1025 3672 1228 3727 incerta
1257 3686 1269 3724 :
1301 3671 1388 3726 illa
1420 3672 1470 3727 in
1498 3673 1770 3738 manibus,

158 3768 279 3824 hate
313 3768 369 3822 in
398 3783 496 3837 spe
525 3785 538 3819 :
573 3767 688 3837 ipse
702 3776 910 3850 _antem
957 3765 1159 3821 relictis
1193 3766 1358 3820 certis
1379 3807 1394 3828 ,
1447 3765 1770 3830 manifestis,

156 3869 211 3914 et
248 3859 315 3914 iis
341 3875 459 3928 qua:
502 3858 555 3913 in
597 3875 756 3913 manu
795 3867 984 3924 erant,
1036 3856 1308 3911 festinavit
1347 3867 1403 3911 ct
1450 3858 1664 3912 transiit
1703 3857 1770 3912 ad

157 3954 388 4018 incerta,
419 3951 710 4021 incognita,
740 3960 792 4005 ct
815 3950 881 4004 ad
910 3965 972 4005 ea
1001 3950 1054 4004 in
1082 3948 1279 4020 quibus
1305 3948 1408 4004 sibi
1440 3965 1546 4003 non
1576 3948 1774 4004 licebat

155 4044 463 4107 dominari,
510 4053 567 4098 ut
609 4042 928 4114 persuadeat
965 4041 1319 4113 erudiatqne,
1350 4057 1523 4113 neque
1550 4050 1771 4098 eontra-

155 4136 449 4194 dicendum
474 4175 491 4199 ,
535 4151 709 4206 neque
737 4134 1098 4190 cunctandum
1120 4175 1136 4200 ,
1185 4134 1403 4206 quando
1437 4134 1576 4189 Dens
1601 4135 1774 4189 mani-

153 4227 294 4283 festa
342 4227 647 4297 relinquere
683 4225 871 4296 jubet,
924 4235 977 4282 et
1001 4225 1068 4280 ad
1105 4241 1168 4282 ea
1210 4242 1332 4298 qua:
1375 4241 1479 4280 non
1511 4235 1774 4296 apparent

153 4320 455 4390 respicere.
485 4318 601 4374 Non
631 4321 776 4374 enim
805 4330 912 4373 tam
933 4327 1080 4374 certa
1101 4333 1222 4389 qua:
1249 4320 1300 4372 in
1321 4319 1590 4386 manibus,
1611 4329 1773 4390 atque

151 4427 218 4467 ea
241 4428 366 4482 qna:
394 4411 446 4466 in
477 4425 574 4481 spe
601 4428 616 4474 ;
650 4426 754 4464 non
784 4409 927 4464 enim
971 4410 1049 4464 sic
1087 4409 1370 4464 manifesta
1418 4419 1500 4464 cst
1532 4425 1773 4480 prmsens

152 4503 276 4558 ba:c
308 4502 418 4557 vita
450 4513 507 4556 ut
551 4501 724 4556 futura
767 4502 878 4556 illa.
929 4501 1079 4557 llanc
1117 4503 1260 4556 enim
1299 4501 1545 4558 videmus
1573 4504 1773 4558 nostris

150 4597 332 4654 oculis
352 4638 368 4662 ,
414 4596 561 4651 illam
611 4595 856 4651 videmus
881 4596 1052 4651 oculis
1079 4593 1200 4652 lldei
1234 4613 1247 4648 :
1281 4595 1422 4651 hanc
1445 4596 1689 4653 videmus
1715 4597 1770 4651 in

150 4689 412 4744 manibus
439 4687 638 4743 nostris
665 4689 893 4758 positam
917 4729 933 4751 ,
989 4687 1136 4742 illam
1169 4687 1414 4744 videmus
1455 4685 1508 4743 in
1537 4690 1768 4759 promis-

150 4781 403 4838 sionibus
431 4781 525 4836 Dei
554 4780 902 4836 custoditum.
1672 4773 1677 4783 ’

225 4875 282 4928 4.
316 4872 584 4928 Promissa
625 4871 719 4927 Dei
763 4872 1089 4936 certissima;
1132 4889 1212 4928 res
1241 4874 1481 4929 humana:
1506 4891 1660 4945 quam
1689 4876 1768 4929 in-

151 4974 328 5018 certw.
364 4995 435 5005 —
481 4964 879 5020 Promissiones
918 4975 1099 5019 autem
1148 4965 1242 5020 Dei
1287 4967 1456 5021 multo
1503 4969 1768 5023 certiores

150 5067 283 5112 sunt
305 5099 319 5121 ,
351 5073 511 5127 quam
540 5073 660 5128 quae
688 5059 739 5112 in
769 5058 968 5113 nostris
988 5067 1112 5113 sunt
1141 5060 1406 5114 manibus.
1441 5061 1531 5114 Vis
1557 5061 1770 5116 discere.

151 5149 434 5221 quomodo
457 5149 574 5206 lta‘c
601 5151 817 5221 quidem
853 5153 960 5206 vita
991 5153 1042 5206 in
1068 5153 1274 5209 incerto
1295 5157 1394 5208 sita
1422 5165 1506 5210 est
1531 5170 1765 5226 semper,

152 5243 335 5298 futura
362 5252 542 5299 autem
574 5243 684 5309 illa,
715 5259 834 5314 qua:
859 5243 1071 5299 videtur
1098 5245 1300 5301 incerta
1325 5261 1470 5310 esse,
1501 5246 1601 5302 hac
1628 5264 1766 5317 pra--

150 5337 296 5391 senti
323 5337 524 5391 certior
549 5337 621 5391 sit
645 5346 701 5392 et
726 5336 951 5391 solidior
968 5337 993 5386 't
1056 5338 1391 5408 Inquiramus
1417 5382 1432 5400 ,
1479 5340 1523 5395 si
1571 5341 1765 5409 placet.

151 5442 276 5497 qua:
307 5438 434 5482 sunt
474 5427 564 5482 illa
591 5429 878 5499 prresentis
905 5428 1026 5482 vita:
1052 5429 1340 5498 prmclara;
1372 5430 1574 5484 divitias
1594 5472 1609 5494 ,
1646 5433 1767 5501 glo-

151 5519 231 5572 ria
253 5560 269 5577 .
301 5521 579 5587 potentia;
612 5535 861 5591 magnum
892 5519 1188 5575 existimari
1219 5521 1288 5574 ah
1330 5520 1636 5576 hominibus
1668 5542 1681 5576 :
1713 5532 1770 5578 et

152 5609 370 5666 videbis
399 5608 533 5666 nihil
565 5611 668 5666 illis
689 5627 810 5668 esse
841 5611 1118 5667 incertius.
1165 5613 1303 5679 Quid
1332 5614 1476 5668 enim
1501 5614 1768 5671 infidelius

154 5702 378 5767 divitiis,
405 5719 527 5774 quae
551 5718 696 5774 scepe
717 5718 816 5759 nec
845 5719 1015 5774 usque
1047 5703 1114 5759 ad
1145 5719 1432 5773 vesperam
1457 5704 1613 5760 nobis
1641 5723 1766 5774 per-

155 5793 418 5850 manent?
467 5793 620 5850 Sicut
647 5795 788 5849 enim
835 5796 1075 5864 ingratus
1117 5793 1390 5866 transfuga
1414 5837 1429 5858 ,
1460 5795 1532 5849 ab
1569 5796 1671 5849 hoc.
1697 5797 1764 5853 ad

157 5885 307 5940 illum
331 5927 343 5943 .
379 5894 426 5937 rt
461 5883 528 5938 ab
557 5885 649 5940 illo
677 5885 741 5940 ad
772 5886 932 5940 alium
961 5884 1190 5940 subinde
1221 5893 1522 5943 transeunt.
1559 5888 1756 5960 llnjus-

1410 411 1474 468 lN’
1503 404 1806 467 GENESIM
1845 403 2077 464 δεηΜο
2151 405 2242 464 IX.

1919 522 2064 578 modi
2107 533 2192 580 est
2217 523 2408 596 gloria.
2454 522 2845 594 Szepennmero
2881 522 2971 594 qui
3002 521 3182 576 clarus
3209 527 3326 578 erat
3354 529 3407 574 et
3438 535 3534 574 no-

1912 614 2035 670 bilis
2060 656 2075 676 .
2109 624 2332 685 repente
2357 625 2703 686 contemptus
2724 625 2777 670 et
2821 613 3079 685 ignobilis
3121 611 3378 675 habetur,
3417 618 3473 666 et
3498 626 3532 666 e

1906 706 2123 762 diverso
2166 721 2380 779 quoque
2421 722 2568 779 saepe
2604 707 2823 763 obscuri
2862 706 3042 761 subito
3074 704 3407 762 clarescunt.
3459 701 3528 758 Et

1906 801 2047 856 sicut
2075 800 2247 856 videri
2290 800 2478 871 nequit
2505 800 2557 855 in
2587 809 2706 855 rota
2730 841 2748 867 ,
2794 814 2918 871 qua:
2957 797 3216 854 continuo
3255 805 3522 860 versatur,

1905 895 2080 967 aliqua
2115 909 2240 965 pars
2269 895 2409 964 ejus,
2438 909 2507 950 eo
2531 893 2673 964 quod
2698 893 2889 950 crebra
2914 889 3351 948 circumferentia
3383 905 3528 946 sem-

1907 1003 2004 1057 per
2031 1002 2242 1044 summa
2271 989 2401 1043 liunt
2429 987 2534 1042 ima
2554 1029 2572 1053 ,
2599 996 2654 1042 et
2683 987 2789 1041 ima
2820 1001 3030 1041 summa
3064 1003 3078 1040 :
3111 985 3184 1040 ita
3221 992 3279 1040 et
3308 993 3525 1039 nostra-

1904 1098 2023 1137 rum
2050 1097 2230 1137 rerum
2262 1081 2515 1154 impetus,
2547 1080 2675 1136 dum
2705 1080 2964 1137 continuo
2983 1088 3288 1145 vertuntur,
3308 1093 3524 1134 umma

1906 1173 2032 1228 facit
2059 1173 2242 1228 intima
2271 1191 2286 1228 :
2331 1182 2393 1228 ut
2415 1171 2602 1228 videre
2632 1172 2756 1229 licet
2783 1172 2836 1227 in
2862 1170 3103 1238 divitiis,
3135 1171 3396 1243 potentiis
3419 1210 3436 1238 .
3469 1180 3523 1227 et

1903 1268 2041 1322 aliis.
2087 1266 2390 1335 Numquam
2423 1265 2570 1320 enim
2613 1264 2666 1319 in
2707 1263 2901 1320 eodem
2945 1272 3089 1319 statu
3117 1272 3339 1319 manent
3366 1304 3383 1331 ,
3425 1263 3523 1319 sed

1901 1373 2122 1428 semper
2151 1356 2432 1413 instabiles
2471 1357 2756 1411 fluminum
2802 1355 2980 1412 fluxus
3023 1354 3326 1410 imitantur.
3381 1353 3523 1423 Quid

1902 1452 2060 1522 igitur
2091 1451 2174 1505 his
2204 1450 2464 1506 incertius
2489 1491 2506 1515 ,
2545 1464 2669 1520 quae
2711 1457 2820 1503 tam
2865 1449 3062 1506 crebro
3093 1447 3517 1515 transferuntur,

1899 1554 1952 1598 et
1983 1543 2293 1614 priusquam
2337 1550 2484 1598 recte
2525 1549 2863 1611 appareant,
2915 1540 3169 1608 avolant,
3201 1541 3518 1611 priusquam

1897 1637 2208 1701 adveniant,
2242 1634 2522 1691 resiliunt?
2548 1633 2706 1691 Unde
2731 1633 2996 1706 propheta
3024 1631 3091 1689 de
3115 1631 3328 1689 deliciis
3353 1641 3408 1688 et
3435 1631 3520 1688 di-

1898 1731 2041 1785 vitiis
2067 1731 2243 1800 deque
2268 1730 2429 1786 rebus
2460 1729 2657 1784 talibus
2681 1727 2957 1784 disserens
2975 1770 2993 1793 ,
3022 1734 3080 1781 et
3101 1739 3200 1782 eos
3243 1726 3519 1781 insectans

1895 1825 1985 1894 qui
2015 1823 2119 1880 illis
2149 1824 2302 1894 quasi
2333 1821 2774 1896 permanentibus
2815 1827 3042 1886 vacant,
3078 1819 3212 1875 dicit
3238 1838 3251 1873 :
3282 1818 3517 1892 Reputa-

1895 1927 2016 1970 runt
2071 1918 2178 1970 lucc
2217 1917 2367 1986 quasi
2402 1916 2591 1971 stantia
2610 1957 2626 1980 ,
2661 1924 2709 1969 et
2749 1930 2853 1968 non
2881 1912 3031 1983 quasi
3057 1911 3309 1984 fugientia
3335 1912 3516 1984 (Amos

1894 2010 1948 2065 6.
1980 2008 2058 2082 ὅ).
2089 2010 2206 2064 Non
2226 2009 2381 2076 dixit,
2403 2008 2556 2081 quasi
2586 2007 2992 2080 prmtereuntia,
3023 2004 3144 2071 sed,
3173 2004 3318 2077 quod
3341 2007 3514 2062 multo

1895 2106 2088 2174 majus,
2122 2105 2284 2172 Quasi
2305 2105 2555 2176 fugientia
2584 2120 2603 2159 :
2630 2119 2738 2161 non
2767 2104 2914 2160 enim
2938 2101 3194 2174 paulatim
3221 2100 3508 2166 recedunt,

1893 2198 1988 2252 sed
2034 2198 2166 2252 mira
2207 2197 2508 2254 celeritate.
2555 2197 2625 2251 At
2666 2195 2972 2266 patriarcha
3020 2194 3112 2250 ille
3138 2209 3247 2251 non
3274 2195 3353 2250 sic
3375 2193 3507 2263 egit,

1891 2288 1986 2342 sed
2020 2290 2219 2344 t‘t‘liCIis
2262 2288 2516 2344 omnibus
2564 2287 2709 2352 illis,
2764 2295 2973 2342 tantum
3016 2285 3082 2341 ad
3114 2285 3510 2357 promissiones

1896 2382 1987 2436 Dei
2015 2381 2301 2452 spectavit,
2330 2381 2471 2437 viam
2501 2380 2656 2436 nobis
2678 2395 2874 2450 parans
2889 2379 2955 2434 ad
2975 2378 3279 2435 futurorum
3308 2377 3506 2434 fidem:

1891 2481 1948 2526 ut
1973 2488 2094 2527 cum
2121 2472 2427 2542 promiserit
2455 2471 2546 2527 tibi
2580 2471 2725 2527 Deus
2753 2470 2928 2526 futura
2955 2479 3010 2527 et
3035 2486 3156 2542 quas
3187 2486 3292 2526 non
3315 2470 3506 2527 viden-

1891 2574 1998 2630 tur,
2031 2580 2099 2618 ne
2133 2563 2282 2618 dicas
2306 2605 2322 2628 ,
2355 2563 2470 2619 ha‘c
2497 2579 2621 2620 esse
2653 2565 2854 2619 incerta
2901 2573 2957 2619 et
2995 2564 3247 2620 obscura.
3300 2563 3507 2620 Incerta

1888 2658 2032 2712 enim
2064 2657 2152 2711 illa
2183 2658 2416 2712 certiora
2445 2665 2572 2711 sunt
2603 2655 2668 2712 iis
2697 2672 2818 2726 qua:
2848 2656 3137 2722 videntur,
3169 2656 3334 2711 modo
3359 2671 3502 2712 ocu-

1889 2750 1970 2805 los
1997 2749 2121 2812 fidei
2151 2749 2463 2804 habeamus.
2497 2747 2754 2816 Quamvis
2780 2747 2927 2803 enim
2957 2748 3044 2802 illa
3065 2763 3171 2804 non
3201 2748 3502 2810 videamus,

1888 2843 2029 2896 licus
2061 2853 2237 2897 tamen
2278 2857 2340 2896 ea
2375 2841 2660 2911 promisit,
2702 2848 2758 2895 et
2807 2840 3080 2911 pollicitus
3117 2849 3220 2896 est.
3275 2839 3507 2909 Quando

1888 2933 2028 2989 Deus
2060 2933 2359 3003 promittit,
2394 2932 2542 2987 nulla
2573 2932 2798 2987 variatio
2829 2930 3280 3003 promissionibus
3307 2931 3502 3002 adjun-

1882 3025 2058 3094 gilur;
2090 3034 2250 3095 atque
2277 3022 2412 3077 adeo
2441 3023 2526 3078 illa
2560 3023 2796 3078 maxime
2826 3033 3069 3087 manent,
3102 3038 3223 3094 qua:
3252 3023 3305 3077 in
3339 3038 3500 3078 manu

1886 3118 1978 3172 Dei
2009 3127 2154 3171 sunt.
2188 3115 2271 3170 Ea:
2305 3132 2459 3169 manu
2487 3114 2634 3170 enim
2678 3112 2807 3178 Dei,
2851 3115 3023 3185 inquit
3051 3155 3065 3175 .
3113 3114 3289 3169 nullus
3320 3130 3505 3186 rapere

1884 3218 2046 3277 potest
2077 3205 2258 3274 (Joan.
2289 3206 2378 3262 10.
2409 3205 2526 3277 29).
2582 3205 2744 3277 Igitur
2785 3206 2909 3278 quia
2958 3205 3138 3261 nullus
3169 3222 3362 3278 rapere
3401 3221 3503 3277 po-

1885 3313 1990 3358 tcs-t
2015 3319 2081 3356 ex
2111 3317 2273 3356 manu
2305 3301 2430 3366 Dei,
2479 3309 2661 3356 certus
2692 3300 2781 3356 ille
2828 3300 3113 3357 thesaurus
3141 3317 3360 3372 semper
3387 3317 3503 3358 ma-

1882 3406 1989 3451 net.
2037 3395 2328 3451 Pratsentia
2369 3403 2547 3450 autem
2585 3394 2888 3466 omnigenis
2919 3394 3306 3453 variationibus
3331 3379 3394 3453 ct.
3417 3398 3501 3452 vi-

1879 3489 2286 3546 cissitndinibus
2299 3497 2428 3544 sunt
2443 3487 2672 3544 obnoxia
2698 3505 2714 3555 ;
2739 3488 2862 3545 ideo
2883 3504 2980 3558 pro
2990 3489 3070 3546 eis
3091 3505 3237 3562 sa'pe
3255 3490 3498 3548 laborem

1881 3581 2120 3645 ferimus,
2153 3589 2206 3636 et
2234 3579 2338 3636 fine
2364 3595 2552 3636 eorum
2582 3579 2924 3635 frustramttr.
2977 3580 3034 3636 In
3067 3581 3135 3636 iis
3164 3591 3346 3637 autem
3375 3596 3498 3654 qum

1878 3689 2178 3744 speramus,
2205 3690 2310 3729 non
2341 3673 2410 3729 ita
2437 3681 2542 3739 est,
2570 3673 2668 3729 sed
2693 3673 2737 3728 is
2757 3673 2846 3742 qui
2872 3673 3158 3737 laboravit,
3184 3675 3497 3730 necessario

1879 3785 2108 3824 coronas
2133 3778 2188 3823 et
2212 3768 2432 3838 przemia
2459 3767 2831 3837 consequitur.
2880 3767 3014 3822 Nam
3043 3768 3178 3836 Spes
3214 3785 3315 3822 non
3341 3765 3500 3838 pude-

1879 3864 2004 3934 facit
2035 3861 2212 3932 (Rom.
2243 3862 2294 3916 5.
2331 3861 2387 3930 5)
2417 3902 2432 3926 ,
2469 3860 2593 3932 quia
2627 3860 2722 3916 Dei
2773 3868 2856 3915 est
2901 3859 3191 3930 promissio
3224 3878 3238 3913 :
3271 3869 3326 3914 et
3354 3859 3499 3914 dona

1881 3956 2145 4026 promissa
2176 3965 2476 4025 sequuntur
2505 3954 2624 4023 ejus
2654 3963 2925 4018 naturam,
2959 3954 3050 4025 qui
3082 3954 3348 4024 promisit.
3386 3953 3497 4010 Rc-

1879 4049 2019 4104 lietis
2058 4047 2218 4118 igitur
2259 4048 2516 4111 incertis,
2565 4046 2914 4117 apprehende
2945 4063 3007 4102 ca
3038 4062 3162 4117 qum
3199 4047 3496 4118 conspicua

1879 4151 2002 4197 Sttttl
2034 4159 2045 4194 :
2077 4140 2364 4208 conspicua
2391 4149 2571 4194 autem
2599 4146 2727 4193 sunt
2751 4180 2765 4203 ,
2796 4153 2904 4192 non
2934 4139 3221 4209 praesentia
3245 4181 3260 4204 ,
3284 4139 3380 4193 sed
3412 4138 3495 4193 fu-

1881 4242 2019 4286 tura.
2077 4230 2196 4285 Jam
2247 4229 2392 4300 quod
2441 4230 2603 4300 aliqui
2649 4229 2716 4284 ad
2769 4231 3056 4299 pra-scntia
3104 4240 3392 4300 spectant,
3440 4241 3496 4286 et

1879 4323 2056 4378 futura
2105 4332 2404 4392 re~puuntz
2437 4338 2544 4378 non
2577 4321 2699 4376 idco
2741 4331 3039 4390 respuunt,
3087 4321 3237 4398 quod
3261 4323 3493 4378 obscura

1877 4425 1931 4470 ct
1961 4416 2161 4470 incerta
2189 4455 2202 4478 ,
2236 4413 2328 4468 sed
2357 4413 2500 4484 quod
2546 4414 2794 4468 sublimia
2839 4415 2947 4468 sint
2972 4455 2987 4477 ,
3037 4423 3092 4468 et
3135 4395 3298 4484 supra
3339 4415 3512 4470 suam‘

1879 4505 2322 4560 imbecillitatem.
2387 4503 2682 4558 Considera
2739 4503 2901 4573 igitur
2949 4512 3148 4574 quanta
3198 4506 3269 4559 sit
3319 4507 3492 4562 virtus

1872 4597 2022 4667 justi.
2078 4597 2405 4652 Promiserat
2433 4597 2480 4651 ei
2513 4596 2658 4651 Deus
2699 4597 3001 4666 corporalia
3027 4639 3040 4660 ,
3081 4605 3137 4652 et
3181 4599 3295 4668 ipsc
3326 4589 3493 4670 spiri-

1878 4693 2037 4748 tualia
2065 4691 2362 4762 quaerebat.
2406 4689 2506 4746 Uhi
2531 4732 2545 4754 ,
2574 4689 2742 4754 dices,
2777 4691 3023 4760 promisit
3043 4691 3091 4745 ci
3123 4689 3264 4746 Deus
3291 4706 3492 4761 carpo-

1875 4785 2006 4839 ralia
2030 4826 2044 4848 ,
2075 4792 2124 4837 et
2156 4785 2269 4852 ipse
2296 4782 2593 4851 spiritualia
2621 4781 2908 4853 qntesivit?
2958 4780 3218 4854 Egredere
3241 4824 3254 4845 .
3291 4784 3490 4856 inquit,

1875 4876 1939 4928 de
1965 4885 2100 4928 terra
2137 4884 2224 4927 tua
2244 4915 2260 4940 ,
2307 4884 2354 4928 et
2381 4874 2446 4928 de
2479 4874 2780 4944 cognatione
2809 4883 2896 4927 tua
2921 4916 2937 4940 ,
2978 4884 3024 4928 et
3051 4876 3114 4928 de
3143 4875 3298 4929 domo
3330 4879 3493 4946 patris

1877 4972 1946 5023 tui
1967 5012 1982 5035 ,
2025 4980 2070 5023 cl
2097 4971 2208 5022 veni
2233 4970 2286 5022 in
2320 4979 2507 5023 terrain
2533 4985 2686 5041 quam
2715 4978 3066 5023 monstravere
3093 4970 3183 5023 tibi
3211 4968 3367 5040 (Gen.
3400 4971 3490 5026 12.

1885 5063 1961 5134 1).
1996 5061 2312 5132 Corporalis
2337 5071 2455 5116 erat
2483 5069 2623 5116 terra
2667 5061 2835 5130 prior,
2867 5070 3005 5117 utet
3036 5062 3234 5128 futura,
3263 5079 3386 5133 qua:
3418 5063 3492 5118 illi

1874 5156 2050 5212 danda
2079 5165 2196 5211 erat
2266 5155 2404 5222 Quid
2447 5169 2578 5225 ergo
2611 5155 2742 5208 ille/t
2781 5155 2898 5210 lmo
2927 5169 3034 5210 non
3068 5155 3243 5220 illum,
3277 5157 3372 5211 sed
3394 5171 3492 5209 an-

1873 5250 2085 5304 diamus
2111 5249 2178 5304 de
2207 5249 2300 5303 illo
2329 5249 2596 5303 dicentem
2628 5247 2851 5301 Paulum
2875 5288 2888 5309 ,
2939 5257 2996 5301 ut
3035 5246 3312 5302 discamus
3337 5264 3490 5312 eum,

1875 5343 2000 5397 licet
2031 5341 2176 5397 hanc
2206 5351 2403 5396 terram
2439 5341 2776 5408 promisisset
2817 5339 2963 5395 Deus
2986 5383 3003 5406 ,
3054 5339 3264 5396 relictis
3291 5350 3488 5396 .tamen

1876 5433 2266 5507 prmsenIibns.
2308 5447 2430 5487 eam
2464 5447 2569 5487 non
2609 5431 2919 5500 respexisse
2939 5475 2954 5494 .
2981 5431 3074 5486 sed
3104 5432 3390 5488 festinasse
3420 5433 3489 5489 ad

1875 5527 2074 5581 futura.
2102 5523 2240 5593 Quid
2273 5523 2433 5594 igitur
2462 5523 2663 5578 Paulus
2687 5522 2859 5579 dicit?
2905 5522 3071 5578 Juxta
3105 5523 3262 5594 ﬁdem
3300 5525 3492 5579 mortui

1873 5617 2066 5671 snnthi
2092 5631 2265 5670 omnes
2295 5612 2484 5684 (Hebr.
2519 5615 2604 5670 11.
2640 5615 2729 5684 l5)
2752 5656 2769 5680 ,
2819 5614 2888 5671 de
2930 5616 3200 5670 Abraham
3240 5617 3489 5685 loquens,

1874 5709 2024 5763 Isaac
2049 5716 2102 5763 et
2125 5705 2312 5769 Jaeoh,
2345 5716 2400 5759 et
2424 5704 2584 5774 jnstis
2612 5707 2887 5763 omnibus.
2917 5704 3103 5778 Neque
3132 5708 3277 5762 enim
3307 5706 3486 5762 Abra-

1875 5799 2000 5854 ham
2049 5797 2232 5858 solus.
2274 5795 2368 5852 sed
2401 5811 2592 5852 omnes
2628 5795 2874 5866 cju~dem
2923 5808 3080 5852 erant
3126 5797 3486 5868 philomphtm

1882 5891 2190 5962 participes.
2225 5887 2559 5959 Juxtaﬁdna
2583 5891 2767 5943 mortui
2789 5902 2905 5943 san:
2938 5891 2985 5944 [εἰ
3019 5905 3213 5953 anuus,
3249 5907 3365 5943 (tt-"ﬂ
3386 5906 3490 5943 non
