4086 6490
654 424 758 477 627

655 540 960 607 accepissent
987 536 1363 604 promissiones,
1388 535 1477 590 sed
1508 536 1686 607 procul
1703 551 1790 589 eas
1814 534 2069 589 vidissent.
2100 529 2236 600 Quid

654 626 832 683 dicis?
860 642 964 681 non
988 624 1214 680 obtinuit
1243 624 1514 681 Abraham
1541 624 1967 694 promissiones?
2014 639 2117 678 non
2147 638 2242 675 ve-

655 719 733 770 nit
763 718 813 770 in
843 715 1223 770 Palmstinam?
1272 714 1427 770 Falsa
1462 702 1591 786 ergo
1629 731 1691 771 ea
1733 730 1853 785 qua:
1897 715 2037 769 dicta
2081 712 2244 768 sunt?

655 804 1018 876 Nequaquam.
1048 805 1235 876 inquit.
1264 804 1421 860 Venit
1442 804 1657 874 quidem
1681 805 1732 859 in
1759 804 2116 867 Palinstinam,
2138 818 2242 856 non

658 896 795 950 hanc
821 907 997 950 autem
1030 896 1289 969 spectavit
1312 937 1328 963 ,
1360 895 1457 950 sed
1480 895 1639 949 aliam
1671 911 1789 964 qua:
1816 896 1866 950 in
1894 895 2064 959 cit-lis,
2098 895 2241 948 desio

654 986 880 1040 deravit.
903 987 1067 1055 Cujus
1088 985 1167 1040 rei
1184 995 1238 1041 et
1259 985 1452 1041 Paulus
1476 988 1645 1053 testis,
1666 1002 1787 1043 cum
1804 986 1985 1055 adjicit
2007 1006 2019 1041 :
2041 985 2105 1039 Et
2126 1004 2249 1040 cott-

656 1076 911 1146 fessﬁttnt
927 1094 979 1131 se
998 1078 1217 1148 hospites
1232 1087 1278 1131 et
1294 1077 1582 1149 peregrinos
1592 1078 1644 1131 in
1663 1086 1797 1133 terra
1816 1076 2003 1147 (Hebr.
2021 1079 2044 1133 1
2059 1079 2079 1133 l
2096 1119 2108 1132 .
2133 1078 2242 1149 l3).

658 1166 932 1236 llosposne
954 1180 1053 1231 est,
1097 1168 1189 1238 qui
1215 1177 1415 1223 tantam
1443 1168 1650 1237 accepit
1675 1168 1900 1238 patriam
1919 1209 1934 1233 ,
1967 1177 2022 1224 et
2045 1179 2244 1223 tantam

656 1259 973 1327 regionem?
1022 1258 1147 1321 dic.
1188 1261 1432 1315 obsecro.
1485 1259 1661 1323 Sane,
1710 1260 1922 1330 inquit:
1954 1275 2058 1314 non
2102 1261 2243 1314 enim

658 1347 815 1413 hanc,
844 1349 937 1403 St‘tl
968 1350 1158 1404 cadum
1190 1351 1469 1419 spectavit.
1522 1350 1660 1404 Nam
1684 1352 1770 1421 qui
1791 1354 1899 1405 [nec
1923 1352 2133 1413 dicunt,
2168 1353 2245 1403 in-

656 1441 788 1507 quit,
821 1439 1081 1494 declarant
1105 1458 1163 1496 se
1184 1442 1344 1505 aliam
1368 1442 1621 1511 inquirere
1642 1443 2030 1510 patriam,cujus
2053 1442 2245 1509 artifex

657 1539 704 1580 et
730 1530 903 1599 opifex
922 1540 994 1584 est
1022 1528 1162 1584 Deus
1191 1531 1351 1601 (Ibid.
1386 1548 1433 1585 υ.
1468 1532 1554 1586 14.
1587 1532 1675 1601 10)
1700 1572 1716 1594 ,
1770 1530 1912 1585 illam
1937 1572 1952 1595 ,
2002 1533 2239 1601 inquam,

656 1622 955 1678 Jerusalem
985 1625 1251 1679 ca-lestem
1275 1665 1288 1689 ,
1327 1634 1381 1680 et
1419 1630 1726 1697 supernam.
1755 1624 1943 1679 Vidisti
1972 1627 2243 1696 quomodo

660 1716 964 1783 promiserit
992 1715 1066 1769 illi
1100 1716 1240 1770 Deus
1281 1716 1654 1786 corporalem,
1695 1725 1750 1770 et
1789 1716 1902 1785 ipse
1941 1718 2245 1786 qun-siverit

658 1821 946 1875 supernam
972 1807 1310 1863 Jerusalem?
1345 1809 1444 1876 Qui
1486 1810 1619 1862 enim
1660 1808 1766 1862 Ita'c
1800 1807 2006 1873 dit-unt,
2052 1809 2240 1878 inquit,

657 1896 950 1966 signiﬁcant
993 1915 1046 1953 se
1085 1900 1301 1967 patriam
1341 1901 1613 1969 inquirere.
1662 1900 1737 1953 Ac
1779 1902 1824 1954 si
1862 1902 1999 1955 illius
2040 1901 2241 1970 quidem

660 1990 1001 2043 meminissent
1021 2032 1035 2051 ,
1060 2007 1122 2044 ea:
1147 2007 1246 2060 qua
1267 2000 1383 2045 sunt
1413 1993 1617 2062 egressi,
1650 2000 1846 2061 tempus
1867 1991 1970 2045 illis
1996 1992 2242 2043 redeundi

660 2092 943 2152 suppeteret
968 2098 985 2136 :
998 2085 1111 2153 jam
1134 2100 1248 2137 vero
1281 2085 1490 2138 alterius
1520 2086 1742 2139 melioris
1777 2085 2026 2138 desiderio
2048 2085 2236 2137 ducun-

663 2186 765 2239 tttr,
788 2175 883 2228 hoc
906 2187 1016 2241 est,
1049 2177 1259 2231 ccelestis
1293 2176 1453 2247 (Ibid.
1482 2194 1528 2231 υ.
1562 2178 1648 2231 15.
1685 2176 1800 2244 16).
1838 2177 2017 2243 Itaque
2046 2192 2238 2243 Corpu-

659 2267 786 2321 ralis
812 2276 893 2321 est
919 2269 1223 2336 promissio,
1246 2269 1522 2338 spirituale
1543 2280 1716 2323 autem
1740 2269 1868 2338 justi
1890 2268 2235 2323 desiderium.

661 2360 730 2413 At
773 2373 871 2415 nos
914 2360 1071 2430 plane
1105 2360 1312 2416 diversa
1354 2360 1594 2415 laciiuus.
1643 2360 1782 2416 Deus
1812 2360 1885 2414 illi
1924 2359 2239 2430 promiserat

664 2448 999 2504 Palzestinam
1023 2491 1039 2516 ,
1071 2449 1166 2505 sed
1207 2451 1298 2506 ille
1333 2452 1607 2520 spectabat
1644 2451 1833 2506 emtum
1868 2468 1880 2504 :
1914 2450 2068 2505 nobis
2116 2466 2241 2520 pro-

663 2541 881 2594 missum
909 2550 990 2595 est
1014 2542 1202 2597 caelum
1226 2583 1241 2608 ,
1269 2551 1322 2597 et
1346 2542 1413 2596 ad
1445 2552 1640 2597 terram
1673 2543 1957 2598 tendimus.

730 2634 785 2688 5.
821 2633 1110 2687 Doctrina»:
1139 2651 1202 2688 ea:
1227 2636 1436 2690 historia
1464 2636 1680 2689 Abrahae
1706 2634 1971 2689 deductam
2000 2636 2242 2697 resumit;

661 2722 768 2787 lilii
786 2739 884 2775 non
913 2724 982 2776 rei
1010 2734 1127 2777 sunt
1151 2725 1428 2792 iniquitatis
1460 2736 1720 2792 parentum
1742 2740 1761 2788 ;
1784 2726 1904 2793 quid
1933 2726 2079 2794 o/ﬁrii
2110 2740 2241 2795 prte-

666 2825 801 2868 stare
826 2816 1039 2870 debeant
1067 2816 1163 2885 ﬁlii
1196 2834 1319 2888 erga
1348 2828 1575 2888 parentes
1603 2819 1783 2886 impios
1806 2833 1825 2880 ;
1864 2817 2073 2871 liberum
2101 2817 2237 2870 arbi-

660 2907 812 2959 trium
868 2921 888 2959 :
942 2908 1282 2977 interpretatio
1347 2909 1563 2962 nominis
1616 2908 1745 2964 Noé.
1793 2937 1863 2948 —
1914 2908 2038 2962 "me
2094 2911 2238 2962 lucra

659 3014 726 3053 ex
762 2998 1030 3053 Abraham
1060 3000 1210 3055 nobis
1239 3002 1572 3070 Contigerunt
1591 3042 1606 3066 ,
1651 3001 1771 3071 quia
1802 3016 1996 3055 nomen
2020 3002 2137 3071 ejus
2162 3002 2242 3056 di-

658 3078 885 3146 dicimus
909 3132 923 3153 ,
966 3100 1021 3146 et
1056 3107 1221 3162 quare
1249 3092 1526 3146 Transitor
1565 3093 1738 3147 dictus
1768 3094 1865 3156 sit,
1910 3102 1965 3148 et
1988 3094 2131 3162 quod
2154 3110 2241 3147 re.-

664 3182 782 3235 lleta
833 3191 973 3237 terra
1014 3168 1118 3235 sua
1171 3182 1223 3236 in
1252 3182 1476 3236 alienam
1516 3185 1781 3238 concessit
1806 3225 1819 3246 ,
1856 3184 2243 3254 pra-ternisque

659 3274 821 3329 certis
862 3275 928 3328 ad
969 3275 1167 3329 incerta
1214 3289 1274 3329 se
1324 3277 1629 3339 convertit,
1680 3276 1902 3346 abjectis
1942 3277 2005 3330 iis
2034 3293 2154 3348 quin
2190 3279 2240 3332 in

662 3365 943 3429 manibus,
992 3365 1245 3434 aspiravit
1282 3366 1347 3420 ad
1394 3381 1457 3420 ea
1484 3382 1601 3434 quze
1630 3381 1728 3437 spe
1770 3367 2135 3437 concipiebat,
2188 3379 2243 3423 et

656 3458 887 3525 acceptis
902 3457 1239 3513 sensibilibus
1264 3458 1331 3512 ad
1353 3460 1645 3529 spiritualia
1671 3458 1913 3527 tetendit,
1941 3460 2098 3527 idque
2117 3472 2241 3516 ante

655 3548 878 3613 gratiam
900 3588 918 3615 ,
945 3559 1068 3603 ante
1097 3549 1268 3619 legem
1291 3590 1305 3615 ,
1344 3561 1470 3605 ante
1510 3552 1887 3621 prolihetarum
1917 3552 2235 3607 doctrinam.

662 3637 812 3693 Unde
842 3639 1179 3695 manifestum
1211 3650 1324 3706 est,
1356 3656 1477 3696 cum
1518 3652 1846 3712 praeceptore
1875 3645 2135 3706 caruisse,
2164 3646 2238 3697 l‘l-

621 3730 761 3797 ‘que
785 3732 915 3786 satis
940 3732 1102 3787 fuisse
1129 3742 1370 3788 naturam
1400 3744 1704 3790 moventem
1741 3738 2091 3806 cogitationes
2114 3754 2243 3791 eon-

659 3823 931 3887 scientize,
972 3834 1025 3877 ut
1056 3825 1133 3878 sic
1162 3825 1425 3880 inveniret
1450 3826 1710 3896 Opilicem
1737 3827 1966 3882 universi
1994 3846 2008 3882 :
2038 3840 2090 3883 et
2120 3846 2242 3899 pro-

657 3922 781 3980 pter
818 3912 922 3968 hoc
950 3913 1228 3970 dicebatur
1251 3917 1448 3972 Abram
1468 3958 1484 3983 ,
1510 3917 1651 3987 quod
1694 3932 1887 3974 nomen
1915 3922 1964 3974 ei
1994 3934 2241 3989 paremes

654 4021 716 4057 ea
744 4005 813 4059 de
839 4020 996 4061 causa
1032 4007 1353 4063 indiderunt.
1404 4009 1507 4063 Sed
1548 4009 1685 4065 ferte
1719 4011 1896 4065 statim
1923 4012 2118 4066 dixerit
2143 4014 2238 4066 ali-

654 4097 816 4164 quis:
847 4097 1173 4153 Mendacium
1226 4098 1326 4153 hoc
1372 4110 1471 4153 est.
1529 4100 1784 4157 Parentes
1832 4103 2061 4157 Abrahre
2111 4121 2234 4159 ιιιιῐη

651 4186 780 4253 justi
806 4186 1050 4241 fuerunt?
1102 4203 1226 4242 num
1258 4190 1568 4258 placuerunt
1612 4190 1756 4245 Deo?
1799 4207 1925 4246 num
1968 4194 2238 4249 sciverunt

658 4275 870 4331 futura?
912 4293 1039 4331 num
1066 4279 1497 4347 pollicitationem
1526 4296 1555 4333 a
1588 4280 1811 4335 Domino
1836 4282 2063 4338 dandam
2099 4301 2234 4354 pne-

654 4370 940 4424 viderunt?
966 4386 1142 4425 annon
1182 4372 1328 4441 impii
1355 4381 1508 4427 erant
1536 4382 1586 4427 et
1621 4373 1959 4440 idololatm;
1991 4386 2045 4431 et
2090 4378 2231 4445 plus-

652 4460 861 4530 quamb
895 4460 1072 4515 rbari?
1094 4460 1216 4516 Scio
1236 4470 1290 4516 et
1313 4478 1431 4533 ego,
1458 4478 1521 4517 ac
1545 4475 1822 4533 propterea
1844 4465 2233 4535 laudojustum,

652 4553 792 4621 quod
843 4552 972 4629 tales
1022 4561 1271 4622 parentes
1321 4554 1559 4617 habens,
1608 4556 1728 4609 talis
1775 4558 1886 4625 ipse
1932 4557 2101 4612 tinctus
2143 4560 2236 4616 sit.

654 4643 867 4697 Etenim
910 4642 1060 4696 valde
1105 4658 1283 4697 rarum
1327 4655 1381 4699 et
1408 4644 1722 4701 admirabile
1765 4656 1882 4712 est,
1921 4662 1988 4701 ex
2021 4648 2231 4718 agresti

654 4732 832 4787 radice
875 4731 1081 4786 dulcem
1129 4732 1354 4786 fructum
1398 4735 1637 4802 produci.
1690 4737 1758 4790 At
1803 4752 1908 4791 non
1945 4740 2233 4794 accusandi

651 4832 774 4878 sunt
803 4824 871 4879 ob
901 4834 1174 4893 parentum
1222 4825 1473 4879 malitiam
1519 4825 1610 4882 ﬁlii
1653 4826 1737 4896 pie
1762 4829 1997 4883 viventes
2020 4871 2038 4895 ,
2066 4831 2158 4885 sed
2184 4834 2233 4887 si

649 4916 773 4984 quid
802 4914 1114 4970 admirabile
1157 4915 1209 4968 di
1244 4915 1440 4969 endum
1484 4928 1596 4979 est,
1649 4932 1715 4973 eo
1750 4920 1918 4988 magis
1958 4918 2224 4986 laudandi,

649 5008 790 5075 quod
814 5023 933 5061 eum
965 5008 1211 5075 pietatem
1240 5022 1268 5059 a
1296 5008 1606 5076 parentibus
1632 5024 1736 5063 non
1768 5013 2095 5079 acceperint,
2128 5029 2227 5069 nec

649 5097 930 5152 habuerint
948 5097 1034 5164 qui
1066 5114 1223 5151 manu
1250 5098 1526 5161 ducrrcnt,
1554 5101 1703 5169 quasi
1728 5101 1779 5153 in
1809 5117 1992 5156 eremo
2013 5112 2067 5157 et
2087 5104 2226 5158 invio

644 5199 851 5254 euntes,
889 5189 1027 5242 viam
1058 5206 1175 5259 qtae
1199 5191 1253 5245 iu
1274 5190 1463 5245 Citium
1498 5190 1596 5245 fert
1620 5231 1635 5253 ,
1668 5192 1906 5246 invenire
1937 5196 2222 5261 potuerint.

646 5277 760 5334 Non
808 5280 966 5349 igitur
992 5283 1193 5337 crimen
1216 5290 1333 5345 est,
1379 5280 1577 5336 habere
1613 5292 1815 5348 patrem
1859 5284 2098 5351 impium,
2130 5286 2218 5339 sed

645 5372 837 5425 imitari
885 5371 1049 5440 patris
1085 5373 1410 5440 impietatem
1439 5388 1455 5437 ;
1489 5379 1541 5426 et
1562 5373 1763 5427 crimen
1789 5384 1874 5428 est
1911 5376 2220 5442 maximum,

644 5480 748 5516 non
787 5462 927 5532 quod
977 5463 1268 5518 habeamus
1313 5463 1584 5532 improbos
1630 5474 1904 5532 parentes,
1959 5466 2051 5521 sed
2081 5469 2221 5537 quod

643 5557 852 5608 lllOl‘ttllt
885 5572 987 5608 non
1014 5572 1231 5625 agamus
1255 5573 1435 5611 curam
1460 5598 1471 5619 ,
1510 5570 1683 5625 neque
1727 5574 1823 5626 pro
1862 5560 2001 5614 virili
2038 5570 2218 5615 nostra

640 5647 825 5700 demo.
852 5662 1103 5715 cperam,
1152 5654 1207 5699 ut
1252 5646 1317 5700 ab
1362 5646 1633 5716 impietate
1668 5662 1762 5701 sua
1808 5663 1904 5703 eos
1944 5665 2216 5705 eruamus.

643 5739 819 5806 Itaque
863 5740 951 5791 nhi
998 5755 1094 5792 nos
1138 5739 1344 5794 illorum
1386 5740 1614 5803 animm,
1665 5751 1918 5807 quantum
1971 5742 2024 5797 in
2065 5743 2220 5798 nobis

642 5829 815 5887 sit.qu
830 5842 938 5899 est,
972 5833 1261 5888 subsidium
1294 5834 1567 5889 tulerimus
1590 5876 1602 5897 ,
1640 5835 1711 5889 illi
1746 5851 1872 5891 vero
1914 5838 1970 5893 in
1996 5853 2089 5893 sua
2119 5838 2212 5893 inn-

1370 416 1426 471 S.
1467 413 1758 471 JOANNIS
1794 413 2287 472 CllllYSOSTOMl
2326 413 2606 469 ARlllEl‘.
2653 407 3209 523 CONSFANTINUP.

3849 412 3948 467 69.8

2354 536 2616 601 probitate
2645 534 3055 603 perseverarint.
3075 533 3142 588 ab
3165 534 3311 587 onmi
3335 534 3563 588 crimine
3580 546 3644 587 ac
3667 530 3947 602 reprehen-

2352 625 2505 678 sione
2530 640 2717 678 sumus
2748 624 3032 679 iminnnes.
3080 624 3207 678 Ihec
3235 633 3417 679 autem
3458 622 3567 677 disi
3592 663 3606 684 .
3642 632 3703 676 ut
3741 639 3812 676 ne
3841 633 3949 676 tur-

2352 716 2492 771 beris
2512 759 2528 785 ,
2569 717 2763 772 dilecte
2783 760 2797 781 ,
2849 733 2972 771 cum
2997 716 3151 772 audis
3178 715 3450 771 Abraham
3488 715 3714 784 impium
3742 723 3948 784 patrem

2353 806 2624 863 habuisse.
2670 806 2799 861 Nam
2828 819 2881 861 ct
2906 806 3219 861 Timotheus
3244 804 3465 876 impium
3493 815 3699 875 patrem
3727 806 3951 859 sortitus

2354 897 2446 953 fuit
2474 916 2488 951 :
2521 897 2686 952 Filius
2714 897 2860 953 enim
2887 897 3090 950 luditis
3114 897 3341 950 mulieris
3367 906 3474 949 erat
3492 937 3510 962 ,
3538 894 3712 963 ﬁdelis
3746 895 3949 951 nutris.

2352 989 2510 1057 patris
2538 997 2707 1041 autem
2742 989 2946 1056 gentilis
2976 990 3111 1059 (Act.
3148 988 3233 1041 l6.
3262 987 3338 1055 l).
3391 986 3457 1040 Et
3482 985 3624 1054 quod
3654 995 3809 1054 pater
3834 985 3949 1052 ejus

2351 1079 2609 1133 manserit
2635 1078 2686 1131 in
2715 1078 2986 1147 impietate
3012 1086 3065 1132 et
3093 1094 3197 1131 non
3228 1077 3387 1130 fuerit
3410 1088 3741 1139 conversus,
3776 1074 3949 1128 mani-

2353 1168 2545 1223 festum
2589 1179 2670 1225 est
2719 1185 2783 1224 ex
2829 1170 2929 1223 hoc
2962 1187 2974 1221 :
3010 1170 3233 1223 laudans
3274 1169 3419 1223 enim
3461 1166 3735 1222 Timothei
3789 1166 3947 1221 lldem

2353 1261 2580 1325 Paulus,
2614 1260 2692 1314 sic
2717 1260 2847 1314 dicit
2879 1278 2893 1314 :
2926 1261 3055 1325 Quae
3083 1260 3324 1313 habitavit
3346 1260 3398 1312 in
3429 1260 3540 1312 aria
3566 1268 3657 1312 tua
3680 1256 3872 1322 Laide,
3906 1268 3950 1309 et

2351 1363 2510 1407 matre
2533 1363 2618 1406 tua
2643 1352 2855 1415 Ennice,
2889 1352 3091 1421 conﬁdo
3115 1360 3282 1404 autem
3310 1350 3448 1419 quod
3476 1359 3524 1403 et
3549 1349 3605 1403 in
3630 1359 3680 1401 te
3704 1346 3784 1417 (2.
3807 1345 3948 1400 Tim.

2354 1446 2403 1498 l.
2431 1443 2508 1513 5).
2553 1443 2824 1512 Nusquam
2859 1443 2945 1497 hic
2975 1442 3138 1511 patris
3164 1455 3359 1495 nomen
3383 1439 3597 1508 legitur.
3645 1438 3717 1493 Et
3742 1436 3953 1505 quare?

2349 1534 2480 1600 Quia
2510 1535 2561 1587 in
2605 1532 2876 1602 impietate
2923 1545 3305 1600 perseverans,
3356 1545 3462 1583 non
3490 1538 3607 1583 erat
3633 1529 3835 1597 dignus
3858 1528 3949 1596 qui

2349 1640 2469 1677 eum
2506 1624 2616 1677 lilio
2647 1631 3038 1677 uumeraretur.
3092 1620 3159 1675 Et
3182 1621 3454 1690 apostolos
3486 1619 3660 1673 malos
3693 1619 3954 1672 habuisse

2350 1729 2527 1786 patres
2550 1716 2839 1770 declaravit
2860 1714 3126 1773 Christus,
3153 1728 3275 1767 cum
3302 1713 3434 1766 dixit
3462 1730 3475 1765 :
3508 1710 3567 1765 Si
3599 1727 3692 1782 ego
3723 1711 3777 1764 in
3808 1708 3954 1763 Beel-

2349 1810 2493 1864 zebul
2518 1810 2665 1876 ejirio
2699 1808 2976 1871 damonia,
3021 1808 3115 1875 filii
3141 1807 3292 1859 vestri
3319 1806 3371 1857 in
3394 1821 3495 1874 quo
3525 1805 3731 1873 cjicient
3753 1804 3782 1856 .’
3820 1802 3950 1856 Pro-

2352 1915 2462 1973 pter
2489 1904 2586 1955 hoc
2612 1901 2714 1971 ipsi
2741 1910 2883 1954 erunt
2922 1899 3123 1969 judires
3149 1898 3295 1951 vestri
3327 1896 3538 1964 (Matth.
3565 1893 3653 1948 l2.
3691 1894 3818 1964 27).
3846 1893 3951 1948 Sed

2352 2005 2404 2050 te
2431 2010 2498 2049 ne
2522 1994 2699 2047 turbet
2731 1993 2853 2057 hoe,
2886 2008 3056 2060 neque
3084 1989 3337 2044 oll'endat.
3381 1988 3513 2041 Nam
3540 2001 3607 2042 es
3639 1986 3747 2040 hoc
3789 1986 3952 2040 disci-

2351 2101 2471 2140 mus
2489 2126 2504 2149 ,
2547 2102 2653 2138 non
2684 2095 2908 2148 naturw,
2946 2083 3038 2135 sed
3081 2080 3371 2136 voluntatis
3397 2092 3519 2133 esse
3540 2077 3731 2131 vitium
3760 2084 3822 2131 et
3847 2076 3953 2130 vir-

2352 2187 2536 2231 tutem.
2569 2175 2855 2229 Enimvero
2880 2172 2923 2226 si
2955 2185 3159 2226 natura:
3183 2178 3346 2233 esset,
3374 2168 3596 2223 omnino
3622 2166 3751 2221 mali
3782 2166 3953 2219 malos

2349 2278 2637 2340 parerent,
2689 2277 2746 2322 et
2771 2267 2892 2321 boni
2924 2268 3093 2319 bonos
3121 2281 3136 2322 :
3185 2263 3283 2318 sed
3311 2262 3433 2332 quia
3464 2261 3750 2315 electionis
3779 2269 3839 2312 et
3859 2272 3952 2313 vo—

2359 2360 2574 2413 lnntatis
2599 2367 2683 2412 est
2714 2357 2936 2426 probum
2968 2357 3050 2409 vel
3081 2354 3382 2424 improbqu
3406 2366 3547 2415 esse,
3577 2350 3781 2406 ideirco
3808 2364 3952 2419 Str-pe

2351 2450 2504 2505 malis
2529 2448 2766 2519 patribus
2796 2447 2919 2501 boni
2949 2445 3043 2500 lilii
3069 2488 3084 2511 ,
3128 2456 3182 2498 et
3212 2444 3415 2513 ignavis
3448 2442 3571 2496 [iliis
3588 2439 3823 2495 studiosi
3854 2455 3947 2510 ιιειο

2350 2551 2461 2597 tres
2508 2541 2756 2604 luerunt,
2799 2548 2859 2593 ut
2897 2554 3003 2592 non
3035 2546 3263 2600 natum,
3288 2534 3385 2589 sed
3426 2533 3685 2587 voluntati
3729 2546 3951 2601 semper

2352 2635 2437 2688 illa
2485 2634 2830 2702 impntemus.
2888 2631 3085 2685 Verum
3138 2644 3259 2684 cum
3302 2636 3553 2696 parentes
3582 2624 3819 2678 Abt-alno
3846 2664 3862 2683 ,
3894 2632 3950 2675 ut

2351 2727 2494 2793 dixi,
2537 2726 2733 2779 fuerint
2773 2724 2954 2793 impii,
2983 2720 3252 2792 quomodo
3280 2720 3330 2774 ei
3376 2718 3479 2773 hoc
3507 2733 3703 2771 nomen
3733 2714 3948 2769 indide-

2352 2829 2477 2871 runt
2504 2818 2526 2871 ?
2557 2815 2680 2872 Fuit
2700 2816 2801 2869 hoc
2825 2829 2958 2883 opus
2984 2812 3179 2868 divina:
3195 2810 3469 2880 sapientia:
3493 2825 3585 2879 per
3613 2796 3945 2862 incredulam

2351 2911 2581 2979 linguam
2609 2906 3001 2977 dispensantis,
3038 2913 3094 2957 ut
3126 2918 3288 2971 puero
3318 2916 3513 2957 nomen
3556 2901 3943 2968 imponeretur.

2352 3001 2554 3055 habens
2583 3004 2634 3053 in
2659 3015 2716 3053 se
2739 2997 3045 3052 hitururum
3064 2994 3361 3049 historiam.
3399 2992 3535 3047 Nam
3562 2991 3811 3045 eamdem
3842 2988 3945 3041 vir-

2353 3102 2517 3147 tutem
2544 3100 2598 3146 et
2637 3091 2690 3145 in
2728 3089 2941 3143 Balaam
2982 3086 3312 3150 declaravit,
3360 3095 3560 3153 cogens
3602 3096 3727 3135 eum
3769 3078 3945 3132 futura

2355 3187 2643 3253 praedicere
2679 3182 2867 3255 (Num.
2908 3181 3045 3248 25):
3086 3178 3365 3233 declarans
3409 3191 3469 3230 se
3518 3190 3626 3229 non
3672 3172 3852 3227 solum
3893 3170 3947 3224 in

2350 3279 2461 3333 suis
2480 3319 2500 3343 ,
2524 3276 2620 3331 sed
2642 3284 2697 3329 et
2727 3273 2784 3326 iu
2810 3271 2997 3327 alienis
3022 3268 3285 3324 dominari
3309 3280 3489 3336 posse.
3538 3264 3607 3318 Et
3649 3272 3711 3317 ut
3743 3261 3948 3325 discas,

2353 3378 2604 3439 parentes
2638 3367 2798 3421 etiam
2841 3379 2947 3418 non
2976 3361 3132 3416 valde
3161 3360 3277 3429 pios
3300 3400 3315 3423 ,
3354 3356 3549 3426 sepius
3577 3353 3795 3408 nescios
3842 3352 3951 3405 im-

2352 3475 2549 3531 ponere
2576 3456 2788 3511 nomina
2806 3453 2983 3524 justis,
3005 3466 3123 3521 qure
3142 3449 3361 3504 multam
3390 3445 3692 3501 futurorum
3718 3444 3953 3513 dispen-

2347 3554 2607 3607 sationem
2638 3548 2909 3603 declarent
2929 3584 2944 3608 ,
2990 3541 3301 3597 docebimus
3329 3538 3490 3595 etiam
3524 3537 3631 3591 alio
3665 3535 3950 3605 exemplo.

2349 3640 2580 3697 Leunecb
2619 3638 2709 3709 qui
2740 3638 2835 3690 luit
2863 3646 3013 3706 pater
3038 3632 3153 3688 Νιιό
3181 3630 3286 3702 (a),
3320 3630 3460 3685 illius
3482 3628 3597 3684 Noé
3616 3627 3775 3697 cujus
3804 3638 3953 3683 tem—

2350 3748 2477 3802 pore
2506 3731 2700 3785 factum
2729 3737 2811 3783 cst
2840 3726 3099 3781 dihninm
3123 3766 3137 3787 ,
3172 3730 3413 3777 nouerat
3437 3720 3646 3791 justus,
3683 3734 3796 3773 non
3837 3720 3956 3774 Deo

2345 3806 2561 3897 gratus,
2605 3838 2710 3878 non
2763 3822 2872 3875 Deo
2918 3819 3175 3888 probatus
3209 3836 3221 3871 :
3252 3826 3374 3871 nam
3420 3816 3464 3869 si
3501 3813 3710 3884 justus,
3752 3814 3800 3868 si
3839 3814 3955 3867 Deo

2347 3931 2526 3989 gratus
2549 3927 2602 3971 et
2630 3925 2880 3984 acceptus
2910 3915 3089 3965 luisset
3113 3952 3127 3974 ,
3177 3925 3285 3964 non
3320 3909 3575 3977 dixisset,
3612 3906 3729 3961 Noé
3766 3906 3953 3960 solum

2347 4008 2640 4080 perlectum
2676 4008 2947 4060 inventum
2985 4004 3038 4056 in
3069 4001 3415 4071 generatione
3443 4013 3537 4052 sua
3564 3996 3723 4066 (Gen.
3751 3997 3809 4051 ϐ.
3846 3996 3907 4063 9)
3936 4014 3949 4046 :

2346 4115 2518 4170 noque
2542 4095 3031 4169 prmteriissetjttsti
3048 4103 3271 4163 patrem,
3302 4093 3345 4146 si
3367 4092 3546 4160 justus
3567 4091 3775 4144 luisset.
3803 4089 3949 4156 Quid

2342 4195 2501 4266 igitur
2531 4192 2661 4248 ille?
2710 4190 2963 4260 Imposuit
2991 4203 3188 4243 nomen
3215 4201 3402 4256 puero,
3430 4184 3571 4255 quod
3605 4184 3946 4255 prmcipnam

2342 4286 2637 4341 futurarum
2666 4297 2845 4338 rerum
2877 4280 3096 4334 haberet
3127 4278 3405 4332 historiam
3426 4316 3445 4343 ,
3490 4284 3725 4343 eratque
3750 4274 3947 4343 appel-

2343 4381 2468 4435 latio
2490 4378 2616 4448 justi
2648 4374 2923 4445 prophetia
2958 4371 3112 4442 (Gen.
3146 4371 3199 4425 5.
3228 4369 3345 4437 20).
3392 4366 3748 4437 Significabat
3787 4368 3944 4421 enim

2341 4486 2540 4526 nomen
2583 4470 2701 4537 ejus
2749 4467 2987 4521 futurum
3028 4463 3305 4518 diluvium.
3354 4458 3677 4530 Quomodo?
3726 4459 3947 4514 Nomen

2339 4564 2453 4632 l‘j‘Ii
2480 4562 2738 4617 llebraica
2767 4560 2942 4630 lingua
2965 4556 3170 4612 vocavit
3195 4555 3329 4618 Noe,
3351 4552 3491 4624 quod
3522 4553 3946 4620 interpretatum

2338 4666 2439 4719 est,
2474 4655 2667 4725 quietis
2686 4661 2892 4707 auctor.
2923 4650 3019 4705 Nia
3048 4650 3190 4704 enim
3213 4649 3475 4719 Syrorum
3499 4660 3631 4700 voce
3656 4646 3817 4712 quies
3832 4656 3944 4699 ρει.

2336 4748 2485 4802 Sicut
2524 4746 2679 4815 igitur
2716 4742 2986 4798 Abraham
3038 4742 3106 4795 ab
3154 4741 3325 4804 Abar,
3366 4737 3507 4809 quod
3548 4746 3631 4791 est
3672 4747 3830 4791 trans
3854 4738 3943 4791 vel

2337 4837 2501 4902 ultra,
2527 4836 2697 4891 dictus
2716 4843 2829 4897 est,
2857 4842 2911 4887 et
2938 4832 3109 4886 Adam
3131 4831 3198 4886 ab
3224 4830 3442 4893 ﬁdem,
3474 4826 3619 4899 quod
3650 4837 3737 4883 est
3768 4839 3941 4891 terra,

2334 4944 2400 4984 eo
2421 4928 2559 4997 quod
2591 4928 2659 4981 sit
2684 4935 2929 4980 terrenus
2956 4940 2969 4975 :
3004 4924 3073 4976 ita
3120 4922 3205 4975 hic
3232 4936 3262 4974 a
3292 4919 3387 4974 Nia
3414 4928 3638 4974 vocatus
3666 4927 3753 4974 est
3792 4917 3937 4981 Noé.

2337 5020 2436 5073 hoc
2460 5026 2562 5080 est,
2585 5026 2772 5071 auctor
2789 5014 3020 5085 quietis:
3045 5012 3283 5068 declarat
3307 5021 3486 5065 autem
3511 5010 3614 5065 hoc
3638 5021 3696 5065 et
3719 5009 3941 5079 adjecta

2334 5108 2607 5179 pirticnla.
2654 5105 2875 5161 Vocavit
2901 5104 3044 5159 enim
3086 5119 3208 5157 eum
3256 5101 3405 5165 Noé,
3436 5100 3670 5154 dicens:
3712 5099 3816 5154 Hic
3844 5117 3944 5155 nos

2330 5204 2583 5273 quiescere
2623 5200 2771 5272 faciet
2811 5197 3019 5267 (lienes.
3050 5196 3103 5252 5.
3126 5196 3247 5264 29),
3276 5194 3513 5265 quietem
3534 5194 3804 5249 diluvium
3837 5210 3941 5249 vo-

2329 5309 2475 5350 cans.
2505 5293 2638 5347 Nam
2668 5293 2788 5361 quia
2816 5290 2916 5344 sub
2946 5289 3037 5343 illo
3065 5289 3297 5342 futurum
3317 5296 3434 5342 erat
3464 5285 3761 5351 diluvium,
3796 5284 3941 5340 dilu-

2330 5386 2471 5439 vium
2498 5394 2674 5439 autem
2705 5397 2850 5435 mors
2886 5380 3017 5445 fuit,
3050 5378 3188 5435 Mors
3217 5393 3343 5432 Vero
3372 5377 3511 5447 quies
3537 5377 3647 5430 viro
3677 5387 3757 5432 est
3788 5377 3939 5448 (Job.

2330 5478 2382 5531 ὅ.
2411 5476 2507 5545 9.5)
2536 5493 2549 5529 :
2575 5474 2774 5530 idcirco
2801 5474 3102 5537 hominem,
3156 5470 3259 5526 sub
3284 5485 3392 5541 quo
3429 5468 3694 5525 diluvium
3712 5468 3943 5525 laetum

2329 5579 2431 5632 est,
2460 5567 2655 5638 quietis
2677 5575 2949 5622 auctorem
2982 5564 3209 5619 vocavit.

2393 5725 2467 5786 (α)
2499 5725 2581 5772 His
2602 5721 2774 5786 similia
2802 5722 2958 5772 habes
2976 5732 3121 5786 supra
3156 5720 3211 5786 in
3228 5715 3443 5786 llomiliis
3478 5731 3540 5786 in
3844 5718 3945 5769 ubi

2326 5778 2622 5847 de'tiomiue
2645 5784 2745 5834 Noe
2765 5796 2900 5847 pene
2930 5778 3121 5832 eadem.
3162 5778 3279 5847 vide
3318 5786 3479 5829 notam
3514 5781 3597 5830 ibi.
3639 5783 3726 5831 Hic
3759 5791 3944 5834 autem

2329 5848 2508 5913 adjecit
2529 5846 2609 5896 hia
2630 5843 2848 5907 Syrorum
2872 5844 3033 5906 lingua
3059 5855 3172 5893 osse
3192 5843 3415 5898 quietem.
