4086 6428
607 355 706 418 “!
1297 357 1351 410 S.
1388 354 1675 411 JOANNIS
1713 351 2202 410 CHRYSOSTOMI
2263 347 2579 404 ARCIIIEP.
2619 342 3164 401 (IONS'I‘ANTINOI‘.
3767 335 3871 392 G33

2512 462 3834 501 ﬂ

1671 483 1949 493 ———-—

619 488 676 496 ”
693 489 699 492 ”
715 485 2174 517 Μ--Ἳ
1987 485 2207 505 -ῖ

623 509 653 516 ..

1551 595 1654 655 AD
1694 594 2096 655 SERMONES
2138 590 2478 665 QUINQUE
2521 590 2599 649 IN
2648 587 2910 648 ANNAM

669 720 788 786 Quo
819 729 1062 789 tempore
1085 721 1516 793 Cbrysostomus
1545 723 1641 776 bos
1690 720 1986 775 Sermones
2019 720 2287 780 habuerit,
2338 727 2392 771 et
2429 719 2479 770 in
2522 732 2628 784 qua
2683 713 3011 769 concinnum
3064 710 3206 764 serie
3256 710 3291 763 ii
3329 705 3542 762 loeandi
3589 704 3721 766 sint,
3755 703 3873 772 ipse

594 810 797 864 indicat
823 811 982 880 paulo
1010 819 1136 880 post
1157 813 1395 866 initium.
1440 811 1542 868 Vos
1568 812 1728 866 enim.
1761 811 1958 878 inquit,
1985 810 2215 878 fortasse
2244 799 2380 861 nanb
2409 809 2534 860 estis
2565 806 2719 859 obliti
2748 804 2955 873 (Grates
3006 804 3206 873 quippe
3250 817 3357 855 non
3403 799 3688 855 referenda
3719 798 3872 852 duci-

594 902 762 971 mus).
793 919 886 956 nos
917 904 1108 957 mullos
1137 905 1350 963 interim
1379 919 1642 958 sermones
1684 903 1749 956 de
1787 901 1912 956 aliis
1963 901 2113 954 rebus
2157 900 2424 952 habuisse.
2470 897 2611 952 Nam
2659 914 2858 951 reverso
2905 915 2936 949 a
2968 896 3259 966 longinqua
3304 892 3399 948 illa
3451 893 3876 962 peregrinatione

555 1040 558 1044 .
591 991 756 1045 Patre
786 1003 985 1057 nostra,
1018 996 1368 1048 necessarium
1398 995 1501 1064 fuit
1531 995 1710 1048 omnia
1743 1009 2174 1054 commemorare,
2208 1008 2323 1061 quia
2352 992 2404 1044 in
2435 991 2692 1044 comitatu
2740 989 3064 1046 acciderant.
3098 1004 3161 1040 ac
3210 987 3396 1040 deinde
3427 1002 3544 1038 cum
3587 984 3872 1054 gentilibus

591 1082 886 1151 disputare,
917 1093 976 1136 ut
1004 1086 1096 1138 Itos
1129 1087 1176 1138 vi
1206 1086 1532 1140 calamitatis
1561 1086 1630 1140 ad
1661 1086 1932 1139 meliorem
1983 1084 2188 1153 frngem
2237 1091 2529 1145 revocatos,
2579 1084 2669 1150 qui
2713 1083 2921 1135 deserto
2968 1080 3245 1149 gentilium
3284 1092 3463 1131 errore
3500 1092 3613 1129 sese
3659 1074 3731 1127 ad
3781 1089 3876 1126 nos

591 1175 943 1236 contulerant,
975 1193 1073 1244 pro
1102 1178 1244 1234 virili
1275 1179 1733 1246 conﬁrmarentur,
1782 1194 1843 1230 ac
1888 1178 2216 1238 doceremus,
2263 1175 2476 1243 quantis
2522 1172 2751 1228 tenebris
2795 1171 3009 1225 liberati
3053 1171 3123 1223 ad
3168 1178 3375 1222 tantam
3417 1167 3588 1222 lucem
3635 1163 3876 1220 veritatis

590 1269 967 1324 occurrissent.
1008 1270 1134 1325 Post
1167 1272 1261 1326 illa
1292 1290 1475 1326 rursus
1507 1273 1691 1329 multis
1720 1273 1903 1324 diebus
1934 1280 2230 1338 martyrum
2260 1269 2642 1337 festivitatibus
2678 1267 2840 1336 potiti
2877 1283 3085 1330 sumus,
3119 1280 3283 1335 neque
3309 1264 3534 1329 tempori
3563 1261 3877 1313 conveniens

589 1358 798 1425 fuisset,
829 1378 922 1415 nos
959 1365 1050 1432 qui
1077 1365 1238 1432 juxta
1272 1375 1568 1436 martyrum
1594 1365 1836 1434 sepulcra
1878 1379 2233 1425 versaremur,
2267 1379 2450 1415 earunt
2499 1362 2745 1425 laudum,
2791 1375 2910 1430 qua
2959 1358 3284 1429 martyribus
3323 1356 3602 1416 debeatur,
3639 1363 3878 1406 exsortes

590 1454 882 1510 discedere.
917 1456 1182 1513 Successit
1209 1461 1290 1512 Itis
1334 1476 1519 1512 rursus
1549 1461 1851 1513 cohortatio
1901 1461 1971 1512 ad
2028 1459 2401 1511 abstinendum
2453 1475 2487 1512 a
2531 1457 2854 1526 jurameutis
2887 1471 2906 1510 :
2965 1471 3086 1508 cum
3137 1454 3277 1507 enim
3324 1461 3490 1505 totam
3552 1448 3879 1502 rusticorum

591 1551 860 1602 tuitionem
902 1551 955 1603 in
997 1553 1177 1606 urbem
1213 1553 1503 1621 ingressam
1544 1571 1896 1614 cerneremus.
1939 1555 2034 1607 boc
2077 1554 2202 1608 illos
2241 1555 2532 1607 instructos
2573 1569 2604 1605 a
2646 1551 2794 1606 nobis
2835 1551 3028 1605 viatico
3070 1551 3371 1602 censuimus
3411 1546 3788 1599 dimittendos.

662 1642 816 1708 Quod
846 1641 922 1696 ait
953 1645 1128 1711 primo
1157 1642 1586 1715 Cbrysostomus
1620 1654 1741 1714 post
1773 1645 2004 1698 reditum
2047 1644 2289 1699 Flaviani
2342 1645 2582 1715 episcopi
2615 1659 2675 1700 se
2717 1644 2901 1697 omnia
2933 1657 3052 1711 qua!
3085 1641 3186 1709 ipsi
3221 1638 3538 1693 acciderant
3587 1636 3640 1689 in
3691 1633 3878 1688 comi-

595 1745 730 1799 tattt,
766 1736 816 1789 ld
847 1746 930 1791 est
961 1737 1014 1790 ln
1047 1739 1170 1792 aula
1203 1737 1574 1809 Imperatoria,
1607 1754 2099 1803 commemorasse;
2127 1737 2280 1800 illud,
2306 1739 2557 1810 inquam,
2583 1737 2810 1808 recpit-it
2834 1735 3126 1790 llomiliatn
3158 1733 3222 1786 21
3258 1732 3325 1786 de
3356 1731 3573 1793 statuis,
3605 1727 3783 1781 τοωο
3806 1722 3880 1788 ll,

589 1842 713 1890 quae
759 1827 943 1882 habita
998 1829 1098 1885 fuit
1144 1839 1267 1900 post
1314 1833 1548 1886 reditum
1599 1830 1867 1895 Flaviani,
1901 1833 1994 1902 qui
2051 1831 2257 1886 reditus
2305 1833 2534 1902 contigit
2574 1832 2630 1885 in
2675 1830 2781 1884 ﬁne
2823 1826 3270 1897 Quadragesimat
3301 1824 3429 1878 anni
3461 1821 3586 1875 387.
3644 1820 3882 1886 Haecque

589 1919 782 1973 concio
812 1919 992 1974 habita
1021 1930 1106 1975 est
1136 1922 1256 1991 ipso
1283 1923 1368 1977 die
1398 1921 1840 1980 Resurreetionis
1876 1925 2090 1980 Domi-ni
2128 1942 2142 1977 :
2188 1924 2317 1979 illud
2349 1925 2495 1978 enim
2548 1923 2706 1978 initio
2750 1921 3185 1991 Cltrlsostomus
3232 1917 3502 1986 signiﬁcat
3535 1929 3662 1968 cum
3697 1911 3829 1965 dicit
3861 1928 3879 1965 :

592 2008 909 2064 Benedictus
941 2011 1077 2064 Deus
1107 2015 1198 2082 qui
1222 2001 1374 2067 ’ἡαπ
1405 2031 1498 2068 nos
1529 2017 1797 2070 vobiscum
1828 2034 2038 2072 sacrant
2069 2017 2460 2072 solemnitatem
2500 2033 2616 2071 cum
2649 2015 2846 2086 gaudio
2888 2023 2936 2067 et
2987 2011 3178 2067 lrelitia
3225 2008 3394 2064 multa
3434 2008 3587 2061 Itodic
3612 2005 3885 2059 Celebrate

589 2105 842 2174 dignatus
869 2119 966 2162 est.
1004 2106 1315 2163 Secundum
1350 2113 1492 2165 hanc
1521 2111 1802 2166 bontiliam
1855 2113 1924 2167 ad
1972 2113 2200 2184 gentiles
2248 2114 2608 2168 concionatus
2636 2121 2743 2174 est,
2799 2120 2860 2166 ut
2887 2123 3080 2164 eorum
3125 2108 3396 2178 quosdatn
3449 2106 3499 2159 vi
3543 2102 3884 2160 calamitatis

591 2200 886 2262 abductos,
939 2207 994 2253 et
1041 2200 1354 2268 religionem
1405 2200 1774 2258 Christianam
1826 2205 2107 2270 amplexos
2155 2207 2555 2259 conﬁrmaret:
2606 2203 2771 2273 hujus
2820 2215 2948 2256 vero
2991 2199 3277 2256 eoneionis
3336 2205 3432 2251 aut
3479 2198 3761 2266 plut-inm,
3818 2194 3877 2248 si

590 2291 775 2356 plures
809 2291 876 2345 de
907 2307 965 2344 re
994 2291 1181 2346 eadem
1216 2293 1497 2358 habuerit,
1530 2305 1911 2366 argumentum
1961 2297 2050 2352 ille
2097 2306 2154 2350 et
2183 2297 2455 2366 praecipua
2486 2297 2663 2367 capita
2705 2299 2895 2366 postea
2951 2294 3117 2350 refert
3151 2307 3164 2345 :
3217 2292 3388 2361 liquet
3426 2299 3606 2345 autem
3649 2303 3746 2343 eas
3794 2285 3886 2341 vel

589 2381 790 2453 injuria
823 2395 1131 2455 temporum
1163 2389 1416 2456 periisse,
1449 2391 1530 2444 vel
1563 2390 1828 2447 hactenus
1858 2392 2054 2446 latere.
2087 2391 2210 2447 Dies
2241 2403 2534 2463 sequentes
2556 2434 2571 2458 ,
2603 2392 2732 2463 quia
2787 2389 2925 2445 testa
2959 2397 3262 2459 martyrum
3295 2383 3697 2446 occurrebant,
3729 2381 3879 2436 cele-

589 2474 814 2532 brandis
840 2494 1030 2534 eorum
1064 2481 1316 2538 laudibus
1348 2485 1644 2554 insumpta:
1675 2497 1822 2551 sunt,
1857 2487 2084 2540 absente
2113 2496 2294 2542 tamen
2338 2487 2409 2542 ob
2441 2488 2812 2542 inﬁrmitatem
2846 2486 3261 2557 Chrysostotno.
3295 2481 3392 2536 llis
3438 2479 3734 2540 successit,
3789 2478 3883 2530 in-

588 2570 726 2640 quit,
759 2572 1075 2630 ct-hortatio
1105 2578 1170 2630 ad
1203 2577 1588 2632 absﬁnendum
1621 2595 1649 2633 a
1677 2579 2024 2649 iuramentis,
2057 2582 2110 2636 in
2154 2568 2384 2651 gratiam
2437 2577 2768 2639 rusticorum
2821 2583 2984 2650 facta,
3037 2583 3127 2652 qui
3175 2597 3375 2652 magno
3423 2591 3656 2631 numero
3697 2575 3751 2627 in
3787 2593 3886 2630 ur-

589 2661 712 2717 bem
745 2665 1096 2723 advenerant.
1132 2667 1280 2724 llanc
1311 2684 1439 2724 vero
1483 2670 1916 2726 cobortationem
1962 2687 2084 2727 esse
2111 2688 2231 2729 eam
2281 2689 2404 2743 quae
2453 2674 2667 2728 decima
2697 2688 2842 2728 nona
2891 2671 3065 2726 fertur
3110 2673 3163 2727 in
3217 2671 3466 2726 llomiliis
3509 2669 3575 2724 ad
3617 2667 3883 2738 populum

593 2758 1019 2828 Antiochenum,
1051 2763 1208 2819 Tom.
1264 2763 1304 2820 ll
1329 2805 1345 2830 ,
1381 2767 1469 2819 vix
1517 2775 1601 2820 est
1643 2767 1784 2836 quod
1817 2768 2149 2823 dubitemus.
2183 2767 2186 2818 1

2293 2769 2360 2823 lla
2409 2770 2555 2824 enim
2611 2769 2691 2824 sic
2735 2769 2994 2823 orditur:
3042 2768 3507 2838 Κατετρυφήσατε
3561 2764 3674 2818 τῶν
3709 2763 3888 2831 ἁγίων

593 2855 886 2925 μαρτύρων
935 2859 994 2909 ἐν
1041 2861 1164 2921 ταῖς
1206 2858 1519 2931 ἔμπροσθεν
1565 2859 1792 2924 ταύταις
1839 2858 2118 2930 ἡμέραις,
2161 2860 2186 2914 l

2291 2862 2350 2916 lis
2404 2873 2710 2918 sanctorum
2758 2871 3056 2932 martyrum
3113 2860 3315 2929 excepti
3356 2859 3482 2911 estis
3515 2855 3600 2910 Itis
3631 2853 3884 2924 praeteri-

591 2949 660 3001 tis
690 2948 895 3012 diebus,
927 2961 1248 3022 posteaque,
1281 2951 1348 3006 de
1377 2954 1608 3007 adventu
1643 2954 1976 3008 rusticorum
2011 2954 2258 3023 pluribus
2286 2956 2420 3026 agit,
2452 2965 2507 3009 et
2536 2955 2603 3009 de
2626 2955 2941 3024 juramento
2991 2953 3211 3007 vitando
3243 2965 3555 3007 sermonem
3589 2948 3727 3002 texit
3759 2947 3884 3000 lon-

590 3041 822 3113 gioretn,
851 3058 1017 3112 quam
1049 3044 1102 3097 in
1134 3044 1345 3097 czeteris
1367 3043 1442 3097 20
1463 3043 1713 3101 llomiliis
1743 3047 1808 3100 ad
1841 3049 2103 3116 p0pulum
2135 3050 2559 3114 Antiochenam,
2593 3049 2644 3102 in
2677 3062 2911 3117 quarum
2966 3062 3102 3116 pene
3153 3045 3382 3114 singulis
3427 3042 3635 3112 aliquid
3688 3052 3884 3096 contra

591 3135 898 3205 iuramenta
923 3136 1179 3212 agitatur.
1211 3137 1415 3193 Omnes
1445 3139 1628 3209 itaque
1658 3150 1820 3204 noue.
1851 3157 1974 3212 qua:
2007 3142 2061 3196 in
2094 3142 2198 3198 hoc
2227 3143 2294 3198 de
2323 3145 2478 3197 Aona
2512 3141 2779 3197 Sermone
2809 3141 2988 3211 primo
3019 3140 3312 3204 habentur,
3339 3140 3392 3192 in
3427 3137 3662 3192 llontilia
3690 3133 3786 3189 illa
3818 3134 3886 3190 19

592 3229 660 3280 ad
693 3228 948 3298 populum
973 3207 1384 3283 Kntiocbenum
1417 3207 1792 3295 recensentur,
1826 3207 1899 3286 ita
1936 3241 1994 3286 ut
2023 3232 2113 3286 hic
2140 3233 2467 3287 concionum
2499 3231 2635 3285 ordo
2681 3207 2880 3296 fuerit;
2912 3237 2968 3283 et
3007 3227 3182 3299 prima
3234 3227 3465 3282 locanda
3517 3227 3588 3280 sit
3638 3223 3886 3278 llotnilia

593 3320 661 3375 de
693 3322 865 3375 reditu
911 3320 1175 3384 Flaviani,
1204 3337 1327 3393 quae
1356 3337 1499 3378 nunc
1527 3335 1610 3378 est
1657 3323 1720 3377 2t
1775 3326 1840 3378 ad
1893 3326 2150 3394 populum
2194 3326 2641 3390 Antiochenam;
2691 3321 2935 3378 secundo
2983 3321 3247 3376 adversus
3295 3319 3525 3390 gentiles
3554 3319 3888 3373 concionem

595 3430 759 3470 unam
791 3416 871 3469 vel
906 3416 1090 3486 plures
1120 3416 1343 3484 habuit;
1379 3417 1540 3473 tertio
1569 3417 1760 3473 laudes
1791 3429 2094 3490 martyrum
2129 3421 2319 3476 multis
2363 3421 2577 3485 diebus,
2623 3418 2828 3483 πολλὰς
2879 3417 3116 3489 ἡμέρας,
3147 3416 3438 3472 celebratae
3486 3421 3649 3477 sunt;
3684 3424 3891 3484 quarto

593 3523 784 3565 coram
816 3509 1040 3564 rusticis
1081 3517 1274 3565 contra
1316 3511 1624 3579 juramenta
1674 3511 1889 3566 locutus
1921 3521 2034 3578 est;
2066 3513 2285 3568 demum
2320 3512 2420 3568 hos
2445 3514 2513 3567 de
2541 3512 2698 3566 Anna
2733 3511 3030 3567 Sermones
3081 3508 3266 3577 coepit.
3315 3509 3523 3575 Agtnen
3555 3521 3690 3576 ergo
3733 3507 3891 3562 ducit

597 3605 834 3660 llomilia
861 3604 928 3660 de
956 3604 1131 3662 reditu
1164 3604 1427 3661 Flaviani.
1461 3605 1740 3662 Postrema
1774 3618 1957 3674 autem
1992 3607 2240 3676 humilia,
2271 3609 2324 3663 in
2357 3608 2638 3662 Dotninica
2679 3607 2781 3677 τῆς
2825 3603 3274 3676 ἑπισωζομὲνης,
3323 3619 3487 3674 quam
3537 3603 3888 3658 Dominicam

595 3714 720 3755 esse
748 3699 997 3770 quintam
1024 3709 1148 3770 post
1174 3699 1384 3755 Pascha
1414 3717 1538 3771 qua:
1567 3704 1824 3772 prazcedit
1852 3703 2246 3759 Ascensionem
2281 3704 2520 3766 Domini.
2550 3704 2628 3758 ait
2659 3703 2766 3757 Leo
2802 3701 3057 3757 Allatius.
3091 3702 3330 3756 Savilius
3358 3716 3480 3754 esse
3511 3709 3665 3766 putat
3696 3697 3892 3752 Domi-

600 3793 779 3847 nicam
812 3793 866 3847 in
897 3792 1092 3858 Albis;
1125 3791 1507 3849 Tillentontins
1540 3811 1668 3850 vero
1692 3797 1947 3866 opinatur
1976 3812 2098 3852 esse
2128 3800 2468 3853 Ilontlnicam
2511 3797 2833 3860 Passionis;
2873 3798 3004 3853 huic
3061 3805 3345 3867 postremo
3393 3811 3492 3866 ego
3545 3795 3887 3864 a~tipulatus

600 3899 722 3938 sum
755 3882 809 3936 in
843 3880 1170 3938 Prtel'atione
1193 3883 1351 3939 Tomi
1386 3883 1449 3939 ll.
1485 3883 1589 3939 Sed
1619 3885 1732 3954 jam
1767 3901 1958 3940 vereor
1987 3895 2046 3941 ut
2090 3884 2205 3941 haec
2250 3890 2521 3956 quadrare
2570 3887 2805 3956 possint,
2837 3885 3207 3956 libentiusqne
3251 3886 3566 3939 accederem
3616 3887 3682 3938 ad
3732 3883 3892 3938 Alla-

598 3976 759 4039 tium,
789 3974 1230 4045 quandoquidem
1257 3975 1446 4047 quinta
1479 3979 1690 4040 concio,
1722 3993 1846 4048 quae
1872 3987 1957 4033 est
1988 3987 2260 4048 postrema
2291 3981 2344 4033 in
2365 3980 2605 4044 Annam,
2637 3980 2818 4033 habita
2850 3977 2952 4032 luit
2977 3991 3098 4048 post
3143 3977 3502 4032 Pentecosten
3531 3995 3546 4041 ;
3596 3993 3722 4031 nam
3775 3995 3881 4033 vox

603 4069 1105 4142 μεσοπεντηκσστή,
1136 4083 1258 4138 qua:
1292 4067 1374 4123 bis
1406 4069 1624 4139 irrepsit
1657 4069 1710 4122 in
1743 4078 1974 4136 textum,
2005 4079 2090 4125 est
2117 4070 2472 4126 librariorum
2524 4087 2701 4137 error,
2753 4082 2812 4126 ut
2859 4073 3057 4127 ibidem
3111 4073 3406 4143 probamus
3451 4086 3518 4124 ex
3569 4068 3880 4124 Manuscri-

599 4160 731 4227 ptis.
762 4155 1033 4216 Omnibus
1063 4162 1245 4230 itaque
1275 4162 1579 4229 perpensis,
1615 4163 1690 4215 ita
1725 4177 1809 4216 res
1835 4163 2219 4221 constituenda
2246 4180 2472 4235 prorsus
2502 4166 2718 4222 videtur
2743 4206 2759 4230 ,
2805 4176 2972 4238 atque
3010 4166 3114 4222 hoc
3166 4165 3332 4221 modo
3371 4167 3620 4222 calculus
3665 4181 3881 4235 ponen-

2215 493 2491 505 —.——_——

610 4387 3886 4412 W

2293 4489 2536 4547 lectionis
2565 4489 2727 4552 illius,
2760 4499 2943 4541 mensa
2987 4483 3186 4553 posita,
3215 4482 3396 4537 statim
3443 4481 3562 4552 ejus
3599 4496 3664 4538 ac
3693 4482 3896 4538 verbo-

2291 4597 2409 4635 rum
2439 4594 2761 4650 congressus
2787 4576 3153 4641 recordamur,
3184 4589 3247 4629 ac
3289 4573 3454 4628 multa
3495 4589 3618 4630 cum
3663 4575 3898 4631 caritate

2291 4674 2463 4741 ipsum
2515 4672 2881 4740 requirimus:
2916 4669 3016 4722 hoc
3071 4667 3228 4721 nobis
3279 4681 3406 4736 erga
3441 4665 3708 4736 jejunium
3758 4683 3899 4737 quo-

2288 4778 2395 4832 que
2456 4761 2816 4833 praestandum
2885 4768 2988 4812 est.
3038 4757 3170 4812 Nam
3224 4772 3345 4811 cum
3411 4756 3552 4827 apud
3613 4773 3712 4812 nos
3778 4759 3901 4814 dies

2290 4852 2636 4923 quadraginta
2668 4852 2828 4905 fuerit
2865 4848 3190 4904 diversatum
3217 4889 3232 4913 ,
3260 4847 3487 4902 coutitcr
3517 4847 3647 4902 illud
3668 4851 3899 4919 excepi-

2291 4959 2413 4998 mus
2450 4957 2513 4997 ac
2541 4943 2842 4998 dimisimus
2870 4959 2884 4995 :
2914 4940 3130 5012 quando
3171 4941 3328 5011 igitur
3355 4955 3542 4995 mensa
3579 4941 3691 5010 jam
3739 4944 3899 4998 nobis

2289 5036 2584 5106 spiritualis
2612 5035 2931 5106 apponenda
2961 5045 3064 5096 est,
3089 5035 3497 5089 reminiscamur
3523 5035 3686 5099 illius,
3720 5035 3899 5091 bono-

2289 5143 2512 5198 rumque
2534 5129 2772 5182 omnium
2794 5168 2811 5194 ,
2838 5143 2960 5198 qum
2985 5125 3140 5180 nobis
3179 5125 3397 5180 invexit.
3421 5125 3537 5180 Non
3567 5126 3716 5181 enim
3759 5143 3898 5195 pra:-

2288 5220 2462 5275 sentia
2518 5227 2723 5273 tantum
2764 5215 2990 5288 jejunii,
3040 5215 3135 5271 sed
3179 5217 3342 5271 etiam
3391 5217 3651 5272 memoria
3703 5216 3896 5286 jojunii

1191 4491 1274 4548 SE
1283 4492 1423 4549 [{MO
1461 4496 1479 4550 I
1523 4495 1618 4566 (α).

601 4620 750 4684 Quod
769 4630 993 4689 oporteat
1014 4633 1058 4674 et
1085 4625 1138 4676 in
1173 4622 1463 4680 Pentecoste
1489 4639 1534 4681 et
1564 4645 1754 4698 semper
1777 4631 1969 4699 jejunii
2007 4632 2183 4683 utemi-

669 4711 828 4775 nisse,
857 4722 904 4764 et
928 4714 1064 4784 quod
1085 4731 1184 4768 non
1211 4718 1476 4785 presentia
1500 4721 1661 4772 solum
1683 4762 1696 4782 ,
1720 4721 1809 4773 sed
1837 4722 1988 4774 etiam
2013 4737 2181 4775 recor-

667 4803 806 4856 datio
822 4806 1008 4873 jejum'i
1035 4808 1100 4859 sit
1126 4809 1265 4862 utilis
1285 4825 1304 4862 :
1325 4821 1370 4863 et
1398 4812 1461 4864 de
1485 4810 1580 4865 Dei
1602 4812 1932 4881 providentia,
1952 4815 2185 4884 quodque

669 4911 769 4949 non
795 4897 1000 4949 minima
1022 4915 1142 4968 pars
1169 4900 1326 4968 ipsius
1351 4901 1413 4955 sit
1441 4912 1620 4969 preter
1644 4900 1748 4955 alia
1775 4912 2040 4972 parentum
2063 4919 2185 4973 erga

670 4985 850 5040 liberos
891 5003 1034 5040 amor
1061 4989 1328 5059 :quodque
1367 5008 1466 5044 non
1510 4993 1735 5058 patribus
1763 4992 1962 5059 solum,
2011 4991 2102 5047 sed
2139 5003 2184 5047 et

668 5078 913 5131 matribus
937 5089 1238 5149 prcceptum
1267 5083 1361 5143 sit,
1390 5093 1442 5134 ut
1474 5082 1745 5137 liberorum
1786 5101 1953 5139 mores
1979 5100 2183 5155 campo.

671 5179 830 5236 nant,
852 5181 899 5223 et
928 5170 996 5223 ad
1026 5181 1304 5226 extremum
1325 5174 1389 5227 de
1411 5174 1576 5228 Anna.

675 5308 725 5360 l.
762 5306 960 5378 Jejunii
1003 5308 1243 5362 memoria
1277 5308 1449 5374 utilis,
1473 5308 1662 5381 jejunii
1701 5307 1830 5364 bona
1872 5321 2082 5376 quanta.
2113 5339 2185 5350 —

600 5399 700 5457 Ubi
731 5403 1067 5472 peregrina)
1117 5404 1348 5474 aliquem
1395 5402 1536 5473 apud
1583 5417 1683 5457 nos
1721 5402 2082 5467 diversatum,
2115 5403 2182 5456 ad

598 5494 802 5563 aliquot
844 5495 959 5550 dies
999 5497 1226 5550 comiter
1251 5505 1553 5565 exceptum,
1584 5504 1638 5548 et
1674 5493 1920 5565 colloquii
1951 5509 2183 5550 mensas-

605 5599 706 5651 qnc
738 5587 1048 5654 participem
1092 5583 1287 5640 factum
1331 5585 1696 5641 dimiserimus
1728 5602 1740 5639 :
1771 5586 2026 5656 postridie
2054 5601 2180 5657 pro—

603 5717 739 5828 19ἑξ)
770 5716 932 5770 collati
951 5733 1060 5769 cum
1072 5708 1408 5770 Cod.colbcrt.
1438 5731 1566 5769 num.
1590 5719 1650 5768 40
1695 5725 1746 5768 et
1767 5719 1880 5770 97L
1903 5733 2015 5770 cum
2038 5721 2184 5784 ncgio

2292 5311 2520 5364 maxime
2549 5310 2694 5364 utilis
2716 5323 2839 5364 esse
2866 5316 3062 5378 potest.
3088 5307 3152 5362 Et
3180 5307 3318 5361 sicut
3347 5308 3422 5361 illi
3453 5323 3588 5376 quos
3616 5323 3888 5372 amamus,

2293 5419 2397 5458 non
2426 5404 2601 5457 solum
2627 5417 2750 5456 cum
2777 5401 3008 5467 adsunt,
3035 5416 3218 5454 verum
3269 5400 3429 5453 etiam
3472 5414 3593 5453 cum
3645 5400 3801 5453 nobis
3845 5403 3897 5455 in

2292 5505 2525 5549 mentem
2553 5492 2795 5558 veniunt,
2821 5492 2983 5547 multa
3012 5507 3110 5546 nos
3137 5491 3406 5559 voluptate
3434 5490 3764 5560 perfundunt
3788 5510 3799 5543 :
3824 5494 3896 5546 ita

2293 5602 2502 5657 quoque
2529 5586 2646 5640 dies
2669 5585 2880 5655 jejunii,
2909 5585 3171 5648 collectae,
3198 5597 3619 5652 communesque
3650 5599 3894 5638 conven-

2295 5688 2382 5733 tus
2406 5688 2459 5732 et
2488 5679 2589 5731 alia
2619 5676 2813 5745 quibus
2837 5677 2954 5743 ejus
2985 5675 3247 5730 beneﬁcio
3276 5674 3584 5730 fruebantur
3617 5675 3780 5738 bona,
3813 5677 3894 5730 vel

2294 5772 2407 5826 sola
2432 5771 2686 5826 memoria
2717 5787 2813 5825 nos
2837 5770 3107 5825 oblectant
3132 5809 3145 5833 ,
3180 5779 3232 5823 ct
3260 5767 3371 5822 lure
3401 5770 3579 5822 omnia
3627 5770 3676 5824 si
3704 5769 3755 5823 in
3785 5785 3897 5824 Ine-
