4086 6432
240 401 349 455 635

242 511 471 566 muriam
516 524 867 576 revocemus,
895 508 1122 563 multum
1150 503 1273 559 inde
1303 505 1508 559 ltzcrmn
1542 500 1645 556 hoc
1687 501 1849 555 etiant

244 591 491 671 tempore
517 602 856 672 colligemus.
890 598 1014 654 Ihec
1036 607 1217 652 autent
1247 611 1278 650 a
1308 610 1393 650 me
1434 610 1540 648 non
1566 608 1635 649 eo
1663 593 1851 648 dicun-

244 706 351 759 tur,
376 693 521 763 quod
561 705 758 762 cogere
788 703 884 743 vos
922 688 989 743 ad
1027 686 1379 757 jejunamlum
1428 684 1625 751 velim,
1655 684 1751 739 scd
1795 692 1853 737 ut

243 784 404 839 vobis
433 781 809 854 persuadeam,
840 789 899 834 ιιι
946 794 1015 834 ne
1033 778 1200 848 genio
1232 774 1555 844 indulgeatis
1573 815 1591 840 ,
1614 788 1749 828 neve
1773 773 1852 828 sic

240 873 595 937 alliciamini,
644 881 702 926 nt
757 871 1000 941 plerique
1053 868 1301 923 homines
1348 866 1556 931 solent,
1588 861 1849 935 siquidem

243 966 497 1021 homines
522 963 827 1035 appellandi
850 972 997 1027 sunt,
1025 960 1115 1031 qui
1140 969 1341 1014 tantam
1359 956 1849 1028 pusillanimiuttem

244 1074 358 1126 pne
388 1073 448 1113 se
479 1057 681 1125 ferunt,
712 1057 804 1125 qui
851 1065 1123 1123 tamquam
1178 1066 1211 1107 e
1260 1049 1492 1104 vinculis
1542 1046 1728 1103 emissi
1754 1086 1770 1110 ,
1796 1054 1851 1099 et

239 1149 391 1217 gravi
412 1149 665 1219 quopiam
691 1160 912 1202 carcere
932 1143 1140 1199 liberali
1168 1141 1249 1197 sic
1273 1141 1617 1210 alloquuntur
1639 1152 1701 1193 se
1724 1152 1845 1191 mu-

242 1250 375 1295 tuo:
410 1238 652 1294 Tandem
682 1237 970 1292 molestum
1002 1232 1132 1288 illud
1166 1230 1356 1302 jejunii
1389 1230 1608 1300 pelagus
1641 1225 1848 1283 emensi

238 1345 432 1386 sumus
458 1347 474 1383 :
502 1329 593 1385 alii
620 1344 751 1384 vero
769 1328 860 1398 qui
889 1326 1058 1381 multo
1093 1324 1268 1396 pejus,
1295 1333 1350 1377 et
1377 1320 1699 1376 imbecillius
1722 1326 1849 1373 sunt

238 1422 454 1488 affecti,
487 1402 650 1478 etiam
698 1421 769 1475 ob
814 1419 1048 1474 futuram
1076 1414 1553 1486 Quadragesimam
1588 1410 1848 1483 pertinue-

239 1523 420 1569 scunt.
460 1512 574 1568 Hoc
601 1528 730 1567 vero
768 1506 1085 1580 prepterea,
1114 1506 1258 1580 quod
1288 1515 1422 1563 toto
1458 1505 1667 1574 reliquo
1709 1512 1850 1558 tem-

243 1620 376 1674 pore
419 1602 665 1670 deliciis,
710 1602 965 1667 luxuriae,
990 1608 1151 1671 atque
1178 1597 1423 1654 ebrietati
1466 1612 1526 1650 se
1562 1605 1705 1649 totos
1748 1593 1848 1648 de-

237 1696 389 1749 dant.
422 1694 578 1761 Quod
608 1694 653 1748 si
694 1693 815 1748 aliis
854 1692 1046 1747 diebus
1093 1699 1257 1746 casta:
1301 1687 1672 1756 modestiaque
1724 1685 1849 1738 vitm

238 1786 467 1858 agenda:
496 1798 597 1840 nos
619 1784 1107 1849 assuefaceremus,
1130 1790 1186 1837 et
1213 1780 1543 1849 pra-teritum
1571 1775 1850 1831 desidera-

240 1893 429 1935 remus
449 1878 714 1948 jejunium
740 1918 754 1939 .
785 1886 840 1931 et
870 1884 1157 1929 venturum
1202 1871 1367 1925 multa
1414 1885 1538 1923 cum
1575 1869 1850 1937 voluptate

240 1969 670 2037 susciperemns.
696 1966 835 2032 Quid
885 1966 1031 2019 enim
1084 1962 1210 2017 hom
1246 1960 1438 2031 jejunii
1490 1959 1645 2014 nobis
1684 1972 1847 2027 Opera

240 2075 351 2115 non
378 2058 647 2114 obvenit?
672 2057 864 2112 Omnia
894 2054 1298 2123 tranquillitatis
1338 2068 1403 2106 ac
1445 2067 1591 2121 pura:
1636 2049 1846 2105 seri-ni-

240 2151 369 2206 tatis
395 2150 551 2221 plena
570 2140 695 2204 sunt
739 2147 931 2203 Nonne
955 2145 1148 2200 domus
1173 2142 1511 2208 tumultibus,
1539 2142 1850 2197 cursitatio-

238 2243 402 2299 nibus
419 2283 439 2310 ,
462 2243 718 2312 omnique
760 2238 1166 2311 perturbatione
1194 2242 1321 2289 sunt
1361 2232 1648 2288 liberatae?
1676 2232 1861 2306 Quing

237 2333 405 2390 etiam
432 2342 558 2387 ante
588 2332 733 2402 ipsas
758 2330 950 2385 domos
976 2343 1165 2383 eorum
1191 2328 1435 2388 anitnus,
1460 2324 1550 2394 qui
1578 2324 1846 2394 it'j'lllalll,

240 2426 346 2481 hac
379 2425 561 2495 quiete
602 2423 927 2494 perfruitur;
957 2423 1147 2476 civitas
1192 2421 1303 2489 ipsa
1354 2430 1462 2473 tota
1506 2417 1846 2480 modestiam,

238 2535 363 2588 qua:
410 2517 465 2572 in
513 2518 697 2572 aninto
739 2532 804 2572 ac
839 2515 1090 2571 domibus
1131 2514 1393 2573 cernitur.
1424 2511 1685 2567 imitatur.
1715 2508 1848 2563 Nam

240 2623 422 2677 neque
464 2608 569 2662 sub
615 2621 897 2677 vesperam
949 2604 1142 2660 audire
1189 2612 1449 2659 canentes
1478 2602 1642 2667 licet,
1675 2614 1852 2670 neque

241 2700 479 2755 interdiu
505 2699 898 2754 tumultuantes
920 2709 978 2754 et
1000 2697 1184 2753 ebrios
1205 2736 1220 2760 ,
1245 2712 1355 2750 non
1377 2695 1680 2750 clamantes
1695 2737 1711 2760 ,
1742 2708 1850 2747 non

246 2801 554 2863 pugnantes
576 2832 594 2857 ,
624 2790 722 2847 sed
767 2790 990 2845 multam
1018 2788 1218 2858 ubique
1248 2786 1695 2853 tranquillitatem
1727 2785 1853 2839 licet

240 2897 492 2937 eernere.
522 2880 677 2936 Nunc
699 2889 880 2935 autem
912 2893 1020 2934 non
1060 2878 1132 2933 ita
1162 2886 1250 2933 est
1271 2919 1286 2942 ,
1315 2876 1411 2932 sed
1455 2876 1567 2945 jam
1614 2876 1739 2930 inde
1784 2877 1855 2929 ab

242 2983 440 3029 exortu
481 2971 614 3027 solis
651 2972 921 3027 clamores
961 2986 1027 3025 ac
1057 2970 1249 3033 turbae,
1276 2984 1576 3037 coqunt-um
1622 2968 1854 3022 cursim-

244 3064 443 3127 tiones,
475 3078 539 3117 ac
566 3063 766 3117 multus
794 3063 847 3116 in
872 3059 1144 3127 domibus,
1167 3036 1375 3114 multus
1392 3060 1444 3113 in
1459 3036 1740 3113 inentibus
1767 3058 1853 3112 fu-

245 3170 393 3223 mus,
419 3154 547 3209 dtun
595 3155 739 3208 intus
789 3152 842 3207 in
873 3151 1030 3207 nobis
1077 3151 1481 3210 succenduntur
1508 3150 1765 3214 allectus,
1801 3158 1858 3205 et

247 3251 465 3305 tlamma
521 3247 759 3317 turpium
811 3245 1166 3315 cupiditatum
1222 3260 1255 3299 a
1308 3243 1515 3301 deliciis
1566 3244 1853 3299 excitatur.

249 3342 543 3411 Propterea
570 3339 714 3411 quod
747 3339 1006 3410 praeteriit
1025 3338 1290 3408 jejunium
1323 3337 1661 3408 requiramus
1686 3355 1698 3389 :
1723 3336 1856 3391 illud

248 3432 397 3487 enim
445 3430 562 3486 lucc
608 3430 789 3485 omnia
836 3430 1143 3485 coercebat.
1175 3429 1254 3484 Ac
1279 3428 1407 3484 licet
1450 3429 1689 3485 laborem
1736 3428 1859 3498 ejus

248 3522 649 3578 cxcnsscrimus
667 3562 683 3587 ,
711 3520 830 3591 ejus
853 3530 1032 3576 tamen
1052 3518 1380 3576 desiderium
1408 3534 1515 3573 non
1540 3519 1857 3590 exstingua-

252 3630 395 3677 mus.
424 3630 600 3684 neque
630 3613 949 3669 memoriam
978 3612 1315 3682 deponamus
1348 3629 1363 3665 :
1394 3611 1491 3667 sed
1530 3627 1653 3667 cum
1686 3627 1852 3682 pran-

251 3720 348 3761 sus
369 3715 424 3761 et
453 3704 863 3775 expergefactus
901 3706 955 3760 lu
1005 3704 1182 3760 forum
1212 3706 1427 3761 veneris
1446 3747 1463 3773 ,
1494 3704 1750 3777 diemque
1777 3705 1856 3759 vi-

251 3797 401 3853 deris
429 3804 741 3868 vergentem
765 3795 835 3851 ad
856 3810 1135 3866 vesperam
1155 3836 1173 3862 ,
1196 3797 1337 3851 bane
1362 3797 1639 3867 ingressus
1680 3797 1862 3853 eccle-

252 3886 434 3955 siam,
463 3896 519 3942 et
569 3885 725 3957 juxta
772 3887 1137 3942 sanctuariutn
1189 3888 1330 3942 istud
1378 3888 1643 3955 veniens,
1666 3886 1859 3959 jejunii

254 3981 518 4049 temporis
548 3978 838 4035 recordare
857 4021 872 4044 ,
898 3994 1007 4050 quo
1050 3981 1409 4036 multitudinis
1442 3981 1655 4051 plenam
1680 3981 1859 4037 eccle-

254 4071 391 4126 siam
419 4071 808 4135 cernebamus,
837 4086 1029 4127 omnes
1066 4082 1251 4129 autem
1299 4056 1551 4128 audiendi
1586 4072 1863 4129 desiderio

253 4161 503 4217 succensi
532 4170 688 4216 erant
707 4203 723 4227 ,
762 4162 928 4217 multa
968 4162 1167 4233 ubique
1196 4162 1405 4229 laetitia,
1437 4178 1592 4218 mens
1619 4165 1862 4239 omqium

254 4263 374 4309 erat
401 4263 584 4309 erecta
613 4270 628 4307 :
653 4252 772 4309 [nec
816 4254 994 4309 omnia
1041 4262 1219 4309 tecum
1246 4265 1538 4326 reputans,
1581 4255 1700 4312 dies
1743 4257 1865 4312 illos

253 4344 524 4415 optabiles
548 4345 853 4402 recordare.
882 4346 1036 4413 Quod
1056 4348 1112 4401 si
1132 4362 1336 4403 mensa:
1366 4348 1714 4405 accubiturus
1744 4350 1823 4405 sis
1843 4386 1865 4416 ,

256 4452 381 4492 eum
407 4437 511 4491 hac
528 4436 902 4493 recordatione
931 4437 1083 4493 cibos
1112 4436 1365 4508 degusta,
1397 4453 1499 4495 nec
1521 4454 1774 4509 umquam
1807 4439 1860 4495 in

257 4526 576 4582 ebrietatem
632 4526 742 4582 labi
787 4528 1030 4598 poteris;
1062 4527 1159 4584 sed
1204 4529 1345 4583 sicut
1395 4530 1488 4599 qui
1540 4529 1862 4593 honestam,

259 4628 466 4674 castam
488 4627 547 4675 et
586 4619 869 4689 ingenuam
906 4634 1135 4674 uxorem
1160 4621 1415 4675 duxerint
1437 4661 1453 4686 ,
1471 4631 1528 4675 et
1552 4620 1671 4690 ejus
1701 4623 1866 4677 vehe-

260 4713 430 4768 menti
476 4726 666 4767 amore
714 4712 822 4766 sint
867 4711 1181 4766 iut'latnmati
1207 4753 1223 4779 ,
1257 4727 1326 4768 ne
1365 4712 1592 4769 absente
1648 4712 1867 4783 quidem

264 4807 392 4870 illa,
453 4804 793 4860 meretricem
847 4813 903 4859 et
956 4803 1222 4873 perditam
1280 4804 1560 4859 mulierem
1614 4804 1870 4859 adamare

262 4905 514 4965 possunt,
543 4894 689 4966 quod
719 4894 861 4950 illius
888 4909 1042 4949 amor
1078 4909 1266 4950 eorum
1313 4904 1548 4952 mentem
1589 4910 1866 4966 pracocem

266 4989 498 5058 paverit,
530 5003 631 5043 nec
675 4988 839 5043 alium
885 5004 1126 5043 amorem
1171 4988 1379 5057 ingredi
1419 4989 1598 5043 sinat:
1624 4988 1703 5045 sic
1729 4997 1784 5043 et
1816 4988 1871 5043 in

261 5079 475 5150 jejunio
514 5078 601 5144 fit,
635 5088 691 5134 et
738 5081 789 5132 in
830 5080 1115 5135 ebrietate.
1152 5080 1296 5149 Ergo
1337 5080 1381 5134 si
1432 5080 1574 5135 illius
1620 5080 1869 5149 ingenua:

262 5183 538 5243 castaeque
560 5172 966 5227 meminerimus
986 5213 1001 5237 ,
1031 5174 1299 5241 publicam
1349 5171 1487 5229 hanc
1528 5176 1870 5230 meretricem

264 5266 552 5334 omnisque
601 5263 944 5333 turpitudinis
980 5274 1228 5325 matrem,
1258 5264 1597 5328 ebrietatem,
1629 5264 1870 5335 inquam,

268 5356 525 5409 facillime
550 5354 879 5425 repellemus
905 5397 921 5421 ,
948 5353 1075 5409 dum
1108 5369 1260 5409 amor
1280 5355 1468 5425 jejunii
1496 5354 1873 5412 vehementius

266 5464 430 5516 quam
460 5462 653 5504 manus
679 5448 785 5503 ulla
816 5448 1202 5519 impudentiam
1257 5451 1411 5504 istius
1459 5449 1708 5519 repellet.
1743 5450 1871 5505 Pro-

272 5548 393 5607 pler
441 5539 557 5593 lucc
599 5540 779 5594 omnia
818 5540 935 5594 dies
986 5540 1144 5605 illos,
1172 5556 1392 5609 quaeso,
1429 5556 1644 5609 semper
1693 5552 1873 5597 mente

272 5647 556 5687 versemus
590 5653 604 5686 :
634 5644 694 5688 ιιι
734 5645 913 5690 autem
952 5634 1226 5704 quidpiam
1270 5651 1368 5704 ego
1398 5651 1612 5706 quoque
1647 5636 1713 5690 ad
1757 5652 1874 5691 me-

273 5725 503 5779 moriam
551 5726 693 5781 illam
744 5727 1043 5794 conferam,
1092 5727 1232 5782 idem
1281 5740 1681 5797 argumentum,
1731 5731 1875 5800 quod

277 5827 509 5873 tractare
536 5828 648 5873 tum
679 5832 897 5889 paratus
930 5835 1073 5875 crum
1100 5863 1109 5885 ,
1147 5822 1199 5876 in
1227 5820 1461 5875 multum
1489 5837 1627 5876 nunc
1659 5836 1876 5892 quoque

1597 391 1682 447 DE
1725 389 1910 446 ANNA
1948 389 2182 449 SERMO
2222 392 2261 449 Ι.

3459 406 3566 462 636

1960 500 2205 570 proferre
2231 502 2491 569 conabor,
2517 515 2575 560 ιιι
2620 507 2733 577 ipsa
2760 502 3057 565 similitudo
3083 510 3343 569 doctrinae
3389 530 3567 570 l‘cutf-

1959 593 2231 649 datiouem
2251 595 2512 666 temporis
2529 596 2670 652 illius
2690 600 2884 655 excitet
2903 599 3008 671 (α).
3034 600 3142 658 Vos
3165 602 3309 659 enim
3338 601 3569 661 fortasse

1960 700 2103 740 nunc
2127 686 2260 763 estis
2304 687 2487 751 obliti,
2512 703 2612 745 nos
2650 689 2849 745 multos
2898 693 3115 748 interim
3163 708 3446 750 sermones
3493 698 3565 750 do

1959 776 2082 830 aliis
2148 776 2314 831 rebus
2378 777 2652 835 habuisse.
2713 779 2850 835 Nam
2924 797 3146 839 reverso
3198 800 3229 838 a
3280 764 3569 857 longinqua

1960 868 2048 922 illa
2098 870 2531 941 peregrinatione
2570 882 2724 942 patre
2759 883 2981 939 nostro,
3037 877 3404 932 necessarium
3461 881 3561 933 fuit

1957 959 2138 1014 omnia
2159 975 2612 1028 commemorare,
2637 979 2756 1035 qua:
2780 965 2834 1019 in
2860 967 3119 1023 comitatu
3143 968 3475 1033 acciderant,
3500 982 3567 1023 ac

1955 1049 2155 1104 deinde
2179 1065 2303 1106 cum
2318 1052 2610 1122 gentilibus
2632 1054 2932 1124 disputare,
2959 1065 3017 1111 ut
3047 1057 3148 1113 bos
3173 1059 3221 1112 vi
3244 1059 3567 1114 calamitatis

1956 1141 2023 1195 ad
2053 1142 2335 1199 meliorem
2360 1142 2567 1215 frugem
2594 1159 2897 1214 revocatos,
2926 1151 3017 1219 qui
3040 1147 3261 1205 deserto
3282 1150 3566 1221 gentilium

1956 1248 2143 1287 errore
2169 1248 2291 1289 sese
2318 1235 2386 1289 ad
2434 1249 2533 1290 nos
2578 1238 2950 1304 contulerant,
2982 1253 3080 1310 pro
3102 1239 3241 1295 virili
3269 1241 3566 1296 conﬁrma-

1958 1340 2159 1389 remus,
2188 1342 2253 1381 ac
2298 1327 2644 1396 duceremus,
2673 1330 2893 1399 quantis
2938 1330 3178 1387 tenebris
3207 1332 3418 1388 liberati
3450 1374 3467 1399 ,
3497 1332 3564 1387 ad

1957 1426 2161 1470 tantam
2191 1417 2365 1472 lucem
2396 1419 2640 1474 veritatis
2664 1423 3050 1477 accurrissent.
3084 1422 3213 1477 Post
3257 1422 3351 1477 illa
3377 1438 3568 1479 rursus

1957 1509 2142 1565 multis
2168 1511 2360 1565 diebus
2404 1520 2703 1583 martyrum
2753 1514 3135 1571 festivitatibus
3164 1516 3319 1585 potiti
3359 1530 3569 1582 smnus,

1957 1617 2138 1672 neque
2168 1602 2398 1671 tempori
2421 1603 2753 1659 conveniens
2777 1604 2984 1672 fuisset,
3005 1620 3105 1662 nos
3123 1606 3215 1677 qui
3233 1605 3391 1676 juxta
3418 1620 3567 1659 mar-

1959 1704 2138 1765 tyrum
2196 1695 2445 1765 sepulcra
2504 1711 2870 1762 versaremur,
2897 1713 3089 1754 earnm
3146 1698 3400 1763 laudum,
3448 1712 3570 1766 qtae

1957 1787 2283 1858 martyribus
2299 1786 2586 1853 debentur,
2602 1798 2848 1844 exsortes
2866 1789 3170 1846 dieeodem.
3188 1790 3458 1846 Successit
3482 1790 3570 1843 bis

1956 1878 2023 1930 ad
2050 1878 2431 1933 abstinendum
2467 1894 2499 1934 a
2533 1880 2861 1949 jnrauientis
2887 1880 3192 1937 cohortatio
3225 1897 3239 1933 :
3270 1895 3393 1935 cum
3423 1880 3569 1934 enini

1954 1966 2119 2023 etiam
2162 1970 2783 2024 rusticorumnationem
2816 1971 2869 2025 in
2904 1970 3093 2025 urbem
3120 1970 3419 2041 ingressam
3448 1983 3572 2024 cer-

1959 2073 2235 2121 ncremus,
2272 2058 2372 2113 hos
2403 2060 2498 2114 illo
2540 2061 2836 2116 instructos
2873 2077 2903 2116 a
2937 2061 3095 2117 nobis
3124 2062 3322 2117 viatico
3358 2061 3571 2116 censui—

1958 2164 2078 2204 mus
2106 2149 2479 2204 dimittendos.

2026 2241 2084 2293 2.
2125 2239 2408 2295 "animiam
2433 2250 2611 2296 contra
2656 2242 2867 2314 gentiles
2896 2242 3123 2297 habitam
3136 2242 3568 2301 resamensdnas

1957 2334 2238 2404 prmertim
2280 2335 2585 2406 quazstiones
2608 2336 2778 2401 solvit,
2808 2336 3039 2391 videlicet
3062 2351 3196 2406 :qno
3245 2346 3395 2406 pacto
3434 2334 3573 2390 Deus

1958 2426 2187 2481 homines
2226 2428 2484 2496 quondam
2536 2428 2848 2493 instrueret;
2874 2438 2921 2482 et
2962 2444 3123 2500 quare
3138 2469 3154 2495 ,
3185 2429 3308 2482 dum
3351 2444 3569 2498 corpora
3620 2452 3625 2461 -

1956 2517 2180 2574 calestia
2204 2519 2352 2590 quasi
2378 2519 2658 2574 immortali
2676 2521 2947 2590 jnventnte
2974 2520 3237 2590 fruantur,
3261 2530 3437 2573 nostra
3465 2519 3569 2573 sint

1959 2612 2147 2667 morbis
2178 2624 2226 2667 et
2269 2612 2588 2682 corruptioni
2630 2612 2874 2667 obnoxia.
2900 2641 2975 2653 ——
2998 2610 3167 2667 Vobis
3205 2611 3425 2682 quidem
3464 2627 3573 2666 ttott

1960 2706 2115 2762 facile
2145 2705 2305 2761 fuerit
2329 2705 2751 2775 disputationem
2776 2706 3003 2772 referre,
3034 2722 3195 2777 quam
3229 2714 3339 2760 tum
3366 2706 3563 2762 adver-

1959 2812 2053 2852 sus
2112 2797 2343 2868 gentiles
2393 2796 2771 2852 instituimus:
2803 2813 2907 2868 ego
2961 2812 3092 2852 vero
3143 2810 3362 2867 semper
3391 2796 3445 2850 in
3490 2796 3576 2850 bis

1960 2889 2314 2955 exercitatus,
2337 2897 2392 2943 et
2420 2887 2545 2944 huic
2572 2889 2837 2958 palzestrte
2862 2887 3135 2956 addictus,
3165 2888 3318 2942 nullo
3360 2888 3577 2957 ncgot‘o

1964 2981 2149 3050 paucis
2169 2995 2235 3036 ex
2270 2981 2355 3043 iis,
2386 2994 2507 3050 qua:
2536 2989 2648 3034 tum
2677 2980 2937 3044 diximus,
2964 2979 3231 3050 repetitis,
3262 2987 3452 3048 potero
3483 2984 3569 3031 to-

1965 3074 2073 3127 tius
2099 3071 2361 3128 orationis
2388 3071 2695 3142 argumenti
2723 3071 2879 3127 vobis
2924 3072 3243 3126 memoriam
3289 3068 3574 3125 refricare.

1962 3162 2246 3232 Quodnam
2276 3176 2408 3232 ergo
2433 3162 2532 3217 fuit
2552 3170 2935 3232 argumentum
2957 3162 2983 3215 ἲ
3030 3160 3420 3229 Quaerebamus
3458 3175 3570 3230 quo

1964 3266 2125 3329 pacto
2152 3257 2293 3312 Deus
2317 3270 2348 3310 a
2382 3255 2645 3327 principio
2667 3256 2854 3327 generi
2894 3256 3131 3310 humano
3154 3252 3480 3325 provideret,
3510 3264 3568 3308 et

1964 3362 2074 3419 quo
2101 3355 2261 3418 pacto
2285 3361 2407 3417 qua:
2436 3344 2587 3400 utilia
2615 3345 2796 3401 forent
2819 3344 3063 3413 doceret,
3084 3330 3209 3399 cum
3260 3343 3422 3399 nullm
3464 3358 3573 3397 ex—

1964 3451 2173 3497 starent
2228 3440 2425 3508 literas,
2478 3455 2654 3510 neque
2694 3439 2991 3509 Scriptum
3038 3438 3181 3492 data:
3223 3445 3411 3493 essent
3459 3452 3474 3488 :
3518 3446 3577 3490 ct

1965 3534 2304 3591 ostendimus
2337 3549 2435 3605 per
2457 3532 2970 3603 contemplationem
3015 3538 3390 3588 creaturarum
3434 3528 3567 3584 illud

1963 3626 2033 3681 ad
2058 3625 2152 3682 Dei
2176 3623 2540 3697 cognitionem
2564 3638 2688 3682 esse
2709 3623 3001 3681 deductttm
3032 3640 3045 3678 :
3073 3637 3182 3692 quo
3212 3630 3456 3692 tempore
3478 3634 3578 3675 vos

1968 3732 2075 3773 non
2100 3731 2262 3772 manu
2289 3716 2623 3787 prehensus,
2655 3724 2713 3771 at
2751 3722 2935 3770 mente
2964 3728 3062 3783 per
3083 3712 3392 3769 universam
3418 3725 3574 3768 crea-

1967 3816 2146 3864 turam
2176 3806 2513 3863 circumduxi
2534 3848 2551 3872 ,
2572 3806 2765 3863 emtum
2791 3803 3111 3874 ostendens,
3136 3813 3359 3871 terram,
3388 3817 3539 3858 mare
3564 3844 3581 3865 .

1968 3898 2142 3966 lacus,
2170 3898 2369 3965 fontes,
2401 3896 2616 3966 ﬂuvios,
2638 3912 2859 3968 :equora
2882 3897 3171 3963 immensa,
3194 3904 3368 3967 prata,
3391 3909 3579 3966 poma-

1969 3990 2070 4054 ria,
2099 3988 2357 4045 ﬂorentes
2386 3999 2621 4062 segetes,
2651 3986 2915 4045 fructibus
2944 3995 3170 4045 onustas
3193 3988 3449 4049 arbores.
3480 3986 3580 4041 ob-

1972 4091 2113 4137 tecta
2150 4081 2468 4137 nemoribus
2517 4081 2785 4135 montium
2824 4080 3103 4135 culmina:
3136 4089 3247 4133 tum
3269 4091 3486 4148 quoque
3514 4075 3583 4131 de

1969 4173 2269 4228 seminibus
2291 4213 2307 4239 ,
2339 4171 2410 4228 de
2438 4171 2702 4237 oleribus,
2726 4170 2795 4227 de
2842 4169 3089 4233 ﬂoribus,
3119 4168 3191 4224 de
3234 4168 3431 4238 plantis
3472 4178 3583 4223 tam

1970 4265 2265 4321 fructuosis
2317 4279 2482 4335 quam
2536 4262 2914 4327 infructuosis,
2946 4260 3017 4318 de
3071 4261 3267 4317 bestiis
3313 4261 3590 4316 cicuribus

1970 4356 2133 4413 simul
2163 4364 2219 4413 et
2246 4356 2553 4428 agrestibus
2573 4396 2589 4423 ,
2619 4353 2945 4427 aquatilibus
2969 4363 3027 4409 et
3070 4353 3437 4416 terrestribus,
3460 4368 3582 4424 qua:

1972 4448 2237 4519 ancipites
2279 4447 2333 4503 in
2370 4456 2599 4518 utraque
2625 4447 2759 4502 sede
2798 4446 3024 4511 vivunt,
3054 4443 3125 4502 de
3156 4445 3222 4501 iis
3246 4460 3368 4516 qua:
3392 4460 3576 4501 aerum

1975 4542 2169 4610 pennis
2221 4550 2450 4606 secant,
2482 4540 2553 4596 dc
2598 4539 2708 4596 illis
2756 4554 2877 4608 qua:
2929 4538 3081 4594 humi
3126 4550 3355 4609 repunt,
3407 4538 3587 4608 deque

1978 4633 2111 4702 imis
2136 4630 2323 4687 mundi
2348 4631 2640 4688 elementis
2668 4631 2834 4686 multa
2865 4630 3144 4697 disserui,
3173 4640 3229 4686 et
3258 4629 3314 4684 in
3356 4630 3583 4699 singulis

1977 4740 2080 4777 tnta
2097 4738 2233 4779 voce
2243 4722 2842 4778 simulacclamabatnus
2859 4735 3074 4789 omnes,
3092 4736 3216 4776 cum
3232 4735 3386 4776 mens
3403 4729 3587 4776 nostra

1978 4824 2058 4870 tot
2082 4815 2378 4870 immensas
2392 4828 2525 4885 opes
2548 4829 2744 4885 capere
2767 4830 2873 4868 non
2905 4822 3130 4884 posset:
3161 4813 3330 4882 Quom
3359 4813 3590 4885 magni/i-

1976 4919 2092 4962 cata
2114 4916 2231 4961 sunt
2250 4922 2407 4977 opera
2428 4915 2537 4964 tua.
2572 4903 2825 4959 Domine!
2849 4904 3022 4959 omnia
3050 4906 3104 4959 in
3133 4906 3385 4974 sapientia
3408 4905 3573 4973 fecisti

1979 5000 2153 5071 (Paul.
2186 4999 2279 5055 9i.
2309 4998 2391 5069 6).
2422 4998 2606 5067 Neque
2634 5013 2761 5052 vero
2792 5007 3013 5067 propter
3042 4996 3437 5052 multitudinem
3468 5005 3593 5051 tan-

1983 5101 2093 5145 tum
2125 5091 2217 5145 Dei
2244 5088 2567 5160 sapientiam
2596 5088 2947 5153 mirabamur,
2975 5088 3068 5142 sed
3106 5098 3161 5141 et
3199 5098 3419 5157 prepter
3445 5097 3593 5140 utra.

1978 5200 2085 5255 que
2108 5183 2224 5239 hanc
2247 5183 2376 5249 duo,
2400 5182 2543 5252 quod
2567 5188 2623 5236 ct
2649 5180 2928 5251 pulchram
2966 5189 3023 5235 et
3050 5195 3298 5249 magnam
3326 5188 3382 5233 et
3410 5178 3585 5232 admi-

1983 5277 2208 5331 rabilem
2241 5275 2543 5331 condiderit
2567 5286 2894 5341 creaturam,
2934 5282 2991 5328 et
3028 5272 3169 5343 quod
3217 5274 3381 5326 multa
3418 5273 3589 5326 imbe-

1981 5370 2223 5426 cillitatis
2254 5370 2370 5439 ejus
2408 5368 2603 5423 indicia
2635 5367 2797 5422 rebus
2825 5366 2945 5435 Quae
2979 5374 3276 5422 cernuntur
3313 5362 3587 5427 iudiderit,

1956 5492 1962 5499 -
1984 5472 2095 5517 tum
2118 5472 2177 5516 ut
2197 5463 2267 5515 ob
2292 5461 2608 5531 sapientiam
2628 5460 2893 5524 laudetur,
2924 5468 3085 5528 atque
3112 5457 3176 5511 ad
3202 5457 3405 5510 cultum
3428 5470 3586 5509 suum

1980 5570 2076 5610 cos
2118 5555 2209 5624 qui
2253 5562 2484 5608 cernunt
2521 5552 2753 5615 alliciat;
2788 5560 2899 5606 tum
2932 5567 3001 5606 nc
3038 5550 3296 5605 Creatore
3340 5547 3589 5608 dimisso,

1982 5649 2070 5719 qui
2104 5648 2554 5721 pulchritudinem
2584 5661 2649 5701 ac
2677 5644 3099 5714 magnitudinem
3134 5644 3347 5699 illarum
3377 5643 3586 5694 intuen-

2046 5764 2120 5825 (η)
2152 5764 2191 5811 ll
2199 5778 2283 5818 :er,
2306 5776 2414 5819 ritur
2430 5760 2489 5809 ad
2512 5761 2653 5825 hujus;
2679 5757 2891 5825 ltotniliaa
2906 5756 3087 5808 habita:
3106 5766 3304 5819 tempus
3317 5756 3589 5818 pertinent.

1986 5822 2087 5893 plut
2104 5822 2208 5879 itm.
2234 5840 2309 5876 est
2330 5843 2379 5872 ηε
2400 5826 2532 5872 ιιιιιιιδ
2557 5824 2603 5869 ιιι
2632 5822 2804 5869 Munito
2828 5828 2989 5883 supra.
