4086 6426
491 377 595 429 635

493 499 598 551 tur,
628 502 677 553 pi
699 502 722 533 ι
747 485 834 537 illo
863 499 947 538 res
972 483 1139 537 oculis
1160 482 1426 549 subjectus
1455 482 1699 544 adorent,
1730 495 1850 532 cum
1875 494 1936 531 ea
1961 493 2080 547 qua:

493 580 546 632 iu
580 579 682 632 illis
711 585 932 647 apparet
964 575 1322 640 imbecillitas,
1353 574 1614 643 ejusmodi
1656 572 1923 642 corrigere
1954 586 2079 641 pos.

491 672 562 724 sit
591 684 850 724 errorem.
895 653 1022 721 Item
1063 681 1170 736 quo
1211 675 1367 736 pacto
1396 675 1638 720 creatura
1669 664 1845 719 onmis
1886 677 2080 717 corruo

493 761 659 828 ptioni
687 768 768 814 est
797 759 1046 823 obnoxia,
1079 767 1132 812 et
1162 757 1227 811 ad
1256 757 1529 811 meliorem
1571 756 1804 825 speciem
1850 751 2080 807 transfe-

493 861 661 914 retur,
695 849 880 920 majori
909 851 1078 920 gloria
1109 849 1435 920 perfruetur,
1468 858 1521 904 et
1548 848 1780 918 quando,
1809 856 1864 901 et
1892 862 2078 917 quare,

489 954 539 995 et
572 957 666 996 cur
693 941 924 994 obnoxia
952 941 1282 1013 corruptioui
1305 943 1370 993 sil
1397 939 1558 1004 edita,
1582 950 1742 1008 atque
1766 938 1879 992 luce.
1900 937 2082 992 omnia

494 1043 605 1086 tum
648 1031 788 1101 apud
833 1047 928 1086 vos
971 1031 1496 1100 philosophabamur,
1545 1031 1745 1099 Deique
1788 1029 2080 1098 potentiam

495 1122 620 1176 inde
658 1122 1178 1186 demonstrabamns,
1211 1123 1352 1192 quod
1392 1123 1442 1176 in
1496 1121 1932 1191 corruptibilibus
1961 1136 2084 1176 cor-

493 1214 713 1283 poribus
744 1223 942 1268 tantam
973 1212 1272 1267 condiderit
1313 1212 1782 1282 pulchritudinem,
1824 1228 1984 1282 quam
2029 1220 2085 1267 et

495 1321 525 1356 a
584 1305 842 1374 principio
871 1304 1009 1358 Deus
1036 1304 1138 1358 illis
1165 1304 1425 1366 attribuit,
1456 1303 1712 1366 siderum,
1755 1303 1870 1357 cadi
1910 1311 1964 1357 et
1989 1317 2084 1357 so-

491 1394 577 1449 lis.
604 1394 740 1448 \‘ere
770 1409 997 1462 namque
1017 1394 1196 1448 mirari
1227 1409 1532 1464 possumus.
1566 1409 1667 1462 qua
1699 1393 1926 1453 ratione.
1959 1407 2080 1446 cum

492 1493 572 1538 tot
594 1483 719 1538 anni
749 1485 857 1539 sint
885 1485 1070 1553 elapsi,
1105 1484 1233 1538 nihil
1263 1485 1367 1540 tale
1395 1485 1502 1538 sint
1522 1499 1696 1553 passa,
1721 1484 1877 1552 quale
1900 1493 2080 1536 nrstra

493 1589 721 1643 corpora
769 1574 1062 1642 patiuntur,
1100 1589 1274 1643 neque
1317 1581 1594 1628 senectute
1636 1573 1843 1627 reddita
1889 1573 2085 1626 fuerint

507 1664 871 1731 imbecilliora,
915 1679 1087 1734 neque
1118 1664 1306 1719 morbo
1335 1665 1418 1718 vel
1447 1664 1760 1734 argritudine
1785 1665 1957 1732 aliqua
1985 1665 2086 1717 dc-

493 1753 697 1808 bilitata
728 1755 854 1819 sint,
888 1754 980 1808 sed
1007 1753 1112 1809 vim
1139 1770 1202 1810 ac
1225 1753 1670 1825 pulchritudinem
1697 1770 1878 1817 suam,
1898 1769 2080 1825 quam,

495 1854 552 1898 ιιι
574 1853 698 1900 ante
722 1845 852 1911 dixi,
882 1846 1020 1901 Deus
1050 1847 1154 1902 illis
1179 1846 1515 1913 attribuerat,
1545 1862 1832 1915 perennem
1861 1860 2003 1899 cons-
2026 1861 2085 1898 r-

491 1943 640 1998 vent,
671 1944 725 1990 et
745 1950 917 2005 neque
936 1935 1066 1991 solis
1091 1945 1467 2006 consumptum
1489 1936 1560 1990 sit
1584 1935 1784 2000 lumen,
1817 1951 1989 2003 neque
2011 1935 2084 1988 si-

492 2027 680 2081 derum
703 2025 955 2097 Splendor
975 2029 1314 2094 obseuratus,
1341 2043 1512 2097 neque
1531 2028 1648 2082 cadi
1670 2027 1841 2096 fulgor
1861 2026 2085 2082 efﬂuxe-

495 2117 586 2184 rit,
619 2133 725 2173 non
754 2119 919 2173 maris
948 2120 1160 2174 termini
1188 2119 1306 2173 loco
1335 2121 1460 2172 moti
1492 2120 1617 2175 sint.
1653 2135 1757 2172 non
1791 2127 1945 2172 terrm
1973 2119 2083 2172 vir-

495 2217 588 2264 tus.
611 2209 678 2264 ad
707 2219 890 2279 partus
913 2225 1122 2265 annuos
1149 2210 1413 2265 fructuum
1443 2208 1681 2264 edendos
1707 2209 1967 2263 exstincta
1993 2208 2083 2261 sit.

500 2300 626 2355 Ihec
654 2310 830 2355 autem
863 2301 1041 2355 omnia
1086 2302 1413 2371 corruptioni
1442 2316 1562 2355 esse
1585 2300 1817 2354 obnoxia
1852 2317 1974 2353 eum
2017 2316 2082 2354 ex

495 2393 811 2457 rationibus,
850 2404 960 2446 tum
1000 2409 1064 2448 ex
1104 2393 1275 2449 sacris
1308 2393 1503 2449 Litoris
1528 2391 2018 2445 demonstravimus
2066 2409 2079 2444 :

495 2483 716 2551 pulchra
747 2500 876 2538 vero
905 2484 991 2539 illa
1017 2498 1138 2538 esse
1175 2499 1238 2538 ac
1267 2484 1543 2553 splendida
1579 2497 1839 2551 suumque
1869 2496 2086 2552 semper

493 2575 756 2644 integrum
806 2575 1041 2644 vigorem
1082 2589 1370 2630 conservas
1399 2591 1458 2639 c,
1509 2575 1851 2645 quotidianus
1897 2589 2085 2628 eorum

493 2666 582 2735 qui
607 2675 834 2721 eermmt
863 2676 1090 2723 testatur
1113 2675 1383 2735 aSpectus,
1414 2667 1465 2720 in
1513 2679 1620 2734 quo
1663 2666 1891 2718 maxime
1916 2664 2090 2718 admi-

494 2756 693 2812 randus
723 2768 802 2812 est
833 2758 994 2823 Deus,
1038 2759 1128 2828 qui
1171 2759 1249 2813 sic
1286 2773 1348 2812 ea
1387 2757 1454 2812 ab
1497 2756 1647 2810 initio
1681 2755 1938 2810 condidit.
1979 2754 2085 2810 Sed

494 2840 774 2916 quoniam,
809 2851 936 2906 dum
975 2851 1088 2906 haec
1115 2867 1144 2903 a
1188 2851 1341 2905 nobis
1380 2850 1558 2905 dicere
1599 2857 1704 2912 tur,
1747 2849 2088 2918 refragaban-

498 2950 588 2996 tur
615 2941 852 2996 nonnulli
879 2943 1117 2998 dicentes
1151 2959 1163 2995 :
1195 2941 1354 3012 Igitur
1391 2942 1630 2995 omnium
1658 2957 1776 3010 qua:
1799 2941 1898 2994 sub
1926 2957 2084 3009 aspe-

495 3042 639 3085 ctum
662 3030 876 3098 cadunt,
902 3031 1216 3086 vilissimum
1239 3039 1324 3086 οει
1346 3032 1524 3096 homo,
1547 3031 1808 3101 siquidem
1829 3031 1944 3085 ca-li
1966 3045 2088 3085 cor-

498 3139 620 3193 pus,
651 3133 829 3188 terr:e,
861 3124 1011 3188 solis,
1039 3135 1096 3179 et
1120 3126 1359 3178 omnium
1389 3125 1621 3179 siderum
1668 3133 1814 3178 tanto
1849 3137 2088 3192 tempore

390 3244 397 3249 -
495 3211 727 3278 duravit,
763 3214 849 3269 hic
887 3228 1016 3269 vero
1047 3223 1168 3284 post
1199 3228 1369 3268 annos
1399 3215 1734 3284 septuaginta
1777 3213 2089 3269 dissolvitur

497 3313 658 3376 atque
691 3305 873 3361 interit
903 3323 919 3361 :
950 3307 1179 3376 primum
1216 3305 1428 3376 quidem
1457 3306 1585 3360 illud
1615 3305 1936 3372 dixerimus,
1977 3321 2087 3360 non

495 3403 667 3449 totum
695 3395 893 3451 animal
923 3396 1165 3462 dissolvi,
1209 3397 1659 3467 sed‘praecipuam
1692 3396 1964 3468 magisque
1994 3412 2090 3450 nc-

495 3487 781 3543 cessariam
807 3500 1010 3560 partem
1038 3501 1297 3562 perpetuo
1327 3503 1566 3560 manere,
1598 3492 1829 3546 animam
1862 3493 2086 3546 immor-

497 3576 680 3643 talem,
710 3593 830 3649 qua:
854 3579 1016 3636 nullis
1045 3580 1308 3650 ejusmodi
1352 3581 1552 3637 morbis
1580 3591 1662 3637 est
1690 3580 1938 3648 obnoxia,
1982 3581 2086 3635 nii-

493 3684 682 3724 norem
710 3678 888 3727 autem
908 3672 1237 3742 corruptioni
1262 3688 1383 3728 esse
1403 3673 1689 3727 obnoxiam
1719 3690 1732 3727 :
1765 3672 1961 3728 deinde
1985 3674 2086 3728 hoc

497 3760 668 3827 ipsum
717 3760 974 3832 majorem
1022 3763 1219 3818 cedere
1264 3765 1417 3818 nobis
1470 3766 1522 3818 iu
1576 3765 1855 3819 honorem.
1905 3765 2089 3835 Neque

499 3849 640 3905 enim
670 3861 893 3916 temere,
929 3854 1016 3908 vel
1055 3854 1172 3909 sine
1209 3870 1391 3921 causa,
1427 3855 1520 3910 sed
1563 3868 1620 3910 et
1653 3855 1799 3925 juste
1839 3866 1997 3926 atque
2036 3859 2088 3913 in

498 3955 611 3996 rem
639 3953 873 3999 nostram
902 3953 957 4000 et
991 3955 1320 4001 senectutem
1351 3956 1404 3999 et
1445 3948 1662 4002 morbos
1690 3949 2017 4004 sustinemus
2058 3966 2076 4006 :

498 4030 636 4095 iuste
663 4033 899 4105 quidem,
927 4035 1068 4105 quod
1099 4036 1150 4090 in
1202 4046 1476 4106 peccatum
1514 4037 1648 4108 lapsi
1687 4037 1942 4096 fuerimus
1972 4058 1986 4095 :
2036 4042 2087 4095 in

498 4138 612 4178 rem
643 4133 878 4179 nostram
903 4135 1104 4192 autem,
1135 4135 1190 4180 ut
1231 4126 1518 4197 ingenitam
1566 4129 1720 4184 nobis
1763 4145 1829 4184 ex
1879 4131 2087 4200 ignavia

497 4216 802 4285 superbiam
835 4232 928 4287 per
954 4217 1053 4272 hos
1095 4217 1337 4275 defectus
1363 4235 1428 4274 ac
1462 4222 1679 4275 morbos
1719 4222 2086 4278 retundamus.

498 4304 616 4360 Non
663 4307 821 4377 igitur
872 4317 928 4362 ut
978 4309 1300 4364 contumelia
1355 4325 1454 4365 nos
1505 4309 1776 4376 alliceret,
1831 4311 1932 4366 hoc
1976 4313 2089 4368 fieri

499 4399 747 4465 permisit
787 4399 948 4455 Deus.
994 4399 1050 4455 Si
1094 4403 1236 4456 enim
1279 4401 1492 4458 allicere
1531 4404 1852 4459 contumelia
1894 4406 2092 4461 voluis-

499 4501 602 4556 set,
644 4506 749 4546 non
783 4493 1136 4550 immortalem
1166 4509 1288 4549 esse
1315 4493 1547 4548 animam
1580 4507 1814 4551 nostram
1854 4497 2090 4553 sivisset.

495 4579 606 4636 Sed
638 4598 834 4654 neque,
862 4584 1006 4655 quod
1048 4585 1313 4657 impotens
1342 4596 1506 4654 esset,
1551 4589 1655 4642 tale
1694 4599 1936 4643 nostrum
1965 4603 2090 4644 cor-

502 4685 602 4741 ptts
643 4671 842 4729 cﬂ‘ecit.
886 4675 1094 4730 i-Ztenim
1135 4679 1178 4732 si
1225 4677 1498 4733 imbecillis
1543 4687 1709 4746 esset,
1759 4695 2090 4750 nequaquam

502 4762 694 4816 caelum
724 4771 780 4819 et
807 4764 1004 4832 sidera,
1031 4775 1088 4821 et
1111 4779 1270 4822 terra:
1293 4783 1488 4839 corpus
1518 4779 1665 4823 tanto
1688 4781 1930 4840 tempore
1954 4773 2091 4828 tueri

502 4852 558 4906 in
593 4867 775 4906 rerum
815 4863 1001 4909 natura
1031 4855 1294 4925 potuisset
1326 4875 1339 4909 :
1366 4857 1460 4911 sed
1489 4867 1545 4910 ut
1571 4873 1669 4912 nos
1694 4861 1943 4915 meliores
1972 4879 2090 4915 mo-

501 4942 905 5014 deratiorcsque
951 4945 1202 5001 redderet
1243 4947 1453 5016 sibique
1497 4948 1666 5017 m:-gis
1715 4949 2090 5020 obsequentes,

499 5036 651 5104 quod
675 5037 849 5092 omnis
880 5038 1035 5093 nobis
1081 5037 1268 5094 salutis
1300 5041 1638 5094 occasionem
1679 5042 1920 5112 largitur.
1969 5043 2095 5096 Pro-

503 5137 687 5198 ptcrea
715 5143 819 5184 non
850 5130 1054 5199 effecit,
1079 5141 1135 5186 ut
1171 5144 1262 5186 aut
1297 5143 1571 5188 senectute
1610 5137 1826 5198 ezeluin,
1855 5148 1941 5190 :Illl
1975 5137 2095 5190 aliis

501 5218 824 5286 quibusdam
872 5220 1072 5276 talibus
1115 5223 1316 5276 morbis
1357 5223 1738 5292 corriperetur.
1783 5225 1920 5278 Cum
1948 5226 2093 5280 enim

505 5311 676 5366 libero
712 5311 934 5366 arbitrio
971 5315 1043 5367 sit
1081 5325 1134 5368 et
1172 5316 1348 5368 anima
1378 5314 1714 5381 destitutmn,
1755 5333 1926 5388 neque
1964 5334 2097 5389 pec-

504 5416 652 5465 mre,
677 5418 849 5472 neque
876 5416 1021 5460 recte
1044 5421 1204 5477 agerc
1228 5415 1404 5476 potest
1428 5425 1442 5462 :
1475 5407 1614 5462 unde
1635 5425 1806 5479 neque
1831 5411 2093 5480 ejusmodi

508 5493 886 5550 emendatione
913 5495 988 5551 illi
1017 5506 1102 5552 est
1136 5513 1271 5568 opus
1309 5515 1325 5552 ε
1355 5498 1512 5554 nobis
1547 5511 1722 5556 autem
1758 5503 1847 5573 qui
1889 5504 2096 5558 ratione

489 5597 691 5672 sumus
731 5593 788 5639 ct
822 5585 999 5640 anima
1029 5590 1295 5652 exornati,
1337 5592 1694 5644 necessarium
1733 5591 1850 5653 fuit,
1895 5604 1953 5647 ut
1999 5610 2096 5662 per

507 5674 606 5729 has
634 5675 969 5735 inﬁrmitates
995 5683 1315 5753 morbosque
1345 5684 1603 5739 modestia
1636 5696 1685 5740 et
1720 5685 1987 5740 humihtas
2015 5688 2094 5740 ιιι⁴⁵

507 5779 874 5840 3cnerarctur,
903 5773 1330 5844 quandoquidem
1365 5790 1394 5828 a
1436 5776 1689 5848 principio
1733 5794 1839 5848 prae
1883 5778 2094 5834 «sueris

1227 371 1282 423 S.
1323 363 2096 425 JO.\NN|SC|IRYSOSTO.\1I
2141 363 2456 456 Afilillli‘li‘.
2496 363 3030 420 CONSTANTINOP.

3676 364 3784 419 636

2189 479 2442 531 omnibus
2487 479 2692 547 primus
2734 477 2898 531 homo
2926 478 3083 531 fuerit
3131 478 3182 533 in
3234 479 3540 548 superbiam
3590 480 3785 533 elatus.

2191 571 2442 640 Alioquin
2474 571 2516 623 si
2545 570 2996 639 quemadmodum
3029 580 3209 626 nostra
3238 587 3490 644 corpora,
3515 573 3598 630 sic
3621 580 3787 625 etiam

2187 660 2376 713 Ca-lum
2422 661 2768 716 constitutum
2819 660 3007 714 fuisset
3049 677 3114 716 ac
3157 667 3420 715 senectutl
3466 665 3787 722 obnoxium,

2190 751 2339 810 inidti
2374 752 2718 806 Conditorem
2762 753 3144 807 imbecillitatis
3188 764 3551 816 accusassent,
3597 761 3654 805 ut
3694 753 3787 820 qui

2190 842 2410 897 minime
2438 853 2616 912 posset
2644 860 2807 898 unum
2834 859 3032 915 corpus
3073 846 3124 898 in
3163 846 3358 899 multos
3385 861 3648 899 annorum
3683 845 3792 900 cir-

2189 935 2364 988 cuitus
2403 949 2726 990 censi-rvare
2767 951 2779 986 :
2818 935 2928 1004 jam
2970 951 3098 990 vero
3129 936 3346 1005 pra‘cisa
3396 945 3480 990 est
3526 937 3630 992 illis
3670 937 3789 990 hau:

2188 1027 2434 1090 occasio,
2490 1040 2612 1080 cum
2663 1035 2812 1080 tanto
2863 1035 3102 1094 tempore
3144 1041 3304 1096 opera
3359 1026 3528 1095 ipsius
3569 1041 3791 1096 perina-

2191 1125 2371 1171 neant.

2263 1209 2316 1264 5.
2359 1207 2574 1264 Accedit
2600 1207 2666 1262 ad
2693 1222 2754 1262 ea
2781 1223 2901 1278 qua:
2925 1208 3178 1271 diximus,
3200 1208 3340 1278 quod
3372 1225 3478 1261 non
3510 1209 3648 1262 intra
3684 1208 3789 1262 hoc

2189 1299 2444 1352 s:rcnlnm
2472 1313 2561 1352 res
2582 1309 2780 1352 nostra:
2807 1298 3122 1362 subsistunt,
3157 1299 3250 1352 sed
3286 1309 3568 1369 postquam
3600 1301 3651 1352 in
3687 1300 3791 1355 hac

2190 1390 2294 1442 vita
2335 1389 2499 1459 probe
2538 1389 2799 1443 fuerimus
2833 1389 3101 1459 castigati,
3135 1389 3326 1458 majori
3346 1403 3572 1458 corpora
3604 1399 3789 1445 nostra

2188 1497 2311 1536 cum
2343 1482 2510 1550 gloria
2542 1490 2843 1550 resurgent,
2871 1490 2926 1536 et
2954 1481 3108 1545 caelo,
3137 1481 3252 1536 sole
3275 1495 3339 1536 ac
3373 1483 3586 1537 caeteris
3608 1482 3793 1537 omni-

2191 1574 2287 1627 hus
2314 1572 2674 1640 splendidiora
2705 1583 3015 1637 cernentur,
3061 1581 3115 1626 ct
3156 1573 3223 1628 ad
3266 1573 3544 1628 meliorem
3584 1583 3791 1628 sortem

2189 1665 2658 1734 conditioncmque
2700 1664 3107 1740 transferentur.
3139 1663 3290 1719 Unus
3327 1679 3460 1735 ergo
3487 1665 3682 1720 modus
3705 1675 3792 1722 est

2190 1755 2508 1824 cognitionis
2536 1755 2666 1818 Dei,
2700 1771 2795 1824 per
2831 1755 3130 1808 universam
3163 1771 3358 1826 nempe
3403 1773 3584 1812 rerum
3633 1768 3793 1813 natu-

2193 1861 2348 1900 ram:
2390 1846 2526 1900 alter
2564 1862 2692 1899 vero
2732 1846 2900 1899 nihilo
2949 1846 3142 1909 minor,
3192 1847 3237 1899 is
3281 1862 3439 1916 quem
3483 1849 3795 1918 suppeditat

2189 1936 2538 2002 eooseientia,
2571 1948 2727 2006 quem
2771 1937 2942 2006 ipsum
2977 1945 3101 1990 tunc
3128 1937 3370 2005 plurilms
3400 1939 3578 1993 verbis
3619 1956 3790 2008 expo-

2189 2028 2426 2090 suimus,
2465 2028 2728 2098 simulque
2768 2029 3102 2082 ostendimus
3141 2029 3354 2082 insitam
3393 2043 3514 2084 esse
3559 2031 3717 2086 nobis
3761 2049 3791 2086 a

2192 2129 2378 2173 natura
2409 2121 2665 2176 bonarum
2694 2121 3060 2190 malarumque
3087 2137 3267 2175 rerum
3298 2122 3686 2191 cognitionem.
3738 2135 3794 2179 et

2190 2212 2571 2265 conscientiam
2606 2213 2760 2266 nobis
2801 2212 3024 2266 interius
3051 2211 3165 2266 inec
3200 2223 3391 2266 cuncta
3419 2211 3645 2268 dictare.
3679 2216 3796 2268 Du»

2191 2303 2386 2370 quippe
2413 2302 2567 2356 nobis
2593 2318 2621 2354 a
2647 2303 2908 2372 principio
2931 2303 3038 2357 dati
3065 2312 3183 2356 siml
3225 2320 3253 2353 a
3286 2311 3474 2356 natura
3513 2303 3793 2369 doctores,

2189 2401 2455 2456 creatura,
2486 2400 2540 2446 et
2566 2392 2914 2457 conscientia,
2942 2392 3031 2462 qui
3058 2392 3174 2448 sine
3217 2406 3348 2446 voce
3389 2392 3496 2447 ulla
3539 2394 3794 2449 homines

2191 2484 2557 2539 instituebant.
2588 2483 2720 2538 Nam
2747 2494 2801 2538 et
2830 2494 3072 2539 creatura
3113 2495 3406 2554 conspectu
3436 2499 3534 2540 suo
3574 2497 3795 2555 specta-

2193 2585 2362 2629 torem
2387 2575 2837 2644 obstupefaciens,
2868 2576 3014 2630 illum
3037 2585 3225 2630 cuncta
3246 2587 3557 2632 cernentem
3580 2577 3648 2631 ad
3673 2577 3796 2646 ejus

2190 2665 2281 2735 qui
2314 2666 2480 2733 ipsam
2509 2665 2750 2720 condidit
2774 2665 3178 2720 admirationem
3205 2666 3432 2721 traducit
3460 2684 3474 2721 :
3505 2669 3797 2722 conscien-

2194 2759 2263 2811 tia
2303 2772 2451 2820 vero,
2491 2773 2610 2828 qua:
2640 2759 2781 2813 intus
2816 2758 3000 2823 dictat,
3033 2759 3212 2812 omnia
3238 2773 3359 2827 qum
3394 2744 3635 2813 facienda
3665 2769 3797 2812 sunt

2190 2849 2444 2918 suggerit,
2487 2847 2710 2917 ejusque
2746 2849 2996 2904 virtutem
3038 2858 3094 2904 et
3118 2848 3380 2916 judicium
3425 2863 3490 2903 cx
3541 2848 3662 2919 ipso
3703 2865 3791 2904 re-

2191 2955 2308 2994 rum
2347 2949 2566 3010 aSpectu
2596 2940 3066 3009 deprehendimus.
3103 2939 3234 2994 Dum
3259 2941 3402 2994 enim
3432 2940 3574 2994 intus
3604 2955 3798 3009 pecca-

2192 3043 2302 3087 tum
2346 3012 2826 3092 accusatfvultum
2873 3032 3152 3086 confundit
3195 3035 3459 3099 exterius,
3509 3048 3573 3087 ac
3621 3034 3796 3086 multo

2191 3139 2424 3179 metrore
2449 3125 2701 3194 complet.
2732 3123 2941 3178 Rursus
2983 3123 3210 3191 pallidos
3238 3122 3416 3177 reddit
3459 3133 3512 3177 et
3544 3123 3792 3193 pavidos,

2192 3229 2312 3268 cum
2347 3215 2398 3268 in
2443 3229 2505 3269 re
2529 3214 2702 3284 aliqua
2734 3213 2873 3283 turpi
2912 3213 3175 3268 fuerimus
3203 3213 3556 3283 deprehensi;
3603 3229 3792 3267 vocem

2194 3319 2297 3359 non
2328 3305 2597 3369 audimus,
2626 3305 2720 3360 sed
2749 3321 2841 3374 per
2869 3314 3157 3360 externum
3192 3317 3467 3374 aspectum
3501 3305 3793 3376 ingenerat-

2193 3404 2300 3449 tam
2333 3395 2474 3450 intus
2497 3397 2914 3467 indignationem
2942 3395 3386 3464 contemplemur.
3417 3395 3552 3450 Cum
3581 3396 3664 3451 his
3689 3412 3792 3450 au-

2192 3496 2301 3542 tem
2327 3485 2534 3540 duobus
2557 3486 2771 3541 tertium
2793 3500 3008 3556 quoque
3031 3485 3307 3540 doctorem
3327 3501 3358 3540 a
3390 3486 3482 3541 Dei
3505 3487 3796 3557 providen-

2194 3578 2262 3632 tia
2295 3577 2457 3634 fuisse
2498 3577 2809 3650 adjunctum
2856 3578 3030 3631 oratio
3069 3576 3493 3644 demonstrabat,
3543 3593 3650 3632 non
3677 3578 3793 3648 jam

2193 3683 2398 3726 mutum
2441 3680 2498 3724 ut
2543 3671 2770 3741 priores,
2811 3668 2906 3724 sed
2946 3669 3036 3739 qui
3077 3683 3351 3735 sermone,
3395 3667 3793 3736 admonitione,

2192 3761 2419 3816 consilio
2443 3762 2678 3814 animum
2711 3769 2950 3814 nostrutn
2971 3769 3336 3828 componeret.
3349 3757 3482 3828 Quis
3507 3760 3596 3814 ille
3629 3775 3797 3830 porro

2192 3853 2313 3908 est?
2342 3851 2442 3922 Qui
2467 3851 2754 3907 attributus
2775 3861 2858 3906 cst
2887 3850 3173 3921 unicuique
3193 3855 3431 3906 nascenti
3463 3862 3636 3920 pater.
3668 3853 3797 3907 Ideo

2195 3963 2424 4018 namque
2452 3945 2575 4002 fecit
2603 3947 2760 4009 Deus,
2793 3955 2849 4000 ut
2887 3961 2917 3998 a
2963 3944 3274 4015 parentibus
3315 3945 3688 4015 diligeremur,
3735 3955 3799 4000 ut

2196 4054 2553 4112 praeceptores
2589 4040 2800 4095 virtutis
2831 4039 3168 4095 haberemus.
3200 4038 3316 4095 Non
3354 4040 3498 4095 enim
3537 4040 3796 4112 gettuisse

2196 4143 2400 4188 tantum
2447 4144 2654 4202 patrem
2695 4132 2882 4199 efficit,
2917 4133 3014 4189 sed
3045 4141 3192 4188 recte
3221 4132 3514 4188 instituisse
3558 4150 3573 4186 :
3619 4148 3797 4203 neque

2195 4224 2468 4295 peperisse
2507 4233 2732 4289 tantum,
2773 4224 2869 4279 sed
2906 4233 3051 4279 recte
3091 4224 3353 4280 educasse
3397 4233 3624 4279 matrem
3671 4225 3798 4279 red-

2193 4316 2292 4372 dit.
2318 4318 2496 4389 Atquo
2520 4316 2622 4372 hoc
2649 4332 2836 4372 verum
2865 4331 3004 4379 csse,
3041 4331 3214 4385 neque
3253 4324 3523 4380 naturam,
3551 4315 3650 4370 sed
3681 4315 3796 4370 vir-

2197 4415 2364 4464 tutem
2419 4418 2599 4478 patres
2639 4407 2878 4473 efficere,
2924 4407 3327 4462 confitebuntur
3371 4415 3623 4477 parentes
3667 4409 3799 4478 ipsi.

2195 4497 2336 4553 Sane
2361 4498 2578 4568 quidem
2609 4497 2746 4552 ﬁlios
2777 4511 2907 4552 suos
2945 4511 3091 4566 szepe
3114 4511 3238 4552 cum
3277 4495 3585 4566 depravatis
3631 4498 3799 4552 mori-

2200 4589 2300 4644 bus
2345 4604 2467 4644 csse
2509 4589 2766 4655 viderint,
2816 4598 2978 4660 atque
3026 4589 3080 4643 in
3125 4588 3524 4659 improbitatem
3559 4588 3800 4660 degene-

2201 4694 2370 4748 rasse,
2410 4696 2476 4735 ex
2522 4695 2744 4736 suorum
2770 4680 2890 4735 illos
2913 4690 3264 4750 cognatorum
3295 4694 3521 4735 numero
3543 4679 3796 4750 ejiciunt,

2197 4771 2466 4834 abdicant,
2508 4772 2643 4826 alios
2685 4771 2785 4826 sibi
2833 4769 3091 4840 adoptant
3136 4769 3295 4835 filios,
3348 4769 3439 4840 qui
3494 4771 3638 4825 nulla
3692 4773 3798 4828 sibi

2199 4869 2354 4915 erant
2378 4861 2776 4931 propinquitate
2793 4860 3086 4931 conjuncti.
3120 4862 3202 4914 An
3225 4875 3355 4914 vero
3375 4860 3669 4931 quidquam
3693 4862 3800 4918 hoc

2203 4954 2314 5008 lieri
2350 4964 2526 5022 potest
2552 4954 2870 5016 mirabilius,
2898 4969 3057 5022 quam
3085 4961 3142 5005 nt
3171 4967 3306 5022 quos
3334 4964 3655 5022 genueram,
3697 4953 3801 5022 eji-

2197 5049 2338 5102 ciant
2373 5065 2387 5100 :
2415 5061 2550 5116 quos
2574 5055 2752 5102 autem
2779 5062 2885 5100 non
2908 5055 3226 5115 genuerunt.
3257 5046 3358 5100 sibi
3385 5046 3726 5102 adsciscunt?

2271 5141 2438 5194 Liberi
2481 5141 2676 5194 arbitrii
2723 5141 2888 5208 major
2929 5140 3022 5205 vis,
3068 5155 3223 5208 quam
3260 5148 3490 5202 uolunt;
3515 5139 3612 5205 lilii
3651 5157 3799 5207 prora

2198 5232 2500 5286 abdicantur
2527 5249 2561 5286 ιι
2584 5230 3114 5303 parentibus—Non
3142 5230 3260 5284 sine
3287 5243 3445 5284 causa
3492 5229 3636 5283 dicta
3669 5241 3800 5285 sum

2203 5325 2368 5380 bacca
2401 5324 2576 5392 nobis,
2617 5323 2714 5379 sed
2759 5333 2817 5376 ut
2856 5322 2994 5378 scias
3036 5321 3295 5389 majorem
3336 5336 3458 5376 casse
3498 5321 3604 5374 vim
3640 5321 3795 5376 liberi

2199 5411 2403 5464 arbitrii
2431 5425 2590 5480 quam
2619 5417 2843 5473 naturae,
2871 5407 3221 5476 atqueipsam
3251 5407 3424 5475 potius
3454 5422 3615 5474 quam
3650 5407 3796 5460 illam

2202 5512 2381 5569 patres
2423 5501 2643 5555 efficere
2685 5500 3050 5552 consuevisse.
3102 5496 3391 5552 Enimvero
3441 5496 3638 5550 divina?
3693 5498 3798 5552 hoc

2199 5607 2334 5660 opus
2362 5591 2458 5645 fuit
2487 5589 2854 5658 providentia},
2885 5597 2942 5642 ut
2963 5603 3137 5657 neque
3158 5585 3384 5640 naturali
3409 5586 3601 5640 alTectu
3628 5587 3798 5641 desti-

2202 5694 2343 5738 tutos
2391 5684 2587 5738 liberos
2638 5683 2983 5752 relinqueret,
3029 5696 3207 5751 nequc
3256 5692 3425 5736 totum
3480 5695 3669 5734 rursus
3717 5682 3793 5735 ιΙΙι

2202 5779 2578 5832 committeret.
2617 5776 2674 5831 Si
2699 5775 2843 5830 enim
2887 5773 3032 5829 nulla
3061 5774 3278 5846 penitus
3319 5773 3528 5845 impulsi
3555 5775 3792 5830 necessi-
