  <div class='ocr_page' id='page_1' title='image "/cluster/home/n/w/nwhite01/storage/ocr_20150623/54/ien.35556001660810/270.png"; bbox 0 0 4086 6428; ppageno 0'>
   <div class='ocr_carea' id='block_1_1' title="bbox 242 425 350 482">
    <p class='ocr_par' dir='ltr' id='par_1_1' title="bbox 242 425 350 482">
     <span class='ocr_line' id='line_1_1' title="bbox 242 425 350 482; baseline 0 -3"><span class='ocrx_word' id='word_1_1' title='bbox 242 425 350 482; x_wconf 73' lang='lat'><strong>637</strong></span> 
     </span>
    </p>
   </div>
   <div class='ocr_carea' id='block_1_2' title="bbox 246 537 1866 610">
    <p class='ocr_par' dir='ltr' id='par_1_2' title="bbox 246 537 1866 610">
     <span class='ocr_line' id='line_1_2' title="bbox 246 537 1866 610; baseline -0.003 -13"><span class='ocrx_word' id='word_1_2' title='bbox 246 556 355 599; x_wconf 85' lang='lat' dir='ltr'><strong>tato</strong></span> <span class='ocrx_word' id='word_1_3' title='bbox 384 553 589 600; x_wconf 71' lang='lat' dir='ltr'><strong>natnrzt</strong></span> <span class='ocrx_word' id='word_1_4' title='bbox 626 543 760 597; x_wconf 87' lang='lat' dir='ltr'><strong>lilios</strong></span> <span class='ocrx_word' id='word_1_5' title='bbox 786 556 912 594; x_wconf 81' lang='lat' dir='ltr'><strong>suos</strong></span> <span class='ocrx_word' id='word_1_6' title='bbox 943 550 1191 610; x_wconf 71' lang='lat' dir='ltr'><strong>parentes</strong></span> <span class='ocrx_word' id='word_1_7' title='bbox 1221 539 1470 594; x_wconf 83' lang='lat' dir='ltr'><strong>dilecturi</strong></span> <span class='ocrx_word' id='word_1_8' title='bbox 1499 537 1750 606; x_wconf 82' lang='lat' dir='ltr'><strong>fuissent,</strong></span> <span class='ocrx_word' id='word_1_9' title='bbox 1770 537 1866 592; x_wconf 88' lang='lat' dir='ltr'><strong>sed</strong></span> 
     </span>
    </p>
   </div>
   <div class='ocr_carea' id='block_1_3' title="bbox 247 629 1867 706">
    <p class='ocr_par' dir='ltr' id='par_1_3' title="bbox 247 629 1867 706">
     <span class='ocr_line' id='line_1_3' title="bbox 247 629 1867 706; baseline -0.004 -15"><span class='ocrx_word' id='word_1_10' title='bbox 247 651 462 691; x_wconf 87' lang='lat' dir='ltr'><strong>morum</strong></span> <span class='ocrx_word' id='word_1_11' title='bbox 506 635 772 706; x_wconf 72' lang='lat' dir='ltr'><strong>probitate</strong></span> <span class='ocrx_word' id='word_1_12' title='bbox 819 643 1024 687; x_wconf 89' lang='lat' dir='ltr'><strong>tantum</strong></span> <span class='ocrx_word' id='word_1_13' title='bbox 1069 644 1124 688; x_wconf 93' lang='lat' dir='ltr'><strong>et</strong></span> <span class='ocrx_word' id='word_1_14' title='bbox 1172 641 1321 688; x_wconf 88' lang='lat' dir='ltr'><strong>recte</strong></span> <span class='ocrx_word' id='word_1_15' title='bbox 1374 631 1636 686; x_wconf 87' lang='lat' dir='ltr'><strong>factorum</strong></span> <span class='ocrx_word' id='word_1_16' title='bbox 1686 629 1867 684; x_wconf 90' lang='lat' dir='ltr'><strong>studio</strong></span> 
     </span>
    </p>
   </div>
   <div class='ocr_carea' id='block_1_4' title="bbox 246 722 1865 795">
    <p class='ocr_par' dir='ltr' id='par_1_4' title="bbox 246 722 1865 795">
     <span class='ocr_line' id='line_1_4' title="bbox 246 722 1865 795; baseline -0.002 -15"><span class='ocrx_word' id='word_1_17' title='bbox 246 728 421 794; x_wconf 90' lang='lat' dir='ltr'><strong>ducti,</strong></span> <span class='ocrx_word' id='word_1_18' title='bbox 453 728 651 782; x_wconf 90' lang='lat' dir='ltr'><strong>multos</strong></span> <span class='ocrx_word' id='word_1_19' title='bbox 682 726 920 795; x_wconf 85' lang='lat' dir='ltr'><strong>paternis</strong></span> <span class='ocrx_word' id='word_1_20' title='bbox 964 725 1170 780; x_wconf 70' lang='lat' dir='ltr'><strong>aedibus</strong></span> <span class='ocrx_word' id='word_1_21' title='bbox 1217 733 1438 781; x_wconf 83' lang='lat' dir='ltr'><strong>exactos</strong></span> <span class='ocrx_word' id='word_1_22' title='bbox 1481 724 1552 778; x_wconf 88' lang='lat' dir='ltr'><strong>ob</strong></span> <span class='ocrx_word' id='word_1_23' title='bbox 1599 722 1865 793; x_wconf 82' lang='lat' dir='ltr'><strong>ignaviam</strong></span> 
     </span>
    </p>
   </div>
   <div class='ocr_carea' id='block_1_5' title="bbox 248 815 1864 890">
    <p class='ocr_par' dir='ltr' id='par_1_5' title="bbox 248 815 1864 890">
     <span class='ocr_line' id='line_1_5' title="bbox 248 815 1864 890; baseline -0.004 -16"><span class='ocrx_word' id='word_1_24' title='bbox 248 831 428 886; x_wconf 82' lang='lat' dir='ltr'><strong>suam,</strong></span> <span class='ocrx_word' id='word_1_25' title='bbox 469 829 750 890; x_wconf 91' lang='lat' dir='ltr'><strong>totumque</strong></span> <span class='ocrx_word' id='word_1_26' title='bbox 785 834 959 890; x_wconf 85' lang='lat' dir='ltr'><strong>genus</strong></span> <span class='ocrx_word' id='word_1_27' title='bbox 991 818 1283 872; x_wconf 90' lang='lat' dir='ltr'><strong>humanum</strong></span> <span class='ocrx_word' id='word_1_28' title='bbox 1316 817 1518 886; x_wconf 89' lang='lat' dir='ltr'><strong>passim</strong></span> <span class='ocrx_word' id='word_1_29' title='bbox 1549 815 1864 870; x_wconf 88' lang='lat' dir='ltr'><strong>distractum</strong></span> 
     </span>
    </p>
   </div>
   <div class='ocr_carea' id='block_1_6' title="bbox 249 905 1862 981">
    <p class='ocr_par' dir='ltr' id='par_1_6' title="bbox 249 905 1862 981">
     <span class='ocr_line' id='line_1_6' title="bbox 249 905 1862 981; baseline -0.007 -12"><span class='ocrx_word' id='word_1_30' title='bbox 249 929 314 970; x_wconf 81' lang='lat' dir='ltr'><strong>ac</strong></span> <span class='ocrx_word' id='word_1_31' title='bbox 334 913 656 981; x_wconf 87' lang='lat' dir='ltr'><strong>dissipatum</strong></span> <span class='ocrx_word' id='word_1_32' title='bbox 685 910 936 966; x_wconf 89' lang='lat' dir='ltr'><strong>vidisses.</strong></span> <span class='ocrx_word' id='word_1_33' title='bbox 965 909 1021 965; x_wconf 88' lang='lat' dir='ltr'><strong>Si</strong></span> <span class='ocrx_word' id='word_1_34' title='bbox 1050 924 1237 964; x_wconf 82' lang='lat' dir='ltr'><strong>rursus</strong></span> <span class='ocrx_word' id='word_1_35' title='bbox 1259 923 1372 963; x_wconf 83' lang='lat' dir='ltr'><strong>rem</strong></span> <span class='ocrx_word' id='word_1_36' title='bbox 1401 917 1569 962; x_wconf 89' lang='lat' dir='ltr'><strong>totam</strong></span> <span class='ocrx_word' id='word_1_37' title='bbox 1594 905 1862 977; x_wconf 75' lang='lat' dir='ltr'><strong>tyrannidi</strong></span> 
     </span>
    </p>
   </div>
   <div class='ocr_carea' id='block_1_7' title="bbox 250 999 1864 1071">
    <p class='ocr_par' dir='ltr' id='par_1_7' title="bbox 250 999 1864 1071">
     <span class='ocr_line' id='line_1_7' title="bbox 250 999 1864 1071; baseline -0.004 -13"><span class='ocrx_word' id='word_1_38' title='bbox 250 1015 457 1058; x_wconf 69' lang='lat' dir='ltr'><strong>natura:</strong></span> <span class='ocrx_word' id='word_1_39' title='bbox 477 1002 860 1068; x_wconf 91' lang='lat' dir='ltr'><strong>commisisset,</strong></span> <span class='ocrx_word' id='word_1_40' title='bbox 888 1012 942 1055; x_wconf 93' lang='lat' dir='ltr'><strong>et</strong></span> <span class='ocrx_word' id='word_1_41' title='bbox 971 1017 1036 1056; x_wconf 93' lang='lat' dir='ltr'><strong>ne</strong></span> <span class='ocrx_word' id='word_1_42' title='bbox 1059 1001 1334 1071; x_wconf 88' lang='lat' dir='ltr'><strong>improbos</strong></span> <span class='ocrx_word' id='word_1_43' title='bbox 1357 999 1574 1070; x_wconf 87' lang='lat' dir='ltr'><strong>quidem</strong></span> <span class='ocrx_word' id='word_1_44' title='bbox 1595 999 1721 1052; x_wconf 92' lang='lat' dir='ltr'><strong>odio</strong></span> <span class='ocrx_word' id='word_1_45' title='bbox 1741 1011 1864 1066; x_wconf 85' lang='lat' dir='ltr'><strong>pro-</strong></span> 
     </span>
    </p>
   </div>
   <div class='ocr_carea' id='block_1_8' title="bbox 259 1090 1867 1166">
    <p class='ocr_par' dir='ltr' id='par_1_8' title="bbox 259 1090 1867 1166">
     <span class='ocr_line' id='line_1_8' title="bbox 259 1090 1867 1166; baseline -0.009 -14"><span class='ocrx_word' id='word_1_46' title='bbox 259 1095 404 1166; x_wconf 56' lang='lat' dir='ltr'><strong>:equi</strong></span> <span class='ocrx_word' id='word_1_47' title='bbox 436 1095 795 1164; x_wconf 81' lang='lat' dir='ltr'><strong>permisisset,</strong></span> <span class='ocrx_word' id='word_1_48' title='bbox 839 1093 932 1147; x_wconf 89' lang='lat' dir='ltr'><strong>sed</strong></span> <span class='ocrx_word' id='word_1_49' title='bbox 978 1094 1048 1146; x_wconf 90' lang='lat' dir='ltr'><strong>ab</strong></span> <span class='ocrx_word' id='word_1_50' title='bbox 1089 1093 1190 1146; x_wconf 86' lang='lat' dir='ltr'><strong>illis</strong></span> <span class='ocrx_word' id='word_1_51' title='bbox 1221 1090 1576 1146; x_wconf 90' lang='lat' dir='ltr'><strong>contumelias</strong></span> <span class='ocrx_word' id='word_1_52' title='bbox 1612 1100 1667 1144; x_wconf 91' lang='lat' dir='ltr'><strong>et</strong></span> <span class='ocrx_word' id='word_1_53' title='bbox 1710 1090 1867 1142; x_wconf 83' lang='lat' dir='ltr'><strong>iano-</strong></span> 
     </span>
    </p>
   </div>
   <div class='ocr_carea' id='block_1_9' title="bbox 249 1179 1863 1256">
    <p class='ocr_par' dir='ltr' id='par_1_9' title="bbox 249 1179 1863 1256">
     <span class='ocr_line' id='line_1_9' title="bbox 249 1179 1863 1256; baseline -0.007 -15"><span class='ocrx_word' id='word_1_54' title='bbox 249 1203 401 1241; x_wconf 86' lang='lat' dir='ltr'><strong>mera</strong></span> <span class='ocrx_word' id='word_1_55' title='bbox 434 1186 570 1241; x_wconf 89' lang='lat' dir='ltr'><strong>mala</strong></span> <span class='ocrx_word' id='word_1_56' title='bbox 605 1184 748 1256; x_wconf 81' lang='lat' dir='ltr'><strong>passi</strong></span> <span class='ocrx_word' id='word_1_57' title='bbox 799 1194 981 1253; x_wconf 90' lang='lat' dir='ltr'><strong>patres</strong></span> <span class='ocrx_word' id='word_1_58' title='bbox 1020 1194 1226 1237; x_wconf 68' lang='lat' dir='ltr'><strong>natura:</strong></span> <span class='ocrx_word' id='word_1_59' title='bbox 1267 1181 1588 1236; x_wconf 89' lang='lat' dir='ltr'><strong>necessitate</strong></span> <span class='ocrx_word' id='word_1_60' title='bbox 1630 1179 1863 1233; x_wconf 78' lang='lat' dir='ltr'><strong>devincti</strong></span> 
     </span>
    </p>
   </div>
   <div class='ocr_carea' id='block_1_10' title="bbox 250 1267 1864 1332">
    <p class='ocr_par' dir='ltr' id='par_1_10' title="bbox 250 1267 1864 1332">
     <span class='ocr_line' id='line_1_10' title="bbox 250 1267 1864 1332; baseline -0.006 0"><span class='ocrx_word' id='word_1_61' title='bbox 250 1279 376 1332; x_wconf 90' lang='lat' dir='ltr'><strong>tiliis</strong></span> <span class='ocrx_word' id='word_1_62' title='bbox 408 1279 459 1332; x_wconf 90' lang='lat' dir='ltr'><strong>in</strong></span> <span class='ocrx_word' id='word_1_63' title='bbox 491 1293 551 1331; x_wconf 91' lang='lat' dir='ltr'><strong>se</strong></span> <span class='ocrx_word' id='word_1_64' title='bbox 577 1275 987 1331; x_wconf 79' lang='lat' dir='ltr'><strong>contumeliasis</strong></span> <span class='ocrx_word' id='word_1_65' title='bbox 1029 1289 1093 1328; x_wconf 89' lang='lat' dir='ltr'><strong>ae</strong></span> <span class='ocrx_word' id='word_1_66' title='bbox 1135 1271 1594 1328; x_wconf 85' lang='lat' dir='ltr'><strong>debacchantibus</strong></span> <span class='ocrx_word' id='word_1_67' title='bbox 1633 1267 1864 1325; x_wconf 90' lang='lat' dir='ltr'><strong>blandiri</strong></span> 
     </span>
    </p>
   </div>
   <div class='ocr_carea' id='block_1_11' title="bbox 248 1364 1864 1436">
    <p class='ocr_par' dir='ltr' id='par_1_11' title="bbox 248 1364 1864 1436">
     <span class='ocr_line' id='line_1_11' title="bbox 248 1364 1864 1436; baseline -0.007 -11"><span class='ocrx_word' id='word_1_68' title='bbox 248 1387 358 1424; x_wconf 89' lang='lat' dir='ltr'><strong>non</strong></span> <span class='ocrx_word' id='word_1_69' title='bbox 391 1379 722 1436; x_wconf 79' lang='lat' dir='ltr'><strong>cessassent,</strong></span> <span class='ocrx_word' id='word_1_70' title='bbox 755 1369 821 1422; x_wconf 89' lang='lat' dir='ltr'><strong>ad</strong></span> <span class='ocrx_word' id='word_1_71' title='bbox 852 1383 1123 1422; x_wconf 89' lang='lat' dir='ltr'><strong>summum</strong></span> <span class='ocrx_word' id='word_1_72' title='bbox 1166 1364 1420 1436; x_wconf 79' lang='lat' dir='ltr'><strong>nequitia:</strong></span> <span class='ocrx_word' id='word_1_73' title='bbox 1453 1365 1666 1417; x_wconf 89' lang='lat' dir='ltr'><strong>culmen</strong></span> <span class='ocrx_word' id='word_1_74' title='bbox 1694 1375 1864 1430; x_wconf 87' lang='lat' dir='ltr'><strong>genus</strong></span> 
     </span>
    </p>
   </div>
   <div class='ocr_carea' id='block_1_12' title="bbox 250 1453 1864 1532">
    <p class='ocr_par' dir='ltr' id='par_1_12' title="bbox 250 1453 1864 1532">
     <span class='ocr_line' id='line_1_12' title="bbox 250 1453 1864 1532; baseline -0.007 -17"><span class='ocrx_word' id='word_1_75' title='bbox 250 1463 549 1516; x_wconf 91' lang='lat' dir='ltr'><strong>humanum</strong></span> <span class='ocrx_word' id='word_1_76' title='bbox 579 1469 888 1532; x_wconf 78' lang='lat' dir='ltr'><strong>provectum</strong></span> <span class='ocrx_word' id='word_1_77' title='bbox 911 1468 1074 1514; x_wconf 92' lang='lat' dir='ltr'><strong>esset.</strong></span> <span class='ocrx_word' id='word_1_78' title='bbox 1100 1456 1231 1513; x_wconf 82' lang='lat' dir='ltr'><strong>Nam</strong></span> <span class='ocrx_word' id='word_1_79' title='bbox 1255 1456 1300 1510; x_wconf 91' lang='lat' dir='ltr'><strong>si</strong></span> <span class='ocrx_word' id='word_1_80' title='bbox 1327 1469 1473 1510; x_wconf 90' lang='lat' dir='ltr'><strong>nunc</strong></span> <span class='ocrx_word' id='word_1_81' title='bbox 1493 1470 1617 1509; x_wconf 90' lang='lat' dir='ltr'><strong>cum</strong></span> <span class='ocrx_word' id='word_1_82' title='bbox 1643 1453 1864 1506; x_wconf 90' lang='lat' dir='ltr'><strong>omnino</strong></span> 
     </span>
    </p>
   </div>
   <div class='ocr_carea' id='block_1_13' title="bbox 245 1546 1860 1623">
    <p class='ocr_par' dir='ltr' id='par_1_13' title="bbox 245 1546 1860 1623">
     <span class='ocr_line' id='line_1_13' title="bbox 245 1546 1860 1623; baseline -0.007 -14"><span class='ocrx_word' id='word_1_83' title='bbox 245 1556 525 1612; x_wconf 67' lang='lat' dir='ltr'><strong>conlidere</strong></span> <span class='ocrx_word' id='word_1_84' title='bbox 556 1566 760 1609; x_wconf 73' lang='lat' dir='ltr'><strong>naturzr</strong></span> <span class='ocrx_word' id='word_1_85' title='bbox 788 1571 894 1608; x_wconf 92' lang='lat' dir='ltr'><strong>non</strong></span> <span class='ocrx_word' id='word_1_86' title='bbox 925 1553 1134 1623; x_wconf 88' lang='lat' dir='ltr'><strong>possint</strong></span> <span class='ocrx_word' id='word_1_87' title='bbox 1165 1551 1281 1615; x_wconf 87' lang='lat' dir='ltr'><strong>lilii,</strong></span> <span class='ocrx_word' id='word_1_88' title='bbox 1310 1549 1406 1604; x_wconf 89' lang='lat' dir='ltr'><strong>sed</strong></span> <span class='ocrx_word' id='word_1_89' title='bbox 1441 1550 1642 1603; x_wconf 87' lang='lat' dir='ltr'><strong>multos</strong></span> <span class='ocrx_word' id='word_1_90' title='bbox 1666 1546 1860 1612; x_wconf 86' lang='lat' dir='ltr'><strong>sciant,</strong></span> 
     </span>
    </p>
   </div>
   <div class='ocr_carea' id='block_1_14' title="bbox 246 1640 1863 1716">
    <p class='ocr_par' dir='ltr' id='par_1_14' title="bbox 246 1640 1863 1716">
     <span class='ocr_line' id='line_1_14' title="bbox 246 1640 1863 1716; baseline -0.006 -16"><span class='ocrx_word' id='word_1_91' title='bbox 246 1664 373 1702; x_wconf 85' lang='lat' dir='ltr'><strong>cum</strong></span> <span class='ocrx_word' id='word_1_92' title='bbox 400 1647 678 1716; x_wconf 74' lang='lat' dir='ltr'><strong>depravati</strong></span> <span class='ocrx_word' id='word_1_93' title='bbox 709 1655 912 1709; x_wconf 88' lang='lat' dir='ltr'><strong>essent,</strong></span> <span class='ocrx_word' id='word_1_94' title='bbox 941 1654 998 1698; x_wconf 90' lang='lat' dir='ltr'><strong>et</strong></span> <span class='ocrx_word' id='word_1_95' title='bbox 1027 1643 1191 1698; x_wconf 84' lang='lat' dir='ltr'><strong>domo</strong></span> <span class='ocrx_word' id='word_1_96' title='bbox 1220 1649 1275 1697; x_wconf 92' lang='lat' dir='ltr'><strong>et</strong></span> <span class='ocrx_word' id='word_1_97' title='bbox 1304 1640 1648 1707; x_wconf 81' lang='lat' dir='ltr'><strong>facultatibus</strong></span> <span class='ocrx_word' id='word_1_98' title='bbox 1679 1649 1863 1708; x_wconf 87' lang='lat' dir='ltr'><strong>pater-</strong></span> 
     </span>
    </p>
   </div>
   <div class='ocr_carea' id='block_1_15' title="bbox 249 1730 1862 1805">
    <p class='ocr_par' dir='ltr' id='par_1_15' title="bbox 249 1730 1862 1805">
     <span class='ocr_line' id='line_1_15' title="bbox 249 1730 1862 1805; baseline -0.004 -16"><span class='ocrx_word' id='word_1_99' title='bbox 249 1741 334 1793; x_wconf 79' lang='lat' dir='ltr'><strong>nis</strong></span> <span class='ocrx_word' id='word_1_100' title='bbox 365 1739 653 1800; x_wconf 79' lang='lat' dir='ltr'><strong>exridisse,</strong></span> <span class='ocrx_word' id='word_1_101' title='bbox 684 1751 830 1805; x_wconf 63' lang='lat' dir='ltr'><strong>suape</strong></span> <span class='ocrx_word' id='word_1_102' title='bbox 861 1745 1039 1789; x_wconf 90' lang='lat' dir='ltr'><strong>tamen</strong></span> <span class='ocrx_word' id='word_1_103' title='bbox 1069 1744 1351 1804; x_wconf 87' lang='lat' dir='ltr'><strong>parentum</strong></span> <span class='ocrx_word' id='word_1_104' title='bbox 1375 1746 1561 1786; x_wconf 88' lang='lat' dir='ltr'><strong>amore</strong></span> <span class='ocrx_word' id='word_1_105' title='bbox 1587 1730 1710 1785; x_wconf 89' lang='lat' dir='ltr'><strong>freti</strong></span> <span class='ocrx_word' id='word_1_106' title='bbox 1733 1745 1862 1784; x_wconf 89' lang='lat' dir='ltr'><strong>con-</strong></span> 
     </span>
    </p>
   </div>
   <div class='ocr_carea' id='block_1_16' title="bbox 249 1821 1864 1895">
    <p class='ocr_par' dir='ltr' id='par_1_16' title="bbox 249 1821 1864 1895">
     <span class='ocr_line' id='line_1_16' title="bbox 249 1821 1864 1895; baseline -0.006 -11"><span class='ocrx_word' id='word_1_107' title='bbox 249 1831 492 1884; x_wconf 84' lang='lat' dir='ltr'><strong>tumeliis</strong></span> <span class='ocrx_word' id='word_1_108' title='bbox 520 1844 617 1884; x_wconf 88' lang='lat' dir='ltr'><strong>eos</strong></span> <span class='ocrx_word' id='word_1_109' title='bbox 646 1828 890 1882; x_wconf 87' lang='lat' dir='ltr'><strong>alliciunt</strong></span> <span class='ocrx_word' id='word_1_110' title='bbox 918 1844 931 1880; x_wconf 94' lang='lat'><strong>:</strong></span> <span class='ocrx_word' id='word_1_111' title='bbox 967 1825 1068 1880; x_wconf 87' lang='lat' dir='ltr'><strong>nisi</strong></span> <span class='ocrx_word' id='word_1_112' title='bbox 1098 1823 1434 1895; x_wconf 85' lang='lat' dir='ltr'><strong>permisisset</strong></span> <span class='ocrx_word' id='word_1_113' title='bbox 1463 1823 1622 1888; x_wconf 90' lang='lat' dir='ltr'><strong>Dens,</strong></span> <span class='ocrx_word' id='word_1_114' title='bbox 1656 1831 1716 1876; x_wconf 90' lang='lat' dir='ltr'><strong>ut</strong></span> <span class='ocrx_word' id='word_1_115' title='bbox 1741 1821 1864 1875; x_wconf 89' lang='lat' dir='ltr'><strong>illos</strong></span> 
     </span>
    </p>
   </div>
   <div class='ocr_carea' id='block_1_17' title="bbox 248 1914 1865 1986">
    <p class='ocr_par' dir='ltr' id='par_1_17' title="bbox 248 1914 1865 1986">
     <span class='ocr_line' id='line_1_17' title="bbox 248 1914 1865 1986; baseline -0.006 -10"><span class='ocrx_word' id='word_1_116' title='bbox 248 1923 499 1978; x_wconf 79' lang='lat' dir='ltr'><strong>succensi</strong></span> <span class='ocrx_word' id='word_1_117' title='bbox 551 1921 960 1985; x_wconf 87' lang='lat' dir='ltr'><strong>ulciscerentur,</strong></span> <span class='ocrx_word' id='word_1_118' title='bbox 1013 1927 1069 1973; x_wconf 91' lang='lat' dir='ltr'><strong>et</strong></span> <span class='ocrx_word' id='word_1_119' title='bbox 1113 1915 1390 1986; x_wconf 87' lang='lat' dir='ltr'><strong>improbos</strong></span> <span class='ocrx_word' id='word_1_120' title='bbox 1440 1915 1608 1971; x_wconf 89' lang='lat' dir='ltr'><strong>factos</strong></span> <span class='ocrx_word' id='word_1_121' title='bbox 1663 1914 1865 1970; x_wconf 90' lang='lat' dir='ltr'><strong>liberos</strong></span> 
     </span>
    </p>
   </div>
   <div class='ocr_carea' id='block_1_18' title="bbox 251 2007 1865 2084">
    <p class='ocr_par' dir='ltr' id='par_1_18' title="bbox 251 2007 1865 2084">
     <span class='ocr_line' id='line_1_18' title="bbox 251 2007 1865 2084; baseline -0.006 -19"><span class='ocrx_word' id='word_1_122' title='bbox 251 2015 439 2084; x_wconf 83' lang='lat' dir='ltr'><strong>procul</strong></span> <span class='ocrx_word' id='word_1_123' title='bbox 467 2012 842 2074; x_wconf 87' lang='lat' dir='ltr'><strong>amandarent,</strong></span> <span class='ocrx_word' id='word_1_124' title='bbox 869 2026 979 2081; x_wconf 92' lang='lat' dir='ltr'><strong>quo</strong></span> <span class='ocrx_word' id='word_1_125' title='bbox 1009 2025 1115 2064; x_wconf 88' lang='lat' dir='ltr'><strong>non</strong></span> <span class='ocrx_word' id='word_1_126' title='bbox 1147 2023 1206 2063; x_wconf 90' lang='lat' dir='ltr'><strong>se</strong></span> <span class='ocrx_word' id='word_1_127' title='bbox 1237 2007 1487 2076; x_wconf 75' lang='lat' dir='ltr'><strong>nequitiae</strong></span> <span class='ocrx_word' id='word_1_128' title='bbox 1517 2021 1716 2076; x_wconf 78' lang='lat' dir='ltr'><strong>genere</strong></span> <span class='ocrx_word' id='word_1_129' title='bbox 1742 2020 1865 2058; x_wconf 85' lang='lat' dir='ltr'><strong>con-</strong></span> 
     </span>
    </p>
   </div>
   <div class='ocr_carea' id='block_1_19' title="bbox 251 2097 1862 2163">
    <p class='ocr_par' dir='ltr' id='par_1_19' title="bbox 251 2097 1862 2163">
     <span class='ocr_line' id='line_1_19' title="bbox 251 2097 1862 2163; baseline -0.007 -3"><span class='ocrx_word' id='word_1_130' title='bbox 251 2104 644 2160; x_wconf 78' lang='lat' dir='ltr'><strong>taminassent?</strong></span> <span class='ocrx_word' id='word_1_131' title='bbox 663 2103 790 2158; x_wconf 82' lang='lat' dir='ltr'><strong>Ideo</strong></span> <span class='ocrx_word' id='word_1_132' title='bbox 815 2111 870 2157; x_wconf 92' lang='lat' dir='ltr'><strong>et</strong></span> <span class='ocrx_word' id='word_1_133' title='bbox 897 2111 1102 2156; x_wconf 76' lang='lat' dir='ltr'><strong>natura:</strong></span> <span class='ocrx_word' id='word_1_134' title='bbox 1125 2099 1468 2163; x_wconf 88' lang='lat' dir='ltr'><strong>necessitate,</strong></span> <span class='ocrx_word' id='word_1_135' title='bbox 1492 2107 1549 2153; x_wconf 90' lang='lat' dir='ltr'><strong>et</strong></span> <span class='ocrx_word' id='word_1_136' title='bbox 1570 2097 1862 2151; x_wconf 88' lang='lat' dir='ltr'><strong>liberorum</strong></span> 
     </span>
    </p>
   </div>
   <div class='ocr_carea' id='block_1_20' title="bbox 251 2191 1866 2266">
    <p class='ocr_par' dir='ltr' id='par_1_20' title="bbox 251 2191 1866 2266">
     <span class='ocr_line' id='line_1_20' title="bbox 251 2191 1866 2266; baseline -0.007 -14"><span class='ocrx_word' id='word_1_137' title='bbox 251 2197 497 2252; x_wconf 84' lang='lat' dir='ltr'><strong>moribus</strong></span> <span class='ocrx_word' id='word_1_138' title='bbox 525 2197 618 2250; x_wconf 92' lang='lat' dir='ltr'><strong>niti</strong></span> <span class='ocrx_word' id='word_1_139' title='bbox 647 2204 927 2266; x_wconf 84' lang='lat' dir='ltr'><strong>parentum</strong></span> <span class='ocrx_word' id='word_1_140' title='bbox 949 2207 1192 2248; x_wconf 91' lang='lat' dir='ltr'><strong>amorem</strong></span> <span class='ocrx_word' id='word_1_141' title='bbox 1215 2191 1383 2246; x_wconf 91' lang='lat' dir='ltr'><strong>voluit</strong></span> <span class='ocrx_word' id='word_1_142' title='bbox 1409 2191 1572 2257; x_wconf 90' lang='lat' dir='ltr'><strong>Deus,</strong></span> <span class='ocrx_word' id='word_1_143' title='bbox 1595 2197 1729 2244; x_wconf 90' lang='lat' dir='ltr'><strong>utet</strong></span> <span class='ocrx_word' id='word_1_144' title='bbox 1753 2204 1866 2242; x_wconf 86' lang='lat' dir='ltr'><strong>me-</strong></span> 
     </span>
    </p>
   </div>
   <div class='ocr_carea' id='block_1_21' title="bbox 249 2285 1864 2359">
    <p class='ocr_par' dir='ltr' id='par_1_21' title="bbox 249 2285 1864 2359">
     <span class='ocr_line' id='line_1_21' title="bbox 249 2285 1864 2359; baseline -0.005 -14"><span class='ocrx_word' id='word_1_145' title='bbox 249 2292 509 2346; x_wconf 89' lang='lat' dir='ltr'><strong>diocriter</strong></span> <span class='ocrx_word' id='word_1_146' title='bbox 553 2289 900 2359; x_wconf 76' lang='lat' dir='ltr'><strong>peccantibus</strong></span> <span class='ocrx_word' id='word_1_147' title='bbox 949 2287 1154 2351; x_wconf 90' lang='lat' dir='ltr'><strong>liberis,</strong></span> <span class='ocrx_word' id='word_1_148' title='bbox 1201 2285 1269 2340; x_wconf 88' lang='lat' dir='ltr'><strong>ad</strong></span> <span class='ocrx_word' id='word_1_149' title='bbox 1315 2286 1417 2340; x_wconf 89' lang='lat' dir='ltr'><strong>hoc</strong></span> <span class='ocrx_word' id='word_1_150' title='bbox 1455 2299 1553 2340; x_wconf 88' lang='lat' dir='ltr'><strong>eos</strong></span> <span class='ocrx_word' id='word_1_151' title='bbox 1601 2285 1864 2339; x_wconf 81' lang='lat' dir='ltr'><strong>invitante</strong></span> 
     </span>
    </p>
   </div>
   <div class='ocr_carea' id='block_1_22' title="bbox 249 2377 1860 2448">
    <p class='ocr_par' dir='ltr' id='par_1_22' title="bbox 249 2377 1860 2448">
     <span class='ocr_line' id='line_1_22' title="bbox 249 2377 1860 2448; baseline -0.005 -10"><span class='ocrx_word' id='word_1_152' title='bbox 249 2394 464 2448; x_wconf 88' lang='lat' dir='ltr'><strong>natura,</strong></span> <span class='ocrx_word' id='word_1_153' title='bbox 499 2385 709 2437; x_wconf 82' lang='lat' dir='ltr'><strong>veniam</strong></span> <span class='ocrx_word' id='word_1_154' title='bbox 739 2381 950 2442; x_wconf 87' lang='lat' dir='ltr'><strong>darent,</strong></span> <span class='ocrx_word' id='word_1_155' title='bbox 979 2390 1034 2434; x_wconf 89' lang='lat' dir='ltr'><strong>et</strong></span> <span class='ocrx_word' id='word_1_156' title='bbox 1063 2379 1385 2448; x_wconf 88' lang='lat' dir='ltr'><strong>depravatos</strong></span> <span class='ocrx_word' id='word_1_157' title='bbox 1419 2388 1581 2448; x_wconf 86' lang='lat' dir='ltr'><strong>atque</strong></span> <span class='ocrx_word' id='word_1_158' title='bbox 1610 2377 1860 2431; x_wconf 87' lang='lat' dir='ltr'><strong>immedi-</strong></span> 
     </span>
    </p>
   </div>
   <div class='ocr_carea' id='block_1_23' title="bbox 249 2469 1864 2542">
    <p class='ocr_par' dir='ltr' id='par_1_23' title="bbox 249 2469 1864 2542">
     <span class='ocr_line' id='line_1_23' title="bbox 249 2469 1864 2542; baseline -0.005 -12"><span class='ocrx_word' id='word_1_159' title='bbox 249 2476 412 2532; x_wconf 86' lang='lat' dir='ltr'><strong>cabili</strong></span> <span class='ocrx_word' id='word_1_160' title='bbox 445 2476 637 2530; x_wconf 87' lang='lat' dir='ltr'><strong>morbo</strong></span> <span class='ocrx_word' id='word_1_161' title='bbox 668 2474 973 2528; x_wconf 84' lang='lat' dir='ltr'><strong>laborantes</strong></span> <span class='ocrx_word' id='word_1_162' title='bbox 999 2473 1272 2542; x_wconf 84' lang='lat' dir='ltr'><strong>punirent,</strong></span> <span class='ocrx_word' id='word_1_163' title='bbox 1314 2488 1381 2526; x_wconf 93' lang='lat' dir='ltr'><strong>ne</strong></span> <span class='ocrx_word' id='word_1_164' title='bbox 1419 2472 1484 2525; x_wconf 90' lang='lat' dir='ltr'><strong>ad</strong></span> <span class='ocrx_word' id='word_1_165' title='bbox 1527 2473 1716 2525; x_wconf 82' lang='lat' dir='ltr'><strong>vitium</strong></span> <span class='ocrx_word' id='word_1_166' title='bbox 1745 2469 1864 2523; x_wconf 86' lang='lat' dir='ltr'><strong>illos</strong></span> 
     </span>
    </p>
   </div>
   <div class='ocr_carea' id='block_1_24' title="bbox 251 2563 1860 2639">
    <p class='ocr_par' dir='ltr' id='par_1_24' title="bbox 251 2563 1860 2639">
     <span class='ocr_line' id='line_1_24' title="bbox 251 2563 1860 2639; baseline -0.005 -17"><span class='ocrx_word' id='word_1_167' title='bbox 251 2566 584 2639; x_wconf 73' lang='lat' dir='ltr'><strong>indulgentia</strong></span> <span class='ocrx_word' id='word_1_168' title='bbox 615 2580 709 2621; x_wconf 90' lang='lat' dir='ltr'><strong>sua</strong></span> <span class='ocrx_word' id='word_1_169' title='bbox 741 2566 1041 2631; x_wconf 88' lang='lat' dir='ltr'><strong>erudirent,</strong></span> <span class='ocrx_word' id='word_1_170' title='bbox 1084 2566 1128 2618; x_wconf 92' lang='lat' dir='ltr'><strong>si</strong></span> <span class='ocrx_word' id='word_1_171' title='bbox 1161 2575 1352 2618; x_wconf 86' lang='lat' dir='ltr'><strong>natura</strong></span> <span class='ocrx_word' id='word_1_172' title='bbox 1386 2577 1574 2617; x_wconf 88' lang='lat' dir='ltr'><strong>rursus</strong></span> <span class='ocrx_word' id='word_1_173' title='bbox 1601 2563 1860 2624; x_wconf 90' lang='lat' dir='ltr'><strong>vinceret,</strong></span> 
     </span>
    </p>
   </div>
   <div class='ocr_carea' id='block_1_25' title="bbox 249 2656 1864 2732">
    <p class='ocr_par' dir='ltr' id='par_1_25' title="bbox 249 2656 1864 2732">
     <span class='ocr_line' id='line_1_25' title="bbox 249 2656 1864 2732; baseline -0.006 -16"><span class='ocrx_word' id='word_1_174' title='bbox 249 2676 455 2732; x_wconf 85' lang='lat' dir='ltr'><strong>eosque</strong></span> <span class='ocrx_word' id='word_1_175' title='bbox 484 2662 669 2717; x_wconf 90' lang='lat' dir='ltr'><strong>liberis</strong></span> <span class='ocrx_word' id='word_1_176' title='bbox 698 2661 810 2714; x_wconf 84' lang='lat' dir='ltr'><strong>suis</strong></span> <span class='ocrx_word' id='word_1_177' title='bbox 838 2659 1066 2714; x_wconf 83' lang='lat' dir='ltr'><strong>blandiri</strong></span> <span class='ocrx_word' id='word_1_178' title='bbox 1115 2668 1355 2728; x_wconf 78' lang='lat' dir='ltr'><strong>cogeret,</strong></span> <span class='ocrx_word' id='word_1_179' title='bbox 1397 2659 1560 2712; x_wconf 89' lang='lat' dir='ltr'><strong>etiam</strong></span> <span class='ocrx_word' id='word_1_180' title='bbox 1603 2672 1725 2710; x_wconf 90' lang='lat' dir='ltr'><strong>cum</strong></span> <span class='ocrx_word' id='word_1_181' title='bbox 1759 2656 1864 2708; x_wconf 80' lang='lat' dir='ltr'><strong>im-</strong></span> 
     </span>
    </p>
   </div>
   <div class='ocr_carea' id='block_1_26' title="bbox 251 2749 1862 2825">
    <p class='ocr_par' dir='ltr' id='par_1_26' title="bbox 251 2749 1862 2825">
     <span class='ocr_line' id='line_1_26' title="bbox 251 2749 1862 2825; baseline -0.004 -16"><span class='ocrx_word' id='word_1_182' title='bbox 251 2755 407 2825; x_wconf 85' lang='lat' dir='ltr'><strong>probi</strong></span> <span class='ocrx_word' id='word_1_183' title='bbox 424 2764 629 2810; x_wconf 84' lang='lat' dir='ltr'><strong>essent.</strong></span> <span class='ocrx_word' id='word_1_184' title='bbox 648 2752 874 2820; x_wconf 76' lang='lat' dir='ltr'><strong>Quanta:</strong></span> <span class='ocrx_word' id='word_1_185' title='bbox 891 2753 1014 2816; x_wconf 88' lang='lat' dir='ltr'><strong>hoc,</strong></span> <span class='ocrx_word' id='word_1_186' title='bbox 1034 2767 1242 2822; x_wconf 78' lang='lat' dir='ltr'><strong>quzcso,</strong></span> <span class='ocrx_word' id='word_1_187' title='bbox 1265 2749 1634 2820; x_wconf 66' lang='lat' dir='ltr'><strong>providentiae,</strong></span> <span class='ocrx_word' id='word_1_188' title='bbox 1659 2765 1781 2802; x_wconf 91' lang='lat' dir='ltr'><strong>cum</strong></span> <span class='ocrx_word' id='word_1_189' title='bbox 1808 2759 1862 2802; x_wconf 91' lang='lat' dir='ltr'><strong>et</strong></span> 
     </span>
    </p>
   </div>
   <div class='ocr_carea' id='block_1_27' title="bbox 249 2845 1866 2919">
    <p class='ocr_par' dir='ltr' id='par_1_27' title="bbox 249 2845 1866 2919">
     <span class='ocr_line' id='line_1_27' title="bbox 249 2845 1866 2919; baseline -0.004 -16"><span class='ocrx_word' id='word_1_190' title='bbox 249 2849 479 2919; x_wconf 76' lang='lat' dir='ltr'><strong>diligere</strong></span> <span class='ocrx_word' id='word_1_191' title='bbox 516 2847 704 2918; x_wconf 87' lang='lat' dir='ltr'><strong>jubeat</strong></span> <span class='ocrx_word' id='word_1_192' title='bbox 741 2858 797 2901; x_wconf 91' lang='lat' dir='ltr'><strong>et</strong></span> <span class='ocrx_word' id='word_1_193' title='bbox 839 2847 1011 2900; x_wconf 91' lang='lat' dir='ltr'><strong>amori</strong></span> <span class='ocrx_word' id='word_1_194' title='bbox 1055 2845 1276 2900; x_wconf 89' lang='lat' dir='ltr'><strong>modum</strong></span> <span class='ocrx_word' id='word_1_195' title='bbox 1319 2860 1541 2913; x_wconf 75' lang='lat' dir='ltr'><strong>ponere,</strong></span> <span class='ocrx_word' id='word_1_196' title='bbox 1582 2854 1638 2898; x_wconf 90' lang='lat' dir='ltr'><strong>et</strong></span> <span class='ocrx_word' id='word_1_197' title='bbox 1677 2857 1866 2897; x_wconf 80' lang='lat' dir='ltr'><strong>l’urSttS</strong></span> 
     </span>
    </p>
   </div>
   <div class='ocr_carea' id='block_1_28' title="bbox 248 2935 1865 3008">
    <p class='ocr_par' dir='ltr' id='par_1_28' title="bbox 248 2935 1865 3008">
     <span class='ocr_line' id='line_1_28' title="bbox 248 2935 1865 3008; baseline -0.001 -18"><span class='ocrx_word' id='word_1_198' title='bbox 248 2941 473 3008; x_wconf 74' lang='lat' dir='ltr'><strong>optima:</strong></span> <span class='ocrx_word' id='word_1_199' title='bbox 504 2939 796 2993; x_wconf 87' lang='lat' dir='ltr'><strong>liberorum</strong></span> <span class='ocrx_word' id='word_1_200' title='bbox 840 2936 1145 2992; x_wconf 87' lang='lat' dir='ltr'><strong>educationi</strong></span> <span class='ocrx_word' id='word_1_201' title='bbox 1185 2937 1492 2990; x_wconf 77' lang='lat' dir='ltr'><strong>mercedem</strong></span> <span class='ocrx_word' id='word_1_202' title='bbox 1540 2935 1865 2990; x_wconf 78' lang='lat' dir='ltr'><strong>constituat?</strong></span> 
     </span>
    </p>
   </div>
   <div class='ocr_carea' id='block_1_29' title="bbox 249 3027 1862 3099">
    <p class='ocr_par' dir='ltr' id='par_1_29' title="bbox 249 3027 1862 3099">
     <span class='ocr_line' id='line_1_29' title="bbox 249 3027 1862 3099; baseline -0.004 -15"><span class='ocrx_word' id='word_1_203' title='bbox 249 3030 590 3099; x_wconf 72' lang='lat' dir='ltr'><strong>l‘i-Oposilam</strong></span> <span class='ocrx_word' id='word_1_204' title='bbox 619 3029 763 3084; x_wconf 91' lang='lat' dir='ltr'><strong>enim</strong></span> <span class='ocrx_word' id='word_1_205' title='bbox 787 3043 911 3083; x_wconf 89' lang='lat' dir='ltr'><strong>esse</strong></span> <span class='ocrx_word' id='word_1_206' title='bbox 933 3027 1236 3082; x_wconf 88' lang='lat' dir='ltr'><strong>mercedem</strong></span> <span class='ocrx_word' id='word_1_207' title='bbox 1264 3039 1318 3082; x_wconf 92' lang='lat' dir='ltr'><strong>et</strong></span> <span class='ocrx_word' id='word_1_208' title='bbox 1345 3042 1451 3080; x_wconf 89' lang='lat' dir='ltr'><strong>non</strong></span> <span class='ocrx_word' id='word_1_209' title='bbox 1477 3027 1606 3080; x_wconf 89' lang='lat' dir='ltr'><strong>viris</strong></span> <span class='ocrx_word' id='word_1_210' title='bbox 1632 3035 1862 3093; x_wconf 87' lang='lat' dir='ltr'><strong>tantum,</strong></span> 
     </span>
    </p>
   </div>
   <div class='ocr_carea' id='block_1_30' title="bbox 248 3119 1864 3190">
    <p class='ocr_par' dir='ltr' id='par_1_30' title="bbox 248 3119 1864 3190">
     <span class='ocr_line' id='line_1_30' title="bbox 248 3119 1864 3190; baseline -0.002 -12"><span class='ocrx_word' id='word_1_211' title='bbox 248 3121 347 3178; x_wconf 85' lang='lat' dir='ltr'><strong>sed</strong></span> <span class='ocrx_word' id='word_1_212' title='bbox 373 3122 537 3177; x_wconf 88' lang='lat' dir='ltr'><strong>etiam</strong></span> <span class='ocrx_word' id='word_1_213' title='bbox 568 3121 782 3176; x_wconf 80' lang='lat' dir='ltr'><strong>feminis</strong></span> <span class='ocrx_word' id='word_1_214' title='bbox 813 3130 870 3176; x_wconf 92' lang='lat' dir='ltr'><strong>ut</strong></span> <span class='ocrx_word' id='word_1_215' title='bbox 896 3121 1184 3190; x_wconf 80' lang='lat' dir='ltr'><strong>intelligas,</strong></span> <span class='ocrx_word' id='word_1_216' title='bbox 1218 3119 1340 3176; x_wconf 87' lang='lat' dir='ltr'><strong>andi</strong></span> <span class='ocrx_word' id='word_1_217' title='bbox 1371 3135 1478 3188; x_wconf 89' lang='lat' dir='ltr'><strong>quo</strong></span> <span class='ocrx_word' id='word_1_218' title='bbox 1505 3129 1659 3189; x_wconf 90' lang='lat' dir='ltr'><strong>pacto</strong></span> <span class='ocrx_word' id='word_1_219' title='bbox 1682 3121 1864 3174; x_wconf 90' lang='lat' dir='ltr'><strong>multis</strong></span> 
     </span>
    </p>
   </div>
   <div class='ocr_carea' id='block_1_31' title="bbox 249 3210 1860 3280">
    <p class='ocr_par' dir='ltr' id='par_1_31' title="bbox 249 3210 1860 3280">
     <span class='ocr_line' id='line_1_31' title="bbox 249 3210 1860 3280; baseline -0.001 -14"><span class='ocrx_word' id='word_1_220' title='bbox 249 3215 304 3267; x_wconf 92' lang='lat' dir='ltr'><strong>in</strong></span> <span class='ocrx_word' id='word_1_221' title='bbox 337 3213 472 3268; x_wconf 90' lang='lat' dir='ltr'><strong>locis</strong></span> <span class='ocrx_word' id='word_1_222' title='bbox 500 3221 558 3268; x_wconf 85' lang='lat' dir='ltr'><strong>et</strong></span> <span class='ocrx_word' id='word_1_223' title='bbox 592 3211 658 3267; x_wconf 91' lang='lat' dir='ltr'><strong>ad</strong></span> <span class='ocrx_word' id='word_1_224' title='bbox 707 3212 826 3267; x_wconf 87' lang='lat' dir='ltr'><strong>illas</strong></span> <span class='ocrx_word' id='word_1_225' title='bbox 853 3221 909 3267; x_wconf 91' lang='lat' dir='ltr'><strong>et</strong></span> <span class='ocrx_word' id='word_1_226' title='bbox 937 3211 1006 3266; x_wconf 91' lang='lat' dir='ltr'><strong>de</strong></span> <span class='ocrx_word' id='word_1_227' title='bbox 1043 3210 1152 3266; x_wconf 90' lang='lat' dir='ltr'><strong>illis</strong></span> <span class='ocrx_word' id='word_1_228' title='bbox 1181 3210 1458 3280; x_wconf 89' lang='lat' dir='ltr'><strong>Scriptura</strong></span> <span class='ocrx_word' id='word_1_229' title='bbox 1489 3210 1652 3266; x_wconf 88' lang='lat' dir='ltr'><strong>verba</strong></span> <span class='ocrx_word' id='word_1_230' title='bbox 1682 3210 1860 3277; x_wconf 86' lang='lat' dir='ltr'><strong>faciat,</strong></span> 
     </span>
    </p>
   </div>
   <div class='ocr_carea' id='block_1_32' title="bbox 249 3301 1862 3375">
    <p class='ocr_par' dir='ltr' id='par_1_32' title="bbox 249 3301 1862 3375">
     <span class='ocr_line' id='line_1_32' title="bbox 249 3301 1862 3375; baseline 0 -17"><span class='ocrx_word' id='word_1_231' title='bbox 249 3319 427 3375; x_wconf 90' lang='lat' dir='ltr'><strong>neque</strong></span> <span class='ocrx_word' id='word_1_232' title='bbox 453 3308 632 3359; x_wconf 88' lang='lat' dir='ltr'><strong>minus</strong></span> <span class='ocrx_word' id='word_1_233' title='bbox 652 3302 720 3358; x_wconf 92' lang='lat' dir='ltr'><strong>ad</strong></span> <span class='ocrx_word' id='word_1_234' title='bbox 746 3302 865 3357; x_wconf 87' lang='lat' dir='ltr'><strong>illas</strong></span> <span class='ocrx_word' id='word_1_235' title='bbox 890 3317 1049 3374; x_wconf 90' lang='lat' dir='ltr'><strong>quam</strong></span> <span class='ocrx_word' id='word_1_236' title='bbox 1077 3303 1144 3357; x_wconf 84' lang='lat' dir='ltr'><strong>ad</strong></span> <span class='ocrx_word' id='word_1_237' title='bbox 1169 3302 1333 3356; x_wconf 80' lang='lat' dir='ltr'><strong>viros.</strong></span> <span class='ocrx_word' id='word_1_238' title='bbox 1363 3301 1496 3356; x_wconf 90' lang='lat' dir='ltr'><strong>Cum</strong></span> <span class='ocrx_word' id='word_1_239' title='bbox 1520 3301 1662 3357; x_wconf 89' lang='lat' dir='ltr'><strong>enim</strong></span> <span class='ocrx_word' id='word_1_240' title='bbox 1691 3302 1862 3358; x_wconf 73' lang='lat' dir='ltr'><strong>dixis-</strong></span> 
     </span>
    </p>
   </div>
   <div class='ocr_carea' id='block_1_33' title="bbox 247 3393 1866 3462">
    <p class='ocr_par' dir='ltr' id='par_1_33' title="bbox 247 3393 1866 3462">
     <span class='ocr_line' id='line_1_33' title="bbox 247 3393 1866 3462; baseline -0.001 -13"><span class='ocrx_word' id='word_1_241' title='bbox 247 3404 334 3450; x_wconf 76' lang='lat' dir='ltr'><strong>Set</strong></span> <span class='ocrx_word' id='word_1_242' title='bbox 373 3395 591 3460; x_wconf 81' lang='lat' dir='ltr'><strong>Paulus,</strong></span> <span class='ocrx_word' id='word_1_243' title='bbox 638 3393 832 3448; x_wconf 69' lang='lat' dir='ltr'><strong>Mulier</strong></span> <span class='ocrx_word' id='word_1_244' title='bbox 873 3403 1042 3447; x_wconf 86' lang='lat' dir='ltr'><strong>autem</strong></span> <span class='ocrx_word' id='word_1_245' title='bbox 1091 3393 1297 3447; x_wconf 86' lang='lat' dir='ltr'><strong>seducta</strong></span> <span class='ocrx_word' id='word_1_246' title='bbox 1343 3395 1397 3446; x_wconf 88' lang='lat' dir='ltr'><strong>in</strong></span> <span class='ocrx_word' id='word_1_247' title='bbox 1446 3393 1866 3462; x_wconf 73' lang='lat' dir='ltr'><strong>pra&#39;varicatione</strong></span> 
     </span>
    </p>
   </div>
   <div class='ocr_carea' id='block_1_34' title="bbox 247 3484 1864 3556">
    <p class='ocr_par' dir='ltr' id='par_1_34' title="bbox 247 3484 1864 3556">
     <span class='ocr_line' id='line_1_34' title="bbox 247 3484 1864 3556; baseline -0.001 -16"><span class='ocrx_word' id='word_1_248' title='bbox 247 3488 369 3555; x_wconf 77' lang='lat' dir='ltr'><strong>fuit,</strong></span> <span class='ocrx_word' id='word_1_249' title='bbox 401 3485 622 3556; x_wconf 84' lang='lat' dir='ltr'><strong>adjecit,</strong></span> <span class='ocrx_word' id='word_1_250' title='bbox 657 3485 959 3540; x_wconf 70' lang='lat' dir='ltr'><strong>Saluabitur</strong></span> <span class='ocrx_word' id='word_1_251' title='bbox 988 3494 1161 3538; x_wconf 83' lang='lat' dir='ltr'><strong>autent</strong></span> <span class='ocrx_word' id='word_1_252' title='bbox 1190 3501 1282 3553; x_wconf 87' lang='lat' dir='ltr'><strong>per</strong></span> <span class='ocrx_word' id='word_1_253' title='bbox 1312 3484 1538 3553; x_wconf 84' lang='lat' dir='ltr'><strong>ﬁliorum</strong></span> <span class='ocrx_word' id='word_1_254' title='bbox 1578 3487 1864 3556; x_wconf 83' lang='lat' dir='ltr'><strong>generatio-</strong></span> 
     </span>
    </p>
   </div>
   <div class='ocr_carea' id='block_1_35' title="bbox 248 3577 1863 3652">
    <p class='ocr_par' dir='ltr' id='par_1_35' title="bbox 248 3577 1863 3652">
     <span class='ocr_line' id='line_1_35' title="bbox 248 3577 1863 3652; baseline -0.001 -19"><span class='ocrx_word' id='word_1_255' title='bbox 248 3597 374 3635; x_wconf 80' lang='lat' dir='ltr'><strong>nem</strong></span> <span class='ocrx_word' id='word_1_256' title='bbox 404 3579 481 3652; x_wconf 77' lang='grc' dir='ltr'><strong>(Ι.</strong></span> <span class='ocrx_word' id='word_1_257' title='bbox 513 3577 646 3633; x_wconf 84' lang='lat' dir='ltr'><strong>Tim.</strong></span> <span class='ocrx_word' id='word_1_258' title='bbox 675 3577 731 3634; x_wconf 72' lang='grc'><strong>2.</strong></span> <span class='ocrx_word' id='word_1_259' title='bbox 765 3578 852 3633; x_wconf 73' lang='grc'><strong>14.</strong></span> <span class='ocrx_word' id='word_1_260' title='bbox 887 3578 1000 3649; x_wconf 79' lang='grc'><strong>15).</strong></span> <span class='ocrx_word' id='word_1_261' title='bbox 1030 3577 1183 3644; x_wconf 85' lang='lat' dir='ltr'><strong>Quod</strong></span> <span class='ocrx_word' id='word_1_262' title='bbox 1226 3588 1405 3633; x_wconf 91' lang='lat' dir='ltr'><strong>autem</strong></span> <span class='ocrx_word' id='word_1_263' title='bbox 1435 3578 1532 3644; x_wconf 87' lang='lat' dir='ltr'><strong>ait,</strong></span> <span class='ocrx_word' id='word_1_264' title='bbox 1566 3582 1704 3633; x_wconf 86' lang='lat' dir='ltr'><strong>hanc</strong></span> <span class='ocrx_word' id='word_1_265' title='bbox 1733 3594 1863 3632; x_wconf 85' lang='lat' dir='ltr'><strong>seu-</strong></span> 
     </span>
    </p>
   </div>
   <div class='ocr_carea' id='block_1_36' title="bbox 248 3668 1863 3742">
    <p class='ocr_par' dir='ltr' id='par_1_36' title="bbox 248 3668 1863 3742">
     <span class='ocr_line' id='line_1_36' title="bbox 248 3668 1863 3742; baseline -0.001 -17"><span class='ocrx_word' id='word_1_266' title='bbox 248 3673 472 3726; x_wconf 87' lang='lat' dir='ltr'><strong>tentiam</strong></span> <span class='ocrx_word' id='word_1_267' title='bbox 498 3670 662 3726; x_wconf 87' lang='lat' dir='ltr'><strong>habet</strong></span> <span class='ocrx_word' id='word_1_268' title='bbox 694 3689 707 3724; x_wconf 90' lang='lat'><strong>:</strong></span> <span class='ocrx_word' id='word_1_269' title='bbox 743 3668 910 3726; x_wconf 88' lang='lat' dir='ltr'><strong>Doles</strong></span> <span class='ocrx_word' id='word_1_270' title='bbox 948 3669 1090 3741; x_wconf 91' lang='lat' dir='ltr'><strong>quod</strong></span> <span class='ocrx_word' id='word_1_271' title='bbox 1124 3680 1176 3726; x_wconf 90' lang='lat' dir='ltr'><strong>te</strong></span> <span class='ocrx_word' id='word_1_272' title='bbox 1203 3671 1396 3726; x_wconf 87' lang='lat' dir='ltr'><strong>mulier</strong></span> <span class='ocrx_word' id='word_1_273' title='bbox 1425 3671 1599 3741; x_wconf 88' lang='lat' dir='ltr'><strong>prima</strong></span> <span class='ocrx_word' id='word_1_274' title='bbox 1637 3671 1690 3726; x_wconf 90' lang='lat' dir='ltr'><strong>in</strong></span> <span class='ocrx_word' id='word_1_275' title='bbox 1737 3686 1863 3742; x_wconf 83' lang='lat' dir='ltr'><strong>par-</strong></span> 
     </span>
    </p>
   </div>
   <div class='ocr_carea' id='block_1_37' title="bbox 249 3762 1861 3834">
    <p class='ocr_par' dir='ltr' id='par_1_37' title="bbox 249 3762 1861 3834">
     <span class='ocr_line' id='line_1_37' title="bbox 249 3762 1861 3834; baseline 0.001 -18"><span class='ocrx_word' id='word_1_276' title='bbox 249 3774 336 3816; x_wconf 91' lang='lat' dir='ltr'><strong>tus</strong></span> <span class='ocrx_word' id='word_1_277' title='bbox 364 3762 582 3818; x_wconf 89' lang='lat' dir='ltr'><strong>dolores</strong></span> <span class='ocrx_word' id='word_1_278' title='bbox 611 3762 953 3833; x_wconf 83' lang='lat' dir='ltr'><strong>laboresque,</strong></span> <span class='ocrx_word' id='word_1_279' title='bbox 982 3777 1046 3817; x_wconf 88' lang='lat' dir='ltr'><strong>ac</strong></span> <span class='ocrx_word' id='word_1_280' title='bbox 1070 3763 1282 3833; x_wconf 83' lang='lat' dir='ltr'><strong>longam</strong></span> <span class='ocrx_word' id='word_1_281' title='bbox 1320 3765 1456 3818; x_wconf 88' lang='lat' dir='ltr'><strong>uteri</strong></span> <span class='ocrx_word' id='word_1_282' title='bbox 1504 3765 1861 3834; x_wconf 87' lang='lat' dir='ltr'><strong>gestationem</strong></span> 
     </span>
    </p>
   </div>
   <div class='ocr_carea' id='block_1_38' title="bbox 245 3853 1862 3927">
    <p class='ocr_par' dir='ltr' id='par_1_38' title="bbox 245 3853 1862 3927">
     <span class='ocr_line' id='line_1_38' title="bbox 245 3853 1862 3927; baseline 0.004 -23"><span class='ocrx_word' id='word_1_283' title='bbox 245 3853 581 3922; x_wconf 80' lang='lat' dir='ltr'><strong>conjecerit?</strong></span> <span class='ocrx_word' id='word_1_284' title='bbox 636 3855 704 3908; x_wconf 78' lang='lat' dir='ltr'><strong>At</strong></span> <span class='ocrx_word' id='word_1_285' title='bbox 763 3863 818 3908; x_wconf 91' lang='lat' dir='ltr'><strong>tu</strong></span> <span class='ocrx_word' id='word_1_286' title='bbox 877 3855 987 3910; x_wconf 90' lang='lat' dir='ltr'><strong>noli</strong></span> <span class='ocrx_word' id='word_1_287' title='bbox 1038 3869 1363 3910; x_wconf 89' lang='lat' dir='ltr'><strong>succensere</strong></span> <span class='ocrx_word' id='word_1_288' title='bbox 1419 3873 1432 3909; x_wconf 95' lang='lat'><strong>:</strong></span> <span class='ocrx_word' id='word_1_289' title='bbox 1491 3873 1665 3927; x_wconf 90' lang='lat' dir='ltr'><strong>neque</strong></span> <span class='ocrx_word' id='word_1_290' title='bbox 1716 3860 1862 3913; x_wconf 92' lang='lat' dir='ltr'><strong>enim</strong></span> 
     </span>
    </p>
   </div>
   <div class='ocr_carea' id='block_1_39' title="bbox 249 3944 1862 4016">
    <p class='ocr_par' dir='ltr' id='par_1_39' title="bbox 249 3944 1862 4016">
     <span class='ocr_line' id='line_1_39' title="bbox 249 3944 1862 4016; baseline 0.004 -19"><span class='ocrx_word' id='word_1_291' title='bbox 249 3953 404 3998; x_wconf 87' lang='lat' dir='ltr'><strong>tanto</strong></span> <span class='ocrx_word' id='word_1_292' title='bbox 427 3944 628 3999; x_wconf 85' lang='lat' dir='ltr'><strong>damno</strong></span> <span class='ocrx_word' id='word_1_293' title='bbox 655 3955 878 4015; x_wconf 89' lang='lat' dir='ltr'><strong>propter</strong></span> <span class='ocrx_word' id='word_1_294' title='bbox 901 3945 1118 4001; x_wconf 86' lang='lat' dir='ltr'><strong>dolores</strong></span> <span class='ocrx_word' id='word_1_295' title='bbox 1145 3957 1330 4016; x_wconf 86' lang='lat' dir='ltr'><strong>partus</strong></span> <span class='ocrx_word' id='word_1_296' title='bbox 1350 3958 1405 4002; x_wconf 90' lang='lat' dir='ltr'><strong>et</strong></span> <span class='ocrx_word' id='word_1_297' title='bbox 1430 3948 1643 4003; x_wconf 85' lang='lat' dir='ltr'><strong>labores</strong></span> <span class='ocrx_word' id='word_1_298' title='bbox 1670 3949 1862 4004; x_wconf 82' lang='lat' dir='ltr'><strong>atfecta</strong></span> 
     </span>
    </p>
   </div>
   <div class='ocr_carea' id='block_1_40' title="bbox 246 4036 1861 4107">
    <p class='ocr_par' dir='ltr' id='par_1_40' title="bbox 246 4036 1861 4107">
     <span class='ocr_line' id='line_1_40' title="bbox 246 4036 1861 4107; baseline 0.003 -17"><span class='ocrx_word' id='word_1_299' title='bbox 246 4050 332 4100; x_wconf 85' lang='lat' dir='ltr'><strong>es,</strong></span> <span class='ocrx_word' id='word_1_300' title='bbox 359 4049 619 4106; x_wconf 89' lang='lat' dir='ltr'><strong>quantum</strong></span> <span class='ocrx_word' id='word_1_301' title='bbox 648 4045 914 4107; x_wconf 74' lang='lat' dir='ltr'><strong>qtttcstum</strong></span> <span class='ocrx_word' id='word_1_302' title='bbox 959 4036 1110 4103; x_wconf 84' lang='lat' dir='ltr'><strong>lacis,</strong></span> <span class='ocrx_word' id='word_1_303' title='bbox 1143 4039 1186 4093; x_wconf 92' lang='lat' dir='ltr'><strong>si</strong></span> <span class='ocrx_word' id='word_1_304' title='bbox 1218 4039 1374 4104; x_wconf 80' lang='lat' dir='ltr'><strong>velis,</strong></span> <span class='ocrx_word' id='word_1_305' title='bbox 1420 4040 1551 4094; x_wconf 87' lang='lat' dir='ltr'><strong>dum</strong></span> <span class='ocrx_word' id='word_1_306' title='bbox 1596 4041 1861 4096; x_wconf 90' lang='lat' dir='ltr'><strong>bonorum</strong></span> 
     </span>
    </p>
   </div>
   <div class='ocr_carea' id='block_1_41' title="bbox 247 4130 1864 4197">
    <p class='ocr_par' dir='ltr' id='par_1_41' title="bbox 247 4130 1864 4197">
     <span class='ocr_line' id='line_1_41' title="bbox 247 4130 1864 4197; baseline 0.006 -17"><span class='ocrx_word' id='word_1_307' title='bbox 247 4145 476 4197; x_wconf 89' lang='lat' dir='ltr'><strong>opermn</strong></span> <span class='ocrx_word' id='word_1_308' title='bbox 516 4130 859 4184; x_wconf 88' lang='lat' dir='ltr'><strong>occasionem</strong></span> <span class='ocrx_word' id='word_1_309' title='bbox 908 4146 974 4185; x_wconf 78' lang='lat' dir='ltr'><strong>ex</strong></span> <span class='ocrx_word' id='word_1_310' title='bbox 1017 4140 1161 4186; x_wconf 82' lang='lat' dir='ltr'><strong>recta</strong></span> <span class='ocrx_word' id='word_1_311' title='bbox 1207 4132 1500 4187; x_wconf 87' lang='lat' dir='ltr'><strong>liberorum</strong></span> <span class='ocrx_word' id='word_1_312' title='bbox 1541 4133 1864 4190; x_wconf 85' lang='lat' dir='ltr'><strong>educatione</strong></span> 
     </span>
    </p>
   </div>
   <div class='ocr_carea' id='block_1_42' title="bbox 246 4222 1861 4290">
    <p class='ocr_par' dir='ltr' id='par_1_42' title="bbox 246 4222 1861 4290">
     <span class='ocr_line' id='line_1_42' title="bbox 246 4222 1861 4290; baseline 0.002 -14"><span class='ocrx_word' id='word_1_313' title='bbox 246 4223 442 4276; x_wconf 87' lang='lat' dir='ltr'><strong>sumis.</strong></span> <span class='ocrx_word' id='word_1_314' title='bbox 485 4222 585 4290; x_wconf 89' lang='lat' dir='ltr'><strong>Qui</strong></span> <span class='ocrx_word' id='word_1_315' title='bbox 620 4225 765 4277; x_wconf 89' lang='lat' dir='ltr'><strong>enim</strong></span> <span class='ocrx_word' id='word_1_316' title='bbox 812 4223 920 4277; x_wconf 90' lang='lat' dir='ltr'><strong>nati</strong></span> <span class='ocrx_word' id='word_1_317' title='bbox 961 4233 1089 4278; x_wconf 90' lang='lat' dir='ltr'><strong>sunt</strong></span> <span class='ocrx_word' id='word_1_318' title='bbox 1140 4224 1315 4288; x_wconf 83' lang='lat' dir='ltr'><strong>liberi,</strong></span> <span class='ocrx_word' id='word_1_319' title='bbox 1362 4224 1408 4278; x_wconf 76' lang='lat' dir='ltr'><strong>si</strong></span> <span class='ocrx_word' id='word_1_320' title='bbox 1450 4226 1861 4280; x_wconf 89' lang='lat' dir='ltr'><strong>convenientem</strong></span> 
     </span>
    </p>
   </div>
   <div class='ocr_carea' id='block_1_43' title="bbox 252 4314 1861 4379">
    <p class='ocr_par' dir='ltr' id='par_1_43' title="bbox 252 4314 1861 4379">
     <span class='ocr_line' id='line_1_43' title="bbox 252 4314 1861 4379; baseline 0.004 -13"><span class='ocrx_word' id='word_1_321' title='bbox 252 4314 454 4368; x_wconf 87' lang='lat' dir='ltr'><strong>fuerint</strong></span> <span class='ocrx_word' id='word_1_322' title='bbox 483 4314 687 4368; x_wconf 88' lang='lat' dir='ltr'><strong>cultum</strong></span> <span class='ocrx_word' id='word_1_323' title='bbox 719 4315 884 4379; x_wconf 89' lang='lat' dir='ltr'><strong>nacti,</strong></span> <span class='ocrx_word' id='word_1_324' title='bbox 912 4330 975 4369; x_wconf 88' lang='lat' dir='ltr'><strong>ac</strong></span> <span class='ocrx_word' id='word_1_325' title='bbox 1002 4325 1089 4369; x_wconf 87' lang='lat' dir='ltr'><strong>tua</strong></span> <span class='ocrx_word' id='word_1_326' title='bbox 1115 4329 1242 4369; x_wconf 91' lang='lat' dir='ltr'><strong>cura</strong></span> <span class='ocrx_word' id='word_1_327' title='bbox 1277 4315 1474 4370; x_wconf 88' lang='lat' dir='ltr'><strong>fuerint</strong></span> <span class='ocrx_word' id='word_1_328' title='bbox 1499 4317 1567 4369; x_wconf 91' lang='lat' dir='ltr'><strong>ad</strong></span> <span class='ocrx_word' id='word_1_329' title='bbox 1610 4317 1861 4373; x_wconf 88' lang='lat' dir='ltr'><strong>virtutem</strong></span> 
     </span>
    </p>
   </div>
   <div class='ocr_carea' id='block_1_44' title="bbox 249 4403 1860 4474">
    <p class='ocr_par' dir='ltr' id='par_1_44' title="bbox 249 4403 1860 4474">
     <span class='ocr_line' id='line_1_44' title="bbox 249 4403 1860 4474; baseline 0.003 -16"><span class='ocrx_word' id='word_1_330' title='bbox 249 4403 545 4467; x_wconf 89' lang='lat' dir='ltr'><strong>infortnati,</strong></span> <span class='ocrx_word' id='word_1_331' title='bbox 579 4406 800 4460; x_wconf 90' lang='lat' dir='ltr'><strong>multam</strong></span> <span class='ocrx_word' id='word_1_332' title='bbox 841 4407 934 4460; x_wconf 85' lang='lat' dir='ltr'><strong>tibi</strong></span> <span class='ocrx_word' id='word_1_333' title='bbox 977 4406 1203 4460; x_wconf 72' lang='lat' dir='ltr'><strong>olli-rent</strong></span> <span class='ocrx_word' id='word_1_334' title='bbox 1249 4408 1590 4463; x_wconf 78' lang='lat' dir='ltr'><strong>occasionem</strong></span> <span class='ocrx_word' id='word_1_335' title='bbox 1635 4409 1860 4474; x_wconf 79' lang='lat' dir='ltr'><strong>salutis;</strong></span> 
     </span>
    </p>
   </div>
   <div class='ocr_carea' id='block_1_45' title="bbox 247 4498 1860 4569">
    <p class='ocr_par' dir='ltr' id='par_1_45' title="bbox 247 4498 1860 4569">
     <span class='ocr_line' id='line_1_45' title="bbox 247 4498 1860 4569; baseline 0.004 -21"><span class='ocrx_word' id='word_1_336' title='bbox 247 4512 312 4549; x_wconf 83' lang='lat' dir='ltr'><strong>ac</strong></span> <span class='ocrx_word' id='word_1_337' title='bbox 339 4506 539 4566; x_wconf 65' lang='lat' dir='ltr'><strong>praeter</strong></span> <span class='ocrx_word' id='word_1_338' title='bbox 569 4498 782 4567; x_wconf 89' lang='lat' dir='ltr'><strong>propria</strong></span> <span class='ocrx_word' id='word_1_339' title='bbox 810 4499 947 4552; x_wconf 91' lang='lat' dir='ltr'><strong>bona</strong></span> <span class='ocrx_word' id='word_1_340' title='bbox 981 4513 1144 4569; x_wconf 82' lang='lat' dir='ltr'><strong>opera</strong></span> <span class='ocrx_word' id='word_1_341' title='bbox 1175 4499 1398 4553; x_wconf 87' lang='lat' dir='ltr'><strong>nmltam</strong></span> <span class='ocrx_word' id='word_1_342' title='bbox 1425 4500 1497 4554; x_wconf 89' lang='lat' dir='ltr'><strong>ob</strong></span> <span class='ocrx_word' id='word_1_343' title='bbox 1525 4502 1763 4557; x_wconf 85' lang='lat' dir='ltr'><strong>studium</strong></span> <span class='ocrx_word' id='word_1_344' title='bbox 1808 4504 1860 4558; x_wconf 93' lang='lat' dir='ltr'><strong>in</strong></span> 
     </span>
    </p>
   </div>
   <div class='ocr_carea' id='block_1_46' title="bbox 249 4589 1262 4656">
    <p class='ocr_par' dir='ltr' id='par_1_46' title="bbox 249 4589 1262 4656">
     <span class='ocr_line' id='line_1_46' title="bbox 249 4589 1262 4656; baseline 0.002 -14"><span class='ocrx_word' id='word_1_345' title='bbox 249 4591 352 4643; x_wconf 79' lang='lat' dir='ltr'><strong>ista</strong></span> <span class='ocrx_word' id='word_1_346' title='bbox 382 4589 637 4643; x_wconf 85' lang='lat' dir='ltr'><strong>collatum</strong></span> <span class='ocrx_word' id='word_1_347' title='bbox 679 4590 905 4656; x_wconf 87' lang='lat' dir='ltr'><strong>recipies</strong></span> <span class='ocrx_word' id='word_1_348' title='bbox 937 4589 1262 4644; x_wconf 87' lang='lat' dir='ltr'><strong>mercedem.</strong></span> 
     </span>
    </p>
   </div>
   <div class='ocr_carea' id='block_1_47' title="bbox 326 4679 1858 4752">
    <p class='ocr_par' dir='ltr' id='par_1_47' title="bbox 326 4679 1858 4752">
     <span class='ocr_line' id='line_1_47' title="bbox 326 4679 1858 4752; baseline 0.005 -18"><span class='ocrx_word' id='word_1_349' title='bbox 326 4680 375 4734; x_wconf 77' lang='grc' dir='ltr'><strong>ι.</strong></span> <span class='ocrx_word' id='word_1_350' title='bbox 421 4683 600 4750; x_wconf 81' lang='lat' dir='ltr'><strong>Atque</strong></span> <span class='ocrx_word' id='word_1_351' title='bbox 635 4689 692 4733; x_wconf 93' lang='lat' dir='ltr'><strong>ut</strong></span> <span class='ocrx_word' id='word_1_352' title='bbox 731 4679 910 4735; x_wconf 86' lang='lat' dir='ltr'><strong>discas</strong></span> <span class='ocrx_word' id='word_1_353' title='bbox 952 4697 1056 4735; x_wconf 91' lang='lat' dir='ltr'><strong>non</strong></span> <span class='ocrx_word' id='word_1_354' title='bbox 1101 4691 1311 4751; x_wconf 89' lang='lat' dir='ltr'><strong>partum</strong></span> <span class='ocrx_word' id='word_1_355' title='bbox 1351 4693 1579 4739; x_wconf 87' lang='lat' dir='ltr'><strong>matrem</strong></span> <span class='ocrx_word' id='word_1_356' title='bbox 1620 4686 1858 4752; x_wconf 80' lang='lat' dir='ltr'><strong>eftieerc,</strong></span> 
     </span>
    </p>
   </div>
   <div class='ocr_carea' id='block_1_48' title="bbox 247 4770 1862 4850">
    <p class='ocr_par' dir='ltr' id='par_1_48' title="bbox 247 4770 1862 4850">
     <span class='ocr_line' id='line_1_48' title="bbox 247 4770 1862 4850; baseline 0.006 -26"><span class='ocrx_word' id='word_1_357' title='bbox 247 4785 425 4842; x_wconf 90' lang='lat' dir='ltr'><strong>neque</strong></span> <span class='ocrx_word' id='word_1_358' title='bbox 452 4770 757 4827; x_wconf 83' lang='lat' dir='ltr'><strong>mercedem</strong></span> <span class='ocrx_word' id='word_1_359' title='bbox 788 4771 910 4826; x_wconf 88' lang='lat' dir='ltr'><strong>lmic</strong></span> <span class='ocrx_word' id='word_1_360' title='bbox 937 4787 1057 4828; x_wconf 90' lang='lat' dir='ltr'><strong>esse</strong></span> <span class='ocrx_word' id='word_1_361' title='bbox 1089 4774 1166 4828; x_wconf 91' lang='lat' dir='ltr'><strong>rei</strong></span> <span class='ocrx_word' id='word_1_362' title='bbox 1195 4777 1546 4844; x_wconf 84' lang='lat' dir='ltr'><strong>prepositam,</strong></span> <span class='ocrx_word' id='word_1_363' title='bbox 1576 4778 1701 4834; x_wconf 84' lang='lat' dir='ltr'><strong>alibi</strong></span> <span class='ocrx_word' id='word_1_364' title='bbox 1729 4796 1862 4850; x_wconf 91' lang='lat' dir='ltr'><strong>quo-</strong></span> 
     </span>
    </p>
   </div>
   <div class='ocr_carea' id='block_1_49' title="bbox 248 4862 1860 4938">
    <p class='ocr_par' dir='ltr' id='par_1_49' title="bbox 248 4862 1860 4938">
     <span class='ocr_line' id='line_1_49' title="bbox 248 4862 1860 4938; baseline 0.007 -25"><span class='ocrx_word' id='word_1_365' title='bbox 248 4880 360 4930; x_wconf 89' lang='lat' dir='ltr'><strong>que</strong></span> <span class='ocrx_word' id='word_1_366' title='bbox 385 4862 598 4916; x_wconf 87' lang='lat' dir='ltr'><strong>viduam</strong></span> <span class='ocrx_word' id='word_1_367' title='bbox 623 4863 904 4933; x_wconf 84' lang='lat' dir='ltr'><strong>alloquens</strong></span> <span class='ocrx_word' id='word_1_368' title='bbox 933 4864 1132 4919; x_wconf 84' lang='lat' dir='ltr'><strong>l&#39;aulus</strong></span> <span class='ocrx_word' id='word_1_369' title='bbox 1161 4866 1231 4920; x_wconf 91' lang='lat' dir='ltr'><strong>ita</strong></span> <span class='ocrx_word' id='word_1_370' title='bbox 1263 4867 1400 4922; x_wconf 84' lang='lat' dir='ltr'><strong>dixit</strong></span> <span class='ocrx_word' id='word_1_371' title='bbox 1427 4886 1442 4923; x_wconf 96' lang='lat'><strong>:</strong></span> <span class='ocrx_word' id='word_1_372' title='bbox 1474 4868 1538 4923; x_wconf 89' lang='lat' dir='ltr'><strong>Si</strong></span> <span class='ocrx_word' id='word_1_373' title='bbox 1568 4871 1704 4938; x_wconf 87' lang='lat' dir='ltr'><strong>ﬁlios</strong></span> <span class='ocrx_word' id='word_1_374' title='bbox 1731 4873 1860 4925; x_wconf 78' lang='lat' dir='ltr'><strong>edu-</strong></span> 
     </span>
    </p>
   </div>
   <div class='ocr_carea' id='block_1_50' title="bbox 237 4953 1857 5034">
    <p class='ocr_par' dir='ltr' id='par_1_50' title="bbox 237 4953 1857 5034">
     <span class='ocr_line' id='line_1_50' title="bbox 237 4953 1857 5034; baseline 0.006 -27"><span class='ocrx_word' id='word_1_375' title='bbox 237 4953 376 5007; x_wconf 79' lang='lat' dir='ltr'><strong>cavit</strong></span> <span class='ocrx_word' id='word_1_376' title='bbox 408 4954 488 5024; x_wconf 82' lang='lat' dir='ltr'><strong>(l.</strong></span> <span class='ocrx_word' id='word_1_377' title='bbox 527 4953 660 5008; x_wconf 87' lang='lat' dir='ltr'><strong>Tim.</strong></span> <span class='ocrx_word' id='word_1_378' title='bbox 690 4956 745 5011; x_wconf 83' lang='lat'><strong>5.</strong></span> <span class='ocrx_word' id='word_1_379' title='bbox 785 4956 878 5017; x_wconf 77' lang='grc'><strong>10)</strong></span> <span class='ocrx_word' id='word_1_380' title='bbox 914 4975 927 5010; x_wconf 92' lang='lat'><strong>:</strong></span> <span class='ocrx_word' id='word_1_381' title='bbox 963 4973 1137 5028; x_wconf 87' lang='lat' dir='ltr'><strong>neque</strong></span> <span class='ocrx_word' id='word_1_382' title='bbox 1172 4959 1326 5026; x_wconf 80' lang='lat' dir='ltr'><strong>dixit,</strong></span> <span class='ocrx_word' id='word_1_383' title='bbox 1367 4960 1421 5016; x_wconf 91' lang='lat' dir='ltr'><strong>Si</strong></span> <span class='ocrx_word' id='word_1_384' title='bbox 1459 4960 1599 5016; x_wconf 80' lang='lat' dir='ltr'><strong>ﬁlios</strong></span> <span class='ocrx_word' id='word_1_385' title='bbox 1629 4966 1857 5034; x_wconf 81' lang='lat' dir='ltr'><strong>peperit,</strong></span> 
     </span>
    </p>
   </div>
   <div class='ocr_carea' id='block_1_51' title="bbox 244 5045 1861 5124">
    <p class='ocr_par' dir='ltr' id='par_1_51' title="bbox 244 5045 1861 5124">
     <span class='ocr_line' id='line_1_51' title="bbox 244 5045 1861 5124; baseline 0.011 -27"><span class='ocrx_word' id='word_1_386' title='bbox 244 5045 363 5110; x_wconf 75' lang='lat' dir='ltr'><strong>sed,</strong></span> <span class='ocrx_word' id='word_1_387' title='bbox 399 5046 462 5100; x_wconf 87' lang='lat' dir='ltr'><strong>Si</strong></span> <span class='ocrx_word' id='word_1_388' title='bbox 489 5047 626 5116; x_wconf 86' lang='lat' dir='ltr'><strong>ﬁlios</strong></span> <span class='ocrx_word' id='word_1_389' title='bbox 646 5049 898 5103; x_wconf 88' lang='lat' dir='ltr'><strong>educavit.</strong></span> <span class='ocrx_word' id='word_1_390' title='bbox 929 5049 1060 5103; x_wconf 84' lang='lat' dir='ltr'><strong>Nam</strong></span> <span class='ocrx_word' id='word_1_391' title='bbox 1093 5052 1222 5106; x_wconf 89' lang='lat' dir='ltr'><strong>illud</strong></span> <span class='ocrx_word' id='word_1_392' title='bbox 1243 5054 1461 5123; x_wconf 87' lang='lat' dir='ltr'><strong>quidem</strong></span> <span class='ocrx_word' id='word_1_393' title='bbox 1494 5066 1722 5124; x_wconf 69' lang='lat' dir='ltr'><strong>naturae,</strong></span> <span class='ocrx_word' id='word_1_394' title='bbox 1759 5057 1806 5112; x_wconf 85' lang='lat' dir='ltr'><strong>h-</strong></span> <span class='ocrx_word' id='word_1_395' title='bbox 1831 5075 1861 5114; x_wconf 91' lang='lat' dir='ltr'><strong>c</strong></span> 
     </span>
    </p>
   </div>
   <div class='ocr_carea' id='block_1_52' title="bbox 245 5138 1858 5212">
    <p class='ocr_par' dir='ltr' id='par_1_52' title="bbox 245 5138 1858 5212">
     <span class='ocr_line' id='line_1_52' title="bbox 245 5138 1858 5212; baseline 0.009 -21"><span class='ocrx_word' id='word_1_396' title='bbox 245 5153 378 5193; x_wconf 79' lang='lat' dir='ltr'><strong>vero</strong></span> <span class='ocrx_word' id='word_1_397' title='bbox 400 5138 552 5192; x_wconf 90' lang='lat' dir='ltr'><strong>liberi</strong></span> <span class='ocrx_word' id='word_1_398' title='bbox 579 5149 661 5193; x_wconf 87' lang='lat' dir='ltr'><strong>est</strong></span> <span class='ocrx_word' id='word_1_399' title='bbox 687 5140 913 5194; x_wconf 87' lang='lat' dir='ltr'><strong>arbitrii.</strong></span> <span class='ocrx_word' id='word_1_400' title='bbox 934 5142 1222 5212; x_wconf 82' lang='lat' dir='ltr'><strong>Propterea</strong></span> <span class='ocrx_word' id='word_1_401' title='bbox 1250 5160 1370 5198; x_wconf 88' lang='lat' dir='ltr'><strong>cum</strong></span> <span class='ocrx_word' id='word_1_402' title='bbox 1393 5144 1480 5201; x_wconf 90' lang='lat' dir='ltr'><strong>hic</strong></span> <span class='ocrx_word' id='word_1_403' title='bbox 1505 5148 1668 5202; x_wconf 87' lang='lat' dir='ltr'><strong>etiam</strong></span> <span class='ocrx_word' id='word_1_404' title='bbox 1691 5150 1858 5206; x_wconf 77' lang='lat' dir='ltr'><strong>dixis-</strong></span> 
     </span>
    </p>
   </div>
   <div class='ocr_carea' id='block_1_53' title="bbox 244 5229 1858 5311">
    <p class='ocr_par' dir='ltr' id='par_1_53' title="bbox 244 5229 1858 5311">
     <span class='ocr_line' id='line_1_53' title="bbox 244 5229 1858 5311; baseline 0.01 -30"><span class='ocrx_word' id='word_1_405' title='bbox 244 5239 346 5292; x_wconf 69' lang='lat' dir='ltr'><strong>set,</strong></span> <span class='ocrx_word' id='word_1_406' title='bbox 398 5229 697 5284; x_wconf 71' lang='lat' dir='ltr'><strong>Saluabitur</strong></span> <span class='ocrx_word' id='word_1_407' title='bbox 736 5247 828 5301; x_wconf 83' lang='lat' dir='ltr'><strong>per</strong></span> <span class='ocrx_word' id='word_1_408' title='bbox 867 5233 1092 5300; x_wconf 87' lang='lat' dir='ltr'><strong>ﬁliorum</strong></span> <span class='ocrx_word' id='word_1_409' title='bbox 1127 5238 1522 5304; x_wconf 77' lang='lat' dir='ltr'><strong>generationem,</strong></span> <span class='ocrx_word' id='word_1_410' title='bbox 1557 5255 1731 5311; x_wconf 86' lang='lat' dir='ltr'><strong>neque</strong></span> <span class='ocrx_word' id='word_1_411' title='bbox 1773 5242 1858 5297; x_wconf 83' lang='lat' dir='ltr'><strong>hic</strong></span> 
     </span>
    </p>
   </div>
   <div class='ocr_carea' id='block_1_54' title="bbox 245 5321 1858 5406">
    <p class='ocr_par' dir='ltr' id='par_1_54' title="bbox 245 5321 1858 5406">
     <span class='ocr_line' id='line_1_54' title="bbox 245 5321 1858 5406; baseline 0.009 -31"><span class='ocrx_word' id='word_1_412' title='bbox 245 5321 506 5386; x_wconf 83' lang='lat' dir='ltr'><strong>substitit,</strong></span> <span class='ocrx_word' id='word_1_413' title='bbox 539 5321 634 5376; x_wconf 86' lang='lat' dir='ltr'><strong>sed</strong></span> <span class='ocrx_word' id='word_1_414' title='bbox 665 5338 787 5376; x_wconf 88' lang='lat' dir='ltr'><strong>cum</strong></span> <span class='ocrx_word' id='word_1_415' title='bbox 831 5324 1121 5380; x_wconf 85' lang='lat' dir='ltr'><strong>ostendere</strong></span> <span class='ocrx_word' id='word_1_416' title='bbox 1164 5328 1327 5382; x_wconf 87' lang='lat' dir='ltr'><strong>vellet</strong></span> <span class='ocrx_word' id='word_1_417' title='bbox 1366 5345 1473 5384; x_wconf 93' lang='lat' dir='ltr'><strong>non</strong></span> <span class='ocrx_word' id='word_1_418' title='bbox 1522 5331 1722 5388; x_wconf 86' lang='lat' dir='ltr'><strong>liberos</strong></span> <span class='ocrx_word' id='word_1_419' title='bbox 1761 5352 1858 5406; x_wconf 73' lang='lat' dir='ltr'><strong>gr-</strong></span> 
     </span>
    </p>
   </div>
   <div class='ocr_carea' id='block_1_55' title="bbox 245 5415 1858 5488">
    <p class='ocr_par' dir='ltr' id='par_1_55' title="bbox 245 5415 1858 5488">
     <span class='ocr_line' id='line_1_55' title="bbox 245 5415 1858 5488; baseline 0.01 -20"><span class='ocrx_word' id='word_1_420' title='bbox 245 5418 452 5481; x_wconf 88' lang='lat' dir='ltr'><strong>nuisse,</strong></span> <span class='ocrx_word' id='word_1_421' title='bbox 484 5415 579 5469; x_wconf 88' lang='lat' dir='ltr'><strong>sed</strong></span> <span class='ocrx_word' id='word_1_422' title='bbox 612 5428 760 5471; x_wconf 88' lang='lat' dir='ltr'><strong>recte</strong></span> <span class='ocrx_word' id='word_1_423' title='bbox 788 5417 987 5472; x_wconf 88' lang='lat' dir='ltr'><strong>liberos</strong></span> <span class='ocrx_word' id='word_1_424' title='bbox 1013 5421 1296 5488; x_wconf 73' lang='lat' dir='ltr'><strong>educasse,</strong></span> <span class='ocrx_word' id='word_1_425' title='bbox 1345 5425 1446 5478; x_wconf 88' lang='lat' dir='ltr'><strong>hoc</strong></span> <span class='ocrx_word' id='word_1_426' title='bbox 1478 5425 1635 5480; x_wconf 90' lang='lat' dir='ltr'><strong>nobis</strong></span> <span class='ocrx_word' id='word_1_427' title='bbox 1663 5427 1858 5484; x_wconf 82' lang='lat' dir='ltr'><strong>afferre</strong></span> 
     </span>
    </p>
   </div>
   <div class='ocr_carea' id='block_1_56' title="bbox 244 5506 1856 5585">
    <p class='ocr_par' dir='ltr' id='par_1_56' title="bbox 244 5506 1856 5585">
     <span class='ocr_line' id='line_1_56' title="bbox 244 5506 1856 5585; baseline 0.012 -29"><span class='ocrx_word' id='word_1_428' title='bbox 244 5506 576 5573; x_wconf 87' lang='lat' dir='ltr'><strong>mercedem,</strong></span> <span class='ocrx_word' id='word_1_429' title='bbox 604 5508 800 5576; x_wconf 85' lang='lat' dir='ltr'><strong>adjecit</strong></span> <span class='ocrx_word' id='word_1_430' title='bbox 826 5525 840 5562; x_wconf 94' lang='lat'><strong>:</strong></span> <span class='ocrx_word' id='word_1_431' title='bbox 881 5510 941 5564; x_wconf 85' lang='lat' dir='ltr'><strong>Si</strong></span> <span class='ocrx_word' id='word_1_432' title='bbox 985 5515 1354 5577; x_wconf 76' lang='lat' dir='ltr'><strong>permanserint</strong></span> <span class='ocrx_word' id='word_1_433' title='bbox 1401 5515 1454 5570; x_wconf 87' lang='lat' dir='ltr'><strong>in</strong></span> <span class='ocrx_word' id='word_1_434' title='bbox 1480 5516 1584 5585; x_wconf 90' lang='lat' dir='ltr'><strong>ﬁde</strong></span> <span class='ocrx_word' id='word_1_435' title='bbox 1606 5563 1619 5584; x_wconf 84' lang='lat'><strong>,</strong></span> <span class='ocrx_word' id='word_1_436' title='bbox 1651 5529 1699 5573; x_wconf 89' lang='lat' dir='ltr'><strong>et</strong></span> <span class='ocrx_word' id='word_1_437' title='bbox 1729 5522 1856 5575; x_wconf 85' lang='lat' dir='ltr'><strong>dile-</strong></span> 
     </span>
    </p>
   </div>
   <div class='ocr_carea' id='block_1_57' title="bbox 241 5599 1853 5686">
    <p class='ocr_par' dir='ltr' id='par_1_57' title="bbox 241 5599 1853 5686">
     <span class='ocr_line' id='line_1_57' title="bbox 241 5599 1853 5686; baseline 0.01 -34"><span class='ocrx_word' id='word_1_438' title='bbox 241 5599 434 5664; x_wconf 79' lang='lat' dir='ltr'><strong>ctione,</strong></span> <span class='ocrx_word' id='word_1_439' title='bbox 455 5609 502 5652; x_wconf 88' lang='lat' dir='ltr'><strong>et</strong></span> <span class='ocrx_word' id='word_1_440' title='bbox 527 5602 933 5668; x_wconf 87' lang='lat' dir='ltr'><strong>sanctiﬁcatione</strong></span> <span class='ocrx_word' id='word_1_441' title='bbox 955 5621 1070 5657; x_wconf 86' lang='lat' dir='ltr'><strong>cum</strong></span> <span class='ocrx_word' id='word_1_442' title='bbox 1097 5607 1367 5664; x_wconf 75' lang='lat' dir='ltr'><strong>sobrietate</strong></span> <span class='ocrx_word' id='word_1_443' title='bbox 1391 5610 1439 5678; x_wconf 90' lang='lat' dir='ltr'><strong>(l</strong></span> <span class='ocrx_word' id='word_1_444' title='bbox 1455 5649 1467 5662; x_wconf 94' lang='lat'><strong>.</strong></span> <span class='ocrx_word' id='word_1_445' title='bbox 1495 5609 1628 5666; x_wconf 86' lang='lat' dir='ltr'><strong>Tim.</strong></span> <span class='ocrx_word' id='word_1_446' title='bbox 1652 5612 1708 5668; x_wconf 74' lang='grc'><strong>2.</strong></span> <span class='ocrx_word' id='word_1_447' title='bbox 1739 5615 1853 5686; x_wconf 74' lang='grc'><strong>15).</strong></span> 
     </span>
    </p>
   </div>
   <div class='ocr_carea' id='block_1_58' title="bbox 241 5694 1852 5766">
    <p class='ocr_par' dir='ltr' id='par_1_58' title="bbox 241 5694 1852 5766">
     <span class='ocr_line' id='line_1_58' title="bbox 241 5694 1852 5766; baseline 0.012 -20"><span class='ocrx_word' id='word_1_448' title='bbox 241 5694 484 5758; x_wconf 86' lang='lat' dir='ltr'><strong>Quorum</strong></span> <span class='ocrx_word' id='word_1_449' title='bbox 507 5694 795 5748; x_wconf 86' lang='lat' dir='ltr'><strong>verborum</strong></span> <span class='ocrx_word' id='word_1_450' title='bbox 820 5696 906 5752; x_wconf 90' lang='lat' dir='ltr'><strong>hic</strong></span> <span class='ocrx_word' id='word_1_451' title='bbox 931 5711 1125 5753; x_wconf 89' lang='lat' dir='ltr'><strong>sensus</strong></span> <span class='ocrx_word' id='word_1_452' title='bbox 1144 5710 1226 5755; x_wconf 88' lang='lat' dir='ltr'><strong>est</strong></span> <span class='ocrx_word' id='word_1_453' title='bbox 1249 5715 1264 5754; x_wconf 90' lang='lat'><strong>:</strong></span> <span class='ocrx_word' id='word_1_454' title='bbox 1290 5701 1440 5760; x_wconf 89' lang='lat' dir='ltr'><strong>Tunc</strong></span> <span class='ocrx_word' id='word_1_455' title='bbox 1463 5707 1684 5764; x_wconf 90' lang='lat' dir='ltr'><strong>nmltam</strong></span> <span class='ocrx_word' id='word_1_456' title='bbox 1709 5725 1852 5766; x_wconf 86' lang='lat' dir='ltr'><strong>mer-</strong></span> 
     </span>
    </p>
   </div>
   <div class='ocr_carea' id='block_1_59' title="bbox 239 5784 1854 5870">
    <p class='ocr_par' dir='ltr' id='par_1_59' title="bbox 239 5784 1854 5870">
     <span class='ocr_line' id='line_1_59' title="bbox 239 5784 1854 5870; baseline 0.012 -31"><span class='ocrx_word' id='word_1_457' title='bbox 239 5784 434 5840; x_wconf 85' lang='lat' dir='ltr'><strong>cedem</strong></span> <span class='ocrx_word' id='word_1_458' title='bbox 462 5787 715 5858; x_wconf 83' lang='lat' dir='ltr'><strong>accipies,</strong></span> <span class='ocrx_word' id='word_1_459' title='bbox 748 5789 792 5841; x_wconf 89' lang='lat' dir='ltr'><strong>si</strong></span> <span class='ocrx_word' id='word_1_460' title='bbox 819 5789 910 5858; x_wconf 87' lang='lat' dir='ltr'><strong>qui</strong></span> <span class='ocrx_word' id='word_1_461' title='bbox 941 5792 1205 5859; x_wconf 85' lang='lat' dir='ltr'><strong>procreati</strong></span> <span class='ocrx_word' id='word_1_462' title='bbox 1247 5805 1375 5850; x_wconf 86' lang='lat' dir='ltr'><strong>sunt</strong></span> <span class='ocrx_word' id='word_1_463' title='bbox 1419 5796 1571 5854; x_wconf 87' lang='lat' dir='ltr'><strong>liberi</strong></span> <span class='ocrx_word' id='word_1_464' title='bbox 1604 5816 1854 5870; x_wconf 87' lang='lat' dir='ltr'><strong>perman-</strong></span> 
     </span>
    </p>
   </div>
   <div class='ocr_carea' id='block_1_60' title="bbox 241 5877 1857 5965">
    <p class='ocr_par' dir='ltr' id='par_1_60' title="bbox 241 5877 1857 5965">
     <span class='ocr_line' id='line_1_60' title="bbox 241 5877 1857 5965; baseline 0.014 -39"><span class='ocrx_word' id='word_1_465' title='bbox 241 5878 411 5930; x_wconf 79' lang='lat' dir='ltr'><strong>serint</strong></span> <span class='ocrx_word' id='word_1_466' title='bbox 444 5877 495 5929; x_wconf 91' lang='lat' dir='ltr'><strong>in</strong></span> <span class='ocrx_word' id='word_1_467' title='bbox 540 5877 664 5942; x_wconf 74' lang='lat' dir='ltr'><strong>title,</strong></span> <span class='ocrx_word' id='word_1_468' title='bbox 708 5887 760 5931; x_wconf 88' lang='lat' dir='ltr'><strong>et</strong></span> <span class='ocrx_word' id='word_1_469' title='bbox 791 5877 1082 5936; x_wconf 70' lang='lat' dir='ltr'><strong>dilectione</strong></span> <span class='ocrx_word' id='word_1_470' title='bbox 1113 5892 1164 5936; x_wconf 83' lang='lat' dir='ltr'><strong>et</strong></span> <span class='ocrx_word' id='word_1_471' title='bbox 1195 5887 1640 5947; x_wconf 81' lang='lat' dir='ltr'><strong>sanctificatione.</strong></span> <span class='ocrx_word' id='word_1_472' title='bbox 1672 5888 1728 5949; x_wconf 85' lang='lat' dir='ltr'><strong>Si</strong></span> <span class='ocrx_word' id='word_1_473' title='bbox 1759 5892 1857 5965; x_wconf 78' lang='lat' dir='ltr'><strong>igi~</strong></span> 
     </span>
    </p>
   </div>
   <div class='ocr_carea' id='block_1_61' title="bbox 1587 420 2258 479">
    <p class='ocr_par' dir='ltr' id='par_1_61' title="bbox 1587 420 2258 479">
     <span class='ocr_line' id='line_1_61' title="bbox 1587 420 2258 479; baseline -0.001 0"><span class='ocrx_word' id='word_1_474' title='bbox 1587 424 1672 479; x_wconf 86' lang='lat' dir='ltr'><strong>DE</strong></span> <span class='ocrx_word' id='word_1_475' title='bbox 1714 421 1899 479; x_wconf 75' lang='lat' dir='ltr'><strong>ANNA</strong></span> <span class='ocrx_word' id='word_1_476' title='bbox 1941 420 2175 478; x_wconf 79' lang='lat' dir='ltr'><strong>SERMO</strong></span> <span class='ocrx_word' id='word_1_477' title='bbox 2214 422 2258 478; x_wconf 90' lang='grc' dir='ltr'><strong>Ι.</strong></span> 
     </span>
    </p>
   </div>
   <div class='ocr_carea' id='block_1_62' title="bbox 3487 432 3594 489">
    <p class='ocr_par' dir='ltr' id='par_1_62' title="bbox 3487 432 3594 489">
     <span class='ocr_line' id='line_1_62' title="bbox 3487 432 3594 489; baseline 0.028 -3"><span class='ocrx_word' id='word_1_478' title='bbox 3487 432 3594 489; x_wconf 75' lang='lat'><strong>653</strong></span> 
     </span>
    </p>
   </div>
   <div class='ocr_carea' id='block_1_63' title="bbox 1976 535 3593 610">
    <p class='ocr_par' dir='ltr' id='par_1_63' title="bbox 1976 535 3593 610">
     <span class='ocr_line' id='line_1_63' title="bbox 1976 535 3593 610; baseline 0.006 -21"><span class='ocrx_word' id='word_1_479' title='bbox 1976 543 2066 590; x_wconf 92' lang='lat' dir='ltr'><strong>tur</strong></span> <span class='ocrx_word' id='word_1_480' title='bbox 2107 535 2174 590; x_wconf 87' lang='lat' dir='ltr'><strong>ad</strong></span> <span class='ocrx_word' id='word_1_481' title='bbox 2206 535 2322 591; x_wconf 76' lang='lat' dir='ltr'><strong>lucc</strong></span> <span class='ocrx_word' id='word_1_482' title='bbox 2359 550 2454 591; x_wconf 91' lang='lat' dir='ltr'><strong>eos</strong></span> <span class='ocrx_word' id='word_1_483' title='bbox 2496 537 2711 603; x_wconf 89' lang='lat' dir='ltr'><strong>incites,</strong></span> <span class='ocrx_word' id='word_1_484' title='bbox 2751 539 2796 593; x_wconf 89' lang='lat' dir='ltr'><strong>si</strong></span> <span class='ocrx_word' id='word_1_485' title='bbox 2833 537 3154 610; x_wconf 84' lang='lat' dir='ltr'><strong>admoneas,</strong></span> <span class='ocrx_word' id='word_1_486' title='bbox 3196 542 3243 597; x_wconf 91' lang='lat' dir='ltr'><strong>si</strong></span> <span class='ocrx_word' id='word_1_487' title='bbox 3285 542 3504 608; x_wconf 82' lang='lat' dir='ltr'><strong>doceas,</strong></span> <span class='ocrx_word' id='word_1_488' title='bbox 3549 547 3593 598; x_wconf 82' lang='lat' dir='ltr'><strong>si</strong></span> 
     </span>
    </p>
   </div>
   <div class='ocr_carea' id='block_1_64' title="bbox 1973 629 3592 706">
    <p class='ocr_par' dir='ltr' id='par_1_64' title="bbox 1973 629 3592 706">
     <span class='ocr_line' id='line_1_64' title="bbox 1973 629 3592 706; baseline 0.002 -22"><span class='ocrx_word' id='word_1_489' title='bbox 1973 630 2202 684; x_wconf 85' lang='lat' dir='ltr'><strong>consilio</strong></span> <span class='ocrx_word' id='word_1_490' title='bbox 2222 629 2403 700; x_wconf 86' lang='lat' dir='ltr'><strong>jttvcs,</strong></span> <span class='ocrx_word' id='word_1_491' title='bbox 2431 631 2502 686; x_wconf 90' lang='lat' dir='ltr'><strong>ob</strong></span> <span class='ocrx_word' id='word_1_492' title='bbox 2531 631 2668 687; x_wconf 91' lang='lat' dir='ltr'><strong>hanc</strong></span> <span class='ocrx_word' id='word_1_493' title='bbox 2693 648 2880 688; x_wconf 88' lang='lat' dir='ltr'><strong>curam</strong></span> <span class='ocrx_word' id='word_1_494' title='bbox 2909 633 3075 690; x_wconf 83' lang='lat' dir='ltr'><strong>multa</strong></span> <span class='ocrx_word' id='word_1_495' title='bbox 3124 633 3219 689; x_wconf 86' lang='lat' dir='ltr'><strong>tibi</strong></span> <span class='ocrx_word' id='word_1_496' title='bbox 3251 635 3392 706; x_wconf 82' lang='lat' dir='ltr'><strong>apud</strong></span> <span class='ocrx_word' id='word_1_497' title='bbox 3425 635 3592 690; x_wconf 85' lang='lat' dir='ltr'><strong>Deum</strong></span> 
     </span>
    </p>
   </div>
   <div class='ocr_carea' id='block_1_65' title="bbox 1975 721 2658 777">
    <p class='ocr_par' dir='ltr' id='par_1_65' title="bbox 1975 721 2658 777">
     <span class='ocr_line' id='line_1_65' title="bbox 1975 721 2658 777; baseline 0.003 -3"><span class='ocrx_word' id='word_1_498' title='bbox 1975 735 2188 775; x_wconf 90' lang='lat' dir='ltr'><strong>merces</strong></span> <span class='ocrx_word' id='word_1_499' title='bbox 2217 721 2322 776; x_wconf 92' lang='lat' dir='ltr'><strong>erit</strong></span> <span class='ocrx_word' id='word_1_500' title='bbox 2343 722 2658 777; x_wconf 88' lang='lat' dir='ltr'><strong>constituta.</strong></span> 
     </span>
    </p>
   </div>
   <div class='ocr_carea' id='block_1_66' title="bbox 2051 810 3592 884">
    <p class='ocr_par' dir='ltr' id='par_1_66' title="bbox 2051 810 3592 884">
     <span class='ocr_line' id='line_1_66' title="bbox 2051 810 3592 884; baseline 0.006 -21"><span class='ocrx_word' id='word_1_501' title='bbox 2051 810 2257 865; x_wconf 78' lang='lat' dir='ltr'><strong>Mulieri</strong></span> <span class='ocrx_word' id='word_1_502' title='bbox 2278 813 2501 867; x_wconf 76' lang='lat' dir='ltr'><strong>maxime</strong></span> <span class='ocrx_word' id='word_1_503' title='bbox 2526 814 2758 868; x_wconf 82' lang='lat' dir='ltr'><strong>convenit</strong></span> <span class='ocrx_word' id='word_1_504' title='bbox 2777 814 3012 868; x_wconf 85' lang='lat' dir='ltr'><strong>educatio</strong></span> <span class='ocrx_word' id='word_1_505' title='bbox 3044 815 3354 884; x_wconf 82' lang='lat' dir='ltr'><strong>liberorum;</strong></span> <span class='ocrx_word' id='word_1_506' title='bbox 3380 818 3592 874; x_wconf 79' lang='lat' dir='ltr'><strong>historia</strong></span> 
     </span>
    </p>
   </div>
   <div class='ocr_carea' id='block_1_67' title="bbox 1975 899 3593 974">
    <p class='ocr_par' dir='ltr' id='par_1_67' title="bbox 1975 899 3593 974">
     <span class='ocr_line' id='line_1_67' title="bbox 1975 899 3593 974; baseline 0.006 -21"><span class='ocrx_word' id='word_1_507' title='bbox 1975 899 2140 954; x_wconf 67' lang='lat' dir='ltr'><strong>Anna:</strong></span> <span class='ocrx_word' id='word_1_508' title='bbox 2168 902 2344 954; x_wconf 87' lang='lat' dir='ltr'><strong>matris</strong></span> <span class='ocrx_word' id='word_1_509' title='bbox 2389 901 2690 967; x_wconf 79' lang='lat' dir='ltr'><strong>Samuelis;</strong></span> <span class='ocrx_word' id='word_1_510' title='bbox 2730 906 2969 958; x_wconf 84' lang='lat' dir='ltr'><strong>sterilitas</strong></span> <span class='ocrx_word' id='word_1_511' title='bbox 3007 917 3256 974; x_wconf 81' lang='lat' dir='ltr'><strong>quantum</strong></span> <span class='ocrx_word' id='word_1_512' title='bbox 3284 909 3494 963; x_wconf 71' lang='lat' dir='ltr'><strong>mlunt.</strong></span> <span class='ocrx_word' id='word_1_513' title='bbox 3520 938 3593 952; x_wconf 73' lang='lat'><strong>~—</strong></span> 
     </span>
    </p>
   </div>
   <div class='ocr_carea' id='block_1_68' title="bbox 1973 992 3590 1064">
    <p class='ocr_par' dir='ltr' id='par_1_68' title="bbox 1973 992 3590 1064">
     <span class='ocr_line' id='line_1_68' title="bbox 1973 992 3590 1064; baseline 0.006 -18"><span class='ocrx_word' id='word_1_514' title='bbox 1973 992 2053 1062; x_wconf 78' lang='lat' dir='ltr'><strong>Ne</strong></span> <span class='ocrx_word' id='word_1_515' title='bbox 2076 993 2240 1063; x_wconf 88' lang='lat' dir='ltr'><strong>igitur</strong></span> <span class='ocrx_word' id='word_1_516' title='bbox 2265 993 2502 1048; x_wconf 86' lang='lat' dir='ltr'><strong>alienum</strong></span> <span class='ocrx_word' id='word_1_517' title='bbox 2533 1011 2562 1048; x_wconf 89' lang='lat' dir='ltr'><strong>a</strong></span> <span class='ocrx_word' id='word_1_518' title='bbox 2593 1011 2653 1050; x_wconf 90' lang='lat' dir='ltr'><strong>se</strong></span> <span class='ocrx_word' id='word_1_519' title='bbox 2688 997 2947 1052; x_wconf 74' lang='lat' dir='ltr'><strong>mu‘iures</strong></span> <span class='ocrx_word' id='word_1_520' title='bbox 2976 998 3326 1064; x_wconf 80' lang='lat' dir='ltr'><strong>arbitrentur,</strong></span> <span class='ocrx_word' id='word_1_521' title='bbox 3357 1001 3402 1055; x_wconf 93' lang='lat' dir='ltr'><strong>si</strong></span> <span class='ocrx_word' id='word_1_522' title='bbox 3424 1011 3483 1056; x_wconf 86' lang='lat' dir='ltr'><strong>et</strong></span> <span class='ocrx_word' id='word_1_523' title='bbox 3510 1001 3590 1055; x_wconf 90' lang='lat' dir='ltr'><strong>fe-</strong></span> 
     </span>
    </p>
   </div>
   <div class='ocr_carea' id='block_1_69' title="bbox 1975 1084 3593 1156">
    <p class='ocr_par' dir='ltr' id='par_1_69' title="bbox 1975 1084 3593 1156">
     <span class='ocr_line' id='line_1_69' title="bbox 1975 1084 3593 1156; baseline 0.007 -21"><span class='ocrx_word' id='word_1_524' title='bbox 1975 1084 2241 1138; x_wconf 90' lang='lat' dir='ltr'><strong>minarum</strong></span> <span class='ocrx_word' id='word_1_525' title='bbox 2283 1095 2339 1138; x_wconf 92' lang='lat' dir='ltr'><strong>et</strong></span> <span class='ocrx_word' id='word_1_526' title='bbox 2391 1085 2622 1140; x_wconf 89' lang='lat' dir='ltr'><strong>marium</strong></span> <span class='ocrx_word' id='word_1_527' title='bbox 2663 1101 2847 1141; x_wconf 75' lang='lat' dir='ltr'><strong>cuiam</strong></span> <span class='ocrx_word' id='word_1_528' title='bbox 2888 1097 3096 1156; x_wconf 84' lang='lat' dir='ltr'><strong>gerant.</strong></span> <span class='ocrx_word' id='word_1_529' title='bbox 3147 1088 3263 1144; x_wconf 84' lang='lat' dir='ltr'><strong>Non</strong></span> <span class='ocrx_word' id='word_1_530' title='bbox 3305 1091 3452 1145; x_wconf 76' lang='lat' dir='ltr'><strong>enim</strong></span> <span class='ocrx_word' id='word_1_531' title='bbox 3506 1092 3593 1146; x_wconf 85' lang='lat' dir='ltr'><strong>hic</strong></span> 
     </span>
    </p>
   </div>
   <div class='ocr_carea' id='block_1_70' title="bbox 1973 1173 3591 1248">
    <p class='ocr_par' dir='ltr' id='par_1_70' title="bbox 1973 1173 3591 1248">
     <span class='ocr_line' id='line_1_70' title="bbox 1973 1173 3591 1248; baseline 0.005 -22"><span class='ocrx_word' id='word_1_532' title='bbox 1973 1189 2163 1228; x_wconf 77' lang='lat' dir='ltr'><strong>sexum</strong></span> <span class='ocrx_word' id='word_1_533' title='bbox 2190 1173 2436 1228; x_wconf 79' lang='lat' dir='ltr'><strong>distinxit</strong></span> <span class='ocrx_word' id='word_1_534' title='bbox 2472 1180 2633 1241; x_wconf 84' lang='lat' dir='ltr'><strong>Deus,</strong></span> <span class='ocrx_word' id='word_1_535' title='bbox 2658 1176 2754 1231; x_wconf 79' lang='lat' dir='ltr'><strong>sed</strong></span> <span class='ocrx_word' id='word_1_536' title='bbox 2784 1185 2840 1231; x_wconf 92' lang='lat' dir='ltr'><strong>et</strong></span> <span class='ocrx_word' id='word_1_537' title='bbox 2867 1178 2976 1232; x_wconf 92' lang='lat' dir='ltr'><strong>illic</strong></span> <span class='ocrx_word' id='word_1_538' title='bbox 3002 1179 3323 1248; x_wconf 86' lang='lat' dir='ltr'><strong>simpliciter</strong></span> <span class='ocrx_word' id='word_1_539' title='bbox 3348 1182 3503 1244; x_wconf 76' lang='lat' dir='ltr'><strong>dixit,</strong></span> <span class='ocrx_word' id='word_1_540' title='bbox 3529 1182 3591 1237; x_wconf 85' lang='lat' dir='ltr'><strong>Si</strong></span> 
     </span>
    </p>
   </div>
   <div class='ocr_carea' id='block_1_71' title="bbox 1974 1267 3592 1342">
    <p class='ocr_par' dir='ltr' id='par_1_71' title="bbox 1974 1267 3592 1342">
     <span class='ocr_line' id='line_1_71' title="bbox 1974 1267 3592 1342; baseline 0.007 -26"><span class='ocrx_word' id='word_1_541' title='bbox 1974 1267 2111 1334; x_wconf 85' lang='lat' dir='ltr'><strong>ﬁlios</strong></span> <span class='ocrx_word' id='word_1_542' title='bbox 2141 1268 2407 1332; x_wconf 80' lang='lat' dir='ltr'><strong>educavit;</strong></span> <span class='ocrx_word' id='word_1_543' title='bbox 2429 1275 2484 1322; x_wconf 91' lang='lat' dir='ltr'><strong>et</strong></span> <span class='ocrx_word' id='word_1_544' title='bbox 2511 1268 2615 1333; x_wconf 79' lang='lat' dir='ltr'><strong>hic,</strong></span> <span class='ocrx_word' id='word_1_545' title='bbox 2649 1268 2709 1323; x_wconf 90' lang='lat' dir='ltr'><strong>Si</strong></span> <span class='ocrx_word' id='word_1_546' title='bbox 2731 1272 3100 1340; x_wconf 79' lang='lat' dir='ltr'><strong>permanserint</strong></span> <span class='ocrx_word' id='word_1_547' title='bbox 3134 1273 3185 1325; x_wconf 89' lang='lat' dir='ltr'><strong>in</strong></span> <span class='ocrx_word' id='word_1_548' title='bbox 3229 1274 3355 1342; x_wconf 79' lang='lat' dir='ltr'><strong>ﬁde,</strong></span> <span class='ocrx_word' id='word_1_549' title='bbox 3385 1283 3433 1327; x_wconf 85' lang='lat' dir='ltr'><strong>et</strong></span> <span class='ocrx_word' id='word_1_550' title='bbox 3462 1275 3592 1328; x_wconf 86' lang='lat' dir='ltr'><strong>dile-</strong></span> 
     </span>
    </p>
   </div>
   <div class='ocr_carea' id='block_1_72' title="bbox 1972 1359 3592 1436">
    <p class='ocr_par' dir='ltr' id='par_1_72' title="bbox 1972 1359 3592 1436">
     <span class='ocr_line' id='line_1_72' title="bbox 1972 1359 3592 1436; baseline 0.007 -27"><span class='ocrx_word' id='word_1_551' title='bbox 1972 1359 2158 1424; x_wconf 73' lang='lat' dir='ltr'><strong>ctione,</strong></span> <span class='ocrx_word' id='word_1_552' title='bbox 2193 1369 2240 1412; x_wconf 85' lang='lat' dir='ltr'><strong>et</strong></span> <span class='ocrx_word' id='word_1_553' title='bbox 2279 1359 2708 1426; x_wconf 87' lang='lat' dir='ltr'><strong>sanctiﬁcatione.</strong></span> <span class='ocrx_word' id='word_1_554' title='bbox 2750 1360 2934 1432; x_wconf 87' lang='lat' dir='ltr'><strong>Itaque</strong></span> <span class='ocrx_word' id='word_1_555' title='bbox 2976 1365 3258 1436; x_wconf 87' lang='lat' dir='ltr'><strong>utriusque</strong></span> <span class='ocrx_word' id='word_1_556' title='bbox 3287 1367 3503 1436; x_wconf 89' lang='lat' dir='ltr'><strong>generis</strong></span> <span class='ocrx_word' id='word_1_557' title='bbox 3531 1368 3592 1420; x_wconf 87' lang='lat' dir='ltr'><strong>li-</strong></span> 
     </span>
    </p>
   </div>
   <div class='ocr_carea' id='block_1_73' title="bbox 1975 1451 3594 1529">
    <p class='ocr_par' dir='ltr' id='par_1_73' title="bbox 1975 1451 3594 1529">
     <span class='ocr_line' id='line_1_73' title="bbox 1975 1451 3594 1529; baseline 0.006 -26"><span class='ocrx_word' id='word_1_558' title='bbox 1975 1451 2225 1505; x_wconf 87' lang='lat' dir='ltr'><strong>berorum</strong></span> <span class='ocrx_word' id='word_1_559' title='bbox 2257 1451 2599 1520; x_wconf 80' lang='lat' dir='ltr'><strong>suscipienda</strong></span> <span class='ocrx_word' id='word_1_560' title='bbox 2643 1454 2801 1508; x_wconf 89' lang='lat' dir='ltr'><strong>nobis</strong></span> <span class='ocrx_word' id='word_1_561' title='bbox 2842 1465 2929 1510; x_wconf 67' lang='lat' dir='ltr'><strong>est</strong></span> <span class='ocrx_word' id='word_1_562' title='bbox 2954 1471 3104 1522; x_wconf 88' lang='lat' dir='ltr'><strong>cura,</strong></span> <span class='ocrx_word' id='word_1_563' title='bbox 3136 1468 3392 1528; x_wconf 87' lang='lat' dir='ltr'><strong>tantoque</strong></span> <span class='ocrx_word' id='word_1_564' title='bbox 3421 1461 3594 1529; x_wconf 87' lang='lat' dir='ltr'><strong>magis</strong></span> 
     </span>
    </p>
   </div>
   <div class='ocr_carea' id='block_1_74' title="bbox 1975 1543 3593 1616">
    <p class='ocr_par' dir='ltr' id='par_1_74' title="bbox 1975 1543 3593 1616">
     <span class='ocr_line' id='line_1_74' title="bbox 1975 1543 3593 1616; baseline 0.006 -21"><span class='ocrx_word' id='word_1_565' title='bbox 1975 1543 2312 1610; x_wconf 83' lang='lat' dir='ltr'><strong>mulieribus,</strong></span> <span class='ocrx_word' id='word_1_566' title='bbox 2343 1555 2546 1613; x_wconf 87' lang='lat' dir='ltr'><strong>quanto</strong></span> <span class='ocrx_word' id='word_1_567' title='bbox 2585 1546 2787 1616; x_wconf 70' lang='lat' dir='ltr'><strong>smpius</strong></span> <span class='ocrx_word' id='word_1_568' title='bbox 2815 1546 2963 1602; x_wconf 90' lang='lat' dir='ltr'><strong>domi</strong></span> <span class='ocrx_word' id='word_1_569' title='bbox 2994 1549 3254 1604; x_wconf 64' lang='lat' dir='ltr'><strong>resident.</strong></span> <span class='ocrx_word' id='word_1_570' title='bbox 3283 1549 3418 1605; x_wconf 82' lang='lat' dir='ltr'><strong>Nam</strong></span> <span class='ocrx_word' id='word_1_571' title='bbox 3447 1551 3593 1606; x_wconf 83' lang='lat' dir='ltr'><strong>viros</strong></span> 
     </span>
    </p>
   </div>
   <div class='ocr_carea' id='block_1_75' title="bbox 1972 1635 3593 1708">
    <p class='ocr_par' dir='ltr' id='par_1_75' title="bbox 1972 1635 3593 1708">
     <span class='ocr_line' id='line_1_75' title="bbox 1972 1635 3593 1708; baseline 0.007 -22"><span class='ocrx_word' id='word_1_572' title='bbox 1972 1635 2187 1704; x_wconf 87' lang='lat' dir='ltr'><strong>quidem</strong></span> <span class='ocrx_word' id='word_1_573' title='bbox 2220 1637 2706 1706; x_wconf 81' lang='lat' dir='ltr'><strong>peregrinationes,</strong></span> <span class='ocrx_word' id='word_1_574' title='bbox 2738 1653 2801 1694; x_wconf 91' lang='lat' dir='ltr'><strong>ac</strong></span> <span class='ocrx_word' id='word_1_575' title='bbox 2826 1641 2924 1694; x_wconf 90' lang='lat' dir='ltr'><strong>fori</strong></span> <span class='ocrx_word' id='word_1_576' title='bbox 2968 1641 3382 1708; x_wconf 88' lang='lat' dir='ltr'><strong>sollicitudines,</strong></span> <span class='ocrx_word' id='word_1_577' title='bbox 3414 1653 3468 1699; x_wconf 89' lang='lat' dir='ltr'><strong>et</strong></span> <span class='ocrx_word' id='word_1_578' title='bbox 3496 1658 3593 1698; x_wconf 81' lang='lat' dir='ltr'><strong>ne—</strong></span> 
     </span>
    </p>
   </div>
   <div class='ocr_carea' id='block_1_76' title="bbox 1972 1726 3594 1798">
    <p class='ocr_par' dir='ltr' id='par_1_76' title="bbox 1972 1726 3594 1798">
     <span class='ocr_line' id='line_1_76' title="bbox 1972 1726 3594 1798; baseline 0.006 -22"><span class='ocrx_word' id='word_1_579' title='bbox 1972 1727 2113 1796; x_wconf 84' lang='lat' dir='ltr'><strong>gotia</strong></span> <span class='ocrx_word' id='word_1_580' title='bbox 2146 1726 2386 1780; x_wconf 89' lang='lat' dir='ltr'><strong>civitatis</strong></span> <span class='ocrx_word' id='word_1_581' title='bbox 2432 1742 2580 1798; x_wconf 77' lang='lat' dir='ltr'><strong>saepe</strong></span> <span class='ocrx_word' id='word_1_582' title='bbox 2608 1729 2953 1785; x_wconf 89' lang='lat' dir='ltr'><strong>distrahunt:</strong></span> <span class='ocrx_word' id='word_1_583' title='bbox 2983 1731 3175 1786; x_wconf 85' lang='lat' dir='ltr'><strong>mulier</strong></span> <span class='ocrx_word' id='word_1_584' title='bbox 3201 1744 3382 1789; x_wconf 90' lang='lat' dir='ltr'><strong>autem</strong></span> <span class='ocrx_word' id='word_1_585' title='bbox 3409 1734 3479 1790; x_wconf 92' lang='lat' dir='ltr'><strong>ab</strong></span> <span class='ocrx_word' id='word_1_586' title='bbox 3509 1733 3594 1788; x_wconf 81' lang='lat' dir='ltr'><strong>his</strong></span> 
     </span>
    </p>
   </div>
   <div class='ocr_carea' id='block_1_77' title="bbox 1972 1817 3595 1893">
    <p class='ocr_par' dir='ltr' id='par_1_77' title="bbox 1972 1817 3595 1893">
     <span class='ocr_line' id='line_1_77' title="bbox 1972 1817 3595 1893; baseline 0.007 -23"><span class='ocrx_word' id='word_1_587' title='bbox 1972 1818 2116 1871; x_wconf 89' lang='lat' dir='ltr'><strong>curis</strong></span> <span class='ocrx_word' id='word_1_588' title='bbox 2144 1817 2537 1874; x_wconf 89' lang='lat' dir='ltr'><strong>immunitatem</strong></span> <span class='ocrx_word' id='word_1_589' title='bbox 2571 1822 2760 1876; x_wconf 88' lang='lat' dir='ltr'><strong>sortita</strong></span> <span class='ocrx_word' id='word_1_590' title='bbox 2791 1822 2998 1878; x_wconf 89' lang='lat' dir='ltr'><strong>facilius</strong></span> <span class='ocrx_word' id='word_1_591' title='bbox 3021 1827 3237 1893; x_wconf 88' lang='lat' dir='ltr'><strong>poterit,</strong></span> <span class='ocrx_word' id='word_1_592' title='bbox 3275 1841 3398 1880; x_wconf 82' lang='lat' dir='ltr'><strong>cum</strong></span> <span class='ocrx_word' id='word_1_593' title='bbox 3443 1837 3595 1882; x_wconf 87' lang='lat' dir='ltr'><strong>tanto</strong></span> 
     </span>
    </p>
   </div>
   <div class='ocr_carea' id='block_1_78' title="bbox 1975 1909 3593 1986">
    <p class='ocr_par' dir='ltr' id='par_1_78' title="bbox 1975 1909 3593 1986">
     <span class='ocr_line' id='line_1_78' title="bbox 1975 1909 3593 1986; baseline 0.009 -24"><span class='ocrx_word' id='word_1_594' title='bbox 1975 1909 2178 1964; x_wconf 90' lang='lat' dir='ltr'><strong>lrnatur</strong></span> <span class='ocrx_word' id='word_1_595' title='bbox 2220 1913 2352 1973; x_wconf 89' lang='lat' dir='ltr'><strong>otio,</strong></span> <span class='ocrx_word' id='word_1_596' title='bbox 2411 1913 2702 1970; x_wconf 88' lang='lat' dir='ltr'><strong>liberorum</strong></span> <span class='ocrx_word' id='word_1_597' title='bbox 2750 1931 2934 1970; x_wconf 90' lang='lat' dir='ltr'><strong>curam</strong></span> <span class='ocrx_word' id='word_1_598' title='bbox 2975 1932 3184 1986; x_wconf 85' lang='lat' dir='ltr'><strong>gerere.</strong></span> <span class='ocrx_word' id='word_1_599' title='bbox 3221 1919 3294 1973; x_wconf 85' lang='lat' dir='ltr'><strong>Ita</strong></span> <span class='ocrx_word' id='word_1_600' title='bbox 3327 1919 3593 1976; x_wconf 88' lang='lat' dir='ltr'><strong>faciebant</strong></span> 
     </span>
    </p>
   </div>
   <div class='ocr_carea' id='block_1_79' title="bbox 1971 2004 3587 2074">
    <p class='ocr_par' dir='ltr' id='par_1_79' title="bbox 1971 2004 3587 2074">
     <span class='ocr_line' id='line_1_79' title="bbox 1971 2004 3587 2074; baseline 0.007 -17"><span class='ocrx_word' id='word_1_601' title='bbox 1971 2004 2205 2074; x_wconf 79' lang='lat' dir='ltr'><strong>antipue</strong></span> <span class='ocrx_word' id='word_1_602' title='bbox 2237 2007 2527 2062; x_wconf 85' lang='lat' dir='ltr'><strong>mulieres:</strong></span> <span class='ocrx_word' id='word_1_603' title='bbox 2563 2025 2668 2062; x_wconf 92' lang='lat' dir='ltr'><strong>non</strong></span> <span class='ocrx_word' id='word_1_604' title='bbox 2693 2009 2838 2064; x_wconf 90' lang='lat' dir='ltr'><strong>enim</strong></span> <span class='ocrx_word' id='word_1_605' title='bbox 2860 2027 2890 2064; x_wconf 88' lang='lat' dir='ltr'><strong>a</strong></span> <span class='ocrx_word' id='word_1_606' title='bbox 2917 2012 3047 2065; x_wconf 88' lang='lat' dir='ltr'><strong>viris</strong></span> <span class='ocrx_word' id='word_1_607' title='bbox 3077 2013 3276 2074; x_wconf 79' lang='lat' dir='ltr'><strong>solum.</strong></span> <span class='ocrx_word' id='word_1_608' title='bbox 3301 2015 3393 2070; x_wconf 89' lang='lat' dir='ltr'><strong>sed</strong></span> <span class='ocrx_word' id='word_1_609' title='bbox 3422 2015 3587 2072; x_wconf 88' lang='lat' dir='ltr'><strong>etiam</strong></span> 
     </span>
    </p>
   </div>
   <div class='ocr_carea' id='block_1_80' title="bbox 1975 2097 3596 2175">
    <p class='ocr_par' dir='ltr' id='par_1_80' title="bbox 1975 2097 3596 2175">
     <span class='ocr_line' id='line_1_80' title="bbox 1975 2097 3596 2175; baseline 0.008 -27"><span class='ocrx_word' id='word_1_610' title='bbox 1975 2112 2002 2148; x_wconf 91' lang='lat' dir='ltr'><strong>a</strong></span> <span class='ocrx_word' id='word_1_611' title='bbox 2038 2097 2354 2152; x_wconf 81' lang='lat' dir='ltr'><strong>mulieribus</strong></span> <span class='ocrx_word' id='word_1_612' title='bbox 2384 2099 2486 2154; x_wconf 88' lang='lat' dir='ltr'><strong>hoc</strong></span> <span class='ocrx_word' id='word_1_613' title='bbox 2514 2101 2835 2168; x_wconf 87' lang='lat' dir='ltr'><strong>postulatur,</strong></span> <span class='ocrx_word' id='word_1_614' title='bbox 2869 2112 2928 2156; x_wconf 92' lang='lat' dir='ltr'><strong>ut</strong></span> <span class='ocrx_word' id='word_1_615' title='bbox 2948 2118 3095 2166; x_wconf 88' lang='lat' dir='ltr'><strong>suos,</strong></span> <span class='ocrx_word' id='word_1_616' title='bbox 3122 2105 3362 2175; x_wconf 86' lang='lat' dir='ltr'><strong>inquam,</strong></span> <span class='ocrx_word' id='word_1_617' title='bbox 3394 2105 3596 2161; x_wconf 71' lang='lat' dir='ltr'><strong>liberos</strong></span> 
     </span>
    </p>
   </div>
   <div class='ocr_carea' id='block_1_81' title="bbox 1971 2191 3595 2266">
    <p class='ocr_par' dir='ltr' id='par_1_81' title="bbox 1971 2191 3595 2266">
     <span class='ocr_line' id='line_1_81' title="bbox 1971 2191 3595 2266; baseline 0.008 -25"><span class='ocrx_word' id='word_1_618' title='bbox 1971 2199 2184 2254; x_wconf 78' lang='lat' dir='ltr'><strong>curent,</strong></span> <span class='ocrx_word' id='word_1_619' title='bbox 2217 2200 2377 2260; x_wconf 89' lang='lat' dir='ltr'><strong>atque</strong></span> <span class='ocrx_word' id='word_1_620' title='bbox 2407 2191 2474 2246; x_wconf 88' lang='lat' dir='ltr'><strong>ad</strong></span> <span class='ocrx_word' id='word_1_621' title='bbox 2503 2191 2902 2264; x_wconf 86' lang='lat' dir='ltr'><strong>philosophiam</strong></span> <span class='ocrx_word' id='word_1_622' title='bbox 2926 2195 3046 2250; x_wconf 91' lang='lat' dir='ltr'><strong>illos</strong></span> <span class='ocrx_word' id='word_1_623' title='bbox 3077 2197 3316 2254; x_wconf 91' lang='lat' dir='ltr'><strong>incitent.</strong></span> <span class='ocrx_word' id='word_1_624' title='bbox 3349 2198 3502 2266; x_wconf 90' lang='lat' dir='ltr'><strong>Quod</strong></span> <span class='ocrx_word' id='word_1_625' title='bbox 3537 2209 3595 2254; x_wconf 90' lang='lat' dir='ltr'><strong>nt</strong></span> 
     </span>
    </p>
   </div>
   <div class='ocr_carea' id='block_1_82' title="bbox 1974 2286 3593 2348">
    <p class='ocr_par' dir='ltr' id='par_1_82' title="bbox 1974 2286 3593 2348">
     <span class='ocr_line' id='line_1_82' title="bbox 1974 2286 3593 2348; baseline 0.012 -19"><span class='ocrx_word' id='word_1_626' title='bbox 1974 2296 2158 2333; x_wconf 74' lang='lat' dir='ltr'><strong>vernn:</strong></span> <span class='ocrx_word' id='word_1_627' title='bbox 2181 2295 2303 2334; x_wconf 89' lang='lat' dir='ltr'><strong>esse</strong></span> <span class='ocrx_word' id='word_1_628' title='bbox 2324 2292 2558 2348; x_wconf 87' lang='lat' dir='ltr'><strong>constet,</strong></span> <span class='ocrx_word' id='word_1_629' title='bbox 2587 2293 2827 2341; x_wconf 86' lang='lat' dir='ltr'><strong>veterem</strong></span> <span class='ocrx_word' id='word_1_630' title='bbox 2850 2286 3006 2342; x_wconf 76' lang='lat' dir='ltr'><strong>vobis</strong></span> <span class='ocrx_word' id='word_1_631' title='bbox 3033 2289 3310 2344; x_wconf 88' lang='lat' dir='ltr'><strong>historiam</strong></span> <span class='ocrx_word' id='word_1_632' title='bbox 3338 2291 3593 2348; x_wconf 82' lang='lat' dir='ltr'><strong>narralw.</strong></span> 
     </span>
    </p>
   </div>
   <div class='ocr_carea' id='block_1_83' title="bbox 1973 2372 3590 2451">
    <p class='ocr_par' dir='ltr' id='par_1_83' title="bbox 1973 2372 3590 2451">
     <span class='ocr_line' id='line_1_83' title="bbox 1973 2372 3590 2451; baseline 0.007 -24"><span class='ocrx_word' id='word_1_633' title='bbox 1973 2372 2099 2428; x_wconf 85' lang='lat' dir='ltr'><strong>Fuit</strong></span> <span class='ocrx_word' id='word_1_634' title='bbox 2123 2374 2262 2443; x_wconf 83' lang='lat' dir='ltr'><strong>apud</strong></span> <span class='ocrx_word' id='word_1_635' title='bbox 2293 2374 2513 2432; x_wconf 74' lang='lat' dir='ltr'><strong>Jndzeos</strong></span> <span class='ocrx_word' id='word_1_636' title='bbox 2545 2378 2699 2432; x_wconf 82' lang='lat' dir='ltr'><strong>Anna</strong></span> <span class='ocrx_word' id='word_1_637' title='bbox 2740 2380 2936 2435; x_wconf 88' lang='lat' dir='ltr'><strong>mulier</strong></span> <span class='ocrx_word' id='word_1_638' title='bbox 2973 2381 3243 2451; x_wconf 70' lang='lat' dir='ltr'><strong>qumdam.</strong></span> <span class='ocrx_word' id='word_1_639' title='bbox 3277 2384 3404 2439; x_wconf 70' lang='lat' dir='ltr'><strong>&quot;me</strong></span> <span class='ocrx_word' id='word_1_640' title='bbox 3434 2386 3590 2441; x_wconf 80' lang='lat' dir='ltr'><strong>Anna</strong></span> 
     </span>
    </p>
   </div>
   <div class='ocr_carea' id='block_1_84' title="bbox 1973 2467 3596 2546">
    <p class='ocr_par' dir='ltr' id='par_1_84' title="bbox 1973 2467 3596 2546">
     <span class='ocr_line' id='line_1_84' title="bbox 1973 2467 3596 2546; baseline 0.009 -28"><span class='ocrx_word' id='word_1_641' title='bbox 1973 2467 2142 2520; x_wconf 91' lang='lat' dir='ltr'><strong>multo</strong></span> <span class='ocrx_word' id='word_1_642' title='bbox 2174 2477 2418 2537; x_wconf 87' lang='lat' dir='ltr'><strong>tempore</strong></span> <span class='ocrx_word' id='word_1_643' title='bbox 2456 2471 2743 2526; x_wconf 86' lang='lat' dir='ltr'><strong>sterilitate</strong></span> <span class='ocrx_word' id='word_1_644' title='bbox 2769 2472 3054 2540; x_wconf 88' lang='lat' dir='ltr'><strong>laboravit,</strong></span> <span class='ocrx_word' id='word_1_645' title='bbox 3087 2475 3339 2546; x_wconf 89' lang='lat' dir='ltr'><strong>quodque</strong></span> <span class='ocrx_word' id='word_1_646' title='bbox 3378 2479 3596 2546; x_wconf 89' lang='lat' dir='ltr'><strong>gravius</strong></span> 
     </span>
    </p>
   </div>
   <div class='ocr_carea' id='block_1_85' title="bbox 1974 2556 3591 2627">
    <p class='ocr_par' dir='ltr' id='par_1_85' title="bbox 1974 2556 3591 2627">
     <span class='ocr_line' id='line_1_85' title="bbox 1974 2556 3591 2627; baseline 0.009 -17"><span class='ocrx_word' id='word_1_647' title='bbox 1974 2556 2091 2622; x_wconf 84' lang='lat' dir='ltr'><strong>fuit,</strong></span> <span class='ocrx_word' id='word_1_648' title='bbox 2139 2558 2258 2627; x_wconf 81' lang='lat' dir='ltr'><strong>ejus</strong></span> <span class='ocrx_word' id='word_1_649' title='bbox 2309 2561 2502 2614; x_wconf 63' lang='lat' dir='ltr'><strong>aemula</strong></span> <span class='ocrx_word' id='word_1_650' title='bbox 2550 2563 2845 2617; x_wconf 86' lang='lat' dir='ltr'><strong>multorum</strong></span> <span class='ocrx_word' id='word_1_651' title='bbox 2896 2563 3188 2620; x_wconf 91' lang='lat' dir='ltr'><strong>liberorum</strong></span> <span class='ocrx_word' id='word_1_652' title='bbox 3235 2577 3407 2623; x_wconf 90' lang='lat' dir='ltr'><strong>mater</strong></span> <span class='ocrx_word' id='word_1_653' title='bbox 3452 2580 3591 2624; x_wconf 87' lang='lat' dir='ltr'><strong>erat.</strong></span> 
     </span>
    </p>
   </div>
   <div class='ocr_carea' id='block_1_86' title="bbox 1971 2651 3594 2729">
    <p class='ocr_par' dir='ltr' id='par_1_86' title="bbox 1971 2651 3594 2729">
     <span class='ocr_line' id='line_1_86' title="bbox 1971 2651 3594 2729; baseline 0.007 -24"><span class='ocrx_word' id='word_1_654' title='bbox 1971 2651 2132 2705; x_wconf 86' lang='lat' dir='ltr'><strong>Scitis</strong></span> <span class='ocrx_word' id='word_1_655' title='bbox 2152 2664 2328 2706; x_wconf 76' lang='lat' dir='ltr'><strong>amem</strong></span> <span class='ocrx_word' id='word_1_656' title='bbox 2361 2668 2519 2722; x_wconf 83' lang='lat' dir='ltr'><strong>quam</strong></span> <span class='ocrx_word' id='word_1_657' title='bbox 2551 2665 2742 2710; x_wconf 89' lang='lat' dir='ltr'><strong>natura</strong></span> <span class='ocrx_word' id='word_1_658' title='bbox 2787 2672 2882 2711; x_wconf 81' lang='lat' dir='ltr'><strong>Sua</strong></span> <span class='ocrx_word' id='word_1_659' title='bbox 2921 2667 2976 2713; x_wconf 86' lang='lat' dir='ltr'><strong>et</strong></span> <span class='ocrx_word' id='word_1_660' title='bbox 3003 2674 3100 2728; x_wconf 86' lang='lat' dir='ltr'><strong>per</strong></span> <span class='ocrx_word' id='word_1_661' title='bbox 3125 2660 3358 2729; x_wconf 59' lang='lat' dir='ltr'><strong>Scipsam</strong></span> <span class='ocrx_word' id='word_1_662' title='bbox 3389 2675 3477 2716; x_wconf 85' lang='lat' dir='ltr'><strong>res</strong></span> <span class='ocrx_word' id='word_1_663' title='bbox 3507 2663 3594 2716; x_wconf 87' lang='lat' dir='ltr'><strong>illa</strong></span> 
     </span>
    </p>
   </div>
   <div class='ocr_carea' id='block_1_87' title="bbox 1973 2742 3596 2807">
    <p class='ocr_par' dir='ltr' id='par_1_87' title="bbox 1973 2742 3596 2807">
     <span class='ocr_line' id='line_1_87' title="bbox 1973 2742 3596 2807; baseline 0.007 -13"><span class='ocrx_word' id='word_1_664' title='bbox 1973 2742 2287 2797; x_wconf 87' lang='lat' dir='ltr'><strong>mulieribus</strong></span> <span class='ocrx_word' id='word_1_665' title='bbox 2312 2745 2385 2798; x_wconf 92' lang='lat' dir='ltr'><strong>sit</strong></span> <span class='ocrx_word' id='word_1_666' title='bbox 2416 2745 2802 2801; x_wconf 82' lang='lat' dir='ltr'><strong>intolerabilis:</strong></span> <span class='ocrx_word' id='word_1_667' title='bbox 2827 2765 2950 2804; x_wconf 89' lang='lat' dir='ltr'><strong>eum</strong></span> <span class='ocrx_word' id='word_1_668' title='bbox 2992 2765 3123 2804; x_wconf 86' lang='lat' dir='ltr'><strong>vero</strong></span> <span class='ocrx_word' id='word_1_669' title='bbox 3163 2750 3364 2807; x_wconf 84' lang='lat' dir='ltr'><strong>liberos</strong></span> <span class='ocrx_word' id='word_1_670' title='bbox 3390 2752 3596 2807; x_wconf 86' lang='lat' dir='ltr'><strong>habens</strong></span> 
     </span>
    </p>
   </div>
   <div class='ocr_carea' id='block_1_88' title="bbox 1971 2836 3594 2911">
    <p class='ocr_par' dir='ltr' id='par_1_88' title="bbox 1971 2836 3594 2911">
     <span class='ocr_line' id='line_1_88' title="bbox 1971 2836 3594 2911; baseline 0.006 -24"><span class='ocrx_word' id='word_1_671' title='bbox 1971 2836 2179 2889; x_wconf 88' lang='lat' dir='ltr'><strong>accedit</strong></span> <span class='ocrx_word' id='word_1_672' title='bbox 2201 2838 2417 2904; x_wconf 82' lang='lat' dir='ltr'><strong>:enmla,</strong></span> <span class='ocrx_word' id='word_1_673' title='bbox 2452 2841 2623 2892; x_wconf 91' lang='lat' dir='ltr'><strong>multo</strong></span> <span class='ocrx_word' id='word_1_674' title='bbox 2651 2841 2707 2893; x_wconf 93' lang='lat' dir='ltr'><strong>lit</strong></span> <span class='ocrx_word' id='word_1_675' title='bbox 2734 2840 2984 2910; x_wconf 87' lang='lat' dir='ltr'><strong>gravior:</strong></span> <span class='ocrx_word' id='word_1_676' title='bbox 3010 2842 3278 2911; x_wconf 90' lang='lat' dir='ltr'><strong>siquidem</strong></span> <span class='ocrx_word' id='word_1_677' title='bbox 3307 2859 3372 2898; x_wconf 81' lang='lat' dir='ltr'><strong>ex</strong></span> <span class='ocrx_word' id='word_1_678' title='bbox 3397 2844 3594 2898; x_wconf 90' lang='lat' dir='ltr'><strong>mulie-</strong></span> 
     </span>
    </p>
   </div>
   <div class='ocr_carea' id='block_1_89' title="bbox 1971 2925 3595 2997">
    <p class='ocr_par' dir='ltr' id='par_1_89' title="bbox 1971 2925 3595 2997">
     <span class='ocr_line' id='line_1_89' title="bbox 1971 2925 3595 2997; baseline 0.007 -19"><span class='ocrx_word' id='word_1_679' title='bbox 1971 2925 2048 2980; x_wconf 88' lang='lat' dir='ltr'><strong>ris</strong></span> <span class='ocrx_word' id='word_1_680' title='bbox 2080 2926 2220 2980; x_wconf 91' lang='lat' dir='ltr'><strong>illius</strong></span> <span class='ocrx_word' id='word_1_681' title='bbox 2249 2928 2609 2997; x_wconf 89' lang='lat' dir='ltr'><strong>prosperitate</strong></span> <span class='ocrx_word' id='word_1_682' title='bbox 2642 2931 2836 2985; x_wconf 84' lang='lat' dir='ltr'><strong>melius</strong></span> <span class='ocrx_word' id='word_1_683' title='bbox 2861 2931 3226 2987; x_wconf 86' lang='lat' dir='ltr'><strong>calamitatem</strong></span> <span class='ocrx_word' id='word_1_684' title='bbox 3253 2949 3407 2989; x_wconf 89' lang='lat' dir='ltr'><strong>suam</strong></span> <span class='ocrx_word' id='word_1_685' title='bbox 3433 2935 3595 2989; x_wconf 81' lang='lat' dir='ltr'><strong>intel-</strong></span> 
     </span>
    </p>
   </div>
   <div class='ocr_carea' id='block_1_90' title="bbox 1973 3015 3592 3093">
    <p class='ocr_par' dir='ltr' id='par_1_90' title="bbox 1973 3015 3592 3093">
     <span class='ocr_line' id='line_1_90' title="bbox 1973 3015 3592 3093; baseline 0.007 -24"><span class='ocrx_word' id='word_1_686' title='bbox 1973 3015 2116 3086; x_wconf 90' lang='lat' dir='ltr'><strong>ligit;</strong></span> <span class='ocrx_word' id='word_1_687' title='bbox 2162 3018 2300 3072; x_wconf 77' lang='lat' dir='ltr'><strong>sit-ut</strong></span> <span class='ocrx_word' id='word_1_688' title='bbox 2340 3029 2393 3073; x_wconf 90' lang='lat' dir='ltr'><strong>et</strong></span> <span class='ocrx_word' id='word_1_689' title='bbox 2423 3020 2514 3089; x_wconf 90' lang='lat' dir='ltr'><strong>qui</strong></span> <span class='ocrx_word' id='word_1_690' title='bbox 2543 3031 2789 3074; x_wconf 74' lang='lat' dir='ltr'><strong>extrema</strong></span> <span class='ocrx_word' id='word_1_691' title='bbox 2836 3035 3158 3091; x_wconf 90' lang='lat' dir='ltr'><strong>premuntur</strong></span> <span class='ocrx_word' id='word_1_692' title='bbox 3186 3034 3446 3093; x_wconf 72' lang='lat' dir='ltr'><strong>egrSIale,</strong></span> <span class='ocrx_word' id='word_1_693' title='bbox 3481 3036 3592 3081; x_wconf 88' lang='lat' dir='ltr'><strong>tmn</strong></span> 
     </span>
    </p>
   </div>
   <div class='ocr_carea' id='block_1_91' title="bbox 1971 3103 3587 3174">
    <p class='ocr_par' dir='ltr' id='par_1_91' title="bbox 1971 3103 3587 3174">
     <span class='ocr_line' id='line_1_91' title="bbox 1971 3103 3587 3174; baseline 0.007 -15"><span class='ocrx_word' id='word_1_694' title='bbox 1971 3103 2153 3160; x_wconf 90' lang='lat' dir='ltr'><strong>dolent</strong></span> <span class='ocrx_word' id='word_1_695' title='bbox 2193 3108 2393 3174; x_wconf 86' lang='lat' dir='ltr'><strong>aerius,</strong></span> <span class='ocrx_word' id='word_1_696' title='bbox 2436 3124 2556 3164; x_wconf 91' lang='lat' dir='ltr'><strong>cum</strong></span> <span class='ocrx_word' id='word_1_697' title='bbox 2599 3110 2798 3164; x_wconf 82' lang='lat' dir='ltr'><strong>divites</strong></span> <span class='ocrx_word' id='word_1_698' title='bbox 2829 3111 2936 3166; x_wconf 90' lang='lat' dir='ltr'><strong>illis</strong></span> <span class='ocrx_word' id='word_1_699' title='bbox 2968 3113 3022 3166; x_wconf 93' lang='lat' dir='ltr'><strong>in</strong></span> <span class='ocrx_word' id='word_1_700' title='bbox 3049 3125 3285 3168; x_wconf 91' lang='lat' dir='ltr'><strong>mentem</strong></span> <span class='ocrx_word' id='word_1_701' title='bbox 3317 3115 3587 3172; x_wconf 81' lang='lat' dir='ltr'><strong>venerint.</strong></span> 
     </span>
    </p>
   </div>
   <div class='ocr_carea' id='block_1_92' title="bbox 1970 3197 3591 3280">
    <p class='ocr_par' dir='ltr' id='par_1_92' title="bbox 1970 3197 3591 3280">
     <span class='ocr_line' id='line_1_92' title="bbox 1970 3197 3591 3280; baseline 0.008 -28"><span class='ocrx_word' id='word_1_702' title='bbox 1970 3197 2156 3270; x_wconf 85' lang='lat' dir='ltr'><strong>Neque</strong></span> <span class='ocrx_word' id='word_1_703' title='bbox 2182 3216 2311 3256; x_wconf 88' lang='lat' dir='ltr'><strong>vero</strong></span> <span class='ocrx_word' id='word_1_704' title='bbox 2335 3202 2708 3257; x_wconf 90' lang='lat' dir='ltr'><strong>calamitosum</strong></span> <span class='ocrx_word' id='word_1_705' title='bbox 2752 3204 2855 3259; x_wconf 90' lang='lat' dir='ltr'><strong>hoc</strong></span> <span class='ocrx_word' id='word_1_706' title='bbox 2901 3214 3108 3261; x_wconf 86' lang='lat' dir='ltr'><strong>tantum</strong></span> <span class='ocrx_word' id='word_1_707' title='bbox 3150 3206 3266 3272; x_wconf 88' lang='lat' dir='ltr'><strong>fuit,</strong></span> <span class='ocrx_word' id='word_1_708' title='bbox 3299 3209 3441 3280; x_wconf 89' lang='lat' dir='ltr'><strong>quod</strong></span> <span class='ocrx_word' id='word_1_709' title='bbox 3475 3209 3591 3265; x_wconf 75' lang='lat' dir='ltr'><strong>ha-c</strong></span> 
     </span>
    </p>
   </div>
   <div class='ocr_carea' id='block_1_93' title="bbox 1972 3291 3592 3370">
    <p class='ocr_par' dir='ltr' id='par_1_93' title="bbox 1972 3291 3592 3370">
     <span class='ocr_line' id='line_1_93' title="bbox 1972 3291 3592 3370; baseline 0.007 -24"><span class='ocrx_word' id='word_1_710' title='bbox 1972 3291 2169 3347; x_wconf 91' lang='lat' dir='ltr'><strong>liberos</strong></span> <span class='ocrx_word' id='word_1_711' title='bbox 2197 3309 2301 3346; x_wconf 92' lang='lat' dir='ltr'><strong>non</strong></span> <span class='ocrx_word' id='word_1_712' title='bbox 2331 3293 2573 3360; x_wconf 85' lang='lat' dir='ltr'><strong>haberet,</strong></span> <span class='ocrx_word' id='word_1_713' title='bbox 2600 3295 2686 3349; x_wconf 89' lang='lat' dir='ltr'><strong>illa</strong></span> <span class='ocrx_word' id='word_1_714' title='bbox 2717 3295 2958 3364; x_wconf 85' lang='lat' dir='ltr'><strong>haberet,</strong></span> <span class='ocrx_word' id='word_1_715' title='bbox 2995 3297 3089 3354; x_wconf 89' lang='lat' dir='ltr'><strong>sed</strong></span> <span class='ocrx_word' id='word_1_716' title='bbox 3120 3300 3268 3370; x_wconf 90' lang='lat' dir='ltr'><strong>quod</strong></span> <span class='ocrx_word' id='word_1_717' title='bbox 3289 3302 3480 3356; x_wconf 80' lang='lat' dir='ltr'><strong>:emula</strong></span> <span class='ocrx_word' id='word_1_718' title='bbox 3506 3319 3592 3358; x_wconf 86' lang='lat' dir='ltr'><strong>es-</strong></span> 
     </span>
    </p>
   </div>
   <div class='ocr_carea' id='block_1_94' title="bbox 1971 3386 3591 3457">
    <p class='ocr_par' dir='ltr' id='par_1_94' title="bbox 1971 3386 3591 3457">
     <span class='ocr_line' id='line_1_94' title="bbox 1971 3386 3591 3457; baseline 0.009 -22"><span class='ocrx_word' id='word_1_719' title='bbox 1971 3391 2087 3437; x_wconf 89' lang='lat' dir='ltr'><strong>set:</strong></span> <span class='ocrx_word' id='word_1_720' title='bbox 2115 3398 2290 3454; x_wconf 87' lang='lat' dir='ltr'><strong>neque</strong></span> <span class='ocrx_word' id='word_1_721' title='bbox 2326 3386 2470 3455; x_wconf 91' lang='lat' dir='ltr'><strong>quod</strong></span> <span class='ocrx_word' id='word_1_722' title='bbox 2509 3388 2699 3441; x_wconf 68' lang='lat' dir='ltr'><strong>munda</strong></span> <span class='ocrx_word' id='word_1_723' title='bbox 2743 3397 2950 3443; x_wconf 87' lang='lat' dir='ltr'><strong>tantum</strong></span> <span class='ocrx_word' id='word_1_724' title='bbox 2993 3400 3160 3457; x_wconf 90' lang='lat' dir='ltr'><strong>esset,</strong></span> <span class='ocrx_word' id='word_1_725' title='bbox 3191 3408 3381 3448; x_wconf 82' lang='lat' dir='ltr'><strong>verum</strong></span> <span class='ocrx_word' id='word_1_726' title='bbox 3429 3396 3591 3450; x_wconf 87' lang='lat' dir='ltr'><strong>etiam</strong></span> 
     </span>
    </p>
   </div>
   <div class='ocr_carea' id='block_1_95' title="bbox 1971 3475 3587 3557">
    <p class='ocr_par' dir='ltr' id='par_1_95' title="bbox 1971 3475 3587 3557">
     <span class='ocr_line' id='line_1_95' title="bbox 1971 3475 3587 3557; baseline 0.01 -30"><span class='ocrx_word' id='word_1_727' title='bbox 1971 3475 2113 3544; x_wconf 89' lang='lat' dir='ltr'><strong>quod</strong></span> <span class='ocrx_word' id='word_1_728' title='bbox 2145 3475 2314 3545; x_wconf 91' lang='lat' dir='ltr'><strong>ipsam</strong></span> <span class='ocrx_word' id='word_1_729' title='bbox 2347 3476 2414 3531; x_wconf 88' lang='lat' dir='ltr'><strong>ad</strong></span> <span class='ocrx_word' id='word_1_730' title='bbox 2443 3477 2774 3533; x_wconf 87' lang='lat' dir='ltr'><strong>iracundiam</strong></span> <span class='ocrx_word' id='word_1_731' title='bbox 2801 3492 3142 3551; x_wconf 84' lang='lat' dir='ltr'><strong>provocaret,</strong></span> <span class='ocrx_word' id='word_1_732' title='bbox 3174 3499 3240 3539; x_wconf 88' lang='lat' dir='ltr'><strong>eo</strong></span> <span class='ocrx_word' id='word_1_733' title='bbox 3265 3486 3408 3557; x_wconf 84' lang='lat' dir='ltr'><strong>quod</strong></span> <span class='ocrx_word' id='word_1_734' title='bbox 3441 3488 3587 3543; x_wconf 85' lang='lat' dir='ltr'><strong>illam</strong></span> 
     </span>
    </p>
   </div>
   <div class='ocr_carea' id='block_1_96' title="bbox 1971 3570 3589 3645">
    <p class='ocr_par' dir='ltr' id='par_1_96' title="bbox 1971 3570 3589 3645">
     <span class='ocr_line' id='line_1_96' title="bbox 1971 3570 3589 3645; baseline 0.009 -24"><span class='ocrx_word' id='word_1_735' title='bbox 1971 3577 2277 3636; x_wconf 88' lang='lat' dir='ltr'><strong>sperneret.</strong></span> <span class='ocrx_word' id='word_1_736' title='bbox 2311 3570 2452 3625; x_wconf 91' lang='lat' dir='ltr'><strong>Deus</strong></span> <span class='ocrx_word' id='word_1_737' title='bbox 2477 3580 2659 3626; x_wconf 88' lang='lat' dir='ltr'><strong>autem</strong></span> <span class='ocrx_word' id='word_1_738' title='bbox 2692 3587 2816 3626; x_wconf 89' lang='lat' dir='ltr'><strong>cum</strong></span> <span class='ocrx_word' id='word_1_739' title='bbox 2847 3573 2952 3629; x_wconf 90' lang='lat' dir='ltr'><strong>hoc</strong></span> <span class='ocrx_word' id='word_1_740' title='bbox 2998 3587 3269 3641; x_wconf 88' lang='lat' dir='ltr'><strong>cerneret,</strong></span> <span class='ocrx_word' id='word_1_741' title='bbox 3304 3582 3589 3645; x_wconf 86' lang='lat' dir='ltr'><strong>tolerabat,</strong></span> 
     </span>
    </p>
   </div>
   <div class='ocr_carea' id='block_1_97' title="bbox 1970 3659 3589 3736">
    <p class='ocr_par' dir='ltr' id='par_1_97' title="bbox 1970 3659 3589 3736">
     <span class='ocr_line' id='line_1_97' title="bbox 1970 3659 3589 3736; baseline 0.009 -23"><span class='ocrx_word' id='word_1_742' title='bbox 1970 3671 2025 3713; x_wconf 91' lang='lat' dir='ltr'><strong>et</strong></span> <span class='ocrx_word' id='word_1_743' title='bbox 2058 3659 2180 3714; x_wconf 81' lang='lat' dir='ltr'><strong>Non</strong></span> <span class='ocrx_word' id='word_1_744' title='bbox 2210 3662 2351 3715; x_wconf 85' lang='lat' dir='ltr'><strong>dedit</strong></span> <span class='ocrx_word' id='word_1_745' title='bbox 2381 3663 2429 3717; x_wconf 89' lang='lat' dir='ltr'><strong>ei</strong></span> <span class='ocrx_word' id='word_1_746' title='bbox 2460 3661 2731 3727; x_wconf 84' lang='lat' dir='ltr'><strong>Dominus,</strong></span> <span class='ocrx_word' id='word_1_747' title='bbox 2767 3666 2961 3736; x_wconf 88' lang='lat' dir='ltr'><strong>inqttit,</strong></span> <span class='ocrx_word' id='word_1_748' title='bbox 2987 3667 3154 3734; x_wconf 82' lang='lat' dir='ltr'><strong>ﬁlium</strong></span> <span class='ocrx_word' id='word_1_749' title='bbox 3186 3673 3464 3725; x_wconf 82' lang='lat' dir='ltr'><strong>secundum</strong></span> <span class='ocrx_word' id='word_1_750' title='bbox 3488 3676 3589 3727; x_wconf 77' lang='lat' dir='ltr'><strong>tri-</strong></span> 
     </span>
    </p>
   </div>
   <div class='ocr_carea' id='block_1_98' title="bbox 1972 3754 3587 3838">
    <p class='ocr_par' dir='ltr' id='par_1_98' title="bbox 1972 3754 3587 3838">
     <span class='ocr_line' id='line_1_98' title="bbox 1972 3754 3587 3838; baseline 0.009 -32"><span class='ocrx_word' id='word_1_751' title='bbox 1972 3754 2278 3807; x_wconf 76' lang='lat' dir='ltr'><strong>bulationem</strong></span> <span class='ocrx_word' id='word_1_752' title='bbox 2324 3757 2436 3825; x_wconf 86' lang='lat' dir='ltr'><strong>ejus</strong></span> <span class='ocrx_word' id='word_1_753' title='bbox 2471 3767 2517 3809; x_wconf 84' lang='lat' dir='ltr'><strong>et</strong></span> <span class='ocrx_word' id='word_1_754' title='bbox 2559 3760 2836 3811; x_wconf 79' lang='lat' dir='ltr'><strong>secundant</strong></span> <span class='ocrx_word' id='word_1_755' title='bbox 2870 3760 3128 3814; x_wconf 86' lang='lat' dir='ltr'><strong>tristitiam</strong></span> <span class='ocrx_word' id='word_1_756' title='bbox 3159 3764 3347 3818; x_wconf 80' lang='lat' dir='ltr'><strong>animte</strong></span> <span class='ocrx_word' id='word_1_757' title='bbox 3371 3766 3481 3833; x_wconf 76' lang='lat' dir='ltr'><strong>eius</strong></span> <span class='ocrx_word' id='word_1_758' title='bbox 3508 3766 3587 3838; x_wconf 94' lang='lat' dir='ltr'><strong>(l.</strong></span> 
     </span>
    </p>
   </div>
   <div class='ocr_carea' id='block_1_99' title="bbox 1977 3848 3592 3929">
    <p class='ocr_par' dir='ltr' id='par_1_99' title="bbox 1977 3848 3592 3929">
     <span class='ocr_line' id='line_1_99' title="bbox 1977 3848 3592 3929; baseline 0.009 -29"><span class='ocrx_word' id='word_1_759' title='bbox 1977 3848 2101 3919; x_wconf 69' lang='lat' dir='ltr'><strong>lli-9.</strong></span> <span class='ocrx_word' id='word_1_760' title='bbox 2140 3850 2189 3902; x_wconf 90' lang='lat' dir='ltr'><strong>l.</strong></span> <span class='ocrx_word' id='word_1_761' title='bbox 2226 3848 2304 3916; x_wconf 86' lang='lat'><strong>6).</strong></span> <span class='ocrx_word' id='word_1_762' title='bbox 2347 3848 2486 3915; x_wconf 89' lang='lat' dir='ltr'><strong>Quid</strong></span> <span class='ocrx_word' id='word_1_763' title='bbox 2537 3859 2642 3914; x_wconf 85' lang='lat' dir='ltr'><strong>est,</strong></span> <span class='ocrx_word' id='word_1_764' title='bbox 2685 3851 2980 3906; x_wconf 78' lang='lat' dir='ltr'><strong>Secundum</strong></span> <span class='ocrx_word' id='word_1_765' title='bbox 3020 3854 3405 3911; x_wconf 80' lang='lat' dir='ltr'><strong>tribulationem</strong></span> <span class='ocrx_word' id='word_1_766' title='bbox 3439 3861 3549 3929; x_wconf 84' lang='lat' dir='ltr'><strong>ejus</strong></span> <span class='ocrx_word' id='word_1_767' title='bbox 3566 3862 3592 3914; x_wconf 91' lang='lat'><strong>.&#39;</strong></span> 
     </span>
    </p>
   </div>
   <div class='ocr_carea' id='block_1_100' title="bbox 1975 3940 3588 4022">
    <p class='ocr_par' dir='ltr' id='par_1_100' title="bbox 1975 3940 3588 4022">
     <span class='ocr_line' id='line_1_100' title="bbox 1975 3940 3588 4022; baseline 0.009 -30"><span class='ocrx_word' id='word_1_768' title='bbox 1975 3940 2084 3992; x_wconf 70' lang='grc' dir='ltr'><strong>Ι)ἱυὶ</strong></span> <span class='ocrx_word' id='word_1_769' title='bbox 2128 3956 2233 3993; x_wconf 86' lang='lat' dir='ltr'><strong>non</strong></span> <span class='ocrx_word' id='word_1_770' title='bbox 2284 3951 2483 4009; x_wconf 86' lang='lat' dir='ltr'><strong>potest,</strong></span> <span class='ocrx_word' id='word_1_771' title='bbox 2519 3943 2710 4012; x_wconf 88' lang='lat' dir='ltr'><strong>inquit,</strong></span> <span class='ocrx_word' id='word_1_772' title='bbox 2754 3960 2879 3998; x_wconf 75' lang='lat' dir='ltr'><strong>cum</strong></span> <span class='ocrx_word' id='word_1_773' title='bbox 2921 3945 3192 4002; x_wconf 88' lang='lat' dir='ltr'><strong>videntem</strong></span> <span class='ocrx_word' id='word_1_774' title='bbox 3240 3949 3384 4004; x_wconf 89' lang='lat' dir='ltr'><strong>illam</strong></span> <span class='ocrx_word' id='word_1_775' title='bbox 3433 3968 3588 4022; x_wconf 71' lang='lat' dir='ltr'><strong>a&#39;quo</strong></span> 
     </span>
    </p>
   </div>
   <div class='ocr_carea' id='block_1_101' title="bbox 1970 4033 3583 4113">
    <p class='ocr_par' dir='ltr' id='par_1_101' title="bbox 1970 4033 3583 4113">
     <span class='ocr_line' id='line_1_101' title="bbox 1970 4033 3583 4113; baseline 0.009 -28"><span class='ocrx_word' id='word_1_776' title='bbox 1970 4033 2151 4086; x_wconf 90' lang='lat' dir='ltr'><strong>animo</strong></span> <span class='ocrx_word' id='word_1_777' title='bbox 2193 4033 2552 4088; x_wconf 89' lang='lat' dir='ltr'><strong>calamitatem</strong></span> <span class='ocrx_word' id='word_1_778' title='bbox 2607 4037 2780 4101; x_wconf 79' lang='lat' dir='ltr'><strong>ferre,</strong></span> <span class='ocrx_word' id='word_1_779' title='bbox 2814 4036 3122 4095; x_wconf 85' lang='lat' dir='ltr'><strong>cohibuisse</strong></span> <span class='ocrx_word' id='word_1_780' title='bbox 3173 4052 3381 4108; x_wconf 65' lang='lat' dir='ltr'><strong>[artum</strong></span> <span class='ocrx_word' id='word_1_781' title='bbox 3430 4042 3583 4113; x_wconf 79' lang='lat' dir='ltr'><strong>ejus;</strong></span> 
     </span>
    </p>
   </div>
   <div class='ocr_carea' id='block_1_102' title="bbox 1971 4125 3585 4200">
    <p class='ocr_par' dir='ltr' id='par_1_102' title="bbox 1971 4125 3585 4200">
     <span class='ocr_line' id='line_1_102' title="bbox 1971 4125 3585 4200; baseline 0.009 -25"><span class='ocrx_word' id='word_1_782' title='bbox 1971 4125 2216 4192; x_wconf 87' lang='lat' dir='ltr'><strong>quamvis</strong></span> <span class='ocrx_word' id='word_1_783' title='bbox 2241 4139 2360 4178; x_wconf 88' lang='lat' dir='ltr'><strong>eam</strong></span> <span class='ocrx_word' id='word_1_784' title='bbox 2391 4125 2641 4190; x_wconf 88' lang='lat' dir='ltr'><strong>cruciari,</strong></span> <span class='ocrx_word' id='word_1_785' title='bbox 2671 4127 2878 4193; x_wconf 90' lang='lat' dir='ltr'><strong>dolere,</strong></span> <span class='ocrx_word' id='word_1_786' title='bbox 2902 4129 3064 4200; x_wconf 85' lang='lat' dir='ltr'><strong>afﬂigi</strong></span> <span class='ocrx_word' id='word_1_787' title='bbox 3102 4131 3331 4197; x_wconf 89' lang='lat' dir='ltr'><strong>videret,</strong></span> <span class='ocrx_word' id='word_1_788' title='bbox 3382 4151 3585 4190; x_wconf 58' lang='lat' dir='ltr'><strong>nimroa</strong></span> 
     </span>
    </p>
   </div>
   <div class='ocr_carea' id='block_1_103' title="bbox 1973 4218 3583 4294">
    <p class='ocr_par' dir='ltr' id='par_1_103' title="bbox 1973 4218 3583 4294">
     <span class='ocr_line' id='line_1_103' title="bbox 1973 4218 3583 4294; baseline 0.007 -25"><span class='ocrx_word' id='word_1_789' title='bbox 1973 4231 2085 4270; x_wconf 87' lang='lat' dir='ltr'><strong>rem</strong></span> <span class='ocrx_word' id='word_1_790' title='bbox 2119 4224 2298 4270; x_wconf 89' lang='lat' dir='ltr'><strong>tamen</strong></span> <span class='ocrx_word' id='word_1_791' title='bbox 2328 4219 2446 4285; x_wconf 90' lang='lat' dir='ltr'><strong>ejus</strong></span> <span class='ocrx_word' id='word_1_792' title='bbox 2472 4233 2576 4271; x_wconf 87' lang='lat' dir='ltr'><strong>non</strong></span> <span class='ocrx_word' id='word_1_793' title='bbox 2605 4218 2879 4286; x_wconf 62' lang='lat' dir='ltr'><strong>discnssit,</strong></span> <span class='ocrx_word' id='word_1_794' title='bbox 2911 4231 2966 4275; x_wconf 91' lang='lat' dir='ltr'><strong>ut</strong></span> <span class='ocrx_word' id='word_1_795' title='bbox 2992 4223 3168 4292; x_wconf 81' lang='lat' dir='ltr'><strong>majus</strong></span> <span class='ocrx_word' id='word_1_796' title='bbox 3193 4224 3389 4294; x_wconf 90' lang='lat' dir='ltr'><strong>aliquid</strong></span> <span class='ocrx_word' id='word_1_797' title='bbox 3415 4225 3583 4281; x_wconf 83' lang='lat' dir='ltr'><strong>lnoli-</strong></span> 
     </span>
    </p>
   </div>
   <div class='ocr_carea' id='block_1_104' title="bbox 1973 4306 3586 4384">
    <p class='ocr_par' dir='ltr' id='par_1_104' title="bbox 1973 4306 3586 4384">
     <span class='ocr_line' id='line_1_104' title="bbox 1973 4306 3586 4384; baseline 0.009 -24"><span class='ocrx_word' id='word_1_798' title='bbox 1973 4316 2142 4361; x_wconf 89' lang='lat' dir='ltr'><strong>retur.</strong></span> <span class='ocrx_word' id='word_1_799' title='bbox 2167 4306 2293 4362; x_wconf 72' lang='lat' dir='ltr'><strong>Hmc</strong></span> <span class='ocrx_word' id='word_1_800' title='bbox 2322 4323 2389 4361; x_wconf 92' lang='lat' dir='ltr'><strong>ne</strong></span> <span class='ocrx_word' id='word_1_801' title='bbox 2421 4317 2692 4379; x_wconf 87' lang='lat' dir='ltr'><strong>tamquam</strong></span> <span class='ocrx_word' id='word_1_802' title='bbox 2722 4311 2867 4366; x_wconf 89' lang='lat' dir='ltr'><strong>aliud</strong></span> <span class='ocrx_word' id='word_1_803' title='bbox 2895 4322 3121 4382; x_wconf 82' lang='lat' dir='ltr'><strong>agentes</strong></span> <span class='ocrx_word' id='word_1_804' title='bbox 3159 4316 3463 4384; x_wconf 70' lang='lat' dir='ltr'><strong>audiamus,</strong></span> <span class='ocrx_word' id='word_1_805' title='bbox 3490 4321 3586 4375; x_wconf 88' lang='lat' dir='ltr'><strong>sed</strong></span> 
     </span>
    </p>
   </div>
   <div class='ocr_carea' id='block_1_105' title="bbox 1972 4399 3590 4481">
    <p class='ocr_par' dir='ltr' id='par_1_105' title="bbox 1972 4399 3590 4481">
     <span class='ocr_line' id='line_1_105' title="bbox 1972 4399 3590 4481; baseline 0.009 -29"><span class='ocrx_word' id='word_1_806' title='bbox 1972 4399 2262 4454; x_wconf 78' lang='lat' dir='ltr'><strong>maximam</strong></span> <span class='ocrx_word' id='word_1_807' title='bbox 2294 4399 2687 4471; x_wconf 88' lang='lat' dir='ltr'><strong>philosophiam</strong></span> <span class='ocrx_word' id='word_1_808' title='bbox 2713 4402 2837 4458; x_wconf 90' lang='lat' dir='ltr'><strong>hinc</strong></span> <span class='ocrx_word' id='word_1_809' title='bbox 2863 4404 3135 4462; x_wconf 86' lang='lat' dir='ltr'><strong>discamus</strong></span> <span class='ocrx_word' id='word_1_810' title='bbox 3156 4411 3194 4473; x_wconf 86' lang='grc'>¹,</span> <span class='ocrx_word' id='word_1_811' title='bbox 3221 4419 3275 4462; x_wconf 91' lang='lat' dir='ltr'><strong>et</strong></span> <span class='ocrx_word' id='word_1_812' title='bbox 3294 4411 3339 4465; x_wconf 85' lang='lat' dir='ltr'><strong>si</strong></span> <span class='ocrx_word' id='word_1_813' title='bbox 3372 4413 3590 4481; x_wconf 89' lang='lat' dir='ltr'><strong>qnamlo</strong></span> 
     </span>
    </p>
   </div>
   <div class='ocr_carea' id='block_1_106' title="bbox 1973 4490 3586 4564">
    <p class='ocr_par' dir='ltr' id='par_1_106' title="bbox 1973 4490 3586 4564">
     <span class='ocr_line' id='line_1_106' title="bbox 1973 4490 3586 4564; baseline 0.011 -22"><span class='ocrx_word' id='word_1_814' title='bbox 1973 4490 2025 4545; x_wconf 90' lang='lat' dir='ltr'><strong>in</strong></span> <span class='ocrx_word' id='word_1_815' title='bbox 2056 4490 2257 4544; x_wconf 90' lang='lat' dir='ltr'><strong>malum</strong></span> <span class='ocrx_word' id='word_1_816' title='bbox 2300 4490 2516 4561; x_wconf 89' lang='lat' dir='ltr'><strong>aliquod</strong></span> <span class='ocrx_word' id='word_1_817' title='bbox 2569 4493 2941 4561; x_wconf 88' lang='lat' dir='ltr'><strong>inciderimns,</strong></span> <span class='ocrx_word' id='word_1_818' title='bbox 2974 4497 3099 4552; x_wconf 87' lang='lat' dir='ltr'><strong>licet</strong></span> <span class='ocrx_word' id='word_1_819' title='bbox 3124 4500 3428 4564; x_wconf 83' lang='lat' dir='ltr'><strong>doleamus,</strong></span> <span class='ocrx_word' id='word_1_820' title='bbox 3463 4505 3586 4560; x_wconf 82' lang='lat' dir='ltr'><strong>licet</strong></span> 
     </span>
    </p>
   </div>
   <div class='ocr_carea' id='block_1_107' title="bbox 1972 4581 3583 4662">
    <p class='ocr_par' dir='ltr' id='par_1_107' title="bbox 1972 4581 3583 4662">
     <span class='ocr_line' id='line_1_107' title="bbox 1972 4581 3583 4662; baseline 0.01 -28"><span class='ocrx_word' id='word_1_821' title='bbox 1972 4581 2347 4645; x_wconf 88' lang='lat' dir='ltr'><strong>lamentemnr,</strong></span> <span class='ocrx_word' id='word_1_822' title='bbox 2380 4582 2502 4638; x_wconf 89' lang='lat' dir='ltr'><strong>licet</strong></span> <span class='ocrx_word' id='word_1_823' title='bbox 2535 4584 2872 4641; x_wconf 85' lang='lat' dir='ltr'><strong>intolerabile</strong></span> <span class='ocrx_word' id='word_1_824' title='bbox 2900 4587 3054 4643; x_wconf 85' lang='lat' dir='ltr'><strong>nobis</strong></span> <span class='ocrx_word' id='word_1_825' title='bbox 3085 4593 3281 4645; x_wconf 90' lang='lat' dir='ltr'><strong>malum</strong></span> <span class='ocrx_word' id='word_1_826' title='bbox 3317 4594 3583 4662; x_wconf 68' lang='lat' dir='ltr'><strong>videatur,</strong></span> 
     </span>
    </p>
   </div>
   <div class='ocr_carea' id='block_1_108' title="bbox 1971 4677 3588 4757">
    <p class='ocr_par' dir='ltr' id='par_1_108' title="bbox 1971 4677 3588 4757">
     <span class='ocr_line' id='line_1_108' title="bbox 1971 4677 3588 4757; baseline 0.011 -29"><span class='ocrx_word' id='word_1_827' title='bbox 1971 4689 2039 4728; x_wconf 90' lang='lat' dir='ltr'><strong>ne</strong></span> <span class='ocrx_word' id='word_1_828' title='bbox 2067 4689 2443 4744; x_wconf 87' lang='lat' dir='ltr'><strong>properemus.</strong></span> <span class='ocrx_word' id='word_1_829' title='bbox 2475 4691 2576 4731; x_wconf 89' lang='lat' dir='ltr'><strong>nec</strong></span> <span class='ocrx_word' id='word_1_830' title='bbox 2606 4677 2787 4731; x_wconf 89' lang='lat' dir='ltr'><strong>animo</strong></span> <span class='ocrx_word' id='word_1_831' title='bbox 2818 4680 3186 4744; x_wconf 87' lang='lat' dir='ltr'><strong>concidamus,</strong></span> <span class='ocrx_word' id='word_1_832' title='bbox 3212 4685 3306 4737; x_wconf 90' lang='lat' dir='ltr'><strong>sed</strong></span> <span class='ocrx_word' id='word_1_833' title='bbox 3341 4685 3434 4740; x_wconf 82' lang='lat' dir='ltr'><strong>Dei</strong></span> <span class='ocrx_word' id='word_1_834' title='bbox 3462 4702 3588 4757; x_wconf 81' lang='lat' dir='ltr'><strong>pro-</strong></span> 
     </span>
    </p>
   </div>
   <div class='ocr_carea' id='block_1_109' title="bbox 1971 4767 3586 4849">
    <p class='ocr_par' dir='ltr' id='par_1_109' title="bbox 1971 4767 3586 4849">
     <span class='ocr_line' id='line_1_109' title="bbox 1971 4767 3586 4849; baseline 0.011 -31"><span class='ocrx_word' id='word_1_835' title='bbox 1971 4767 2259 4821; x_wconf 82' lang='lat' dir='ltr'><strong>videntiam</strong></span> <span class='ocrx_word' id='word_1_836' title='bbox 2309 4777 2710 4836; x_wconf 73' lang='lat' dir='ltr'><strong>exspectemus.</strong></span> <span class='ocrx_word' id='word_1_837' title='bbox 2768 4769 2861 4825; x_wconf 90' lang='lat' dir='ltr'><strong>Ille</strong></span> <span class='ocrx_word' id='word_1_838' title='bbox 2912 4786 3143 4842; x_wconf 87' lang='lat' dir='ltr'><strong>namque</strong></span> <span class='ocrx_word' id='word_1_839' title='bbox 3196 4776 3361 4842; x_wconf 78' lang='lat' dir='ltr'><strong>probe</strong></span> <span class='ocrx_word' id='word_1_840' title='bbox 3412 4781 3586 4849; x_wconf 84' lang='lat' dir='ltr'><strong>novit,</strong></span> 
     </span>
    </p>
   </div>
   <div class='ocr_carea' id='block_1_110' title="bbox 1967 4857 3587 4932">
    <p class='ocr_par' dir='ltr' id='par_1_110' title="bbox 1967 4857 3587 4932">
     <span class='ocr_line' id='line_1_110' title="bbox 1967 4857 3587 4932; baseline 0.012 -25"><span class='ocrx_word' id='word_1_841' title='bbox 1967 4857 2184 4926; x_wconf 87' lang='lat' dir='ltr'><strong>quando</strong></span> <span class='ocrx_word' id='word_1_842' title='bbox 2215 4857 2340 4911; x_wconf 84' lang='lat' dir='ltr'><strong>illud</strong></span> <span class='ocrx_word' id='word_1_843' title='bbox 2385 4857 2784 4915; x_wconf 69' lang='lat' dir='ltr'><strong>discutiendum</strong></span> <span class='ocrx_word' id='word_1_844' title='bbox 2815 4863 2908 4926; x_wconf 88' lang='lat' dir='ltr'><strong>sit,</strong></span> <span class='ocrx_word' id='word_1_845' title='bbox 2954 4864 3096 4932; x_wconf 81' lang='lat' dir='ltr'><strong>quod</strong></span> <span class='ocrx_word' id='word_1_846' title='bbox 3127 4867 3398 4922; x_wconf 90' lang='lat' dir='ltr'><strong>tristitiam</strong></span> <span class='ocrx_word' id='word_1_847' title='bbox 3430 4873 3587 4927; x_wconf 82' lang='lat' dir='ltr'><strong>nobis</strong></span> 
     </span>
    </p>
   </div>
   <div class='ocr_carea' id='block_1_111' title="bbox 1971 4949 3585 5028">
    <p class='ocr_par' dir='ltr' id='par_1_111' title="bbox 1971 4949 3585 5028">
     <span class='ocr_line' id='line_1_111' title="bbox 1971 4949 3585 5028; baseline 0.014 -32"><span class='ocrx_word' id='word_1_848' title='bbox 1971 4949 2106 5016; x_wconf 86' lang='lat' dir='ltr'><strong>parit</strong></span> <span class='ocrx_word' id='word_1_849' title='bbox 2129 4963 2142 5001; x_wconf 90' lang='lat'><strong>:</strong></span> <span class='ocrx_word' id='word_1_850' title='bbox 2164 4949 2307 5017; x_wconf 88' lang='lat' dir='ltr'><strong>quod</strong></span> <span class='ocrx_word' id='word_1_851' title='bbox 2337 4958 2389 5003; x_wconf 88' lang='lat' dir='ltr'><strong>et</strong></span> <span class='ocrx_word' id='word_1_852' title='bbox 2417 4950 2502 5003; x_wconf 85' lang='lat' dir='ltr'><strong>i5ti</strong></span> <span class='ocrx_word' id='word_1_853' title='bbox 2523 4952 2766 5021; x_wconf 86' lang='lat' dir='ltr'><strong>contigit.</strong></span> <span class='ocrx_word' id='word_1_854' title='bbox 2793 4952 2907 5006; x_wconf 84' lang='lat' dir='ltr'><strong>Non</strong></span> <span class='ocrx_word' id='word_1_855' title='bbox 2939 4957 3081 5009; x_wconf 91' lang='lat' dir='ltr'><strong>enim</strong></span> <span class='ocrx_word' id='word_1_856' title='bbox 3101 4961 3242 5026; x_wconf 89' lang='lat' dir='ltr'><strong>quod</strong></span> <span class='ocrx_word' id='word_1_857' title='bbox 3271 4959 3585 5028; x_wconf 82' lang='lat' dir='ltr'><strong>ipsamodio</strong></span> 
     </span>
    </p>
   </div>
   <div class='ocr_carea' id='block_1_112' title="bbox 1971 5049 3588 5114">
    <p class='ocr_par' dir='ltr' id='par_1_112' title="bbox 1971 5049 3588 5114">
     <span class='ocr_line' id='line_1_112' title="bbox 1971 5049 3588 5114; baseline 0.012 -22"><span class='ocrx_word' id='word_1_858' title='bbox 1971 5049 2421 5110; x_wconf 86' lang='lat' dir='ltr'><strong>prosequeretur,</strong></span> <span class='ocrx_word' id='word_1_859' title='bbox 2475 5052 2568 5096; x_wconf 84' lang='lat' dir='ltr'><strong>ant</strong></span> <span class='ocrx_word' id='word_1_860' title='bbox 2617 5056 3001 5114; x_wconf 86' lang='lat' dir='ltr'><strong>aversaretur,</strong></span> <span class='ocrx_word' id='word_1_861' title='bbox 3053 5049 3193 5104; x_wconf 86' lang='lat' dir='ltr'><strong>Deus</strong></span> <span class='ocrx_word' id='word_1_862' title='bbox 3238 5055 3588 5112; x_wconf 67' lang='lat' dir='ltr'><strong>conclusernt</strong></span> 
     </span>
    </p>
   </div>
   <div class='ocr_carea' id='block_1_113' title="bbox 1969 5132 3583 5215">
    <p class='ocr_par' dir='ltr' id='par_1_113' title="bbox 1969 5132 3583 5215">
     <span class='ocr_line' id='line_1_113' title="bbox 1969 5132 3583 5215; baseline 0.01 -31"><span class='ocrx_word' id='word_1_863' title='bbox 1969 5132 2180 5186; x_wconf 81' lang='lat' dir='ltr'><strong>vulvam</strong></span> <span class='ocrx_word' id='word_1_864' title='bbox 2202 5133 2338 5201; x_wconf 88' lang='lat' dir='ltr'><strong>ejus,</strong></span> <span class='ocrx_word' id='word_1_865' title='bbox 2364 5133 2457 5188; x_wconf 88' lang='lat' dir='ltr'><strong>sed</strong></span> <span class='ocrx_word' id='word_1_866' title='bbox 2487 5143 2544 5188; x_wconf 91' lang='lat' dir='ltr'><strong>ut</strong></span> <span class='ocrx_word' id='word_1_867' title='bbox 2567 5136 2708 5189; x_wconf 79' lang='lat' dir='ltr'><strong>fores</strong></span> <span class='ocrx_word' id='word_1_868' title='bbox 2732 5137 2888 5198; x_wconf 81' lang='lat' dir='ltr'><strong>nobis</strong></span> <span class='ocrx_word' id='word_1_869' title='bbox 2915 5141 3583 5215; x_wconf 67' lang='lat' dir='ltr'><strong>philosophia:reserarat,</strong></span> 
     </span>
    </p>
   </div>
   <div class='ocr_carea' id='block_1_114' title="bbox 1967 5225 3590 5320">
    <p class='ocr_par' dir='ltr' id='par_1_114' title="bbox 1967 5225 3590 5320">
     <span class='ocr_line' id='line_1_114' title="bbox 1967 5225 3590 5320; baseline 0.008 -44"><span class='ocrx_word' id='word_1_870' title='bbox 1967 5240 2071 5294; x_wconf 88' lang='lat' dir='ltr'><strong>qua</strong></span> <span class='ocrx_word' id='word_1_871' title='bbox 2105 5225 2329 5294; x_wconf 73' lang='lat' dir='ltr'><strong>przedita</strong></span> <span class='ocrx_word' id='word_1_872' title='bbox 2356 5226 2700 5320; x_wconf 35' lang='lat' dir='ltr'><strong>mulierOfuit,</strong></span> <span class='ocrx_word' id='word_1_873' title='bbox 2725 5232 2952 5300; x_wconf 87' lang='lat' dir='ltr'><strong>ejusque</strong></span> <span class='ocrx_word' id='word_1_874' title='bbox 2984 5233 3104 5288; x_wconf 86' lang='lat' dir='ltr'><strong>lidei</strong></span> <span class='ocrx_word' id='word_1_875' title='bbox 3134 5236 3348 5291; x_wconf 88' lang='lat' dir='ltr'><strong>divitias</strong></span> <span class='ocrx_word' id='word_1_876' title='bbox 3367 5244 3590 5310; x_wconf 86' lang='lat' dir='ltr'><strong>conspi.</strong></span> 
     </span>
    </p>
   </div>
   <div class='ocr_carea' id='block_1_115' title="bbox 1967 5319 3585 5388">
    <p class='ocr_par' dir='ltr' id='par_1_115' title="bbox 1967 5319 3585 5388">
     <span class='ocr_line' id='line_1_115' title="bbox 1967 5319 3585 5388; baseline 0.011 -17"><span class='ocrx_word' id='word_1_877' title='bbox 1967 5332 2236 5381; x_wconf 85' lang='lat' dir='ltr'><strong>ceremns,</strong></span> <span class='ocrx_word' id='word_1_878' title='bbox 2278 5332 2342 5372; x_wconf 88' lang='lat' dir='ltr'><strong>ac</strong></span> <span class='ocrx_word' id='word_1_879' title='bbox 2368 5319 2687 5376; x_wconf 70' lang='lat' dir='ltr'><strong>nobilita-em</strong></span> <span class='ocrx_word' id='word_1_880' title='bbox 2723 5322 2866 5377; x_wconf 87' lang='lat' dir='ltr'><strong>illam</strong></span> <span class='ocrx_word' id='word_1_881' title='bbox 2901 5325 3026 5380; x_wconf 91' lang='lat' dir='ltr'><strong>hinc</strong></span> <span class='ocrx_word' id='word_1_882' title='bbox 3057 5328 3126 5381; x_wconf 90' lang='lat' dir='ltr'><strong>ab</strong></span> <span class='ocrx_word' id='word_1_883' title='bbox 3153 5344 3221 5384; x_wconf 88' lang='lat' dir='ltr'><strong>eo</strong></span> <span class='ocrx_word' id='word_1_884' title='bbox 3252 5329 3416 5388; x_wconf 68' lang='lat' dir='ltr'><strong>fuisse</strong></span> <span class='ocrx_word' id='word_1_885' title='bbox 3457 5339 3585 5388; x_wconf 85' lang='lat' dir='ltr'><strong>red-</strong></span> 
     </span>
    </p>
   </div>
   <div class='ocr_carea' id='block_1_116' title="bbox 1967 5414 3584 5495">
    <p class='ocr_par' dir='ltr' id='par_1_116' title="bbox 1967 5414 3584 5495">
     <span class='ocr_line' id='line_1_116' title="bbox 1967 5414 3584 5495; baseline 0.011 -31"><span class='ocrx_word' id='word_1_886' title='bbox 1967 5414 2132 5464; x_wconf 79' lang='lat' dir='ltr'><strong>ditam</strong></span> <span class='ocrx_word' id='word_1_887' title='bbox 2159 5425 2632 5480; x_wconf 81' lang='lat' dir='ltr'><strong>cognosceremus.</strong></span> <span class='ocrx_word' id='word_1_888' title='bbox 2664 5415 2804 5470; x_wconf 83' lang='lat' dir='ltr'><strong>Audi</strong></span> <span class='ocrx_word' id='word_1_889' title='bbox 2846 5433 2977 5473; x_wconf 91' lang='lat' dir='ltr'><strong>vero</strong></span> <span class='ocrx_word' id='word_1_890' title='bbox 3004 5421 3163 5475; x_wconf 89' lang='lat' dir='ltr'><strong>etiam</strong></span> <span class='ocrx_word' id='word_1_891' title='bbox 3194 5438 3315 5493; x_wconf 83' lang='lat' dir='ltr'><strong>qme</strong></span> <span class='ocrx_word' id='word_1_892' title='bbox 3342 5439 3584 5495; x_wconf 84' lang='lat' dir='ltr'><strong>sequun-</strong></span> 
     </span>
    </p>
   </div>
   <div class='ocr_carea' id='block_1_117' title="bbox 1968 5502 3582 5580">
    <p class='ocr_par' dir='ltr' id='par_1_117' title="bbox 1968 5502 3582 5580">
     <span class='ocr_line' id='line_1_117' title="bbox 1968 5502 3582 5580; baseline 0.011 -25"><span class='ocrx_word' id='word_1_893' title='bbox 1968 5512 2072 5556; x_wconf 88' lang='lat' dir='ltr'><strong>tur.</strong></span> <span class='ocrx_word' id='word_1_894' title='bbox 2109 5502 2170 5556; x_wconf 77' lang='lat' dir='ltr'><strong>Et</strong></span> <span class='ocrx_word' id='word_1_895' title='bbox 2199 5503 2270 5556; x_wconf 89' lang='lat' dir='ltr'><strong>sic</strong></span> <span class='ocrx_word' id='word_1_896' title='bbox 2295 5504 2532 5572; x_wconf 82' lang='lat' dir='ltr'><strong>faciebat,</strong></span> <span class='ocrx_word' id='word_1_897' title='bbox 2569 5506 2760 5577; x_wconf 89' lang='lat' dir='ltr'><strong>inquit,</strong></span> <span class='ocrx_word' id='word_1_898' title='bbox 2794 5509 3009 5580; x_wconf 83' lang='lat' dir='ltr'><strong>singulis</strong></span> <span class='ocrx_word' id='word_1_899' title='bbox 3037 5515 3188 5568; x_wconf 87' lang='lat' dir='ltr'><strong>annis</strong></span> <span class='ocrx_word' id='word_1_900' title='bbox 3211 5533 3243 5568; x_wconf 90' lang='lat' dir='ltr'><strong>a</strong></span> <span class='ocrx_word' id='word_1_901' title='bbox 3271 5518 3430 5571; x_wconf 87' lang='lat' dir='ltr'><strong>multo</strong></span> <span class='ocrx_word' id='word_1_902' title='bbox 3453 5530 3582 5572; x_wconf 83' lang='lat' dir='ltr'><strong>tem-</strong></span> 
     </span>
    </p>
   </div>
   <div class='ocr_carea' id='block_1_118' title="bbox 1965 5600 3579 5670">
    <p class='ocr_par' dir='ltr' id='par_1_118' title="bbox 1965 5600 3579 5670">
     <span class='ocr_line' id='line_1_118' title="bbox 1965 5600 3579 5670; baseline 0.011 -22"><span class='ocrx_word' id='word_1_903' title='bbox 1965 5611 2108 5665; x_wconf 88' lang='lat' dir='ltr'><strong>pore,</strong></span> <span class='ocrx_word' id='word_1_904' title='bbox 2138 5612 2251 5649; x_wconf 86' lang='lat' dir='ltr'><strong>cum</strong></span> <span class='ocrx_word' id='word_1_905' title='bbox 2281 5600 2574 5654; x_wconf 84' lang='lat' dir='ltr'><strong>ascenderet</strong></span> <span class='ocrx_word' id='word_1_906' title='bbox 2601 5600 2712 5670; x_wconf 86' lang='lat' dir='ltr'><strong>ipsa</strong></span> <span class='ocrx_word' id='word_1_907' title='bbox 2738 5602 2792 5655; x_wconf 87' lang='lat' dir='ltr'><strong>in</strong></span> <span class='ocrx_word' id='word_1_908' title='bbox 2822 5602 3034 5658; x_wconf 89' lang='lat' dir='ltr'><strong>donmm</strong></span> <span class='ocrx_word' id='word_1_909' title='bbox 3057 5606 3284 5660; x_wconf 88' lang='lat' dir='ltr'><strong>Domini.</strong></span> <span class='ocrx_word' id='word_1_910' title='bbox 3313 5608 3379 5663; x_wconf 84' lang='lat' dir='ltr'><strong>Et</strong></span> <span class='ocrx_word' id='word_1_911' title='bbox 3401 5611 3579 5664; x_wconf 73' lang='lat' dir='ltr'><strong>triste-</strong></span> 
     </span>
    </p>
   </div>
   <div class='ocr_carea' id='block_1_119' title="bbox 1963 5687 3577 5773">
    <p class='ocr_par' dir='ltr' id='par_1_119' title="bbox 1963 5687 3577 5773">
     <span class='ocr_line' id='line_1_119' title="bbox 1963 5687 3577 5773; baseline 0.012 -33"><span class='ocrx_word' id='word_1_912' title='bbox 1963 5687 2131 5755; x_wconf 85' lang='lat' dir='ltr'><strong>batur,</strong></span> <span class='ocrx_word' id='word_1_913' title='bbox 2163 5697 2210 5742; x_wconf 88' lang='lat' dir='ltr'><strong>ct</strong></span> <span class='ocrx_word' id='word_1_914' title='bbox 2260 5690 2513 5758; x_wconf 86' lang='lat' dir='ltr'><strong>plorabat,</strong></span> <span class='ocrx_word' id='word_1_915' title='bbox 2559 5701 2605 5746; x_wconf 79' lang='lat' dir='ltr'><strong>et</strong></span> <span class='ocrx_word' id='word_1_916' title='bbox 2643 5709 2744 5748; x_wconf 87' lang='lat' dir='ltr'><strong>non</strong></span> <span class='ocrx_word' id='word_1_917' title='bbox 2787 5696 3083 5751; x_wconf 81' lang='lat' dir='ltr'><strong>comedebat</strong></span> <span class='ocrx_word' id='word_1_918' title='bbox 3122 5699 3202 5768; x_wconf 80' lang='grc' dir='ltr'><strong>(Ι.</strong></span> <span class='ocrx_word' id='word_1_919' title='bbox 3256 5698 3385 5771; x_wconf 79' lang='lat' dir='ltr'><strong>Reg.</strong></span> <span class='ocrx_word' id='word_1_920' title='bbox 3425 5703 3475 5758; x_wconf 81' lang='lat' dir='ltr'><strong>l.</strong></span> <span class='ocrx_word' id='word_1_921' title='bbox 3500 5703 3577 5773; x_wconf 73' lang='lat'><strong>7).</strong></span> 
     </span>
    </p>
   </div>
   <div class='ocr_carea' id='block_1_120' title="bbox 1966 5823 3587 5969">
    <p class='ocr_par' dir='ltr' id='par_1_120' title="bbox 1966 5823 3587 5969">
     <span class='ocr_line' id='line_1_120' title="bbox 1966 5823 3587 5969; baseline 0.011 -77"><span class='ocrx_word' id='word_1_922' title='bbox 1966 5844 2224 5969; x_wconf 35' lang='lat' dir='ltr'><strong>(“Ligna</strong></span> <span class='ocrx_word' id='word_1_923' title='bbox 2235 5845 2334 5956; x_wconf 68' lang='lat' dir='ltr'><strong>duo</strong></span> <span class='ocrx_word' id='word_1_924' title='bbox 2349 5857 2402 5899; x_wconf 89' lang='lat' dir='ltr'><strong>et</strong></span> <span class='ocrx_word' id='word_1_925' title='bbox 2421 5855 2561 5913; x_wconf 78' lang='lat' dir='ltr'><strong>ueg..</strong></span> <span class='ocrx_word' id='word_1_926' title='bbox 2577 5849 2665 5902; x_wconf 81' lang='lat' dir='ltr'><strong>sed</strong></span> <span class='ocrx_word' id='word_1_927' title='bbox 2682 5849 2764 5901; x_wconf 82' lang='lat' dir='ltr'><strong>hic</strong></span> <span class='ocrx_word' id='word_1_928' title='bbox 2780 5823 3048 5904; x_wconf 71' lang='lat' dir='ltr'><strong>mximam</strong></span> <span class='ocrx_word' id='word_1_929' title='bbox 3070 5854 3461 5919; x_wconf 69' lang='lat' dir='ltr'><strong>philosophentur</strong></span> <span class='ocrx_word' id='word_1_930' title='bbox 3478 5858 3587 5921; x_wconf 76' lang='lat' dir='ltr'><strong>phi-</strong></span> 
     </span>
    </p>
   </div>
  </div>
