4066 6458
656 425 754 479 Mi

656 553 775 595 σου
793 538 994 603 δοτόν;
1002 538 1255 592 Ἔκδοτον
1272 538 1364 592 καὶ
1377 537 1670 610 ὀλόκληρον
1687 538 1889 593 δοῦλον.
1909 538 2239 610 Ἀφίσταμαι

655 632 759 702 τῆς
801 631 1045 698 ἐξουσίας
1074 630 1315 702 ἁπάσης.
1345 630 1611 685 Τοσοῦτον
1643 631 1751 702 γάρ
1792 630 2054 702 βούλομαι
2089 631 2242 700 γενέ-

560 740 573 744 “
659 721 782 775 σθαι
828 721 1022 792 μήτηρ·
1048 729 1230 790 μόνον,
1273 722 1397 775 ὅσον
1435 720 1753 791 τὴνάρχὴν
1788 722 1921 791 παρ’
1962 718 2098 791 ἐμοῦ
2142 719 2241 773 λα-

657 807 773 860 ϐεῖν
816 808 880 861 τὸ
925 807 1157 872 παιδίον,
1200 810 1294 862 καὶ
1340 807 1527 861 λοιπὸν
1576 806 1867 878 ἐξίσταμαι
1916 807 2011 861 καὶ
2058 824 2241 879 παρα-

690 914 840 969 ωρω-

657 917 908 1047 χὺὲῗυίξαὶ
924 983 1114 1036 σκόπει
1141 983 1400 1051 γυναικὸς
1420 981 1728 1041 εὐλάϐειαν.
1760 983 1875 1037 Οὐκ
1900 977 2073 1046 εἶπεν,
2113 981 2240 1036 Ἐάν

656 1064 763 1135 δῷς
793 1083 884 1137 μοι
919 1068 1086 1137 τρεῖς,
1125 1066 1254 1129 τοὺς
1290 1064 1385 1119 δύο
1418 1082 1501 1119 σοι
1530 1065 1747 1136 δίδωμι,
1777 1066 1873 1120 ἐὰν
1904 1064 1963 1119 δὲ
1998 1064 2113 1124 δύο.
2145 1063 2240 1121 τὸν

657 1154 755 1208 ἕνα
789 1170 869 1208 σοι
899 1153 1120 1223 δίδωμι·
1151 1153 1289 1220 ἀλλ’,
1331 1153 1425 1207 ἐὰν
1466 1155 1626 1225 μόνον
1659 1154 1755 1207 ἕνα
1787 1154 1914 1225 δῷς,
1944 1153 2241 1224 ὀλόκληρον

656 1238 954 1311 ἀνατίθημί
986 1257 1067 1294 σοι
1096 1239 1188 1294 τὸν
1221 1241 1457 1312 καρπόν.
1481 1241 1591 1295 Καὶ
1628 1237 1799 1296 οἶνον
1829 1241 1924 1295 καί
1959 1240 2242 1310 μέθυσμα

656 1329 729 1381 οὐ
753 1328 840 1397 μὴ
874 1328 1089 1383 πίεται.
1123 1325 1291 1380 Οὔπω
1319 1326 1477 1382 ἔλαϐε
1508 1328 1571 1381 τὸ
1603 1328 1834 1390 παιδίον,
1863 1328 1958 1381 καί⁵
1992 1329 2094 1399 ήδη
2124 1328 2240 1380 δια-

656 1415 881 1468 πλάττει
913 1414 1220 1486 προφήτην,
1264 1414 1360 1468 καὶ
1408 1415 1537 1486 περὶ
1569 1416 1669 1485 τῆς
1710 1413 2098 1485 παιδοτροφίας
2137 1413 2240 1466 αύ-

654 1501 748 1556 τοῦ
799 1501 1104 1570 διαλέγεται
1125 1542 1139 1564 ,
1203 1502 1294 1553 καὶ
1344 1500 1618 1571 συνθήκας
1679 1502 1913 1553 ποιεῖται
1960 1500 2098 1570 πρὸς
2146 1499 2239 1552 τὸν

654 1588 808 1643 Θεόν.
836 1589 901 1641 Ὠ
951 1587 1263 1659 παρρησίας
1301 1585 1560 1655 γυναικός
1592 1588 1605 1639 !
1641 1586 1860 1657 Ἐπειδὴ
1912 1586 2238 1641 καταϐαλεῖν

655 1678 775 1731 οὐδὲ
804 1677 926 1730 τότε
955 1671 1089 1746 εἶχε,
1118 1676 1296 1729 διὰτὸ
1337 1676 1565 1747 μηδέπω
1596 1675 1801 1737 λαϐεῖν,
1837 1676 1948 1729 άπὸ
1977 1675 2086 1729 τῶν
2120 1675 2243 1746 μελ·

653 1760 853 1814 λόντων
887 1759 1214 1814 καταϐάλλει
1251 1758 1349 1831 τὴν
1383 1760 1574 1831 τιμήν.
1621 1760 1730 1813 Καὶ
1770 1758 2025 1830 καθάπερ
2055 1759 2241 1811 πολλοὶ

652 1846 762 1900 τῶν
790 1852 1046 1917 γηπόνων
1074 1848 1129 1901 ἐν
1168 1846 1331 1917 πενίᾳ⁸
1358 1846 1561 1911 ζῶντες
1592 1847 1818 1919 ἐσχάτῃ,
1851 1846 1944 1899 καὶ
1973 1846 2239 1919 ἀργύριον

651 1934 753 1988 οῦκ
797 1933 1014 2004 ἔχοντες
1050 1932 1191 1987 ὥστε
1227 1933 1424 2005 μόσχον
1454 1933 1488 2004 ἢ
1524 1934 1796 2005 πρόϐατον
1831 1932 2117 2004 πρίασθαι,
2153 1933 2237 2001 ἐφ’

653 2020 884 2093 ήμισεία
909 2021 1061 2092 παρά
1089 2020 1197 2073 τῶν
1225 2019 1503 2073 δεσποτῶν
1534 2021 1675 2074 αὐτὰ
1703 2020 2101 2091 λαμϐάνουσιν,
2131 2016 2238 2072 άπὸ

652 2107 763 2159 τῶν
813 2105 1115 2176 μελλόντων
1164 2104 1394 2177 καρπῶν
1445 2106 1544 2177 τὴν
1603 2107 1771 2177 τιμὴν
1818 2105 2238 2177 ὑπισχνούμενοι

652 2194 982 2246 καταϐαλεῖν
998 2208 1012 2223 ⁸
1038 2192 1180 2247 οὕτω
1202 2192 1268 2263 δὴ
1294 2193 1389 2247 καλ⁵
1410 2192 1573 2263 αῦτη,
1605 2193 1805 2263 μᾶλλον
1835 2193 1892 2245 δέ
1934 2194 2029 2247 καὶ
2059 2190 2240 2263 πολλῷ

652 2280 816 2335 πλέον
849 2280 1124 2350 ἐποίησεν.
1150 2278 1225 2334 Ού
1257 2280 1366 2351 γάρ
1405 2280 1491 2348 ἐφ’
1530 2270 1761 2351 ἧμισείᾳ
1798 2280 1892 2333 τὸν
1941 2279 2056 2333 υίὸν
2094 2284 2238 2349 λαμ-

652 2367 806 2421 ϐάνει
857 2366 1008 2437 παρὰ
1052 2365 1147 2419 τοῦ
1192 2366 1352 2429 Θεοῦ,
1401 2365 1515 2420 ἀλλ’
1566 2365 1708 2419 ὥστε
1756 2365 2047 2438 ὁλόκληρον
2091 2364 2240 2437 αὐτῷ

652 2453 945 2509 ἀποδοῦναι
997 2452 1180 2520 πάλιν,
1225 2454 1319 2506 καὶ
1365 2452 1463 2525 τὴν
1503 2451 1889 2523 παιδοτροφίαν
1939 2452 2236 2526 καρπώσα-

657 2543 802 2596 σθαι.
840 2540 1144 2612 Ἀρκοῦσαν
1180 2541 1289 2612 γάρ
1324 2541 1559 2612 ἀμοιϐὴν
1601 2538 1739 2594 εἶναι
1779 2541 2019 2610 ἐνόμισε,
2049 2541 2110 2594 τὸ
2145 2556 2242 2596 πο-

650 2630 805 2684 νέσαι
834 2628 965 2700 περὶ
1002 2628 1093 2681 τὸν
1127 2627 1222 2681 τοῦ
1257 2626 1410 2700 [ῖθθι
1438 2623 1575 2681 Θεοῦ
1620 2627 1791 2699 ίερέα.
1832 2628 1943 2681 Καὶ
1975 2623 2115 2681 οἶνον
2145 2626 2241 2680 καὶ

654 2715 910 2787 μέθυσμα
956 2714 1017 2767 οῦ
1062 2714 1136 2785 μὴ
1172 2713 1378 2778 πίεται,
1423 2714 1610 2785 φησίν.
1657 2714 1771 2768 Οὐκ
1810 2700 2061 2785 ἐνενόησε
2104 2714 2241 2784 πρὸς

652 2805 873 2875 ἑαυτὴν,
902 2802 1135 2869 λέγουσα
1152 2818 1167 2832 ·
1187 2799 1325 2853 Τίδέ
1347 2812 1372 2841 α
1398 2799 1461 2854 ἂν
1490 2800 1699 2863 ἁπαλὸς
1724 2799 1799 2854 ῶν
1827 2799 1934 2853 ὑπὸ
1958 2800 2055 2869 τῆς
2084 2801 2241 2871 ὑδρο⁶

651 2893 850 2955 ποσίας
894 2889 1273 2960 διαφθείρηται
1300 2905 1315 2954 ;
1348 2890 1401 2941 τί
1444 2890 1500 2942 δέ
1531 2889 1597 2942 ἂν
1625 2890 1904 2959 ἀρρωστίᾳ
1936 2889 2236 2961 περιπέση;

650 2984 703 3037 τί
732 2982 790 3037 δέ
830 2981 899 3035 ἂν
936 2980 1203 3051 ἀποθάνῃ,
1246 2980 1388 3049 νόσῳ
1442 2977 1768 3050 παραδοθεὶς
1815 2978 2057 3049 χαλεπῇ;
2099 2976 2238 3029 Ἀλλ’

651 3075 955 3145 ἐννοήσασα
998 3073 1082 3126 ὅτι
1123 3073 1153 3125 6
1194 3071 1318 3133 δοὺς
1356 3069 1540 3131 αὐτὸν,
1573 3068 1736 3132 αὐτὸς
1779 3070 1873 3121 καὶ
1913 3068 2015 3139 τῆς
2052 3068 2240 3137 ὑγείας

650 3162 955 3236 προνοῆσαι
988 3161 1299 3231 δυνήσεται,
1329 3157 1388 3225 ἐξ
1422 3157 1603 3211 αὐτῶν
1637 3157 1748 3209 τῶν
1786 3163 2118 3226 σπαργάνων
2146 3156 2242 3210 καὶ

648 3252 759 3305 τῶν
807 3251 1013 3304 ὠδίνων
1060 3251 1139 3313 είς
1183 3247 1282 3319 τὴν
1328 3246 1643 3317 ἁγιωσύνην
1693 3244 1856 3298 αὑτὸν
1902 3244 2235 3310 ἐνεϐίϐασεν,

649 3340 745 3392 ἐπὶ
772 3339 863 3392 τὸν
900 3336 1032 3390 Θεὸν
1067 3335 1269 3406 ῥίψασα
1297 3333 1357 3386 τὸ
1386 3336 1517 3398 πᾶν,
1550 3334 1645 3386 καὶ
1692 3331 1798 3401 πρὸ
1834 3331 1946 3386 τῶν
1971 3331 2177 3386 ὠδίνων
2205 3330 2238 3401 ἡ

652 3426 868 3497 γαστὴρ
905 3424 1077 3494 αὐτῆς
1111 3422 1371 3495 ήγιάζετο
1400 3411 1685 3492 προφήτην
1709 3420 1929 3491 ἔχουσα,
1958 3420 2051 3472 καὶ
2087 3418 2238 3490 ἱερέα

649 3515 879 3581 κυοῦσα,
918 3515 1012 3567 καὶ
1050 3513 1112 3566 τὸ
1155 3510 1412 3581 ἀνάθημα
1448 3509 1711 3580 φέρουσα,
1756 3508 2017 3581 ἀνάθημα
2060 3507 2239 3580 ἐμψυ-

647 3622 764 3679 χον.
793 3604 892 3659 Διά
924 3603 1098 3658 ταῦτα
1144 3602 1389 3673 ἠνείχετο
1421 3599 1739 3672 ἀθυμούσης
1784 3600 1957 3671 αὐτῆς
1999 3602 2026 3653 6
2070 3599 2234 3665 Θεὸς,

648 3699 742 3753 διά
786 3696 946 3751 τοῦτο
998 3694 1236 3767 βραδέως
1267 3695 1464 3758 ἐδίδου,
1494 3695 1581 3747 ἵνα
1626 3693 2017 3765 λαμπροτέραν
2066 3692 2237 3765 αὐτὴν

647 3785 727 3858 τῷ
769 3789 957 3859 τρόπῳ
993 3787 1088 3841 τοῦ
1122 3788 1283 3841 τόκου
1319 3788 1543 3861 ποιήσῃ,
1573 3786 1662 3839 ἶνα
1697 3785 1847 3857 δείξῃ
1876 3785 1975 3856 τὴν
2022 3783 2238 3854 φιλοσο-

563 3879 571 3886 ’
649 3881 798 3951 φίαν.
826 3880 937 3934 Καὶ
963 3878 1071 3951 γάρ
1098 3880 1177 3941 είς
1209 3878 1307 3948 τὴν
1334 3878 1499 3950 εὐχὴν
1525 3878 1839 3933 καταστᾶσα
1863 3877 1962 3929 οὐκ
1990 3876 2237 3948 ἐμνήσθη

644 3974 747 4045 τῆς
780 3969 1087 4043 άντιζήλου,
1121 3969 1221 4023 οῦκ
1263 3966 1417 4023 εἶπεν
1461 3969 1634 4039 αὐτῆς
1675 3968 1775 4032 τὰς
1803 3967 2089 4040 λοιδορίας,
2137 3970 2238 4022 οῦκ

648 4065 881 4136 ήνεγκεν
920 4066 1000 4127 εἰς
1039 4062 1203 4134 μέσον
1230 4062 1299 4116 τὰ
1335 4062 1536 4134 ὀνείδη,
1562 4050 1661 4116 ούκ
1690 4055 1841 4115 εἶπεν
1861 4078 1873 4091 ο
1919 4060 2237 4131 Ἐκδίκησόν

654 4173 723 4226 με
760 4158 825 4208 ἐκ
872 4154 976 4223 τῆς
1022 4155 1225 4225 μιαρᾶς
1260 4154 1355 4207 καὶ
1399 4154 1645 4225 πονηρᾶς
1682 4152 1941 4222 γυναικδς
1984 4153 2230 4224 ἐκείνης’

651 4236 795 4309 ἅπερ
822 4235 1015 4290 πολλαὶ
1046 4234 1255 4289 ποιοῦσι
1286 4237 1570 4304 γυναῖκες’
1603 4234 1740 4288 άλλά
1769 4236 1903 4307 μηδὲ
1937 4236 2235 4307 μνησθεῖσα

650 4320 759 4374 τῶν
801 4318 1020 4373 ὀνειδῶν
1061 4318 1307 4383 ἐκείνων,
1355 4318 1484 4391 περὶ
1529 4316 1639 4370 τῶν
1671 4319 1807 4389 αὐτῇ
1852 4319 2236 4390 συμφερόντων

648 4402 849 4474 ηῦχετο
895 4401 1074 4473 μόνον.
1115 4401 1286 4455 Τοῦτο
1331 4403 1424 4455 καὶ
1451 4400 1516 4455 σὺ
1552 4402 1801 4473 ποίησον,
1835 4400 2110 4473 ἄνθρωπε,
2141 4404 2237 4456 καὶ

648 4487 778 4540 ὅταν
821 4484 939 4556 ἴδῃς
971 4483 1163 4555 ἐχθρὸν
1186 4483 1484 4548 λυποῦντα,
1515 4484 1653 4556 πρὸς
1691 4486 1900 4538 ἐκεῖνον
1936 4484 2036 4557 μὲν
2070 4486 2236 4558 μηδὲν

651 4568 887 4639 ἐκϐάλῃς
920 4567 1070 4639 ῥῆμα
1111 4566 1330 4639 πικρὸν,
1380 4565 1514 4639 μηδέ
1559 4565 1690 4637 εὔξῃ
1727 4568 1849 4622 κατ’
1887 4566 2055 4621 αὐτοῦ
2097 4567 2236 4641 πρὸς

653 4650 714 4702 σέ
761 4649 1018 4719 ἀπεχθῶς
1056 4649 1301 4719 ἔχοντος·
1352 4648 1609 4703 εἰσελθὼν
1659 4649 1748 4712 δέ,
1792 4650 1987 4704 καὶτὰ
2032 4651 2236 4719 γόνατα

652 4733 901 4805 κάμψας,
928 4732 1019 4785 καὶ
1050 4731 1259 4804 δάκρυα
1297 4731 1477 4800 ἀφεὶς,
1518 4732 1827 4801 παρακάλει
1856 4732 1948 4785 τὸν
1978 4732 2114 4785 Θεὸν
2145 4727 2241 4785 λῦ-

654 4833 745 4870 σαι
775 4816 876 4889 τὴν
904 4815 1163 4886 ἀθυμίαν,
1199 4814 1390 4869 σϐέσαι
1432 4815 1531 4886 τὴν
1574 4813 1787 4886 λύπην’
1826 4814 1964 4886 ὅπερ
2006 4810 2099 4869 οῦν
2142 4814 2238 4868 καὶ

651 4898 791 4970 αῦτη
833 4899 1123 4970 πεποίηκε,
1163 4899 1258 4951 καὶ
1302 4898 1371 4952 τά
1419 4898 1652 4969 μέγιστα
1697 4896 1849 4969 παρά
1895 4897 1994 4968 τῆς
2036 4896 2238 4967 ἐχθρᾶς

653 4981 1016 5054 ἐκαρπώσατο
1064 4980 1342 5048 γυναικός.
1382 4980 1596 5051 Ἐκείνη
1630 4981 1736 5052 γάρ
1772 4980 1909 5051 πρὸς
1943 4980 2035 5033 τὸν
2078 4980 2238 5034 τόκον

642 5052 747 5119 ’τοῦ
766 5052 989 5118 ⁷παιδίου
1021 5064 1343 5136 συνέπραξε.
1372 5064 1484 5117 Καὶ⁵
1510 5064 1649 5128 πῶς,
1679 5063 1791 5130 ἐγὼ
1818 5062 1980 5131 λέγω.
2017 5064 2235 5135 Ἐπειδὴ

653 5147 949 5210 ὠνείδισεν,
974 5145 1176 5216 ἐθλιψε,
1198 5148 1291 5198 καὶ
1325 5144 1545 5217 μείζονα
1575 5144 1673 5216 τὴν
1702 5145 1894 5215 ὀδύνην
1917 5146 2234 5215 είργάσατο,

654 5231 762 5286 ἀπὸ
788 5230 884 5300 τῆς
925 5228 1118 5300 ὀδύνης
1158 5230 1192 5299 ή
1236 5229 1368 5298 εὐχὴ
1410 5229 1889 5300 προσεκτικωτέρα
1922 5231 2165 5296 γέγονεν,
2202 5231 2235 5300 ή

655 5311 790 5385 εὐχὴ
822 5313 913 5367 τὸν
956 5311 1091 5365 Θεὸν
1123 5312 1496 5375 ἐπεσπάσατο,
1544 5311 1639 5364 καὶ
1672 5312 1952 5363 ἐπινεῦσαι
1988 5312 2233 5382 ἐποίησε,

653 5398 751 5451 καὶ
787 5395 961 5459 οὕτως
991 5397 1020 5449 6
1056 5395 1311 5466 Σαμουὴλ
1351 5393 1569 5464 ἐτέχθη.
1594 5394 1780 5458 Ὥστε,
1812 5396 1905 5447 ἐὰν
1952 5396 2233 5467 νήφωμεν,

654 5479 717 5533 οῦ
756 5478 917 5548 μόνον
947 5479 1094 5549 ἡμᾶς
1122 5481 1170 5531 οἱ
1202 5478 1386 5549 ἐχθροὶ
1413 5477 1564 5530 οὐδὲν
1597 5476 1952 5547 παραϐλάψαι
1986 5480 2239 5550 δυνήσον-

654 5577 768 5626 ται,
807 5560 946 5616 ἀλλὰ
986 5561 1081 5614 καὶ
1112 5561 1458 5633 ὠφελήσουσι
1487 5560 1555 5613 τά
1606 5562 1861 5632 μέγιστα,
1892 5562 2026 5633 πρὸς
2058 5564 2239 5617 πάντα

656 5646 807 5716 ἡμᾶς
857 5645 1323 5716 σπουδαιοτέρους,
1366 5644 1757 5715 ἐργαζόμενοι,
1824 5645 1982 5716 μόνον
2042 5646 2108 5699 ἂν
2162 5646 2237 5719 μὴ

660 5728 794 5796 πρὸς
822 5726 1089 5796 λοιδορίας
1116 5727 1211 5782 καὶ⁴
1240 5726 1447 5799 ὕϐρεις,
1473 5726 1609 5782 ἀλλὰ
1650 5729 1785 5800 πρὸς
1817 5729 1981 5801 εὐχὰς
2010 5730 2237 5794 ἑαυτοὺς

722 5875 749 5908 ι
774 5874 879 5937 Reg
924 5875 965 5923 τί
985 5876 1061 5924 δαί
1082 5874 1159 5927 hic
1182 5889 1233 5928 et
1258 5878 1309 5926 in
1350 5879 1598 5938 sequenti.

1353 423 1408 480 S.
1448 422 1737 480 JOANMS
1771 421 2134 481 CHRYSOS'I
2148 423 2270 481 0M1
2305 423 2626 484 ARCHIEP.
2658 425 3214 486 CONSTANTINOP.

3837 426 3937 487 6J9

2342 553 2566 625 ἄγωμεν
2614 553 2723 609 άπὸ
2776 554 2877 625 τῆς
2939 555 3072 628 παρ’
3113 553 3340 609 ἐκείνων
3391 552 3757 626 ἐγγινομένης
3811 554 3937 626 ἡμῖν

2344 636 2598 709 ἀθυμίας.

2413 720 2659 775 Τεκοῦσα
2697 721 2753 774 δὲ
2782 720 2845 773 τὸ
2890 720 3125 784 παιδίον,
3164 720 3426 775 ἐκάλεσεν
3470 720 3606 774 αὐτὸ
3659 717 3934 790 Σαμουὴλ.

2341 804 2899 869 τουτέστιν,⁹Ακούσει
2925 804 3062 857 Θεοῦ
3095 804 3142 857 δ.
3170 803 3390 875 Ἐπειδὴ
3421 804 3534 877 γάρ
3559 805 3627 857 ἐκ
3654 820 3753 856 του
3781 802 3940 856 άιεου-

2345 884 2560 956 σθῆναι,
2587 888 2682 941 καὶ
2718 885 2780 952 ἐξ
2821 887 2987 958 εὐχῆς
3014 884 3177 939 αὑτὸν
3207 885 3392 949 ἔλαϐε,
3422 886 3517 939 καὶ
3552 885 3654 940 οὐκ
3695 884 3809 940 άπὸ
3838 883 3938 955 φύ·

2345 984 2513 1033 σεως,
2557 970 2659 1040 τῆς
2705 970 2968 1042 ἐργασίας
2999 970 3097 1042 τὴν
3148 974 3393 1041 μνήμην,
3434 967 3625 1040 ὥσπερ
3656 970 3719 1021 ἐν
3768 968 3937 1039 στήλη

2342 1052 2540 1123 χαλκῇ,
2566 1055 2630 1123 τῇ
2660 1054 3005 1125 προσηγορίᾳ
3030 1051 3125 1107 τοῦ
3159 1053 3376 1107 παιδίου
3402 1052 3591 1108 λοιπὸν
3618 1051 3936 1106 ἐναπέθετο.

2342 1134 2448 1189 Καὶ
2476 1135 2575 1189 ούκ
2592 1132 3071 1207 εἷπε,Καλέσωμεν
3093 1136 3256 1189 αὑτὸν
3280 1135 3358 1207 τῷ
3375 1137 3601 1209 ὀνόματι
3616 1136 3714 1190 τοῦ
3735 1135 3940 1206 πατρὸς

2342 1219 2579 1290 αὑτοῦ,ἢ
2615 1218 2706 1272 τοῦ
2742 1220 2965 1291 θείου,ῆ
2998 1220 3093 1273 τοῦ
3119 1220 3370 1283 πάππου,
3391 1219 3425 1290 ἢ
3447 1221 3542 1273 τοῦ
3576 1220 3937 1273 ἐπιπάππου·

2342 1302 2457 1355 ἀλλ’
2476 1303 2638 1365 αὐτὸς
2668 1304 2697 1357 6
2719 1302 2970 1368 δεδωκὼς
2990 1304 3177 1363 αὑτὸν,
3196 1303 3361 1365 αὐτὸς
3385 1304 3479 1356 καὶ
3498 1306 3566 1375 τῇ
3593 1302 3942 1374 προσηγορίᾳ

2341 1384 2436 1438 τοῦ
2460 1384 2673 1439 παιδίου
2695 1386 2968 1456 τιμάσθω,
2994 1386 3147 1456 φησί.
3168 1385 3386 1457 Ταύτην
3417 1384 3726 1455 ζηλώσατε,
3756 1389 3945 1454 γυναῐο

2343 1484 2457 1531 κες,
2486 1468 2691 1540 ταύτην
2715 1468 3108 1539 μιμησώμεθα,
3140 1468 3355 1539 ἄνδρες,
3391 1468 3486 1523 καὶ
3519 1467 3798 1539 τοσαύτην
3818 1469 3945 1539 περὶ

2339 1551 2410 1604 τά
2423 1553 2609 1605 παιδία
2622 1550 2909 1623 ποιώμεθα
2924 1550 3023 1621 τὴν
3035 1552 3375 1622 ἐπιμέλειαν,
3390 1550 3563 1611 οὕτως
3580 1552 3945 1623 ἐκτρέφωμεν

2340 1633 2466 1696 τοὺς
2489 1635 2801 1704 τεχθέντας,
2827 1633 2979 1707 [710]
3005 1634 3063 1686 ἐν
3091 1651 3149 1687 τε
3183 1636 3299 1697 τοῖς
3318 1633 3500 1696 ἄλλοις
3529 1632 3762 1699 ἅπασιν,
3795 1634 3858 1686 εν
3889 1651 3943 1687 τε

2338 1717 2418 1787 τῷ
2442 1717 2542 1787 τῆς
2568 1717 2922 1789 σωφροσύνης
2942 1718 3106 1788 λόγῳ.
3132 1718 3298 1771 Οῦδέν
3318 1716 3429 1788 γάρ
3448 1716 3592 1769 οὕτω
3615 1716 3945 1781 σπουδάζειν

2339 1801 2446 1872 χρὴ
2484 1802 2579 1854 καὶ
2620 1801 2931 1871 φροντίζειν
2964 1801 3075 1855 τῶν
3103 1800 3262 1866 νέων,
3303 1802 3381 1865 ὡς
3414 1799 3782 1871 σωφροσύνης
3829 1801 3944 1854 ἓνε-

2339 1899 2435 1934 κεν
2465 1884 2561 1936 καὶ⁸
2593 1884 2943 1955 σεμνότητος.
2983 1883 3155 1938 Τοῦτο
3184 1883 3295 1955 γάρ
3333 1882 3570 1954 μάλιστα
3597 1883 3661 1936 τὸ
3705 1881 3892 1947 πάθος
3920 1894 3940 1922 ε

2340 1964 2579 2029 ἐκείναις
2624 1967 2835 2038 ἐνοχλεῖ
2866 1971 2990 2032 ταῖς
3041 1966 3314 2039 ἡλικίαις·
3360 1967 3455 2020 καὶ
3502 1966 3644 2038 ὅπερ
3689 1966 3787 2021 ἐπὶ
3835 1968 3945 2022 τῶν

2340 2048 2549 2119 λύχνων
2578 2050 2863 2121 ποιοῦμεν,
2893 2051 3054 2105 τοῦτο
3092 2049 3190 2103 καὶ
3218 2050 3312 2104 ἐπὶ
3337 2051 3445 2103 τῶν
3477 2050 3713 2104 παιδίων
3742 2050 3946 2119 φυλάτ-

2338 2147 2542 2202 τωμεν.
2586 2130 2854 2197 Πολλάκις
2896 2132 3028 2202 γοῦν
3060 2132 3405 2204 θεραπαινίδι
3442 2131 3639 2203 λύχνον
3686 2133 3943 2205 άπτούσῃ

2340 2213 2829 2286 παρακελευόμεθα
2861 2214 2937 2287 μὴ
2973 2218 3319 2285 παραγαγεῖν
3343 2215 3435 2267 τὸν
3461 2214 3678 2285 λύχνον,
3710 2214 3844 2269 ἔνθα
3883 2217 3945 2269 ἂν

2338 2292 2372 2369 ᾖ
2418 2297 2670 2369 καλάμη,
2703 2296 2738 2368 ἢ
2787 2296 3014 2367 χόρτος,
3056 2298 3090 2367 ή
3133 2315 3187 2349 τι
3236 2297 3343 2349 τῶν
3392 2296 3673 2363 τοιούτων,
3726 2300 3943 2370 μήποτε

2339 2379 2677 2446 ἀγνοούντων
2720 2378 2900 2450 ἡμῶν,
2953 2378 3191 2450 σπινθήρ
3236 2397 3321 2443 τις
3367 2378 3642 2442 ἐκπεσὼν,
3699 2381 3800 2434 καὶ
3848 2383 3945 2451 τῆς

2341 2459 2475 2533 ὕλης
2516 2460 2910 2533 ἐπιλαϐόμενος
2941 2461 3178 2532 ἐκείνης,
3204 2461 3500 2533 ὀλόκληρον
3540 2465 3815 2537 ἐμπρήσῃ
3848 2464 3945 2535 τὴν

2339 2544 2550 2597 οὶκίαν·
2580 2543 2786 2615 ταύτην
2834 2545 2931 2598 καὶ⁵
2969 2545 3062 2598 ἐπὶ
3095 2544 3205 2599 τῶν
3256 2545 3485 2599 παιδίων
3527 2546 3630 2617 τὴν
3677 2547 3945 2619 πρόνοιαν

2342 2626 2575 2697 ἔχωμεν,
2602 2626 2697 2680 καὶ
2739 2626 2814 2698 μὴ
2854 2626 3195 2700 παράγωμεν
3231 2627 3414 2681 αὐτῶν
3460 2628 3559 2692 τὰς
3584 2629 3767 2698 ὄψεις,
3814 2630 3944 2683 ἔνθα

2342 2710 2724 2781 θεραπαινίδες
2750 2710 3027 2779 ἀσελγεῖς,
3056 2711 3185 2765 ἔνθα
3214 2712 3373 2784 κόραι
3402 2712 3629 2777 ἄσωτοι,
3660 2712 3798 2767 ἔνθα
3823 2713 3945 2769 δοῦ-

2340 2793 2429 2845 λαι
2464 2793 2774 2852 ἀκόλαστοι,
2817 2792 2955 2847 ἀλλὰ
2987 2793 3318 2866 κελεύωμεν,
3358 2797 3454 2859 καὶ
3500 2796 3939 2869 παρεγγυῶμεν,

2340 2878 2445 2931 κᾶν
2481 2878 2839 2951 θεραπαινίδα
2867 2878 3129 2953 τοιαύτην
3154 2879 3391 2951 ἔχωμεν,
3423 2881 3528 2933 κᾶν
3562 2882 3814 2949 γείτονα,
3842 2882 3941 2934 κᾶν

2339 2961 2529 3024 ἁπλῶς
2576 2962 2768 3032 ἐτέραν
2805 2961 2930 3015 τινὰ
2972 2962 3252 3034 τοιαύτην,
3298 2965 3439 3035 μήτε
3495 2965 3579 3028 είς
3611 2965 3762 3034 ὄψιν,
3806 2968 3938 3037 μήτε

2339 3046 2420 3108 είς
2455 3045 2744 3098 συνουσίαν
2771 3045 2947 3113 λόγων
2992 3048 3106 3109 τοῖς
3145 3046 3287 3111 νέοις
3334 3046 3623 3117 ἔρχεσθαι,
3676 3048 3826 3102 ὥστε
3866 3053 3936 3120 μὴ

2342 3126 2619 3198 σπινθῆρα
2660 3127 2871 3181 ἐκεῖθεν
2917 3128 3225 3182 ἐκπεσόντα
3269 3128 3567 3199 ὀλόκληρον
3596 3131 3811 3201 ἀνάψαι
3847 3130 3939 3187 τοῦ

2341 3209 2556 3263 παιδίου
2586 3209 2684 3281 τὴν
2711 3210 2913 3282 ψυχὴν,
2953 3210 3049 3263 καὶ
3077 3210 3512 3281 άπαραμῦθητον
3546 3213 3816 3281 γενέσθαι
3846 3214 3941 3287 τὴν

2342 3293 2647 3365 συμφοράν.
2688 3293 2777 3363 Μὴ
2823 3293 3116 3363 θεαμάτων
3154 3294 3211 3347 δέ
3249 3294 3431 3363 μόνον,
3462 3294 3602 3349 ἀλλὰ
3635 3298 3736 3350 καὶ
3781 3300 3946 3352 ἀκου-

2342 3376 2565 3444 σμάτων
2600 3376 2802 3439 αὐτοὺς
2848 3375 3148 3446 μαλθακῶν
3194 3381 3289 3430 καί
3320 3377 3819 3451 διακεκλασμένων
3845 3383 3945 3436 άπι

2339 3457 2685 3525 άγωμεν,ἱ’να
2713 3456 2788 3529 μὴ
2814 3458 3258 3530 γοητεύηται-διά
3274 3458 3479 3513 τούτων
3494 3462 3685 3525 αὐτοῖς
3708 3465 3744 3535 ή
3767 3464 3944 3537 ψυχή⁹

2342 3540 2477 3612 μηδὲ
2512 3542 2592 3603 είς
2639 3539 2845 3612 θέατρα
2880 3543 3081 3607 αὐτοὺς
3125 3543 3443 3613 άνάγωμεν,
3481 3544 3620 3617 μηδὲ
3661 3548 3751 3610 είς
3806 3564 3951 3619 συμ-

2338 3622 2504 3676 πόσια
2544 3621 2639 3675 καὶ
2683 3622 2875 3693 μέθας,
2917 3623 3056 3677 ἀλλά
3086 3624 3200 3678 τῶν
3230 3626 3702 3697 θαλαμευομένων
3738 3630 3953 3699 παρθέ-

2337 3722 2446 3759 νων
2475 3705 2677 3777 μᾶλλον
2704 3708 2838 3777 ἡμῖν
2862 3707 2913 3759 οί
2952 3707 3061 3761 νέοι
3107 3707 3588 3779 φυλαττέσθωσαν.
3624 3713 3803 3766 Οὐδὲν
3840 3713 3950 3787 γὰρ

2337 3790 2480 3842 οὕτω
2514 3790 2613 3859 τὴν
2662 3789 2880 3860 ἡλικίαν
2926 3790 3144 3862 ἐκείνην
3196 3795 3420 3864 κοσμεῖν
3467 3794 3744 3863 πέφυκεν,
3794 3797 3873 3861 ὡς
3920 3802 3950 3852 ὀ

2337 3872 2435 3943 τῆς
2483 3873 2836 3946 σωφροσύνης
2872 3874 3159 3945 στέφανος,
3198 3878 3294 3931 καί
3327 3878 3387 3931 τὸ
3421 3879 3606 3949 πάσης
3643 3880 3951 3950 ἀσελγείας

2339 3954 2715 4026 καθαρεύοντα
2767 3956 2908 4028 πρὸς
2958 3959 3139 4029 γάμον
3186 3958 3384 4016 ἐλθεῖν.
3414 3959 3574 4014 Οῦτω
3601 3964 3703 4015 καὶ
3737 3967 3798 4018 αί
3848 3982 3951 4033 γυ-

2339 4040 2523 4123 ναῖκες
2570 4040 2754 4123 αῦτοῖς
2800 4040 3033 4109 γένοιντ’
3076 4041 3144 4096 ἂν
3193 4043 3475 4105 ποθειναὶ,
3525 4046 3661 4101 ὅταν
3703 4047 3785 4121 μὴ
3816 4066 3952 4123 τωρ-

2337 4122 2549 4204 νείανή
2593 4120 2741 4193 ψυχὴ
2785 4124 3330 4197 προμεμελετηκυῖα,
3369 4127 3505 4199 μηδὲ
3560 4120 3947 4204 διεφθαρμένη

2336 4199 2402 4275 ᾖ,
2446 4206 2576 4258 ὅταν
2608 4204 2825 4277 ἐκείνην
2868 4206 3028 4271 είδὼς
3070 4203 3104 4282 ᾖ
3149 4208 3250 4281 τὴν
3284 4213 3520 4276 γυναῖκα
3555 4213 3723 4283 μόνον
3759 4199 3950 4280 ὀ’νέος

2337 4286 2435 4358 τὴν
2466 4286 2633 4359 γάμῳ
2683 4289 3050 4359 συναφθεῖσαν
3085 4291 3255 4363 αύτῷ.
3302 4292 3461 4347 Οῦτω
3513 4296 3609 4349 καὶ
3645 4300 3697 4352 οί
3737 4298 3950 4370 ἔρωτες

2340 4369 2693 4442 θερμότεροι,
2743 4370 2841 4453 καὶ
2869 4374 2905 4443 ἡ
2943 4371 3125 4426 εῦνοια
3157 4375 3527 4449 γνησιωτέρα,
3566 4381 3665 4433 καὶ
3704 4382 3740 4451 ή
3776 4369 3948 4453 φιλία

2340 4452 2718 4537 ἀκριϐεστέρα
2753 4452 2998 4521 γίνεται,
3029 4456 3157 4510 ὅταν
3206 4458 3346 4527 μετά
3389 4462 3653 4532 τοιαύτης
3691 4452 3949 4537 φυλακῆς

2339 4536 2449 4615 ἐπί
2476 4536 2604 4600 τοὺς
2656 4536 2871 4607 γάμους
2917 4539 2967 4591 οί
3008 4538 3118 4591 νέοι
3162 4538 3481 4609 βαδίζωσιν.
3536 4546 3627 4609 Ὠς
3665 4536 3949 4615 τάγενῦν

2337 4614 2620 4698 γινόμενα,
2639 4616 2702 4669 οὐ
2738 4616 2915 4686 γάμος
2943 4617 3113 4681 ἐστὶν,
3139 4618 3254 4673 ἀλλ’
3279 4621 3469 4684 ἁπλῶς
3498 4614 3811 4695 χρημάτων
3843 4628 3946 4698 ἐμ-

2340 4696 2522 4780 πορία,
2555 4698 2649 4751 καὶ
2672 4698 2963 4769 καπηλεία.
3001 4700 3176 4780 ξοην
3214 4702 3324 4774 γάρ
3360 4703 3452 4757 καὶ
3475 4706 3585 4775 πρὸ
3607 4706 3723 4760 τῶν
3742 4696 3947 4780 γάμων

2336 4778 2734 4851 διεφθαρμένος
2774 4783 2803 4834 6
2840 4782 2960 4847 νέος
2992 4778 3051 4858 ᾖ.
3093 4785 3188 4838 καὶ
3232 4786 3371 4856 μετά
3416 4787 3510 4841 τὸν
3555 4788 3739 4860 γάμον
3778 4778 3945 4856 πάλιν

2338 4862 2476 4933 πρὸς
2520 4863 2716 4932 ἐτέραν
2761 4864 2934 4937 βλέπῃ
2969 4870 3225 4935 γυναῖκα,
3261 4868 3314 4921 τί
3343 4868 3455 4922 τῶν
3484 4869 3685 4941 γάμων
3725 4872 3941 4943 ὄφελος,

2340 4945 2462 5029 είπέ
2497 4961 2620 5029 μοι;
2646 4945 2863 5011 Μείζων
2899 4949 3000 5019 μὲν
3023 4945 3118 5004 οὖν
3142 4951 3176 5021 ἡ
3205 4951 3447 5015 κόλασις,
3480 4953 3874 5022 άσύγγνωστος
3903 4957 3943 5029 ὴ

2341 5027 2604 5098 ἁμαρτία,
2644 5028 2774 5083 ὅταν
2808 5031 3066 5099 γυναικὸς
3092 5031 3239 5087 ένδον
3260 5032 3430 5105 οῦσης
3459 5038 3540 5099 είς
3572 5036 3786 5107 πόρνας
3815 5027 3944 5093 ἐαυὲ

2339 5109 2432 5162 τὸν
2469 5111 2829 5185 καταισχύνῃ,
2867 5115 3244 5195 καὶῌμοιχείαν
3279 5115 3606 5189 ἐργάζηται.
3636 5120 3801 5174 Μετὰ
3834 5124 3943 5195 γάρ

2339 5195 2593 5259 γυναῖκα,
2620 5194 2723 5247 κᾶν
2756 5196 2930 5266 πόρνη
3027 5197 3053 5236 d
3086 5200 3119 5268 ή
3152 5198 3629 5273 προσφθειρομένη
3664 5202 3746 5274 τῷ
3774 5190 3944 5275 γεγα-

2343 5276 2562 5346 μηκότι,
2604 5278 2820 5347 μοιχεία
2860 5279 2921 5331 τὸ
2955 5280 3189 5352 πρᾶγμά
3216 5281 3354 5337 ἐστι.
3387 5283 3577 5339 Ταῦτα
3613 5277 3672 5338 δέ
3702 5288 3940 5356 γίνεται,

2399 5386 2430 5428 ι)
2452 5388 2577 5451 Reg.
2604 5390 2805 5438 ἀκούσει
2827 5392 2965 5440 Θεὸν.

2405 5450 2536 5529 ξεῇἱο
2554 5453 2939 5529 aligujdﬁegsse
2954 5454 3245 5529 μυίαιξοῖη
3267 5469 3284 5500 ι
3302 5456 3396 5529 ρυί
3412 5458 3597 5529 enim!»
3612 5460 3825 5529 inggig,‘
3840 5480 3943 5512 συ-

2338 5514 2545 5582 φροσύνη
2565 5514 2755 5583 dicatur
2776 5514 2939 5573 πάθος,
2956 5514 3065 5565 ειη
3098 5516 3297 5571 ἐκείναις
3313 5518 3522 5574 ἡλικίαις
3543 5514 3794 5583 hall-civ?
3815 5544 3842 5569 ιι
3874 5528 3944 5575 AL

2339 5583 2435 5633 ego
2448 5571 2684 5622 libentius
2693 5574 2902 5624 duxerim
2916 5588 3027 5625 esse
3038 5578 3394 5634 ἀποσιώπησιν,
3409 5585 3461 5628 ει
3473 5586 3734 5634 poslnuam
3747 5586 3941 5634 demn-

2340 5593 2435 5641 egu
2448 5593 2902 5644 uqeuuupuuqum
2916 5593 3027 5625 em
3038 5593 3394 5635 αποσιωπησιν,
3409 5593 3461 5628 el
3473 5593 3734 5643 paslquam
3747 5593 3941 5636 decon-

2340 5637 2546 5711 Ξιοεριιιο
2568 5635 2714 5711 όᾲὶιιι,
2732 5652 2876 5711 τοῦτο
2892 5638 2982 5701 γὰρ
3000 5638 3221 5711 τὸπάθος
3240 5638 3940 5711 addidisseghyysoslqmum,

2338 5694 2402 5741 de
2428 5696 2545 5765 νίιιο
2563 5700 2883 5765 θουιιηεηιὶω
2904 5694 3135 5765 ορροςίιο
3161 5703 3464 5761 loquentem.
3490 5694 3792 5765 Hujﬂsmodi
3807 5694 3937 5759 ἷκῖῖ

2340 5758 2601 5823 σιῳπέισεις
2622 5759 2749 5819 apud
2771 5758 3273 5823 Graecdefrequenlés
3290 5770 3424 5812 sunt.

2402 5815 2585 5889 qulb.
2631 5815 2765 5889 ριιυε
2808 5824 2897 5869 κάν
2919 5815 3156 5885 πόρνη’μή
3180 5822 3231 5883 ᾖ,
3271 5836 3383 5885 qua
3421 5826 3582 5878 lectio
3619 5832 3772 5881 etiam
3820 5834 3941 5883 feni

2346 5885 2533 5939 posset,
2555 5882 2644 5931 sed
2668 5884 2819 5932 alium
2839 5882 3042 5971 sensgm
3064 5882 3278 5947 pareret.
