4066 6426
174 439 284 496 αἱ
1563 439 1648 473 un
1689 439 1797 476 an:

181 532 330 587 cilla'
352 538 456 584 tua
479 541 646 582 semen
673 523 802 579 viri:
833 519 964 574 dabo
983 515 1118 572 illud
1145 513 1321 567 datam
1350 525 1522 566 coram
1559 519 1626 562 te.
1656 509 1797 578 Quid

182 629 292 687 est,
323 621 511 676 Coram
547 627 595 671 te
636 612 857 668 datum?
901 609 1212 665 Dedititium
1257 615 1314 660 et
1353 603 1513 674 plane
1558 614 1798 654 servum.

183 711 347 769 Omni
377 715 641 780 potestate
663 721 751 761 me
775 701 992 760 abdico.
1023 700 1258 756 Eatenus
1278 697 1422 752 enim
1454 703 1661 749 tantum
1683 692 1797 746 fieri

184 813 360 860 mater
384 799 566 870 cupio,
599 809 914 869 quatenusa
946 807 1034 847 me
1066 791 1207 846 filius
1232 788 1394 844 ducat
1427 787 1658 851 initium,
1684 795 1796 838 tum

181 894 447 965 deinceps
471 907 594 948 meo
621 893 740 961 jure
770 887 929 950 cedo,
960 901 1023 941 ac
1054 898 1240 940 rursus
1265 883 1316 938 ei
1343 880 1616 937 renuntio.

257 987 314 1044 6.
356 990 438 1044 Ac
463 985 586 1042 vide
612 982 852 1040 mulieris
878 981 1150 1051 pietatem.
1178 975 1294 1030 Non
1325 973 1481 1037 dixit,
1507 971 1563 1029 Si
1585 970 1800 1027 dedvris

181 1079 319 1136 mihi
345 1091 474 1145 tres,
497 1078 632 1133 duos
657 1077 749 1131 tibi
771 1075 873 1128 do:
900 1074 983 1128 sin
1010 1080 1190 1126 autem
1211 1069 1368 1132 duos,
1391 1082 1556 1122 unum
1575 1065 1644 1120 do
1666 1065 1756 1119 tibi
1781 1082 1793 1117 :

181 1174 306 1240 sed,
339 1172 397 1228 Si
425 1185 587 1226 unum
610 1169 785 1224 solum
812 1165 1050 1230 dederis,
1081 1173 1248 1218 totum
1284 1162 1376 1216 tibi
1401 1159 1630 1216 fructum
1663 1175 1796 1214 con-

182 1281 365 1323 sccro.
395 1263 462 1318 Et
489 1264 663 1316 vinum
693 1271 740 1314 et
765 1275 916 1314 omne
943 1258 1079 1323 quod
1109 1257 1362 1310 inebriare
1390 1263 1549 1322 potest
1581 1269 1680 1306 non
1719 1251 1796 1303 bi-

179 1360 284 1413 bet.
313 1355 562 1414 Nondum
592 1354 759 1408 lilium
790 1351 1016 1418 accepit,
1061 1358 1116 1404 et
1140 1349 1249 1415 jam
1286 1345 1596 1416 prOphetam
1629 1343 1795 1398 infor-

181 1459 315 1515 mat.
346 1463 409 1504 ac
433 1448 502 1502 de
529 1446 673 1500 illius
699 1443 1019 1500 educatione
1048 1443 1208 1494 verba
1241 1440 1384 1497 facit.
1417 1445 1470 1491 et
1513 1453 1633 1491 cum
1686 1434 1797 1489 Deo

181 1551 399 1612 pactqu
435 1541 549 1594 init.
577 1538 624 1594 Ο
649 1535 1028 1592 confidentiam
1061 1533 1328 1587 mulieris!
1377 1532 1512 1599 Quia
1547 1547 1650 1584 non
1682 1539 1792 1583 ttttu

179 1633 498 1704 persolvere
525 1640 752 1701 poterat,
776 1627 918 1700 quod
942 1626 1179 1681 nondum
1202 1627 1519 1694 accepisset,
1543 1639 1574 1676 a
1601 1623 1797 1678 futuris

177 1732 458 1794 sumptum
491 1721 717 1792 pretium
751 1719 1029 1790 persolvit.
1059 1717 1125 1772 Et
1151 1713 1608 1788 quemadmodum
1650 1729 1797 1785 smpe

177 1815 334 1873 multi
364 1814 617 1885 agricolae
659 1826 868 1868 summa
914 1810 1089 1881 pressi
1139 1816 1398 1880 egestate,
1431 1821 1554 1862 cum
1587 1814 1796 1860 tantum

176 1907 428 1978 pecunia:
471 1920 577 1960 non
621 1912 890 1973 suppetat,
934 1912 991 1956 ιιι
1022 1901 1244 1955 vitulum
1284 1899 1491 1969 possint
1516 1907 1607 1952 aut
1635 1914 1794 1953 ovem

175 2011 385 2060 eruere,
419 1996 518 2051 hac
546 1995 858 2051 conditione
883 2009 918 2047 a
947 1992 1184 2048 dominis
1210 2007 1271 2046 ea
1293 1992 1564 2060 accipiunt
1589 1991 1796 2045 anima-

177 2090 273 2156 lia,
297 2098 357 2144 ut
380 2087 664 2144 semissem
687 2085 956 2142 fructuum
985 2083 1235 2149 reddant,
1267 2099 1433 2153 seque
1463 2083 1696 2153 pretium
1724 2097 1790 2136 ex

176 2178 377 2236 futuris
402 2178 690 2234 deductum
724 2175 986 2232 fructibus
1027 2176 1397 2246 persoluturos
1428 2175 1747 2244 promittunt
1777 2192 1790 2227 :

175 2273 260 2328 sic
283 2271 447 2328 etiam
469 2270 594 2335 ista,
613 2269 697 2324 vel
725 2269 904 2340 potius
925 2267 1097 2338 majus
1113 2266 1366 2338 quiddam
1387 2266 1654 2336 praestitit.
1675 2264 1793 2320 Non

173 2359 323 2424 enim
355 2377 418 2418 ea
449 2360 782 2426 conditione,
832 2370 890 2415 ut
932 2360 1216 2415 semissem
1261 2358 1530 2412 iructuum
1577 2356 1787 2420 reddat,

177 2455 351 2522 filium
383 2455 599 2526 accipit,
645 2454 741 2510 sed
790 2462 849 2509 ut
893 2462 1060 2508 totum
1105 2453 1180 2507 illi
1210 2451 1405 2506 deinde
1435 2453 1702 2517 restituat,
1738 2460 1793 2505 et

170 2545 446 2611 fmttum
478 2546 598 2602 loco
621 2544 712 2599 lilii
733 2543 1106 2600 educationem
1139 2542 1386 2612 accipiat.
1418 2542 1789 2599 Sufficientetn

170 2639 320 2702 enim
352 2655 476 2696 esse
504 2638 810 2695 mercedem
851 2636 1207 2705 existimavit,
1237 2645 1294 2691 ut
1321 2636 1535 2692 labores
1564 2651 1692 2692 suos
1739 2639 1790 2690 in

175 2735 272 2792 Dei
295 2733 606 2791 Sacerdotis
649 2731 1024 2788 educationem
1055 2728 1413 2800 impenderet.
1451 2727 1517 2782 Et
1545 2729 1716 2782 vinum
1743 2738 1790 2779 et

171 2841 324 2890 omne
347 2826 488 2896 quod
511 2825 724 2880 inebriat
762 2841 864 2879 non
910 2822 1058 2889 bibet,
1094 2823 1285 2892 inquit.
1318 2821 1433 2876 Non
1461 2821 1534 2875 illi
1562 2822 1708 2883 venit
1737 2823 1789 2876 in

171 2925 416 2980 mentem
449 2917 565 2973 hzec
611 2916 752 2987 apud
783 2931 843 2972 se
869 2915 1086 2971 dicere:
1111 2913 1251 2983 Quid
1281 2929 1410 2968 vero
1443 2915 1554 2980 liet,
1583 2911 1631 2969 si
1660 2913 1789 2968 dum

171 3022 331 3070 tener
359 3019 443 3065 est
489 3007 684 3075 infans,
717 3023 870 3078 aqua:
901 3015 1029 3077 potu
1060 3006 1176 3075 ejus
1229 3003 1481 3060 valetudo
1523 3003 1792 3058 Itedatur?

169 3104 301 3178 quid
344 3105 390 3159 si
421 3108 476 3162 in
507 3102 752 3158 morbum
786 3101 1018 3156 incidat?
1047 3098 1172 3171 quid
1202 3099 1244 3154 si
1273 3097 1422 3169 gravi
1454 3097 1645 3153 morbo
1687 3112 1795 3167 op-

171 3212 396 3271 presms
444 3197 742 3253 moriatur?
786 3195 894 3250 Sed
938 3210 1059 3250 cum
1098 3193 1388 3264 cogitasset
1425 3208 1572 3259 eum,
1610 3208 1640 3246 a
1680 3207 1790 3262 quo

169 3293 353 3348 fuerat
395 3290 576 3354 datus,
608 3302 766 3359 posse
799 3286 943 3342 illius
970 3301 1186 3356 quoque
1216 3284 1431 3340 sanitati
1478 3283 1785 3355 providere,

167 3387 240 3440 ab
270 3384 401 3455 ipsis
429 3381 768 3440 incunabulis
795 3390 850 3436 et
893 3388 1080 3450 partus
1109 3378 1422 3435 secundinis
1448 3379 1500 3434 in
1527 3379 1790 3435 sanctita-

169 3488 282 3533 tem
322 3475 472 3533 illum
521 3474 750 3541 invexit,
793 3473 1010 3542 Deoque
1059 3487 1174 3526 rem
1207 3479 1374 3526 totam
1405 3469 1700 3539 commisit,
1734 3477 1789 3526 et

165 3577 297 3624 ante
327 3575 540 3637 partum
569 3564 1006 3622 sanctificabatur
1043 3562 1160 3633 ejus
1204 3571 1390 3618 uterus
1430 3562 1481 3616 in
1512 3578 1618 3632 quo
1657 3577 1786 3632 pro-

169 3660 333 3729 pheta
362 3658 696 3728 gestabatur,
719 3666 774 3712 et
800 3656 1060 3712 sacerdos
1081 3655 1514 3725 concipiebatur,
1541 3665 1596 3710 et
1617 3655 1786 3709 dona-

170 3751 311 3805 rium
358 3748 655 3813 ferebatur,
702 3747 1007 3812 donarium,
1040 3747 1280 3816 iuquam,
1312 3745 1628 3800 animatum.
1661 3745 1787 3800 Ideo

167 3841 375 3896 diutius
411 3854 532 3894 eam
570 3853 804 3895 maerore
831 3838 1023 3893 confici
1057 3837 1402 3909 permittebat
1454 3837 1614 3904 Deus,
1664 3836 1787 3893 ideo

167 3931 322 3988 tarde
352 3929 543 3993 dabat,
585 3941 639 3986 ut
686 3946 808 3986 eam
841 3931 958 4001 ipso
989 3945 1187 4001 genere
1217 3937 1404 4001 partus
1435 3929 1786 3985 illustriorem

165 4025 441 4091 redderet,
469 4038 529 4084 ut
561 4025 954 4096 philosophiam
997 4025 1116 4094 ejus
1145 4024 1420 4094 animique
1450 4022 1783 4078 moderatio-

165 4133 292 4174 nem
321 4116 659 4173 ostenderet.
691 4115 824 4170 Nam
852 4117 902 4170 in
935 4117 1183 4171 oratione
1202 4130 1311 4170 non
1341 4114 1591 4170 meminit
1618 4130 1787 4169 acmu-

165 4211 256 4276 ιω,
280 4223 391 4264 non
410 4209 528 4279 ejus
548 4207 790 4264 convicia
820 4208 1157 4275 memoravit,
1189 4209 1371 4262 nonin
1397 4207 1633 4262 medium
1659 4221 1785 4276 pro-

165 4300 288 4356 tulit
326 4301 446 4370 ejus
474 4299 787 4370 opprobria,
825 4316 930 4354 nou
973 4300 1127 4364 dixit,
1158 4298 1434 4355 Ulciscere
1465 4313 1551 4355 me
1582 4298 1650 4354 de
1676 4299 1779 4353 itu-

164 4392 334 4463 proba
383 4401 440 4448 et
481 4393 706 4447 scelesta
756 4392 841 4446 illa
889 4393 1134 4458 muliere,
1180 4392 1321 4463 quod
1367 4393 1550 4448 multa:
1583 4392 1780 4447 iaciunt

164 4483 588 4540 muliercs:sed
639 4499 815 4555 neque
867 4485 1185 4554 prohrortnn
1238 4484 1555 4549 recordata,
1601 4484 1670 4539 de
1717 4486 1782 4540 iis

162 4585 374 4632 tantum
400 4591 522 4646 qua:
543 4576 644 4631 sibi
673 4576 966 4648 proderant
995 4593 1181 4646 preces
1203 4575 1482 4634 offerebat.
1513 4577 1586 4632 Ita
1613 4577 1696 4633 fac
1725 4589 1782 4634 tu

159 4685 401 4743 quoque,
448 4668 519 4723 mi
564 4669 750 4736 homo,
795 4685 1028 4741 cumque
1059 4670 1256 4726 videris
1283 4671 1562 4726 inimicum
1592 4671 1782 4728 dolore

158 4763 517 4826 efﬁcientem,
551 4763 603 4817 in
632 4779 754 4818 eum
786 4763 1005 4834 quidem
1032 4765 1238 4819 nullum
1266 4765 1514 4835 asperius
1555 4765 1777 4821 verbum

162 4855 369 4918 tuitus,
403 4870 579 4925 neque
617 4855 757 4910 male
797 4871 925 4927 erga
967 4865 1021 4912 te
1065 4856 1262 4912 affecto
1307 4857 1777 4927 imprecerimsed

161 4947 465 5018 ingressus,
497 4962 561 5002 ac
589 4945 742 5002 flexis
765 4947 1012 5018 genibus,
1039 4948 1282 5019 fusisque
1302 4949 1577 5020 lacrymis,
1609 4931 1777 5006 Deum

160 5053 411 5112 precare,
435 5046 492 5092 ut
516 5038 787 5094 tristitiam
814 5040 1067 5096 discutiat
1087 5039 1437 5112 doloremque
1454 5042 1774 5113 restinguat;

153 5130 306 5202 quod
337 5130 454 5187 haec
482 5145 697 5200 quoque
723 5132 918 5188 mulier
948 5132 1092 5196 fecit,
1139 5148 1241 5188 nec
1286 5133 1615 5190 mediocrem
1661 5136 1778 5191 fru-

159 5229 311 5276 ctum
335 5236 409 5276 ex
442 5219 658 5276 inimica
687 5222 924 5294 collegit.
980 5224 1071 5279 llla
1116 5225 1261 5281 enim
1294 5225 1362 5282 ad
1391 5226 1534 5282 hunc
1563 5237 1775 5298 partum

158 5311 391 5368 infantis
419 5313 773 5370 obtinendum
817 5315 1073 5384 opitulata
1117 5327 1222 5373 est.
1250 5317 1370 5385 Quo
1411 5327 1569 5389 pacto
1612 5319 1663 5374 id
1695 5319 1778 5375 fa-

158 5418 311 5464 ctum
338 5407 430 5467 sit.
459 5421 560 5476 ego
588 5406 782 5462 dicam.
803 5407 939 5475 Quia
968 5410 1255 5479 Opprobria
1283 5410 1534 5481 jactarat,
1559 5411 1777 5468 afﬂixe-

161 5505 275 5562 rat,
295 5497 669 5568 majoremque
696 5499 943 5556 dolorem
966 5500 1296 5568 reddiderat,
1315 5518 1343 5556 a
1367 5503 1554 5559 dolore
1576 5504 1776 5562 ardeo.

167 5593 278 5650 tior
296 5590 394 5644 fuit
435 5592 631 5657 oratio,
679 5592 848 5649 Deum
881 5609 1011 5649 vero
1051 5595 1125 5648 illi
1167 5597 1496 5662 conciliavit,
1527 5607 1688 5668 atque
1719 5606 1778 5652 ut

161 5691 481 5760 impetraret
511 5684 710 5751 effecit,
743 5686 932 5756 sicque
975 5686 1194 5742 Samuel
1239 5697 1326 5743 est
1371 5700 1528 5758 partu
1571 5690 1771 5746 editus.

162 5781 350 5848 Itaque
375 5778 423 5834 si
454 5778 643 5848 vigiles
670 5780 859 5846 simus,
895 5794 1002 5835 non
1049 5780 1213 5836 modo
1253 5781 1385 5836 nihil
1433 5797 1532 5837 nos
1579 5782 1778 5838 laedere

155 5877 408 5943 poterunt
440 5871 662 5932 itt’ntici,
691 5870 790 5928 sed
811 5879 867 5929 et
895 5871 1185 5944 plurimum
1216 5873 1534 5944 proderunt,
1565 5874 1692 5930 dum
1719 5875 1771 5930 in

1560 416 1648 473 DE
1689 415 1874 476 ANNA
1902 413 2136 472 SERMO
2173 415 2215 473 1.

3421 405 3529 463 662

1913 506 2170 561 omnibus
2190 519 2292 561 nos
2313 503 2685 576 diligentiores
2711 500 2971 569 efﬁcient,
2992 509 3197 558 tantum
3221 515 3291 557 ne
3310 514 3536 574 propter

1911 597 2218 654 molestiam
2241 612 2307 652 ac
2332 595 2602 663 dolorem,
2634 612 2798 668 quem
2826 596 2986 652 nobis
3019 595 3261 662 inurunt,
3293 594 3364 650 ad
3393 609 3528 652 cono

1909 689 2044 746 vicia
2073 689 2381 761 probraque
2409 704 2507 745 nos
2527 689 2702 759 abripi
2731 689 2994 755 sinamus,
3017 686 3113 743 sed
3130 687 3199 744 ad
3219 703 3408 760 preces
3430 702 3530 745 nos

1911 784 2088 855 potius
2117 792 2519 840 convertemus.

1979 877 2066 932 Ea:
2107 878 2312 932 nomine
2339 875 2602 933 Samuelis
2627 876 2945 930 occasionem
2969 875 3155 937 arripit
3181 875 3245 932 de
3263 875 3536 930 educatio-

1907 984 1972 1023 ne
2016 969 2290 1024 liberorum
2343 966 2601 1038 loquendi.
2639 994 2716 1008 —-
2755 965 3046 1037 Postquam
3091 976 3272 1022 autem
3322 965 3533 1037 peperit

1905 1061 2100 1135 illium,
2118 1063 2330 1118 vocavit
2349 1061 2498 1116 illum
2515 1059 2842 1125 Samuclem,
2863 1058 2968 1116 hoc
2981 1069 3084 1126 est,
3108 1059 3309 1114 Audiet
3333 1058 3526 1113 Deum.

1903 1153 2037 1210 Nam
2067 1155 2320 1226 quoniam
2347 1169 2415 1208 cx
2445 1168 2533 1219 eo,
2561 1151 2706 1224 quod
2735 1151 2982 1220 exaudita
3011 1151 3192 1216 fuerit,
3223 1159 3279 1206 et
3303 1165 3527 1222 precum

1904 1264 2069 1320 Opera
2090 1250 2264 1318 ipsum
2285 1247 2513 1316 accepit,
2543 1261 2651 1301 non
2674 1245 2936 1301 beneficio
2963 1253 3188 1308 natum,
3208 1241 3528 1299 memoriam

1903 1351 2142 1412 qumstus
2167 1341 2310 1395 illius
2339 1347 2617 1410 tamquam
2657 1338 2712 1392 in
2739 1343 2889 1392 antea
2927 1335 3155 1406 quadam
3193 1336 3445 1391 columna
3474 1335 3528 1390 in

1904 1432 2264 1502 appellatione
2295 1431 2500 1501 pueruli
2525 1430 2693 1486 voluit
2720 1442 2843 1484 esse
2868 1427 3126 1484 defixam.
3153 1427 3339 1499 Neque
3367 1427 3527 1495 dixit,

1910 1525 2173 1581 Vocemus
2198 1539 2322 1579 eum
2363 1523 2580 1578 nomine
2612 1521 2782 1592 patris
2809 1520 2912 1584 sui,
2948 1519 3032 1575 vel
3063 1519 3237 1589 patrui
3257 1559 3272 1581 ,
3301 1520 3383 1574 vel
3416 1519 3525 1588 avi,

1905 1617 1988 1672 vel
2019 1617 2208 1687 proavi
2235 1635 2246 1670 :
2275 1614 2392 1681 sed,
2425 1615 2518 1670 Ille
2549 1614 2684 1683 ipse,
2709 1613 2799 1683 qui
2825 1611 2978 1668 dedit
3004 1626 3150 1676 eum,
3188 1610 3401 1682 inquit,
3430 1626 3528 1681 ap-

1904 1710 2195 1781 pellatione
2217 1707 2424 1777 pueruli
2454 1707 2770 1762 honoretur.
2803 1705 2952 1760 lianc
2974 1701 3298 1758 aemulamini
3331 1702 3530 1759 mulie-

1902 1818 2012 1869 res,
2049 1800 2191 1856 hanc
2220 1800 2496 1856 imitemur
2523 1798 2642 1864 viri,
2671 1804 2982 1866 tantamque
3010 1795 3302 1850 liberorum
3335 1810 3525 1850 curam

1901 1909 2175 1966 geramus,
2209 1893 2281 1947 ita
2315 1900 2470 1947 natos
2497 1890 2812 1956 educemus,
2845 1905 2970 1945 cum
3004 1889 3056 1944 iu
3083 1889 3205 1946 aliis
3231 1889 3522 1956 omnibus,

1903 1997 2015 2042 tum
2043 1986 2278 2042 maxime
2305 1985 2358 2039 in
2379 1984 2644 2040 castitate.
2679 1981 2824 2038 Nihil
2847 1983 2992 2038 enim
3021 1981 3158 2037 adeo
3183 1981 3520 2038 contenden-

1901 2079 2031 2134 dum
2071 2087 2126 2133 et
2153 2075 2452 2134 curandum
2483 2085 2564 2131 est
2589 2117 2606 2142 ,
2638 2091 2796 2147 quam
2827 2083 2886 2130 ut
2907 2074 3137 2144 juvenes
3163 2076 3297 2129 casti
3330 2075 3438 2129 sint
3468 2085 3524 2130 et

1901 2169 2102 2241 pudici.
2155 2168 2283 2224 Hmc
2328 2169 2474 2223 enim
2520 2167 2755 2222 maxime
2799 2165 3062 2237 :egritndo
3105 2166 3179 2221 illi
3207 2166 3352 2222 aetati
3398 2183 3522 2220 mo-

1901 2263 2112 2319 lestiam
2156 2261 2414 2318 exhibet:
2439 2270 2492 2315 et
2519 2259 2662 2330 quod
2709 2259 2762 2313 in
2796 2259 3032 2314 lucernis
3065 2258 3308 2329 agimus,
3341 2258 3444 2314 hoc
3471 2269 3528 2315 et

1898 2373 2024 2430 erga
2053 2358 2251 2413 liberos
2278 2355 2652 2412 observemus.
2683 2351 2844 2409 Certe
2881 2367 3027 2423 saepe
3052 2352 3303 2408 ancillam
3331 2352 3526 2416 adme-

1900 2467 2110 2520 nemus,
2295 2450 2572 2506 lucernam
2600 2447 2866 2512 accendit,
2901 2461 2968 2502 ne
3001 2447 3052 2500 in
3081 2461 3207 2501 eum
3237 2445 3413 2501 locum
3444 2446 3530 2500 lu-

1898 2560 2116 2602 cernam
2169 2543 2506 2609 transferat,
2535 2541 2586 2595 in
2619 2555 2726 2610 quo
2770 2538 2968 2610 stipula
3011 2537 3283 2594 ftenumve
3322 2536 3524 2604 fuerit,

1898 2647 1992 2693 aut
2036 2635 2239 2708 aliquid
2266 2633 2574 2706 hujusmodi
2594 2675 2609 2698 ,
2647 2648 2713 2687 ne
2741 2631 2881 2690 forte
2911 2632 3070 2687 nobis
3096 2631 3280 2687 insciis
3309 2630 3530 2686 excidat

1899 2731 2134 2788 scintilla
2161 2729 2446 2801 quaepiam,
2469 2737 2525 2784 et
2547 2727 2832 2783 materiam
2859 2727 3004 2782 illam
3035 2727 3333 2798 corripiens
3356 2734 3527 2783 totam

1897 2825 2116 2880 domum
2141 2821 2422 2878 incendat:
2441 2821 2688 2876 eamdem
2711 2835 2925 2892 quoque
2947 2820 3366 2877 sollicitudinem
3393 2837 3522 2892 erga

1898 2919 2099 2973 liberos
2125 2917 2536 2989 impendamus,
2565 2931 2742 2988 neque
2765 2916 2946 2972 vultus
2965 2931 3156 2973 eorum
3190 2917 3316 2974 illuc
3342 2919 3528 2973 tradu-

1895 3026 2103 3076 camus,
2133 3011 2221 3067 ubi
2252 3012 2467 3066 lascivae
2493 3022 2620 3067 sunt
2649 3011 2864 3066 famulae
2883 3054 2898 3078 ,
2922 3011 3013 3066 ubi
3044 3011 3336 3068 luxuriosae
3367 3015 3523 3083 puel-

1898 3106 1965 3160 lae
1989 3146 2004 3172 ,
2037 3105 2124 3160 ubi
2153 3104 2458 3175 petulantes
2487 3103 2699 3159 ancilla:
2720 3145 2734 3168 ,
2771 3102 2868 3158 sed
2895 3103 3182 3174 jubeamus
3220 3121 3285 3160 ac
3313 3105 3526 3162 denun-

1897 3199 2097 3256 tiemus
2120 3199 2246 3265 illis,
2278 3197 2324 3253 si
2350 3197 2488 3254 forte
2515 3198 2637 3253 talis
2665 3198 2819 3254 nobis
2841 3199 2912 3254 sit
2941 3197 3162 3263 famula,
3191 3212 3287 3254 seu
3319 3201 3520 3267 vicina,

1896 3291 2009 3345 sive
2031 3290 2234 3360 quaevis
2263 3288 2552 3360 ejusmodi,
2588 3296 2646 3344 ut
2671 3304 2846 3360 neque
2874 3289 2926 3344 in
2954 3299 3326 3361 conspectum,
3349 3307 3526 3363 neque

1894 3380 1950 3438 in
1977 3379 2246 3436 sermonis
2262 3394 2610 3450 congressum
2633 3394 2757 3435 cum
2781 3365 3072 3450 juvenibus
3093 3381 3295 3445 veniat,
3322 3398 3391 3437 ne
3417 3398 3524 3454 qua

1896 3471 2024 3528 inde
2061 3471 2294 3527 scintilla
2323 3471 2583 3527 excidens
2614 3479 2780 3527 totam
2811 3473 3019 3544 pueruli
3049 3475 3284 3530 animam
3329 3475 3522 3532 incen-

1895 3562 2007 3629 dat,
2027 3573 2082 3620 et
2111 3563 2512 3634 irreparabilem
2538 3565 2613 3620 illi
2634 3565 2998 3620 calamitatem
3032 3566 3306 3636 importet.
3336 3568 3525 3640 Neque

1894 3671 2026 3712 vero
2073 3665 2279 3710 tantum
2310 3671 2341 3710 a
2381 3656 2709 3726 Spectaculis
2733 3698 2747 3722 ,
2780 3657 2879 3714 sed
2907 3658 3070 3714 etiam
3114 3674 3144 3713 a
3175 3660 3433 3716 mollibus
3457 3677 3524 3718 ac

1894 3746 2171 3803 dissolutis
2195 3746 2481 3802 cantilenis
2507 3747 2873 3814 abducamus,
2904 3763 2972 3803 ne
3003 3749 3086 3804 his
3113 3765 3305 3805 eorum
3337 3751 3525 3808 anima

1894 3838 2208 3905 fascinetur;
2241 3853 2418 3909 neque
2449 3839 2566 3894 illos
2593 3838 2658 3894 ad
2693 3839 2900 3896 theatra
2932 3838 3286 3907 deducamus,
3319 3857 3420 3897 nec
3451 3845 3517 3899 ad

1892 3930 2137 3987 convivia
2161 3939 2214 3985 et
2241 3931 2689 4002 competitiones,
2717 3931 2815 3988 sed
2841 3931 3053 3988 cautius
3082 3948 3244 4004 quam
3276 3935 3518 3990 conclavi

1893 4022 2090 4079 abdita:
2119 4023 2352 4094 virgines
2374 4065 2388 4087 ,
2417 4023 2792 4079 custodiantur
2834 4039 2865 4078 a
2912 4025 3067 4081 nobis
3096 4027 3345 4096 juvenes.
3377 4028 3520 4083 Nihil

1891 4123 2105 4168 aztatem
2132 4113 2274 4168 illam
2301 4113 2438 4168 adeo
2460 4114 2600 4169 solet
2618 4129 2885 4170 exornare
2907 4130 2973 4171 ac
2995 4115 3265 4186 pudicitia:
3287 4132 3372 4174 eo:
3387 4134 3519 4188 oua,

1892 4217 1948 4262 et
1977 4207 2020 4262 si
2051 4207 2173 4278 quis
2211 4207 2282 4262 ab
2323 4207 2471 4260 omni
2519 4207 2734 4262 lascivia
2784 4222 2952 4277 purus
2979 4208 3046 4262 ad
3076 4209 3387 4282 eonjugium
3422 4227 3522 4268 ve-

1892 4300 2024 4356 niat.
2068 4298 2160 4356 Sic
2198 4308 2253 4354 et
2281 4299 2538 4355 mulieres
2568 4298 2675 4353 illis
2723 4300 2852 4354 fient
2878 4300 3172 4364 amabiles,
3207 4318 3331 4358 cum
3359 4312 3518 4359 antea

1893 4391 2037 4448 nulla
2065 4407 2124 4446 se
2165 4391 2525 4446 fornicatione
2563 4391 2908 4454 exercuerit,
2931 4400 3027 4447 aut
3050 4403 3307 4465 corrupta
3353 4395 3520 4452 fuerit

1889 4485 2088 4552 anima,
2119 4499 2241 4538 cum
2266 4498 2386 4538 eam
2415 4483 2587 4538 solam
2616 4483 2898 4538 mulierem
2930 4491 3114 4538 notam
3152 4484 3401 4542 habuerit
3421 4487 3521 4558 ju-

1890 4577 2062 4643 venis,
2097 4591 2218 4646 quze
2245 4575 2348 4630 sibi
2376 4573 2540 4630 fuerit
2561 4574 2762 4644 nuptiis
2791 4573 3065 4643 copulata.
3095 4575 3188 4632 Sic
3215 4585 3272 4631 et
3314 4577 3516 4634 arden-

1891 4669 2058 4724 tiores
2082 4681 2318 4733 amores,
2346 4675 2402 4721 et
2421 4665 2689 4722 sincerior
2717 4666 3095 4722 benevolentia
3115 4709 3131 4734 ,
3162 4669 3243 4724 sic
3271 4671 3510 4726 amicitia

1893 4764 1950 4816 lit
1974 4761 2349 4817 vehementior
2373 4801 2387 4824 ,
2417 4773 2543 4814 cum
2573 4757 2642 4813 ad
2670 4757 2887 4829 nuptias
2910 4757 3141 4829 juvenes
3190 4776 3314 4815 cum
3366 4771 3512 4817 tanta

1888 4855 2138 4910 cautione
2164 4854 2522 4924 perrexeriut.
2549 4851 2679 4907 Nam
2698 4863 2842 4908 nunc
2866 4851 3084 4922 quidem
3114 4869 3234 4924 qum
3251 4864 3513 4925 geruntur

1888 4965 1996 5005 non
2047 4950 2246 5021 nuptite
2289 4957 2454 5016 sunt,
2485 4947 2581 5004 sed
2624 4962 2774 5002 mera
2806 4947 3100 5019 negotiatio
3145 4948 3387 5019 pecuniae
3413 4992 3429 5017 ,
3459 4960 3514 5005 et

1888 5043 2228 5114 eauponatio.
2253 5041 2388 5099 Cum
2413 5041 2558 5098 enim
2587 5050 2715 5096 ante
2739 5040 3047 5113 eonjugium
3075 5051 3365 5112 corruptus
3392 5041 3512 5100 fue-

1826 5147 1830 5150 '
1889 5135 2226 5206 ritjuvenis,
2254 5144 2309 5191 et
2335 5142 2458 5206 post
2487 5134 2798 5206 eonjugium
2831 5149 3019 5191 rursus
3043 5135 3098 5190 in
3128 5136 3356 5192 alteram
3387 5151 3511 5192 ntu-

1889 5228 2078 5284 lierem
2106 5227 2295 5284 oculos
2324 5243 2453 5283 suos
2481 5227 2848 5296 converterit,
2876 5227 3028 5298 quid,
3058 5242 3266 5298 quasso,
3288 5228 3514 5299 prodest

1887 5320 2373 5393 eonjugiumﬂmo
2417 5330 2528 5378 tum
2571 5320 2745 5391 majus
2788 5319 3110 5393 supplicium
3156 5319 3389 5376 debetur
3414 5362 3429 5386 ,
3461 5333 3516 5378 et

1890 5414 2170 5486 indignum
2212 5421 2295 5469 est
2323 5413 2478 5470 venia
2515 5423 2796 5486 peccatum
2818 5450 2838 5480 ,
2869 5428 2993 5468 cum
3039 5414 3182 5468 intus
3234 5413 3514 5471 residente

1889 5521 2058 5562 uxore
2107 5507 2346 5577 seipsum
2401 5508 2745 5562 meretricum
2811 5519 3104 5576 congressu
3163 5504 3417 5576 polluat,
3458 5518 3515 5562 et

1889 5597 2212 5655 adulterium
2259 5599 2582 5658 committat.
2610 5597 2819 5667 Quippe
2854 5613 3023 5653 uxore
3066 5597 3269 5667 ducta,
3295 5603 3512 5656 tametsi

1889 5687 2146 5744 meretrix
2174 5697 2258 5744 est
2280 5731 2296 5756 ,
2325 5704 2446 5759 qua:
2472 5703 2533 5745 se
2576 5687 2755 5743 mariti
2799 5702 3098 5760 congressu
3140 5690 3514 5748 contaminat.

1887 5780 2218 5837 adulterium
2243 5789 2328 5837 est
2358 5778 2489 5836 illud
2514 5778 2743 5836 facinus.
2769 5778 2896 5834 Hazc
2921 5787 3101 5834 autent
3129 5780 3240 5850 jam
3272 5781 3426 5844 ﬁunt,
3462 5786 3518 5832 et

1890 5874 2186 5931 contractis
2231 5873 2430 5946 nuptiis
2479 5872 2544 5930 ad
2590 5870 2845 5928 mulieres
2886 5871 3206 5930 meretrices
3249 5878 3513 5942 currunt,
