4066 6436
638 415 750 471 (διδ

640 528 893 600 qutmiam
919 537 1042 581 ante
1069 525 1279 595 nuptias
1305 526 1604 580 castitatem
1630 538 1845 580 servare
1872 537 1978 577 non
2026 519 2216 574 didice-

641 630 784 674 runt.
812 618 944 672 iiinc
969 630 1157 686 pugnae
1180 658 1196 684 ,
1225 615 1506 672 maledicta
1526 656 1540 681 ,
1567 615 1849 670 domorum
1879 612 2187 668 eversiones
2211 651 2226 675 ,

641 722 695 764 ct
718 705 1186 778 quotidiana'bclla
1215 724 1229 761 ε
1254 705 1376 761 hinc
1397 705 1454 761 ﬁt
1477 715 1537 761 ut
1563 720 1686 775 erga
1719 718 1938 759 uxorem
1958 717 2109 756 amor
2128 701 2230 756 dif-

640 799 769 855 fluat
805 809 860 853 et
902 807 1230 864 marcescat,
1259 813 1380 853 cum
1422 795 1754 868 lupanarium
1800 792 2228 865 frequentatione

639 890 982 945 dissolvatur.
999 888 1151 958 Quod
1167 889 1212 944 si
1227 888 1522 943 castitatem
1543 900 1758 942 servare
1775 885 1966 950 discat,
1993 899 2105 954 pra:
2125 899 2230 938 cte-

637 983 769 1038 teris
795 983 1046 1037 omnibus
1061 979 1411 1050 expetendam
1433 991 1654 1034 uxorem
1686 991 1837 1032 suam
1858 974 2225 1044 arbitrabitur,

635 1077 799 1130 multa
816 1073 956 1128 illam
977 1085 1097 1126 eum
1117 1069 1482 1126 benevolentia
1500 1067 1859 1134 contuebitur,
1879 1079 2229 1138 magnamque

636 1180 759 1220 cum
805 1163 892 1218 illa
936 1162 1273 1217 concordiam
1301 1161 1640 1217 conservabit
1665 1180 1680 1216 :
1709 1160 1754 1215 si
1783 1175 1911 1216 vero
1935 1175 2037 1230 pax
2072 1159 2230 1212 fuerit

633 1265 686 1310 et
707 1254 1013 1317 concordia,
1039 1253 1217 1308 omnia
1248 1253 1385 1308 bona
1413 1252 1464 1307 iu
1495 1252 1713 1307 domum
1742 1251 1884 1306 illam
1912 1251 2224 1305 introibant.

637 1344 702 1401 Ut
728 1346 885 1415 igitur
904 1353 958 1399 et
984 1358 1071 1397 res
1101 1343 1259 1413 hujus
1275 1330 1396 1398 vita!
1421 1351 1566 1398 recte
1589 1357 1617 1394 a
1646 1342 1799 1397 nobis
1828 1342 2222 1409 dispensentur,

633 1446 689 1492 et
735 1451 858 1492 cum
896 1435 999 1490 illis
1037 1448 1258 1504 regnum
1307 1434 1558 1488 caelorum
1608 1445 2034 1500 consequamur,
2071 1429 2228 1498 hujus

631 1528 902 1598 prtecipue
926 1524 1161 1580 mandati
1184 1523 1353 1594 gratia
1383 1531 1437 1579 et
1465 1532 1703 1581 nostrqu
1729 1529 1785 1576 et
1812 1520 2100 1576 liberorqu
2131 1535 2228 1573 cu-

633 1636 746 1675 ram
764 1632 1031 1690 geramus,
1057 1632 1122 1672 ne
1140 1616 1370 1671 sordidis
1390 1614 1722 1672 vestimentis
1744 1613 1909 1667 induti
1941 1612 1991 1665 in
2017 1611 2228 1681 nuptias

633 1711 754 1764 illas
800 1707 1105 1780 splrituales
1146 1709 1408 1762 intremus
1432 1746 1448 1772 ,
1475 1703 1569 1760 sed
1599 1718 1722 1759 cum
1753 1702 1944 1758 ﬁducia
1987 1701 2228 1755 fruamur

637 1801 842 1856 honore
864 1839 880 1868 ,
910 1797 1003 1870 qui
1026 1797 1200 1869 dignis
1224 1806 1308 1852 est
1334 1797 1440 1852 illic
1468 1804 1772 1850 reservatus
1796 1812 1810 1849 :
1838 1809 1997 1863 quem
2025 1793 2225 1847 utinam

632 1903 823 1946 omnes
849 1903 1200 1959 assequamur
1219 1929 1234 1952 ,
1262 1887 1428 1958 gratia
1457 1895 1513 1941 et
1539 1885 1865 1956 benignitate
1896 1881 2104 1937 Domini
2131 1895 2228 1935 no-

632 1981 733 2037 stri
767 1981 891 2037 Jesu
920 1979 1116 2036 Christi
1136 2018 1154 2046 ,
1176 1993 1273 2049 per
1299 1992 1456 2048 quem
1483 1985 1681 2032 etcum
1711 1989 1816 2044 quo
1847 1973 1988 2028 Patri
2017 1972 2183 2042 gloria
2207 2011 2222 2037 ,

635 2075 841 2139 honor,
870 2071 1148 2141 imperium
1172 2111 1186 2136 ,
1217 2082 1320 2122 una
1347 2082 1466 2123 cum
1499 2066 1702 2136 Spiritu
1744 2072 1928 2120 sancto
1948 2105 1965 2131 ,
2006 2077 2149 2118 nunc
2174 2072 2228 2117 et

635 2179 869 2236 semper,
900 2173 954 2219 et
979 2163 1032 2217 in
1063 2161 1253 2217 saecula
1285 2175 1344 2216 sa
1361 2159 1624 2216 culorum.
1653 2159 1844 2213 Amen.

1272 2290 1502 2347 SERMO
1531 2288 1596 2345 ll.

634 2405 714 2462 De
731 2405 834 2476 ﬁde
857 2405 1034 2469 Annis,
1060 2402 1220 2474 deque
1238 2402 1586 2474 philosophia,
1613 2401 1710 2455 hoc
1737 2409 1828 2466 est,
1861 2399 2020 2454 animi
2047 2398 2224 2453 mode-

703 2498 899 2552 ratione
921 2537 936 2562 ,
957 2507 1005 2550 et
1031 2495 1273 2550 modestia
1311 2495 1470 2564 ipsius
1493 2535 1508 2560 ,
1539 2501 1584 2547 et
1619 2492 1682 2546 de
1723 2492 1912 2547 honore
1953 2490 2226 2562 deferendo

701 2589 1066 2656 sacerdotibus;
1081 2598 1124 2642 et
1151 2578 1284 2659 quod
1306 2598 1411 2641 tant
1436 2587 1486 2639 in
1511 2585 1674 2648 initio,
1695 2594 1802 2638 tum
1825 2587 1880 2637 in
1903 2584 2004 2653 ﬁne
2023 2582 2227 2654 prandii

704 2681 772 2737 sit
800 2679 1075 2735 orandum.

707 2796 758 2848 1.
796 2790 1032 2864 Εβωάα
1062 2791 1306 2846 orationis
1331 2788 1565 2860 exentpfo
1593 2788 1757 2841 Anna!
1777 2786 2051 2858 probatur;
2076 2785 2226 2839 Anna

634 2885 786 2939 sintut
813 2892 974 2937 mater
996 2891 1043 2937 et
1067 2891 1227 2953 pater.
1255 2910 1328 2922 —
1352 2879 1494 2936 Nihil
1529 2877 1816 2950 precationi
1851 2893 1944 2948 par
1989 2885 2105 2940 est,
2137 2890 2226 2931 ca-

638 2975 835 3032 rissimi
859 3016 874 3041 ,
899 2988 1072 3045 neque
1113 2971 1400 3044 quidquam
1449 2971 1556 3026 ﬁde
1600 2970 1890 3041 petentius.
1928 2967 2227 3039 Utrumque

637 3066 795 3122 nobis
822 3081 993 3136 nuper
1014 3064 1306 3121 declaravit
1333 3066 1485 3118 Anna
1513 3077 1674 3119 :cunt
1708 3062 1792 3117 bis
1820 3061 1962 3116 cnim
1991 3061 2229 3116 muneri-

635 3159 736 3215 bus
777 3158 1039 3214 accedens
1076 3156 1143 3212 ad
1181 3156 1347 3211 Deum
1372 3197 1387 3223 ,
1422 3155 1602 3211 omnia
1648 3170 1770 3226 qua:
1817 3153 1986 3209 voluit
2025 3151 2222 3209 effecit.

634 3251 906 3324 Siquidem
947 3260 1001 3304 et
1045 3257 1291 3304 naturam
1334 3247 1571 3302 sterilem
1622 3247 1902 3312 correxit,
1931 3256 1986 3301 et
2012 3246 2222 3300 vulvam

635 3360 758 3418 qua:
799 3354 916 3400 erat
939 3342 1192 3399 conclusa
1221 3341 1428 3411 aperuit
1456 3383 1472 3406 ,
1497 3349 1550 3394 et
1593 3340 1846 3410 probrum
1885 3338 2144 3404 sustulit,
2172 3344 2227 3391 et

635 3435 875 3496 convicia
900 3434 1107 3491 temnite
1143 3419 1427 3498 dissolvit,
1458 3446 1622 3502 seque
1660 3431 1829 3501 ipsam
1869 3429 1937 3484 ad
1981 3443 2227 3500 magnam

635 3530 868 3588 restituit
913 3528 1156 3584 ﬁduciam
1181 3568 1198 3595 ,
1227 3525 1351 3581 dum
1388 3539 1422 3580 e
1468 3534 1618 3594 petra
1671 3519 1980 3594 infrugifera
2024 3521 2225 3592 spicam

638 3621 861 3679 ioessuit
883 3627 1205 3675 comantem.
1235 3615 1435 3673 Omnes
1459 3615 1683 3671 audistis
1707 3613 1976 3684 quomodo
2001 3612 2223 3678 ﬂeverit,

637 3710 903 3784 quomodo
946 3717 1156 3779 precata
1203 3707 1311 3770 sit,
1351 3705 1622 3776 quomodo
1663 3704 1831 3759 orarit
1865 3710 1921 3757 et
1957 3702 2226 3758 exorarit:

638 3803 903 3872 concepit,
935 3800 1163 3870 peperit,
1191 3798 1437 3853 educavit
1455 3805 1509 3852 et
1537 3794 1873 3852 consecravit
1899 3792 2227 3849 Samuelem.

641 3894 820 3962 Itaque
851 3905 958 3945 non
982 3887 1241 3944 aberrarit
1265 3927 1282 3950 ,
1311 3887 1398 3957 qui
1429 3887 1568 3941 hanc
1589 3885 1870 3939 mulierem
1897 3883 2046 3954 pueri
2072 3882 2229 3937 simul

637 3993 694 4040 et
719 3992 942 4039 matrem
971 3989 1028 4035 et
1057 3988 1260 4049 patrem
1285 3977 1589 4052 appellarit:
1618 3975 1949 4046 Quamquam
1975 3975 2117 4029 enim
2149 3974 2232 4028 vir

639 4073 916 4130 addiderat
957 4085 1176 4133 semen,
1207 4070 1363 4138 hujus
1405 4079 1580 4122 tamen
1627 4065 1862 4136 precatio
1899 4066 2006 4120 vim
2049 4064 2232 4120 efﬁca-

641 4166 882 4231 ciamque
907 4161 1093 4217 semini
1126 4160 1350 4228 praebuit
1369 4199 1386 4224 ,
1412 4158 1693 4228 effecitque
1717 4166 1777 4212 ut
1803 4155 2019 4213 Samuel
2065 4155 2232 4211 hone-

643 4255 900 4311 stioribus
937 4251 1172 4306 exordiis
1213 4257 1540 4303 nasceretur.
1579 4247 1765 4316 Neque
1805 4248 1949 4302 enim
1997 4247 2135 4302 sicut
2179 4249 2230 4301 in

640 4345 851 4403 ceteris
918 4339 1222 4397 hominibus
1276 4354 1495 4394 somnus
1547 4346 1604 4394 et
1661 4352 1980 4408 congressus
2029 4346 2232 4392 tantum

642 4443 920 4509 parentum
943 4474 959 4499 ,
995 4446 1178 4488 verum
1237 4444 1422 4499 preces
1446 4469 1461 4494 ,
1495 4428 1780 4499 lacrymte,
1829 4427 2068 4497 ﬁdesque
2123 4426 2240 4482 fue-

641 4537 769 4584 runt
813 4524 969 4594 hujus
993 4522 1350 4594 generationis
1391 4518 1646 4591 principia
1670 4561 1687 4587 ,
1713 4533 1885 4590 eoque
1923 4519 2134 4575 caeteris
2169 4519 2238 4574 ii-

645 4618 946 4672 lustriorem
990 4613 1176 4667 habuit
1213 4621 1390 4665 ortum
1448 4609 1705 4681 propheta
1731 4651 1745 4676 ,
1790 4619 2006 4680 pr0ptcr
2050 4611 2237 4664 matris

649 4707 806 4761 ﬁdem
848 4713 1021 4760 natus.
1050 4701 1175 4756 ideo
1217 4699 1283 4754 de
1311 4699 1411 4754 hac
1436 4701 1659 4755 muliere
1693 4699 1814 4769 jure
1844 4701 1962 4769 quis
1996 4699 2190 4754 dixerit
2221 4717 2233 4750 :

649 4797 749 4863 Qui
773 4781 1098 4850 seminantin
1128 4791 1387 4861 lacrymis,
1413 4790 1466 4844 in
1490 4789 1826 4846 multatione
1849 4799 2028 4844 metant
2057 4789 2232 4860 (Psal.

647 4887 774 4944 125.
795 4886 874 4955 5).
907 4883 1055 4938 llanc
1091 4882 1404 4937 aemulemur
1440 4881 1561 4946 viri,
1596 4880 1735 4936 hanc
1775 4881 2050 4935 imitentur
2083 4880 2238 4937 femi-

651 4993 776 5034 nae:
809 4990 930 5030 nam
975 4973 1250 5042 utriusque
1290 4986 1450 5028 sexus
1476 4971 1727 5043 magistra
1758 4980 1842 5027 est
1869 4969 2080 5027 mulier.
2111 4971 2242 5039 Quae

648 5069 863 5127 steriles
906 5076 1070 5131 sunt,
1107 5081 1175 5120 ne
1221 5066 1542 5134 desperent:
1569 5078 1688 5133 quae
1727 5072 1923 5119 matres
1961 5073 2124 5130 sunt,
2163 5065 2242 5120 sic

650 5164 879 5216 educent
924 5169 1076 5213 natos
1122 5156 1480 5218 liberos;sed
1528 5171 1714 5211 omnes
1761 5157 1917 5210 simul
1969 5157 2242 5212 imitemur

650 5252 890 5309 mulieris
905 5248 1312 5320 philosophiam,
1332 5262 1488 5316 quam
1505 5247 1686 5302 habuit
1702 5257 1823 5301 ante
1841 5257 2073 5317 partum,
2086 5247 2241 5303 ﬁdem

651 5357 812 5414 quam
869 5339 1052 5394 habuit
1105 5343 1155 5392 itt
1205 5349 1357 5406 partu
1399 5379 1411 5399 ,
1463 5336 1801 5408 studiumque
1854 5339 1997 5408 quod
2061 5337 2246 5392 habuit

656 5443 778 5505 post
814 5443 1041 5502 partum.
1070 5429 1208 5496 Quid
1234 5431 1374 5484 enim
1410 5444 1530 5483 esse
1569 5431 1735 5497 possit
1761 5429 1846 5482 illa
1878 5429 2100 5484 muliere
2127 5443 2243 5482 ma-

654 5527 738 5597 gis
800 5522 1221 5593 philos0phicum
1249 5562 1264 5585 ,
1314 5535 1432 5589 qua:
1475 5518 1833 5573 calamitatem
1875 5518 2010 5574 adeo
2056 5517 2249 5573 intole-

658 5614 878 5670 rabilem
922 5611 1128 5683 placide
1177 5610 1487 5679 fortiterque
1517 5609 1670 5672 tulit,
1705 5623 1804 5662 nec
1840 5609 1982 5677 prius
2010 5608 2245 5675 destitit,

657 5704 830 5760 donec
868 5718 985 5759 eam
1015 5702 1313 5757 molestiam
1343 5699 1614 5760 discussit.
1644 5698 1877 5767 malique
1910 5697 2068 5753 finem
2095 5714 2247 5768 repe-

660 5795 767 5857 rit,
799 5803 912 5848 tum
961 5791 1362 5856 admirandum,
1408 5801 1518 5844 tum
1573 5788 1978 5854 incredibilem,
2015 5788 2160 5844 nullo
2215 5804 2246 5842 e

1303 411 1359 467 S.
1399 410 1680 469 JOANNlS
1716 406 2193 468 CIIRYSOSTOMI
2236 406 2550 464 ARCHIEP.
2581 404 3117 467 CONSTANTINOP.

3841 414 3936 471 6M

2344 521 2573 576 terrenis
2598 521 2768 577 accito
2794 521 3040 591 adjutore
3067 531 3121 576 et
3149 520 3513 590 opitulatore?
3541 519 3776 578 Noverat
3800 525 3940 581 enim

2339 612 2724 668 humanitatem
2756 612 2984 677 Domini,
3010 626 3181 683 eoque
3209 612 3323 666 sola
3352 613 3503 667 illum
3528 613 3680 680 adiit,
3709 623 3764 668 et
3790 617 3943 683 quid-

2337 705 2452 773 quit
2468 706 2632 760 voluit
2649 705 2967 775 impetravit.
2988 704 3170 776 Neque
3185 705 3329 759 enim
3347 705 3642 761 humanum
3657 707 3942 772 auxilium,

2337 795 2432 851 sed
2461 796 2698 850 divinam
2723 797 2948 868 gratiam
2974 797 3280 866 requirebat
3310 797 3452 851 illius
3479 797 3713 853 tristitiae
3752 814 3944 855 corre-

2335 889 2444 943 ctio
2467 906 2480 940 :
2501 903 2562 943 ea
2581 888 2728 943 enim
2759 903 2865 944 non
2897 887 3215 944 nascebatur
3241 903 3306 944 ex
3330 888 3539 957 jactura
3565 891 3942 958 pecuniarum.

2337 989 2390 1032 ut
2442 977 2633 1048 aliquis
2671 979 2834 1032 allato
2876 993 3010 1033 auro
3051 977 3282 1034 dilueret
3327 993 3841 1052 angoremmequa
3879 997 3942 1037 ex

2335 1067 2556 1122 adversa
2584 1070 2826 1138 corporis
2854 1068 3157 1124 valetudine
3179 1111 3192 1134 ,
3222 1077 3278 1122 ut
3305 1071 3494 1124 accitis
3535 1070 3759 1127 medicis
3790 1086 3942 1127 mor-

2337 1158 2464 1212 bum
2494 1169 2673 1226 posset
2703 1159 2939 1228 abigere.
2974 1159 3172 1214 Natura
3200 1169 3318 1214 erat
3343 1161 3482 1216 male
3510 1160 3702 1216 aﬁ‘ecta
3729 1204 3745 1229 ,
3774 1163 3942 1218 caele-

2334 1260 2472 1303 stem
2512 1251 3104 1306 manum-desiderans.
3159 1252 3343 1322 quue
3384 1267 3517 1307 sane
3556 1256 3946 1325 praetermissis

2333 1343 2584 1397 omnibus
2607 1344 2857 1409 terrenis,
2888 1343 2954 1397 ad
2989 1353 3194 1398 natura:
3227 1345 3511 1400 Dominum
3536 1345 3807 1417 confugit,
3842 1362 3947 1404 nec

2337 1437 2481 1504 prius
2508 1437 2730 1502 destitit,
2763 1453 2923 1506 quam
2954 1437 3105 1492 illum
3130 1447 3400 1503 exoraret,
3435 1448 3492 1495 ut
3517 1439 3811 1495 orbitatem
3844 1440 3949 1496 tol-

2335 1528 2488 1592 leret,
2519 1545 2581 1582 ac
2601 1530 2817 1584 vulvam
2839 1531 3093 1599 aperiret,
3113 1546 3251 1601 eque
3270 1530 3437 1586 sterili
3462 1531 3664 1588 faceret
3684 1544 3944 1588 matrem.

2335 1619 2514 1698 Itaque
2537 1621 2690 1676 heata
2717 1629 2800 1675 est
2825 1629 2880 1676 et
2907 1621 2977 1676 ob
3005 1622 3127 1688 hoc,
3159 1636 3265 1676 uou
3296 1623 3437 1693 quod
3464 1633 3640 1679 mater
3664 1623 3804 1680 facta
3834 1628 3906 1682 sit
3928 1667 3944 1688 ,

2333 1711 2427 1765 sed
2457 1712 2622 1781 quod,
2644 1727 2766 1768 cum
2795 1727 2900 1765 nou
2927 1723 3090 1775 esset,
3117 1712 3250 1768 facta
3281 1716 3368 1768 sit.
3396 1714 3672 1784 Siquidem
3697 1716 3832 1772 illud
3862 1729 3946 1772 est

2333 1811 2538 1856 natura:
2560 1818 2845 1859 commune
2867 1845 2881 1868 ,
2915 1803 3017 1859 hoc
3045 1815 3225 1859 autem
3262 1816 3379 1860 erat
3416 1806 3674 1862 eximium
3722 1808 3946 1866 femina

2332 1894 2585 1949 meritum
2641 1895 2799 1950 Beata
2828 1895 3045 1965 quidem
3076 1897 3235 1964 igitur
3261 1905 3316 1951 et
3346 1906 3564 1966 propter
3595 1898 3754 1953 nixus
3781 1900 3941 1965 illos,

2334 1985 2682 2040 nihilominus
2709 1995 2885 2040 tamen
2915 1985 3067 2040 beata
3097 1994 3315 2055 propter
3339 1987 3518 2041 omnia
3549 1987 3635 2042 illa
3663 2003 3789 2064 τινα
3821 2003 3947 2059 par-

2335 2085 2449 2131 tum
2481 2087 2890 2145 prmcesseruut.
2921 2077 3082 2132 Scitis
3106 2078 3250 2133 enim
3287 2078 3530 2148 profecto
3559 2095 3754 2137 omnes
3777 2123 3794 2143 .
3827 2085 3946 2140 sive

2333 2167 2623 2232 mulieres,
2653 2167 2766 2222 sive
2813 2168 2952 2234 viri,
2978 2167 3111 2222 nihil
3151 2170 3372 2239 gravius
3413 2180 3506 2225 aut
3547 2171 3944 2230 intolerabilius

2332 2257 2578 2312 accidere
2605 2273 2762 2328 posse
2792 2258 3004 2314 feminas
3023 2301 3038 2326 ,
3062 2273 3220 2330 quam
3259 2269 3316 2314 ut
3351 2260 3533 2316 liberis
3556 2272 3778 2327 careat;
3806 2263 3944 2320 adeo

2333 2358 2390 2402 ut
2413 2349 2457 2404 si
2484 2349 2632 2404 mille
2654 2350 3098 2419 prosperitatibus
3122 2351 3319 2420 alioqui
3343 2349 3571 2418 fruatur,
3593 2353 3848 2408 dolorem
3876 2371 3942 2410 cx

2332 2441 2437 2495 hoc
2464 2442 2686 2498 vulnere
2713 2450 2896 2496 natum
2926 2457 3216 2512 numquam
3248 2458 3313 2497 cx
3343 2445 3524 2498 animo
3547 2444 3729 2499 valeat
3755 2445 3945 2516 depel-

2333 2530 2466 2586 lere.
2495 2531 2648 2600 Quod
2677 2533 2720 2588 si
2755 2532 2808 2588 id
2835 2548 2978 2588 nunc
3003 2533 3137 2589 adeo
3161 2541 3247 2589 est
3277 2533 3695 2600 intolerandum,
3720 2551 3850 2591 cum
3876 2537 3942 2591 ad

2333 2623 2596 2693 majorem
2623 2623 3014 2694 philosophiam
3040 2624 3215 2680 vocati
3242 2639 3450 2692 sumus,
3479 2639 3716 2696 cumque
3742 2627 3811 2682 ad
3838 2641 3943 2683 cre-

2330 2718 2444 2773 ium
2467 2717 2808 2772 tendentibus
2837 2717 3014 2772 nullus
3043 2727 3128 2774 est
3156 2733 3337 2773 rerum
3372 2720 3724 2789 prasentium
3755 2737 3941 2792 respe-

2329 2814 2473 2874 ctus,
2500 2805 2595 2862 sed
2623 2805 2690 2860 ad
2717 2806 2943 2862 alteram
2968 2807 3138 2863 vitam
3161 2807 3510 2874 adornamur,
3541 2824 3782 2878 cumque
3807 2811 3940 2867 mul-

2332 2895 2402 2953 tis
2442 2896 2692 2952 laudibus
2716 2895 2941 2952 eﬂ'ertur
2970 2898 3248 2969 virginitas
3275 2917 3288 2954 :
3312 2899 3486 2969 cogita
3515 2911 3737 2970 quanta:
3766 2901 3936 2958 infeli-

2332 2988 2510 3045 citatis
2551 3005 2615 3045 ea
2650 3006 2738 3045 res
2779 2989 2890 3044 visa
2933 2999 3042 3044 tum
3092 2990 3271 3054 fuerit,
3304 3005 3430 3045 cum
3455 2990 3769 3047 futurorum
3800 2993 3938 3048 nulla

2330 3089 2477 3136 esset
2499 3095 2649 3151 spes,
2678 3095 2741 3135 ac
2782 3096 2849 3135 ne
2870 3081 3121 3150 cogitatio
3145 3082 3360 3152 quidem
3379 3082 3662 3138 veteribus
3681 3083 3793 3139 illis
3809 3125 3826 3151 ,
3851 3085 3939 3141 sed

2331 3171 2511 3227 omnia
2540 3172 2730 3224 fierent
2759 3186 2938 3225 rerum
2967 3171 3312 3240 prmSetlli'dm
3337 3174 3508 3242 gratia
3535 3191 3549 3226 :
3575 3187 3702 3228 eum
3725 3174 3784 3230 id
3811 3184 3940 3231 tetu-

2335 3263 2481 3332 poris
2517 3262 2758 3317 sterilem
2794 3272 2848 3317 et
2879 3263 3066 3317 orbam
3111 3278 3235 3318 esse
3271 3263 3546 3332 feminam,
3575 3265 3944 3324 damnationis

2333 3364 2518 3412 notam
2542 3354 2728 3412 ferret.
2760 3354 2928 3410 Nemo
2957 3357 3128 3424 possit
3155 3357 3335 3426 eloqui
3360 3397 3376 3422 ,
3406 3371 3509 3412 nec
3539 3357 3657 3412 ullo
3689 3373 3945 3416 sermone

2332 3446 2589 3517 consequi
2611 3445 2813 3502 doloris
2834 3445 3258 3516 magnitudinem
3274 3463 3338 3502 ex
3364 3447 3466 3503 hoc
3481 3449 3710 3506 vulnere
3729 3452 3950 3507 venien-

2335 3539 2425 3595 tis.
2455 3539 2645 3596 Testes
2687 3554 2818 3593 vero
2864 3547 2990 3592 sunt
3041 3537 3257 3594 femina:
3279 3580 3294 3603 ,
3323 3555 3444 3610 qua:
3480 3555 3608 3596 cum
3647 3542 3706 3596 in
3735 3544 3949 3599 caeteris

2334 3647 2547 3690 omnem
2567 3629 2910 3686 exhibuerint
2935 3630 3336 3700 philosophiam
3354 3672 3369 3698 ,
3399 3629 3538 3687 hanc
3568 3630 3948 3690 infelicitatem

2337 3737 2445 3777 non
2493 3721 2830 3792 pertulerunt
2875 3735 3032 3791 mquo
3070 3720 3415 3786 animo;sed
3440 3717 3692 3796 qumdath
3737 3725 3948 3780 maritis

2337 3811 2629 3881 indignata:
2659 3819 2814 3877 sunt,
2846 3811 2968 3866 aliae
2995 3811 3096 3867 sibi
3122 3812 3290 3866 vitam
3313 3811 3626 3882 judicarunt
3651 3828 3783 3870 esse
3810 3815 3950 3887 inju—

2335 3902 2586 3958 cuudam.
2636 3902 2786 3958 lianc
2821 3917 2952 3958 vero
2991 3902 3247 3958 feminam
3299 3917 3404 3956 non
3435 3904 3684 3960 anxietas
3720 3905 3892 3960 modo
3915 3921 3948 3960 α

2337 3993 2621 4060 sterilitate
2653 3993 2974 4062 proveniens
2992 4034 3008 4059 ,
3031 4008 3222 4048 verum
3247 4001 3302 4049 et
3330 3993 3476 4048 aliud
3503 3993 3767 4064 quiddam
3797 3998 3949 4054 obsi-

2339 4083 2501 4139 debat
2548 4085 2780 4152 maium,
2812 4083 2892 4138 ira
2944 4083 3194 4139 videlicet
3235 4093 3456 4155 propter
3495 4085 3710 4142 :emulat
3753 4101 3951 4158 oppro.

2336 4173 2475 4231 bria.
2504 4176 2571 4230 Et
2608 4176 2748 4231 sicut
2775 4175 2949 4231 ventis
2993 4190 3058 4230 ex
3096 4175 3326 4232 adverso
3372 4177 3516 4232 inter
3557 4192 3682 4233 sese
3722 4193 3951 4235 concur-

2339 4267 2613 4332 rentibus,
2663 4265 3002 4336 mediamque
3046 4267 3335 4337 scapham,
3387 4267 3517 4323 dum
3567 4269 3711 4325 inter
3751 4287 3820 4328 se
3854 4271 3946 4327 de-

2341 4366 2579 4428 pugnant
2597 4397 2611 4419 .
2639 4357 3050 4426 corripientibus
3069 4398 3087 4422 ,
3125 4373 3190 4413 ac
3217 4359 3398 4413 multis
3421 4358 3673 4415 fluctibus
3701 4365 3897 4431 partim
3919 4379 3948 4418 a

2343 4465 2539 4541 prora,
2584 4449 2776 4541 partim
2799 4462 2865 4541 ‘a
2919 4449 3079 4518 puppi
3138 4449 3574 4521 insurgentibus,
3618 4453 3951 4521 gubernator

2341 4539 2494 4596 clavo
2524 4537 2770 4594 assidens
2807 4537 2985 4593 servat
3011 4540 3189 4594 navim
3216 4582 3230 4606 ,
3261 4540 3526 4596 undarum
3568 4541 3825 4601 incursus
3853 4562 3950 4616 gu-

2343 4632 2600 4687 bernandi
2650 4630 2928 4702 prudentia
2979 4632 3259 4702 depcllens
3305 4649 3320 4685 ε
3365 4633 3444 4688 sic
3494 4643 3550 4688 et
3594 4635 3797 4692 mulier
3844 4649 3951 4693 tum

2342 4724 2457 4792 ill»,
2482 4738 2604 4791 cum
2651 4723 2726 4776 ira
2775 4730 2832 4775 et
2875 4737 3042 4791 angor
3080 4737 3177 4777 ceu
3223 4722 3364 4776 vcnti
3413 4723 3464 4777 in
3500 4724 3745 4780 animum
3791 4729 3952 4798 ipsius

2344 4812 2579 4869 facerent
2604 4814 2883 4883 impetum,
2914 4815 3174 4868 rationem
3211 4813 3354 4868 illius
3374 4813 3752 4884 pertut-hautes
3772 4859 3789 4885 ,
3825 4822 3954 4873 ntul—

2349 4915 2538 4974 tosque
2585 4906 2776 4959 ﬁuctus
2815 4905 3150 4969 excitarent,
3185 4921 3291 4960 non
3334 4905 3444 4975 jam
3483 4907 3706 4962 biduum
3738 4919 3837 4966 aut
3866 4915 3951 4966 tri-

2347 4994 2549 5061 duum,
2593 5004 2683 5049 aut
2731 4994 2847 5050 dies
2891 4995 3122 5066 viginti,
3164 4995 3258 5052 sed
3297 5008 3352 5052 et
3393 5007 3532 5052 totos
3569 5002 3799 5074 annos(
3838 5020 3950 5058 natu

2349 5086 2492 5152 hoc,
2543 5098 2603 5142 ut
2647 5087 2724 5141 ait
2761 5087 3076 5156 Scriptura,
3124 5087 3294 5142 multo
3340 5097 3586 5160 tempore
3625 5090 3832 5148 factum
3880 5104 3951 5149 csl

2353 5177 2428 5250 [l.
2463 5178 2592 5249 Reg.
2644 5179 2696 5232 l.
2749 5178 2830 5249 7])
2879 5179 3088 5233 fortiter
3131 5180 3348 5249 pertulit
3392 5190 3813 5250 tempestatem,
3865 5201 3956 5240 nec

2350 5283 2504 5337 passa
2543 5279 2626 5324 est
2667 5269 2934 5323 rationein
2970 5267 3231 5338 demergi.
3277 5250 3554 5339 S'iquidetn
3601 5271 3696 5326 Dei
3747 5272 3950 5336 timor.

2353 5369 2618 5428 tamquam
2648 5359 2934 5413 nauclerus
2958 5358 3335 5429 gubernaculis
3372 5359 3650 5426 assidens,
3684 5368 3950 5431 persuasi:

2353 5465 2470 5506 eam
2501 5459 2876 5522 tempestatem
2919 5467 3114 5521 magno
3148 5453 3333 5505 animo
3373 5453 3753 5520 perferendam
3796 5471 3950 5516 esse;

2357 5557 2456 5595 nec
2508 5543 2654 5610 prius
2696 5540 2902 5595 deStitit
2930 5551 3166 5596 mentem
3217 5539 3364 5594 illius
3401 5542 3712 5612 gubernare
3738 5586 3750 5607 ,
3785 5545 3952 5600 donec

2359 5630 2410 5684 in
2441 5630 2785 5701 tranquillum
2831 5630 3121 5686 adduceret
3161 5640 3375 5701 portum
3417 5647 3605 5687 navem
3643 5649 3812 5691 onere
3848 5640 3951 5705 ple-

2359 5735 2504 5786 nam,
2530 5721 2632 5777 hoc
2651 5730 2752 5786 est,
2778 5731 2984 5776 uterum
3009 5723 3241 5792 pretioso
3269 5722 3523 5776 thesauro
3555 5738 3838 5781 onustum.
3862 5728 3951 5783 Ne-

2360 5827 2463 5882 que
2476 5813 2617 5867 enim
2641 5829 2827 5867 aurum
2853 5824 3198 5882 argentumve
3225 5814 3489 5884 portabat,
3515 5818 3610 5869 sei
3648 5817 3953 5888 prophetam
