4066 6422
137 363 239 420 865

136 486 186 532 et
207 476 556 532 sacerdotem
571 491 588 542 ;
604 480 826 544 eratque
846 469 1058 543 gemina
1080 469 1199 540 ejus
1220 469 1357 526 uteri
1378 467 1753 528 sanctiﬁcatio,

135 566 360 637 etquod
389 567 484 622 tali
509 579 676 636 puero
701 578 985 635 praegnans
1005 570 1174 626 esset,
1204 571 1258 616 et
1283 558 1426 629 quod
1449 557 1761 628 conceptio-

137 660 220 712 uis
282 659 501 712 initium
552 671 647 727 per
683 654 1051 726 precationem
1104 666 1168 707 ac
1211 653 1485 706 cazlestem
1529 648 1760 720 gratiam

135 752 464 822 accepisset.

205 844 263 898 Ξ.
292 843 452 898 Onus
478 849 659 898 autem
684 839 810 895 illud
834 854 941 894 non
965 836 1138 892 solum
1170 845 1288 892 erat
1331 834 1664 905 inopinatum
1707 839 1765 888 et

135 935 484 1001 admirabile,
525 949 716 990 verum
740 943 796 988 et
833 930 1209 1003 negotiationis
1235 928 1429 985 modus
1462 927 1561 982 fuit
1585 925 1761 982 admio

138 1029 365 1083 rabilior
398 1046 411 1082 :
441 1043 614 1099 neque
650 1028 794 1082 enim
835 1025 964 1080 illud
1009 1023 1314 1080 hominibus
1360 1021 1484 1076 ullis
1524 1016 1766 1074 vendidit

135 1129 229 1175 aut
274 1120 728 1192 negotiatoribus,
759 1116 854 1172 sed
888 1117 1132 1187 protinus
1157 1123 1216 1170 ut
1240 1121 1564 1183 exposuerat
1590 1125 1622 1166 e
1643 1125 1764 1166 sca-

138 1212 265 1278 pha,
301 1213 424 1267 Deo
466 1209 749 1266 vendidit:
785 1216 990 1262 tantum
1031 1215 1212 1262 autem
1259 1206 1360 1258 hac
1401 1201 1766 1273 negotiatione

140 1304 354 1359 lucrum
383 1303 526 1364 fecit,
573 1311 835 1372 quantum
883 1300 1057 1355 facere
1092 1313 1186 1368 par
1210 1305 1294 1352 est
1321 1311 1463 1361 eam,
1494 1307 1615 1363 qua:
1640 1305 1763 1347 cum

139 1394 249 1449 Deo
279 1393 537 1448 habuerit
556 1391 968 1448 commercium.
997 1391 1210 1446 Etenim
1252 1397 1608 1464 posteaquam
1640 1399 1765 1441 eum

139 1485 310 1541 fctum
328 1495 618 1555 acceperat
637 1485 799 1546 Deus.
820 1481 1056 1539 reddidit
1075 1481 1150 1537 illi
1169 1481 1399 1536 alterum
1417 1477 1586 1532 lilium
1619 1495 1631 1530 :
1657 1476 1767 1531 imo

140 1579 346 1649 potius,
368 1592 479 1631 non
503 1591 686 1640 unum,
707 1589 884 1646 neque
902 1573 1058 1638 duos,
1081 1586 1254 1642 neque
1281 1579 1414 1636 tres,
1439 1582 1612 1639 neque
1633 1582 1766 1636 qua-

146 1680 267 1724 tuor
287 1679 524 1731 tantum,
545 1669 637 1724 sed
662 1667 746 1722 his
767 1667 938 1721 multo
956 1666 1160 1734 plures,
1183 1664 1317 1731 Quia
1335 1662 1540 1726 sterilis,
1559 1660 1763 1730 inquit,

141 1761 343 1830 peperit
385 1767 578 1828 septem
609 1758 685 1828 (ί.
721 1757 848 1827 Reg.
881 1756 935 1811 2.
969 1755 1047 1824 5),
1078 1762 1134 1808 et
1161 1768 1322 1807 usura
1347 1761 1549 1808 sortem
1580 1763 1769 1804 exces-

140 1851 231 1905 sit.
262 1850 418 1905 Talis
450 1849 596 1905 enim
622 1857 706 1903 est
735 1847 1044 1918 negotiatio,
1073 1859 1191 1914 qua:
1231 1858 1353 1897 cum
1385 1842 1495 1897 Deo
1520 1843 1725 1912 geritur
1749 1855 1764 1892 :

143 1956 253 1996 non
284 1941 380 1996 ille
420 1939 965 2010 quantulumcumque
1002 1935 1164 1990 sortis
1194 1943 1420 2004 partem,
1447 1929 1543 1986 sed
1587 1929 1770 1986 multis

143 2033 394 2101 partibus
445 2030 876 2100 conduplicatam
923 2027 1118 2083 reddit.
1170 2025 1353 2096 Neque
1397 2025 1578 2079 solum
1621 2022 1770 2078 dedit

145 2126 222 2181 illi
257 2126 444 2194 proles
498 2125 777 2186 femineas,
801 2120 895 2177 sed
924 2136 988 2176 ex
1022 2129 1251 2189 utroque
1290 2132 1423 2173 sexu
1463 2117 1670 2171 lucrum
1697 2115 1765 2169 il-

143 2218 248 2272 lius
291 2217 613 2281 cumulavit,
647 2225 706 2270 ut
729 2215 806 2268 illi
854 2214 966 2284 jam
1003 2210 1302 2281 perfectum
1330 2208 1618 2280 contigerit
1640 2222 1770 2279 gau-

145 2313 324 2367 dium.
377 2311 508 2367 limc
535 2325 602 2366 eo
630 2321 1018 2372 commemoro,
1050 2322 1156 2360 non
1185 2313 1244 2360 ut
1268 2303 1497 2360 laudetis
1539 2311 1768 2369 tantum,

146 2404 245 2459 sed
275 2413 336 2458 et
363 2401 692 2458 annulemini
715 2401 732 2433 ⁸
767 2399 925 2470 hujus
969 2397 1210 2454 mulieris
1251 2396 1411 2453 iidem
1441 2411 1506 2451 ac
1530 2395 1769 2451 toleran-

147 2495 303 2560 tiam,
339 2505 504 2565 quam
534 2507 600 2547 ex
635 2498 784 2562 parte
823 2489 1041 2562 quidem
1071 2489 1298 2544 audistis
1347 2503 1554 2558 nuper;
1582 2501 1774 2542 verum

146 2595 200 2639 ut
235 2584 497 2654 reliquias
525 2581 915 2653 persolvamus,
947 2580 1227 2636 concedite
1257 2578 1388 2633 mihi
1421 2592 1585 2648 pauca
1614 2591 1772 2634 com-

155 2690 471 2733 memorare
489 2673 558 2730 de
587 2674 928 2730 sermonibus
974 2681 1093 2742 post
1139 2673 1366 2743 primam
1409 2671 1770 2741 precationem

148 2784 278 2826 cum
305 2767 594 2825 sacerdote
637 2767 862 2838 ejusque
909 2767 1158 2821 ministro
1206 2764 1436 2828 habitis,
1470 2771 1528 2818 ut
1566 2764 1773 2834 perspi-

147 2859 309 2918 ciatis
337 2859 529 2916 mitem
561 2873 626 2914 ac
655 2856 922 2928 placidum
955 2857 1115 2926 hujus
1143 2854 1383 2910 mulieris
1409 2855 1673 2908 animum.
1703 2851 1773 2908 Et

149 2953 354 3022 factum
394 2960 487 3017 est,
527 2950 721 3021 inquit,
767 2965 884 3004 eum
930 2946 1299 3017 multiplicant
1347 2946 1690 3016 precationem
1717 2945 1774 2999 in

149 3050 432 3114 conspectu
474 3040 706 3110 Domini,
757 3038 880 3095 Heli
921 3039 1158 3096 sacerdos
1205 3038 1502 3095 observabat
1537 3055 1594 3094 os
1635 3037 1777 3094 illius

155 3134 324 3206 (Ibid.
359 3136 413 3191 ι.
439 3134 556 3206 te).

223 3226 506 3299 Displicent
529 3227 695 3282 Anna!
730 3227 966 3282 uirtutem
1005 3223 1207 3279 laudat.
1235 3221 1458 3280 Assidue
1498 3223 1771 3279 orandum.

150 3318 532 3377 --Geminam
595 3318 829 3389 scriptor
873 3318 960 3374 hic
1011 3317 1269 3373 virtutem
1318 3317 1374 3374 in
1420 3317 1620 3372 femina
1673 3330 1777 3372 suo

153 3410 472 3468 testimonio
495 3410 909 3482 comprobavit:
945 3411 996 3465 in
1023 3409 1278 3481 precibus
1318 3409 1688 3465 assiduitatem
1723 3417 1780 3465 et

157 3501 328 3558 animi
375 3501 746 3573 vigilantiam:
777 3501 924 3556 illam
968 3502 1208 3572 quidem,
1235 3515 1359 3557 cum
1386 3501 1481 3569 ait,
1515 3499 1778 3570 Multipli-

154 3595 286 3649 casit
317 3610 338 3660 ;
367 3592 527 3661 hanc,
550 3609 673 3649 cum
713 3592 952 3659 addidit,
985 3591 1052 3647 In
1071 3601 1347 3663 conspectu
1374 3590 1628 3648 Domini:
1653 3607 1778 3648 nam

155 3698 354 3742 omnes
373 3684 590 3756 quidem
637 3699 879 3752 oramus,
907 3683 1004 3740 sed
1032 3699 1142 3741 non
1188 3698 1382 3740 omnes
1406 3685 1460 3740 is
1486 3693 1778 3757 conspectu

157 3775 279 3834 Dei.
330 3775 542 3833 Etenim
579 3791 704 3832 eum
739 3790 968 3847 corpore
998 3776 1051 3831 in
1085 3785 1225 3832 terra
1262 3785 1551 3846 prostrato,
1583 3786 1638 3833 et
1685 3792 1782 3833 ore

159 3875 370 3924 temere
411 3867 696 3933 delirante,
737 3883 891 3924 mens
916 3868 1112 3938 ubique
1136 3882 1231 3939 per
1259 3868 1482 3924 domum
1511 3883 1576 3925 ac
1605 3869 1778 3924 forum

158 3960 592 4030 circnmvagatur
621 3978 634 4016 :
667 3974 776 4031 quo
795 3975 889 4016 ore
915 3961 1038 4015 talis
1063 3969 1249 4030 posset
1266 3959 1471 4028 dicere,
1495 3961 1638 4032 quod
1658 3977 1780 4017 ora-

160 4053 301 4108 verit
321 4053 374 4108 ln
391 4061 684 4124 conspectu
704 4052 836 4108 Dei?
856 4051 994 4106 Nam
1011 4051 1062 4106 in
1075 4061 1367 4123 conspectu
1393 4052 1602 4108 Domini
1636 4061 1778 4120 orat,

158 4144 256 4214 qui
277 4153 398 4200 orat
423 4144 658 4216 undique
676 4144 939 4214 colligens
959 4157 1111 4198 suam
1131 4151 1388 4207 mentem.
1410 4143 1545 4199 nihil
1575 4144 1780 4201 habens

158 4251 289 4293 cum
311 4245 450 4292 terra
478 4236 813 4306 counnercii,
829 4235 925 4291 sed
950 4235 1018 4290 ad
1039 4234 1214 4308 ipsum
1235 4237 1426 4292 cadum
1440 4240 1462 4272 ¹
1483 4246 1628 4293 totus
1641 4253 1785 4294 com-

158 4330 424 4402 migrans,
445 4328 591 4384 οηιηί
608 4328 931 4399 cogitatione
967 4327 1200 4384 humana
1216 4329 1286 4383 ab
1301 4329 1483 4385 animo
1502 4329 1728 4400 depulsa
1753 4347 1767 4383 :

163 4421 632 4497 quemadmodum
657 4422 711 4478 id
735 4421 994 4492 temporis
1023 4422 1140 4477 haec
1168 4421 1294 4478 fecit
1339 4423 1536 4479 mulier
1569 4441 1582 4478 :
1611 4431 1779 4480 totam

160 4519 316 4575 enim
340 4531 461 4572 sese
489 4515 779 4586 collegerat
805 4527 870 4569 ac
899 4522 1135 4570 mentem
1179 4514 1504 4583 intenderat,
1525 4526 1687 4588 atque
1707 4516 1781 4572 ita

163 4611 342 4667 Deum
384 4607 654 4664 invocavit
698 4604 881 4660 animo
917 4603 1155 4661 dolente.
1199 4605 1306 4662 Sed
1333 4622 1432 4663 cur
1474 4608 1780 4674 dicit,eam

163 4700 557 4772 multiplicasse
591 4697 975 4770 precationem,
992 4696 1208 4768 quando
1233 4700 1458 4771 exiguus
1481 4710 1566 4756 est
1590 4699 1782 4758 modus

161 4793 516 4868 precationis,
529 4806 691 4863 quam
717 4788 854 4846 fudit
880 4788 1108 4844 mulier?
1131 4787 1316 4860 Neque
1338 4792 1391 4846 in
1415 4792 1631 4863 longum
1654 4805 1783 4864 pro-

162 4884 322 4942 duxit
345 4897 676 4950 sermonem,
695 4895 871 4952 neque
899 4878 952 4934 in
984 4879 1212 4935 multum
1233 4884 1492 4953 temporis
1505 4883 1746 4940 extendit
1760 4883 1782 4917 ⁸

161 4974 615 5046 supplicationem
633 5013 651 5041 ,
682 4970 779 5028 sed
807 4983 974 5041 pauca
1009 4968 1260 5042 nudaque
1274 4972 1435 5029 verba
1463 4973 1784 5046 proloquuta

162 5074 274 5122 est.
303 5065 511 5122 Asoust
541 5078 740 5120 souis:
759 5064 896 5120 Eoos
938 5072 1202 5134 ssssors,
1228 5065 1272 5119 si
1297 5064 1572 5136 respiciens
1612 5080 1785 5137 respe-

161 5158 309 5215 ut-is
334 5157 406 5212 sd
424 5157 763 5213 huutilisstetn
802 5159 1010 5216 ancilla
1052 5171 1188 5226 tua,
1224 5161 1422 5231 meique
1451 5174 1645 5214 memor
1664 5159 1782 5228 [ue-

169 5251 265 5316 ris,
293 5265 386 5304 nec
399 5249 586 5304 oblitus
603 5248 815 5306 ancilla
832 5260 955 5320 tua,
983 5249 1282 5322 dederisqus
1305 5251 1511 5306 ancilla
1526 5259 1629 5305 tua
1661 5266 1785 5322 pro-

170 5343 274 5400 leut
316 5341 868 5412 meummlm
908 5344 1056 5400 illam
1083 5344 1219 5399 dono
1254 5343 1311 5399 in
1338 5352 1611 5412 conspectu
1651 5353 1780 5411 tuo,

169 5453 330 5510 usque
385 5436 458 5492 ad
492 5436 628 5494 dietu
667 5438 846 5493 mortis
890 5438 1074 5510 ipsius.
1119 5435 1378 5494 Visumst
1417 5436 1664 5509 quidquid
1695 5436 1784 5491 in-

169 5572 629 5687 ωὲσιιοσὲιὲιοοιι).
652 5574 938 5636 duo,uonut
957 5571 1214 5626 laudemus
1233 5580 1437 5639 ιωιιυκ,
1457 5571 1546 5626 sed
1566 5578 1784 5625 actuu-

653 5696 801 5749 deest
822 5697 875 5748 in
895 5695 1110 5762 οοιδηβι
1129 5704 1250 5762 leg.

235 5758 366 5827 {sic
396 5755 671 5827 'Coln._t_luo
707 5767 762 5811 et
783 5766 924 5825 neg.,
949 5759 1129 5812 melius
1159 5755 1306 5827 quam
1326 5759 1472 5812 Savil.
1507 5765 1564 5812 et
1591 5757 1782 5824 κοινοί-ο

162 5823 249 5879 qui
275 5819 488 5877 habent.
510 5819 702 5884 abjccit.

1479 350 1567 407 DE
1607 348 1792 406 ANNA
1831 346 2064 405 εειιιιυ
2091 345 2156 404 ιι.

1871 465 2034 520 ebrias
2059 481 2161 520 non
2186 463 2336 528 bibet,
2367 473 2414 518 et
2440 463 2630 531 [errant
2652 477 2766 516 nos
2779 462 3017 517 ascendet
3028 475 3182 532 super
3205 467 3360 530 caput
3373 457 3494 530 ejus

1870 557 1947 629 (t.
1974 555 2107 629 Reg.
2155 557 2207 613 l.
2247 557 2359 627 ll).
2397 555 2529 625 Quae
2572 564 2658 611 est
2695 555 2781 609 hic
2825 553 3113 610 verborum
3165 551 3496 609 multitudo?

1870 649 2011 718 Quid
2051 649 2212 721 igitur
2261 651 2456 715 innuit,
2484 665 2607 704 cum
2649 648 2746 715 ait,
2776 647 3178 718 Multiplicaeit.’
3213 645 3341 702 llaec
3389 643 3498 700 fre-

1869 751 2101 813 quenter
2144 740 2378 809 dicebat,
2425 757 2527 798 nec
2551 740 2758 797 destitit
2783 739 2974 796 iisdem
3017 739 3199 795 verbis
3237 737 3500 793 iteraudis

1875 837 2106 891 multum
2148 836 2408 908 temporis
2447 835 2756 890 absumere.
2784 833 2862 889 ita
2887 842 2943 889 et
2970 825 3229 884 Christus
3249 825 3304 882 in
3322 823 3498 883 Evan-

1871 926 2012 997 gelio
2037 927 2220 982 docuit
2245 942 2422 983 orare.
2455 925 2593 982 Cum
2625 925 2769 983 enim
2792 925 3048 996 jussisset
3091 922 3391 996 discipulis,
3427 935 3498 976 ne

1872 1034 2024 1075 more
2068 1019 2344 1090 gentilium
2390 1029 2630 1085 orarent,
2661 1027 2876 1075 utentes
2923 1015 3282 1087 multiloquio,
3329 1013 3495 1070 etiam

1873 1111 2090 1166 modum
2118 1111 2442 1181 precationis
2461 1110 2643 1166 docuit
2664 1108 2882 1180 (Matth.
2902 1109 2956 1163 6.
2983 1107 3060 1176 7):
3089 1106 3404 1169 ostendens,
3435 1113 3496 1158 ut

1872 1201 2230 1257 exaudiamur
2276 1217 2384 1258 non
2445 1216 2567 1258 esse
2617 1203 2777 1256 situm
2820 1200 2873 1255 in
2916 1197 3207 1254 verborum
3255 1195 3498 1251 multituo

1873 1293 2020 1360 dine,
2071 1292 2167 1348 sed
2187 1292 2241 1348 in
2267 1293 2541 1365 vigilantia
2567 1291 2784 1347 mentis.
2814 1289 3097 1357 Quomodo
3134 1287 3314 1358 igitur,
3347 1285 3500 1342 dixe-

1876 1384 1947 1439 rit
1992 1383 2223 1455 aliquis,
2272 1385 2316 1440 si
2358 1383 2544 1455 paucis
2593 1381 2860 1439 orandum
2900 1389 3015 1446 est,
3064 1378 3374 1452 parabolam
3418 1379 3500 1433 eis

1875 1479 2174 1550 proposuit,
2219 1477 2604 1534 admonentem
2637 1491 2856 1548 semper
2899 1491 3022 1532 esse
3059 1475 3364 1530 orandum?
3398 1473 3488 1527 Vi-

1873 1572 1977 1626 dua
2020 1572 2266 1640 quaedam
2311 1581 2465 1637 erat,
2505 1587 2627 1642 quae
2675 1570 2893 1626 assidue
2946 1568 3271 1640 appellando
3295 1567 3496 1622 crude-

1875 1662 1982 1718 lem
2031 1662 2460 1718 etiuhumanum
2496 1663 2754 1733 judicem,
2780 1675 2955 1732 neque
2996 1661 3165 1716 Deum
3193 1660 3497 1726 timentem,

1876 1769 2051 1824 neque
2092 1754 2342 1810 homines
2366 1763 2726 1819 reverentern,
2763 1753 3074 1823 frequenter
3115 1750 3306 1808 adiens
3345 1750 3494 1807 flexit

1875 1844 2032 1915 (Luc.
2057 1845 2144 1901 l8.
2166 1843 2314 1918 5-5).
2329 1845 2614 1914 Quomodo
2631 1860 2729 1902 nos
2743 1855 2798 1900 et
2816 1845 3012 1900 Paulus
3025 1845 3273 1899 hortatur
3288 1842 3497 1908 dicens,

1877 1938 2172 1994 Precationi
2213 1941 2460 1996 instantes
2487 1939 2672 2009 (Rom.
2705 1937 2792 1993 η.
2830 1937 2941 2010 12),
2965 1951 3029 1992 ac
3058 1950 3263 1998 rursus,
3291 1933 3499 1990 Indesi-

1875 2040 2053 2086 nenter
2075 2041 2219 2086 orate
2239 2032 2317 2100 (1.
2343 2029 2522 2085 Thess.
2549 2030 2603 2086 5.
2629 2026 2717 2099 l7)
2741 2030 2762 2082 ἲ
2782 2026 2918 2084 Nam
2935 2029 2980 2083 si
3011 2022 3172 2083 verba
3187 2027 3431 2098 proferre
3446 2027 3502 2080 in

1877 2123 2099 2194 longum
2129 2137 2236 2178 non
2263 2131 2502 2192 oportet,
2519 2128 2574 2176 et
2595 2128 2778 2176 tamen
2801 2119 3019 2176 assidue
3043 2134 3219 2184 orare,
3247 2118 3349 2174 hoc
3374 2133 3502 2174 cum

1879 2216 1973 2271 illo
2015 2223 2235 2286 pugnat.
2284 2215 2402 2271 Non
2448 2211 2592 2271 inter
2619 2227 2682 2270 se
2727 2220 2968 2284 pugnant
3013 2213 3144 2278 ista;
3189 2212 3370 2268 absit:
3403 2211 3503 2268 sed

1877 2325 2206 2381 magnopere
2251 2311 2393 2367 inter
2423 2325 2483 2366 se
2512 2317 2840 2380 congruunt.
2865 2304 3142 2378 Siquidem
3173 2317 3226 2363 et
3251 2306 3504 2374 Christus

1877 2410 1933 2456 et
1958 2401 2154 2456 Paulus
2173 2401 2336 2472 jussit
2365 2401 2579 2468 breves,
2604 2399 2699 2456 sed
2732 2397 2954 2456 crebras
2999 2397 3117 2454 fieri
3161 2395 3505 2470 precationes

1876 2507 1943 2547 ex
1992 2493 2180 2563 paucis
2219 2492 2537 2549 intervallis.
2582 2489 2720 2547 Nam
2766 2488 2890 2546 siin
2927 2491 3155 2562 longum
3188 2489 3505 2547 extenderis

1879 2585 2068 2651 verba,
2099 2600 2224 2642 cum
2273 2585 2585 2656 frequenter
2629 2599 2820 2656 parum
2859 2583 2947 2639 sis.
2987 2593 3246 2649 attentus,
3277 2585 3505 2642 multam

1877 2675 2156 2730 audaciam
2182 2676 2398 2732 diabolo
2423 2676 2800 2746 suppeditasti,
2825 2686 2878 2731 ut
2909 2674 3134 2733 accedat
3157 2677 3496 2747 supplantet-

1878 2783 2002 2838 que,
2033 2783 2097 2823 ac
2121 2780 2356 2824 mentem
2377 2768 2447 2824 ab
2477 2769 2542 2824 iis
2567 2784 2688 2839 qum
2708 2767 2963 2823 dicuntur
3007 2777 3202 2823 avocet
3235 2785 3250 2821 :
3279 2767 3424 2840 quod
3451 2770 3500 2826 si

1879 2861 2188 2931 frequenter
2204 2878 2267 2917 ac
2295 2861 2524 2919 subinde
2547 2861 2814 2928 oraveris,
2845 2868 3058 2932 tempus
3104 2875 3267 2916 omne
3295 2861 3507 2918 crebris

1879 2953 2140 3010 dirimens
2169 2955 2484 3020 intervallis,
2513 2953 2670 3010 facile
2707 2954 2909 3024 poteris
2937 2968 3060 3009 esse
3089 2953 3304 3008 sobrius
3329 2967 3394 3009 ac
3420 2954 3505 3009 vi-

1880 3046 2056 3115 gilans
2084 3087 2098 3111 ,
2141 3055 2199 3101 ut
2237 3047 2604 3117 precationem
2649 3045 2820 3099 multa
2866 3060 2989 3099 cum
3031 3044 3331 3100 attentione
3373 3059 3506 3115 per-

1885 3139 2058 3195 licias.
2089 3138 2243 3206 Quod
2292 3152 2425 3193 sane
2463 3134 2581 3192 base
2629 3136 2792 3201 fecit,
2841 3133 2971 3190 dum
3019 3149 3130 3190 non
3178 3134 3341 3206 longo
3383 3151 3507 3191 sero

1882 3247 2065 3299 mone,
2081 3230 2179 3287 sed
2207 3229 2413 3287 crebris
2434 3244 2498 3284 ac
2520 3226 2891 3298 frequentibus
2916 3227 3166 3298 precibus
3183 3227 3320 3283 adiit
3337 3227 3509 3285 Deum

1882 3322 1960 3396 (f.
1993 3321 2125 3396 Reg.
2159 3323 2210 3378 l.
2243 3321 2333 3378 l2.
2365 3321 2481 3391 l3).
2517 3318 2723 3377 Deinde
2755 3329 3105 3391 posteaquam
3145 3319 3400 3376 sacerdos
3428 3320 3506 3378 illi

1881 3415 2109 3471 occlusit
2137 3429 2199 3470 os
2230 3431 2244 3470 :
2275 3429 2400 3469 nam
2427 3413 2528 3468 hoc
2545 3421 2629 3469 est
2652 3412 2797 3483 quod
2825 3410 2922 3480 ait,
2955 3409 3266 3466 Obseruabat
3291 3429 3348 3467 os
3371 3413 3505 3484 ejus,

1883 3519 1929 3564 et
1959 3508 2096 3564 labia
2123 3510 2232 3580 ejus
2256 3508 2604 3573 movebantur,
2635 3521 2734 3560 eos
2759 3513 2928 3559 autem
2965 3503 3106 3560 illius
3133 3520 3236 3558 non
3260 3504 3509 3560 audieba—

1884 3611 1969 3654 tur
1999 3616 2018 3655 :
2043 3608 2229 3656 coacta
2269 3607 2354 3656 est
2392 3597 2614 3654 obedire
2660 3595 2950 3658 sacerdoti,
2979 3603 3034 3650 et
3061 3595 3132 3650 ab
3174 3596 3383 3653 orando
3411 3596 3510 3653 dc-

1883 3690 2096 3746 sistere.
2125 3689 2194 3744 Et
2219 3704 2323 3744 vox
2365 3687 2586 3760 quidem
2615 3687 2692 3742 illi
2742 3687 3032 3742 interclusa
3072 3693 3177 3753 est,
3203 3695 3260 3741 at
3286 3701 3393 3742 non
3422 3696 3509 3743 est

1884 3782 2099 3838 exclusa
2131 3783 2346 3847 fiducia,
2377 3780 2475 3838 sed
2511 3780 2886 3837 vehementius
2911 3779 3078 3836 etiam
3107 3795 3204 3835 cor
3231 3780 3505 3837 clamabat

1886 3873 2051 3928 intus.
2079 3871 2216 3930 Nam
2243 3872 2331 3929 illa
2357 3872 2700 3944 potissimum
2725 3879 2809 3927 est
2838 3873 3097 3941 precatio,
3132 3885 3257 3928 cum
3280 3873 3351 3928 ab
3378 3873 3506 3928 inti-

1885 3964 1990 4019 mis
2015 3977 2176 4019 t'oces
2196 3977 2414 4019 sursum
2442 3961 2685 4017 feruntur
2716 3978 2731 4017 :
2763 3960 2868 4017 hoc
2897 3961 3164 4032 praecipue
3197 3963 3397 4020 mentis
3421 3973 3508 4020 est

1885 4055 2217 4123 exercitatae,
2247 4070 2356 4112 non
2385 4055 2686 4110 intentione
2731 4053 2898 4122 vocis,
2932 4054 3028 4110 sed
3080 4055 3247 4110 animi
3290 4056 3507 4114 fervore

1887 4148 2264 4220 precationem
2293 4146 2596 4203 absolvere.

1957 4239 2015 4296 3.
2036 4239 2127 4296 Sic
2149 4241 2324 4294 oravit
2351 4246 2409 4294 et
2437 4237 2613 4294 Moses
2652 4256 2667 4293 :
2696 4238 2787 4308 qui
2816 4252 2942 4294 cum
2966 4237 3098 4294 nihil
3123 4254 3253 4296 voce
3279 4255 3504 4298 resona-

1887 4341 1991 4400 ret,
2023 4331 2166 4387 Deus
2207 4343 2408 4399 tamen,
2450 4329 2611 4398 Quid,
2635 4328 2830 4401 inquit,
2872 4329 3070 4386 clamas
3105 4333 3177 4387 ad
3201 4349 3282 4388 me
3302 4332 3502 4407 (Exod.

1889 4427 1978 4482 η.
2010 4425 2130 4495 l5)?
2159 4425 2416 4482 Homines
2455 4424 2672 4496 quidem
2693 4435 2974 4482 externam
3001 4424 3142 4482 hanc
3166 4442 3356 4484 vocem
3387 4439 3510 4485 tan-

1889 4528 2002 4574 tum
2027 4519 2274 4586 audiunt,
2299 4527 2356 4573 at
2384 4519 2524 4574 Deus
2549 4525 2605 4574 et
2629 4527 2755 4574 ante
2795 4519 2935 4574 hanc
2979 4520 3123 4577 intus
3149 4521 3509 4582 inclamantes

1886 4608 2056 4666 audit.
2093 4608 2278 4680 Itaque
2323 4608 2439 4664 ﬁeri
2471 4615 2670 4678 potest,
2703 4615 2762 4664 ut
2803 4609 2966 4663 etiam
3012 4609 3106 4681 qui
3133 4626 3242 4668 non
3267 4612 3506 4672 clamant

1887 4700 2198 4768 audiantur,
2225 4709 2286 4756 ut
2318 4714 2415 4771 per
2464 4698 2642 4755 forum
2665 4697 2952 4759 ambulans
2978 4699 3103 4773 quis
3130 4713 3253 4760 oret
3280 4719 3505 4761 accura-

1889 4793 2120 4862 tissime,
2147 4793 2281 4850 etin
2309 4806 2570 4850 consessu
2619 4792 2916 4849 amicorum
2963 4794 3305 4869 aliorumque
3348 4798 3508 4872 quid.

1889 4885 1974 4941 vis
1999 4883 2143 4941 aliud
2169 4898 2334 4957 agens
2359 4883 2667 4941 vehementi
2689 4884 2928 4944 clamore
2953 4885 3168 4943 inuncet
3191 4887 3383 4959 Deum,
3402 4890 3508 4950 cla-

1888 4991 2065 5046 more,
2097 4976 2340 5049 inquam,
2367 4975 2603 5044 interno,
2635 4975 2850 5032 etiamsi
2888 4976 3021 5033 nihil
3067 4976 3250 5048 faciat,
3289 4982 3434 5053 quod
3474 5000 3508 5041 a

1886 5081 2158 5141 quoquam
2187 5067 2538 5139 pmsentium
2583 5067 2867 5124 sentiatur.
2898 5066 3055 5138 Quod
3081 5083 3216 5126 sane
3244 5081 3361 5129 tum
3390 5073 3510 5132 ham

1888 5160 2016 5217 fecit
2060 5157 2279 5216 mulier.
2342 5156 2474 5223 Vos,
2505 5158 2700 5230 inquit,
2748 5157 2894 5215 illius
2936 5176 3040 5215 non
3083 5161 3427 5230 audiebatur;
3452 5177 3510 5224 et

1888 5255 2170 5312 exaudivit
2212 5255 2361 5312 illam
2411 5254 2602 5312 Deus:
2635 5263 2816 5312 tantus
2848 5262 2968 5311 erat
2999 5253 3144 5313 illius
3188 5257 3400 5316 clamor
3425 5260 3509 5318 in.

1890 5357 2097 5404 tcruus.
2129 5346 2196 5403 Et
2223 5347 2354 5404 dixit
2394 5347 2474 5402 illi
2504 5362 2632 5418 puer
2675 5345 2838 5404 Deli:
2872 5346 3148 5420 Quousque
3182 5352 3286 5407 sris
3330 5352 3510 5410 ebria?

1893 5439 2101 5496 Discute
2125 5440 2300 5494 sinuin
2339 5450 2483 5495 tuum
2521 5440 2612 5498 abs
2633 5449 2700 5507 te,
2735 5449 2790 5496 et
2823 5439 3004 5496 recede
3026 5457 3070 5496 ts.
3092 5455 3369 5515 conspectu
3400 5445 3510 5503 Do-

1888 5533 2016 5589 mini
2030 5532 2107 5602 (i.
2122 5531 2252 5603 Reg.
2277 5532 2330 5588 ι.
2355 5531 2464 5604 ib).
2485 5530 2585 5588 Hic
2606 5530 2944 5603 potissimum
2969 5530 3098 5589 licet
3126 5533 3288 5605 hujus
3311 5536 3511 5596 mulie-

1888 5626 1965 5681 ris
1983 5623 2376 5697 philosophiam
2400 5625 2723 5697 perspicere.
2743 5623 2898 5680 Domi
2913 5624 3275 5696 exprobrabat
3288 5630 3507 5700 aemula;

1888 5719 2041 5776 venit
2064 5718 2116 5773 in
2139 5717 2424 5788 templum,
2441 5725 2498 5773 et
2518 5715 2817 5774 sacerdotis
2840 5731 2976 5788 puer
3012 5717 3180 5773 allicit
3201 5719 3348 5776 illam
3368 5735 3509 5780 cott-

1887 5805 2137 5874 tumelia.
2161 5819 2217 5868 et
2246 5811 2488 5882 increpat
2530 5810 2648 5883 ipse
2687 5808 2962 5870 sacerdos.
3005 5807 3281 5884 Etl‘ugerat
3316 5813 3508 5874 dome-
