  <div class='ocr_page' id='page_1' title='image "/cluster/home/n/w/nwhite01/storage/ocr_20150623/54/ien.35556001660810/279.png"; bbox 0 0 4066 6430; ppageno 0'>
   <div class='ocr_carea' id='block_1_1' title="bbox 579 384 681 440">
    <p class='ocr_par' dir='ltr' id='par_1_1' title="bbox 579 384 681 440">
     <span class='ocr_line' id='line_1_1' title="bbox 579 384 681 440; baseline 0.01 -2"><span class='ocrx_word' id='word_1_1' title='bbox 579 384 681 440; x_wconf 61' lang='grc'><strong>647</strong></span> 
     </span>
    </p>
   </div>
   <div class='ocr_carea' id='block_1_2' title="bbox 572 485 2164 564">
    <p class='ocr_par' dir='ltr' id='par_1_2' title="bbox 572 485 2164 564">
     <span class='ocr_line' id='line_1_2' title="bbox 572 485 2164 564; baseline -0.008 -10"><span class='ocrx_word' id='word_1_2' title='bbox 572 497 762 554; x_wconf 79' lang='lat' dir='ltr'><strong>alicam</strong></span> <span class='ocrx_word' id='word_1_3' title='bbox 805 502 1192 564; x_wconf 80' lang='lat' dir='ltr'><strong>tempestatem,</strong></span> <span class='ocrx_word' id='word_1_4' title='bbox 1207 490 1357 546; x_wconf 88' lang='lat' dir='ltr'><strong>.venit</strong></span> <span class='ocrx_word' id='word_1_5' title='bbox 1376 490 1430 544; x_wconf 92' lang='lat' dir='ltr'><strong>in</strong></span> <span class='ocrx_word' id='word_1_6' title='bbox 1451 498 1684 559; x_wconf 89' lang='lat' dir='ltr'><strong>portum,</strong></span> <span class='ocrx_word' id='word_1_7' title='bbox 1706 497 1763 544; x_wconf 91' lang='lat' dir='ltr'><strong>et</strong></span> <span class='ocrx_word' id='word_1_8' title='bbox 1796 500 1982 543; x_wconf 82' lang='lat' dir='ltr'><strong>rursus</strong></span> <span class='ocrx_word' id='word_1_9' title='bbox 2017 485 2164 541; x_wconf 80' lang='lat' dir='ltr'><strong>inve-</strong></span> 
     </span>
    </p>
   </div>
   <div class='ocr_carea' id='block_1_3' title="bbox 574 576 2166 651">
    <p class='ocr_par' dir='ltr' id='par_1_3' title="bbox 574 576 2166 651">
     <span class='ocr_line' id='line_1_3' title="bbox 574 576 2166 651; baseline -0.008 -8"><span class='ocrx_word' id='word_1_10' title='bbox 574 587 656 643; x_wconf 99' lang='lat' dir='ltr'><strong>nit</strong></span> <span class='ocrx_word' id='word_1_11' title='bbox 674 585 866 641; x_wconf 74' lang='lat' dir='ltr'><strong>(luctus</strong></span> <span class='ocrx_word' id='word_1_12' title='bbox 883 583 1060 641; x_wconf 81' lang='lat' dir='ltr'><strong>:venit</strong></span> <span class='ocrx_word' id='word_1_13' title='bbox 1087 589 1367 651; x_wconf 87' lang='lat' dir='ltr'><strong>acceptura</strong></span> <span class='ocrx_word' id='word_1_14' title='bbox 1390 580 1742 650; x_wconf 83' lang='lat' dir='ltr'><strong>medicamen,</strong></span> <span class='ocrx_word' id='word_1_15' title='bbox 1768 577 1863 634; x_wconf 85' lang='lat' dir='ltr'><strong>sed</strong></span> <span class='ocrx_word' id='word_1_16' title='bbox 1889 576 2066 632; x_wconf 87' lang='lat' dir='ltr'><strong>addita</strong></span> <span class='ocrx_word' id='word_1_17' title='bbox 2082 583 2166 631; x_wconf 82' lang='lat' dir='ltr'><strong>est</strong></span> 
     </span>
    </p>
   </div>
   <div class='ocr_carea' id='block_1_4' title="bbox 577 668 2163 748">
    <p class='ocr_par' dir='ltr' id='par_1_4' title="bbox 577 668 2163 748">
     <span class='ocr_line' id='line_1_4' title="bbox 577 668 2163 748; baseline -0.009 -15"><span class='ocrx_word' id='word_1_18' title='bbox 577 677 894 748; x_wconf 89' lang='lat' dir='ltr'><strong>probrorum</strong></span> <span class='ocrx_word' id='word_1_19' title='bbox 918 674 1093 746; x_wconf 83' lang='lat' dir='ltr'><strong>plaga,</strong></span> <span class='ocrx_word' id='word_1_20' title='bbox 1117 687 1219 742; x_wconf 89' lang='lat' dir='ltr'><strong>qua</strong></span> <span class='ocrx_word' id='word_1_21' title='bbox 1249 671 1443 726; x_wconf 83' lang='lat' dir='ltr'><strong>vulnus</strong></span> <span class='ocrx_word' id='word_1_22' title='bbox 1467 678 1754 735; x_wconf 89' lang='lat' dir='ltr'><strong>cresceret,</strong></span> <span class='ocrx_word' id='word_1_23' title='bbox 1785 668 1982 724; x_wconf 89' lang='lat' dir='ltr'><strong>nedum</strong></span> <span class='ocrx_word' id='word_1_24' title='bbox 2011 681 2163 720; x_wconf 58' lang='lat' dir='ltr'><strong>cura.</strong></span> 
     </span>
    </p>
   </div>
   <div class='ocr_carea' id='block_1_5' title="bbox 577 757 2163 834">
    <p class='ocr_par' dir='ltr' id='par_1_5' title="bbox 577 757 2163 834">
     <span class='ocr_line' id='line_1_5' title="bbox 577 757 2163 834; baseline -0.008 -11"><span class='ocrx_word' id='word_1_25' title='bbox 577 778 749 824; x_wconf 90' lang='lat' dir='ltr'><strong>retur.</strong></span> <span class='ocrx_word' id='word_1_26' title='bbox 759 765 917 822; x_wconf 84' lang='lat' dir='ltr'><strong>Scitis</strong></span> <span class='ocrx_word' id='word_1_27' title='bbox 932 765 1074 820; x_wconf 92' lang='lat' dir='ltr'><strong>enim</strong></span> <span class='ocrx_word' id='word_1_28' title='bbox 1091 763 1168 834; x_wconf 67' lang='grc' dir='ltr'><strong>(ια)</strong></span> <span class='ocrx_word' id='word_1_29' title='bbox 1185 762 1452 833; x_wconf 84' lang='lat' dir='ltr'><strong>quomodo</strong></span> <span class='ocrx_word' id='word_1_30' title='bbox 1466 761 1626 815; x_wconf 90' lang='lat' dir='ltr'><strong>animi</strong></span> <span class='ocrx_word' id='word_1_31' title='bbox 1657 768 1946 815; x_wconf 75' lang='lat' dir='ltr'><strong>mterentes</strong></span> <span class='ocrx_word' id='word_1_32' title='bbox 1973 757 2163 811; x_wconf 88' lang='lat' dir='ltr'><strong>adver-</strong></span> 
     </span>
    </p>
   </div>
   <div class='ocr_carea' id='block_1_6' title="bbox 585 847 2161 914">
    <p class='ocr_par' dir='ltr' id='par_1_6' title="bbox 585 847 2161 914">
     <span class='ocr_line' id='line_1_6' title="bbox 585 847 2161 914; baseline -0.008 0"><span class='ocrx_word' id='word_1_33' title='bbox 585 871 681 914; x_wconf 88' lang='lat' dir='ltr'><strong>sus</strong></span> <span class='ocrx_word' id='word_1_34' title='bbox 724 854 1072 912; x_wconf 77' lang='lat' dir='ltr'><strong>contumelias</strong></span> <span class='ocrx_word' id='word_1_35' title='bbox 1099 861 1152 909; x_wconf 91' lang='lat' dir='ltr'><strong>et</strong></span> <span class='ocrx_word' id='word_1_36' title='bbox 1178 853 1413 908; x_wconf 82' lang='lat' dir='ltr'><strong>convicia</strong></span> <span class='ocrx_word' id='word_1_37' title='bbox 1462 853 1568 906; x_wconf 86' lang='lat' dir='ltr'><strong>sint</strong></span> <span class='ocrx_word' id='word_1_38' title='bbox 1609 849 1801 906; x_wconf 68' lang='lat' dir='ltr'><strong>aﬂecti.</strong></span> <span class='ocrx_word' id='word_1_39' title='bbox 1831 848 1980 904; x_wconf 87' lang='lat' dir='ltr'><strong>Sicut</strong></span> <span class='ocrx_word' id='word_1_40' title='bbox 2018 847 2161 903; x_wconf 87' lang='lat' dir='ltr'><strong>enim</strong></span> 
     </span>
    </p>
   </div>
   <div class='ocr_carea' id='block_1_7' title="bbox 575 941 2162 1013">
    <p class='ocr_par' dir='ltr' id='par_1_7' title="bbox 575 941 2162 1013">
     <span class='ocr_line' id='line_1_7' title="bbox 575 941 2162 1013; baseline -0.008 -9"><span class='ocrx_word' id='word_1_41' title='bbox 575 948 769 1004; x_wconf 86' lang='lat' dir='ltr'><strong>acerba</strong></span> <span class='ocrx_word' id='word_1_42' title='bbox 804 947 1032 1001; x_wconf 82' lang='lat' dir='ltr'><strong>vulnera</strong></span> <span class='ocrx_word' id='word_1_43' title='bbox 1060 961 1125 999; x_wconf 90' lang='lat' dir='ltr'><strong>ne</strong></span> <span class='ocrx_word' id='word_1_44' title='bbox 1162 945 1335 1000; x_wconf 91' lang='lat' dir='ltr'><strong>levem</strong></span> <span class='ocrx_word' id='word_1_45' title='bbox 1379 941 1594 1013; x_wconf 78' lang='lat' dir='ltr'><strong>quidem</strong></span> <span class='ocrx_word' id='word_1_46' title='bbox 1635 954 1824 998; x_wconf 72' lang='lat' dir='ltr'><strong>manus</strong></span> <span class='ocrx_word' id='word_1_47' title='bbox 1859 946 2162 995; x_wconf 75' lang='lat' dir='ltr'><strong>contactum</strong></span> 
     </span>
    </p>
   </div>
   <div class='ocr_carea' id='block_1_8' title="bbox 575 1028 2163 1104">
    <p class='ocr_par' dir='ltr' id='par_1_8' title="bbox 575 1028 2163 1104">
     <span class='ocr_line' id='line_1_8' title="bbox 575 1028 2163 1104; baseline -0.008 -9"><span class='ocrx_word' id='word_1_48' title='bbox 575 1039 758 1095; x_wconf 84' lang='lat' dir='ltr'><strong>lerunt</strong></span> <span class='ocrx_word' id='word_1_49' title='bbox 785 1054 799 1090; x_wconf 90' lang='lat'><strong>:</strong></span> <span class='ocrx_word' id='word_1_50' title='bbox 828 1037 906 1093; x_wconf 86' lang='lat' dir='ltr'><strong>sic</strong></span> <span class='ocrx_word' id='word_1_51' title='bbox 929 1046 986 1091; x_wconf 92' lang='lat' dir='ltr'><strong>et</strong></span> <span class='ocrx_word' id='word_1_52' title='bbox 1011 1036 1221 1090; x_wconf 88' lang='lat' dir='ltr'><strong>animus</strong></span> <span class='ocrx_word' id='word_1_53' title='bbox 1245 1033 1582 1104; x_wconf 73' lang='lat' dir='ltr'><strong>perturbatus</strong></span> <span class='ocrx_word' id='word_1_54' title='bbox 1605 1047 1669 1087; x_wconf 89' lang='lat' dir='ltr'><strong>ac</strong></span> <span class='ocrx_word' id='word_1_55' title='bbox 1697 1045 1942 1086; x_wconf 84' lang='lat' dir='ltr'><strong>morosus</strong></span> <span class='ocrx_word' id='word_1_56' title='bbox 1957 1028 2022 1084; x_wconf 90' lang='lat' dir='ltr'><strong>ad</strong></span> <span class='ocrx_word' id='word_1_57' title='bbox 2043 1042 2163 1084; x_wconf 88' lang='lat' dir='ltr'><strong>om-</strong></span> 
     </span>
    </p>
   </div>
   <div class='ocr_carea' id='block_1_9' title="bbox 578 1118 2160 1197">
    <p class='ocr_par' dir='ltr' id='par_1_9' title="bbox 578 1118 2160 1197">
     <span class='ocr_line' id='line_1_9' title="bbox 578 1118 2160 1197; baseline -0.007 -13"><span class='ocrx_word' id='word_1_58' title='bbox 578 1130 665 1184; x_wconf 90' lang='lat' dir='ltr'><strong>nia</strong></span> <span class='ocrx_word' id='word_1_59' title='bbox 696 1127 1001 1197; x_wconf 76' lang='lat' dir='ltr'><strong>indignatur</strong></span> <span class='ocrx_word' id='word_1_60' title='bbox 1038 1124 1248 1194; x_wconf 75' lang='lat' dir='ltr'><strong>levique</strong></span> <span class='ocrx_word' id='word_1_61' title='bbox 1273 1123 1438 1178; x_wconf 88' lang='lat' dir='ltr'><strong>verbo</strong></span> <span class='ocrx_word' id='word_1_62' title='bbox 1478 1121 1750 1176; x_wconf 86' lang='lat' dir='ltr'><strong>mordetur</strong></span> <span class='ocrx_word' id='word_1_63' title='bbox 1774 1129 1830 1175; x_wconf 92' lang='lat' dir='ltr'><strong>et</strong></span> <span class='ocrx_word' id='word_1_64' title='bbox 1856 1118 2160 1175; x_wconf 70' lang='lat' dir='ltr'><strong>oﬂenditur.</strong></span> 
     </span>
    </p>
   </div>
   <div class='ocr_carea' id='block_1_10' title="bbox 574 1211 2161 1282">
    <p class='ocr_par' dir='ltr' id='par_1_10' title="bbox 574 1211 2161 1282">
     <span class='ocr_line' id='line_1_10' title="bbox 574 1211 2161 1282; baseline -0.006 -8"><span class='ocrx_word' id='word_1_65' title='bbox 574 1218 773 1276; x_wconf 80' lang='lat' dir='ltr'><strong>Verum</strong></span> <span class='ocrx_word' id='word_1_66' title='bbox 801 1218 906 1273; x_wconf 87' lang='lat' dir='ltr'><strong>hoc</strong></span> <span class='ocrx_word' id='word_1_67' title='bbox 926 1231 1030 1272; x_wconf 92' lang='lat' dir='ltr'><strong>non</strong></span> <span class='ocrx_word' id='word_1_68' title='bbox 1056 1215 1248 1270; x_wconf 87' lang='lat' dir='ltr'><strong>accidit</strong></span> <span class='ocrx_word' id='word_1_69' title='bbox 1270 1214 1393 1269; x_wconf 88' lang='lat' dir='ltr'><strong>huic</strong></span> <span class='ocrx_word' id='word_1_70' title='bbox 1420 1213 1650 1280; x_wconf 89' lang='lat' dir='ltr'><strong>mulieri,</strong></span> <span class='ocrx_word' id='word_1_71' title='bbox 1681 1227 1750 1268; x_wconf 86' lang='lat' dir='ltr'><strong>ne</strong></span> <span class='ocrx_word' id='word_1_72' title='bbox 1779 1222 1888 1267; x_wconf 91' lang='lat' dir='ltr'><strong>tum</strong></span> <span class='ocrx_word' id='word_1_73' title='bbox 1919 1211 2161 1282; x_wconf 87' lang='lat' dir='ltr'><strong>quidem,</strong></span> 
     </span>
    </p>
   </div>
   <div class='ocr_carea' id='block_1_11' title="bbox 580 1303 2165 1379">
    <p class='ocr_par' dir='ltr' id='par_1_11' title="bbox 580 1303 2165 1379">
     <span class='ocr_line' id='line_1_11' title="bbox 580 1303 2165 1379; baseline -0.005 -14"><span class='ocrx_word' id='word_1_74' title='bbox 580 1325 704 1365; x_wconf 91' lang='lat' dir='ltr'><strong>cum</strong></span> <span class='ocrx_word' id='word_1_75' title='bbox 730 1324 759 1363; x_wconf 88' lang='lat' dir='ltr'><strong>s</strong></span> <span class='ocrx_word' id='word_1_76' title='bbox 804 1323 969 1379; x_wconf 85' lang='lat' dir='ltr'><strong>puero</strong></span> <span class='ocrx_word' id='word_1_77' title='bbox 1008 1307 1268 1362; x_wconf 84' lang='lat' dir='ltr'><strong>conviciis</strong></span> <span class='ocrx_word' id='word_1_78' title='bbox 1313 1314 1596 1376; x_wconf 83' lang='lat' dir='ltr'><strong>peteretur.</strong></span> <span class='ocrx_word' id='word_1_79' title='bbox 1647 1304 1778 1359; x_wconf 84' lang='lat' dir='ltr'><strong>Nam</strong></span> <span class='ocrx_word' id='word_1_80' title='bbox 1826 1305 1871 1358; x_wconf 91' lang='lat' dir='ltr'><strong>si</strong></span> <span class='ocrx_word' id='word_1_81' title='bbox 1915 1303 2165 1359; x_wconf 74' lang='lat' dir='ltr'><strong>sacerdos</strong></span> 
     </span>
    </p>
   </div>
   <div class='ocr_carea' id='block_1_12' title="bbox 576 1393 2165 1466">
    <p class='ocr_par' dir='ltr' id='par_1_12' title="bbox 576 1393 2165 1466">
     <span class='ocr_line' id='line_1_12' title="bbox 576 1393 2165 1466; baseline -0.007 -9"><span class='ocrx_word' id='word_1_82' title='bbox 576 1401 764 1457; x_wconf 77' lang='lat' dir='ltr'><strong>fuisset</strong></span> <span class='ocrx_word' id='word_1_83' title='bbox 782 1399 1132 1463; x_wconf 81' lang='lat' dir='ltr'><strong>conviciatus,</strong></span> <span class='ocrx_word' id='word_1_84' title='bbox 1157 1413 1264 1451; x_wconf 89' lang='lat' dir='ltr'><strong>non</strong></span> <span class='ocrx_word' id='word_1_85' title='bbox 1283 1404 1399 1452; x_wconf 86' lang='lat' dir='ltr'><strong>erat</strong></span> <span class='ocrx_word' id='word_1_86' title='bbox 1422 1395 1640 1466; x_wconf 81' lang='lat' dir='ltr'><strong>perinde</strong></span> <span class='ocrx_word' id='word_1_87' title='bbox 1666 1393 1902 1449; x_wconf 85' lang='lat' dir='ltr'><strong>miranda</strong></span> <span class='ocrx_word' id='word_1_88' title='bbox 1929 1393 2165 1449; x_wconf 81' lang='lat' dir='ltr'><strong>toleran-</strong></span> 
     </span>
    </p>
   </div>
   <div class='ocr_carea' id='block_1_13' title="bbox 576 1487 2165 1563">
    <p class='ocr_par' dir='ltr' id='par_1_13' title="bbox 576 1487 2165 1563">
     <span class='ocr_line' id='line_1_13' title="bbox 576 1487 2165 1563; baseline -0.006 -15"><span class='ocrx_word' id='word_1_89' title='bbox 576 1494 655 1548; x_wconf 88' lang='lat' dir='ltr'><strong>tia</strong></span> <span class='ocrx_word' id='word_1_90' title='bbox 683 1509 697 1547; x_wconf 91' lang='lat'><strong>:</strong></span> <span class='ocrx_word' id='word_1_91' title='bbox 724 1492 999 1563; x_wconf 76' lang='lat' dir='ltr'><strong>dignitatis</strong></span> <span class='ocrx_word' id='word_1_92' title='bbox 1034 1491 1231 1561; x_wconf 87' lang='lat' dir='ltr'><strong>quippe</strong></span> <span class='ocrx_word' id='word_1_93' title='bbox 1263 1487 1586 1558; x_wconf 82' lang='lat' dir='ltr'><strong>magnitudo,</strong></span> <span class='ocrx_word' id='word_1_94' title='bbox 1614 1501 1676 1541; x_wconf 83' lang='lat' dir='ltr'><strong>ac</strong></span> <span class='ocrx_word' id='word_1_95' title='bbox 1703 1487 2043 1556; x_wconf 77' lang='lat' dir='ltr'><strong>magistratus</strong></span> <span class='ocrx_word' id='word_1_96' title='bbox 2068 1501 2165 1540; x_wconf 86' lang='lat' dir='ltr'><strong>att-</strong></span> 
     </span>
    </p>
   </div>
   <div class='ocr_carea' id='block_1_14' title="bbox 574 1576 2158 1647">
    <p class='ocr_par' dir='ltr' id='par_1_14' title="bbox 574 1576 2158 1647">
     <span class='ocr_line' id='line_1_14' title="bbox 574 1576 2158 1647; baseline -0.008 -6"><span class='ocrx_word' id='word_1_97' title='bbox 574 1585 796 1641; x_wconf 87' lang='lat' dir='ltr'><strong>ctoritas</strong></span> <span class='ocrx_word' id='word_1_98' title='bbox 819 1583 904 1638; x_wconf 89' lang='lat' dir='ltr'><strong>vel</strong></span> <span class='ocrx_word' id='word_1_99' title='bbox 935 1582 1148 1636; x_wconf 86' lang='lat' dir='ltr'><strong>invitam</strong></span> <span class='ocrx_word' id='word_1_100' title='bbox 1188 1581 1329 1634; x_wconf 81' lang='lat' dir='ltr'><strong>illam</strong></span> <span class='ocrx_word' id='word_1_101' title='bbox 1362 1577 1704 1647; x_wconf 81' lang='lat' dir='ltr'><strong>compulisset</strong></span> <span class='ocrx_word' id='word_1_102' title='bbox 1728 1577 1795 1631; x_wconf 87' lang='lat' dir='ltr'><strong>ad</strong></span> <span class='ocrx_word' id='word_1_103' title='bbox 1821 1576 2158 1631; x_wconf 84' lang='lat' dir='ltr'><strong>modestiam.</strong></span> 
     </span>
    </p>
   </div>
   <div class='ocr_carea' id='block_1_15' title="bbox 573 1667 2163 1738">
    <p class='ocr_par' dir='ltr' id='par_1_15' title="bbox 573 1667 2163 1738">
     <span class='ocr_line' id='line_1_15' title="bbox 573 1667 2163 1738; baseline -0.006 -8"><span class='ocrx_word' id='word_1_104' title='bbox 573 1674 728 1730; x_wconf 81' lang='lat' dir='ltr'><strong>Nune</strong></span> <span class='ocrx_word' id='word_1_105' title='bbox 753 1687 880 1728; x_wconf 91' lang='lat' dir='ltr'><strong>vero</strong></span> <span class='ocrx_word' id='word_1_106' title='bbox 904 1687 1002 1727; x_wconf 90' lang='lat' dir='ltr'><strong>nec</strong></span> <span class='ocrx_word' id='word_1_107' title='bbox 1020 1671 1278 1727; x_wconf 83' lang='lat' dir='ltr'><strong>adversus</strong></span> <span class='ocrx_word' id='word_1_108' title='bbox 1305 1668 1600 1725; x_wconf 79' lang='lat' dir='ltr'><strong>sacerdmis</strong></span> <span class='ocrx_word' id='word_1_109' title='bbox 1631 1682 1853 1738; x_wconf 89' lang='lat' dir='ltr'><strong>puerum</strong></span> <span class='ocrx_word' id='word_1_110' title='bbox 1895 1667 2163 1738; x_wconf 86' lang='lat' dir='ltr'><strong>indignata</strong></span> 
     </span>
    </p>
   </div>
   <div class='ocr_carea' id='block_1_16' title="bbox 572 1757 2166 1833">
    <p class='ocr_par' dir='ltr' id='par_1_16' title="bbox 572 1757 2166 1833">
     <span class='ocr_line' id='line_1_16' title="bbox 572 1757 2166 1833; baseline -0.005 -13"><span class='ocrx_word' id='word_1_111' title='bbox 572 1772 655 1820; x_wconf 87' lang='lat' dir='ltr'><strong>est</strong></span> <span class='ocrx_word' id='word_1_112' title='bbox 683 1780 698 1818; x_wconf 87' lang='lat'><strong>:</strong></span> <span class='ocrx_word' id='word_1_113' title='bbox 726 1776 833 1833; x_wconf 89' lang='lat' dir='ltr'><strong>quo</strong></span> <span class='ocrx_word' id='word_1_114' title='bbox 859 1763 1026 1832; x_wconf 86' lang='lat' dir='ltr'><strong>magis</strong></span> <span class='ocrx_word' id='word_1_115' title='bbox 1048 1761 1208 1817; x_wconf 85' lang='lat' dir='ltr'><strong>etiam</strong></span> <span class='ocrx_word' id='word_1_116' title='bbox 1239 1760 1341 1815; x_wconf 89' lang='lat' dir='ltr'><strong>sibi</strong></span> <span class='ocrx_word' id='word_1_117' title='bbox 1367 1758 1670 1815; x_wconf 78' lang='lat' dir='ltr'><strong>conciliavit</strong></span> <span class='ocrx_word' id='word_1_118' title='bbox 1701 1759 1883 1814; x_wconf 89' lang='lat' dir='ltr'><strong>Deum.</strong></span> <span class='ocrx_word' id='word_1_119' title='bbox 1916 1757 2004 1814; x_wconf 90' lang='lat' dir='ltr'><strong>Sic</strong></span> <span class='ocrx_word' id='word_1_120' title='bbox 2031 1772 2166 1828; x_wconf 83' lang='lat' dir='ltr'><strong>quo-</strong></span> 
     </span>
    </p>
   </div>
   <div class='ocr_carea' id='block_1_17' title="bbox 573 1852 2164 1926">
    <p class='ocr_par' dir='ltr' id='par_1_17' title="bbox 573 1852 2164 1926">
     <span class='ocr_line' id='line_1_17' title="bbox 573 1852 2164 1926; baseline -0.003 -14"><span class='ocrx_word' id='word_1_121' title='bbox 573 1855 676 1912; x_wconf 87' lang='lat' dir='ltr'><strong>ties</strong></span> <span class='ocrx_word' id='word_1_122' title='bbox 714 1855 1019 1926; x_wconf 86' lang='lat' dir='ltr'><strong>opprobriis</strong></span> <span class='ocrx_word' id='word_1_123' title='bbox 1051 1854 1311 1925; x_wconf 87' lang='lat' dir='ltr'><strong>milleque</strong></span> <span class='ocrx_word' id='word_1_124' title='bbox 1356 1853 1510 1908; x_wconf 88' lang='lat' dir='ltr'><strong>malis</strong></span> <span class='ocrx_word' id='word_1_125' title='bbox 1554 1852 1750 1920; x_wconf 68' lang='lat' dir='ltr'><strong>allecti,</strong></span> <span class='ocrx_word' id='word_1_126' title='bbox 1799 1853 2164 1908; x_wconf 85' lang='lat' dir='ltr'><strong>conviciantes</strong></span> 
     </span>
    </p>
   </div>
   <div class='ocr_carea' id='block_1_18' title="bbox 569 1945 2163 2020">
    <p class='ocr_par' dir='ltr' id='par_1_18' title="bbox 569 1945 2163 2020">
     <span class='ocr_line' id='line_1_18' title="bbox 569 1945 2163 2020; baseline -0.004 -15"><span class='ocrx_word' id='word_1_127' title='bbox 569 1961 837 2020; x_wconf 84' lang='lat' dir='ltr'><strong>generoso</strong></span> <span class='ocrx_word' id='word_1_128' title='bbox 862 1947 1081 2003; x_wconf 82' lang='lat' dir='ltr'><strong>ferimus</strong></span> <span class='ocrx_word' id='word_1_129' title='bbox 1111 1946 1312 2013; x_wconf 88' lang='lat' dir='ltr'><strong>animo,</strong></span> <span class='ocrx_word' id='word_1_130' title='bbox 1335 1945 1590 2016; x_wconf 82' lang='lat' dir='ltr'><strong>majorem</strong></span> <span class='ocrx_word' id='word_1_131' title='bbox 1624 1945 1777 2000; x_wconf 90' lang='lat' dir='ltr'><strong>nobis</strong></span> <span class='ocrx_word' id='word_1_132' title='bbox 1801 1960 1831 2000; x_wconf 86' lang='lat' dir='ltr'><strong>n</strong></span> <span class='ocrx_word' id='word_1_133' title='bbox 1859 1945 1971 2000; x_wconf 87' lang='lat' dir='ltr'><strong>Deo</strong></span> <span class='ocrx_word' id='word_1_134' title='bbox 1999 1945 2163 1999; x_wconf 88' lang='lat' dir='ltr'><strong>bene-</strong></span> 
     </span>
    </p>
   </div>
   <div class='ocr_carea' id='block_1_19' title="bbox 572 2021 1254 2098">
    <p class='ocr_par' dir='ltr' id='par_1_19' title="bbox 572 2021 1254 2098">
     <span class='ocr_line' id='line_1_19' title="bbox 572 2021 1254 2098; baseline -0.006 -2"><span class='ocrx_word' id='word_1_135' title='bbox 572 2021 862 2098; x_wconf 80' lang='lat' dir='ltr'><strong>volentiam</strong></span> <span class='ocrx_word' id='word_1_136' title='bbox 888 2040 1254 2095; x_wconf 82' lang='lat' dir='ltr'><strong>conciliamus.</strong></span> 
     </span>
    </p>
   </div>
   <div class='ocr_carea' id='block_1_20' title="bbox 648 2126 2154 2186">
    <p class='ocr_par' dir='ltr' id='par_1_20' title="bbox 648 2126 2154 2186">
     <span class='ocr_line' id='line_1_20' title="bbox 648 2126 2154 2186; baseline -0.002 0"><span class='ocrx_word' id='word_1_137' title='bbox 648 2129 938 2186; x_wconf 81' lang='lat' dir='ltr'><strong>Tolerantia</strong></span> <span class='ocrx_word' id='word_1_138' title='bbox 962 2130 1299 2183; x_wconf 79' lang='lat' dir='ltr'><strong>conviciorum</strong></span> <span class='ocrx_word' id='word_1_139' title='bbox 1331 2130 1528 2183; x_wconf 77' lang='lat' dir='ltr'><strong>occasio</strong></span> <span class='ocrx_word' id='word_1_140' title='bbox 1553 2128 1717 2182; x_wconf 84' lang='lat' dir='ltr'><strong>meriti</strong></span> <span class='ocrx_word' id='word_1_141' title='bbox 1745 2126 1951 2181; x_wconf 81' lang='lat' dir='ltr'><strong>Dasidi.</strong></span> <span class='ocrx_word' id='word_1_142' title='bbox 1981 2158 2055 2168; x_wconf 91' lang='lat'><strong>—-</strong></span> <span class='ocrx_word' id='word_1_143' title='bbox 2085 2127 2154 2183; x_wconf 86' lang='lat' dir='ltr'><strong>Et</strong></span> 
     </span>
    </p>
   </div>
   <div class='ocr_carea' id='block_1_21' title="bbox 577 2217 2166 2290">
    <p class='ocr_par' dir='ltr' id='par_1_21' title="bbox 577 2217 2166 2290">
     <span class='ocr_line' id='line_1_21' title="bbox 577 2217 2166 2290; baseline -0.003 -14"><span class='ocrx_word' id='word_1_144' title='bbox 577 2219 722 2276; x_wconf 86' lang='lat' dir='ltr'><strong>unde</strong></span> <span class='ocrx_word' id='word_1_145' title='bbox 747 2221 850 2275; x_wconf 86' lang='lat' dir='ltr'><strong>hoc</strong></span> <span class='ocrx_word' id='word_1_146' title='bbox 886 2220 1088 2290; x_wconf 79' lang='lat' dir='ltr'><strong>liquet?</strong></span> <span class='ocrx_word' id='word_1_147' title='bbox 1115 2219 1192 2273; x_wconf 87' lang='lat' dir='ltr'><strong>Ex</strong></span> <span class='ocrx_word' id='word_1_148' title='bbox 1233 2218 1317 2274; x_wconf 84' lang='lat' dir='ltr'><strong>bis</strong></span> <span class='ocrx_word' id='word_1_149' title='bbox 1357 2233 1476 2289; x_wconf 69' lang='lat' dir='ltr'><strong>quae</strong></span> <span class='ocrx_word' id='word_1_150' title='bbox 1518 2233 1747 2274; x_wconf 81' lang='lat' dir='ltr'><strong>evenere</strong></span> <span class='ocrx_word' id='word_1_151' title='bbox 1783 2217 1985 2274; x_wconf 83' lang='lat' dir='ltr'><strong>Davidi.</strong></span> <span class='ocrx_word' id='word_1_152' title='bbox 2029 2217 2166 2285; x_wconf 83' lang='lat' dir='ltr'><strong>Quid</strong></span> 
     </span>
    </p>
   </div>
   <div class='ocr_carea' id='block_1_22' title="bbox 575 2309 2164 2380">
    <p class='ocr_par' dir='ltr' id='par_1_22' title="bbox 575 2309 2164 2380">
     <span class='ocr_line' id='line_1_22' title="bbox 575 2309 2164 2380; baseline -0.004 -12"><span class='ocrx_word' id='word_1_153' title='bbox 575 2321 754 2368; x_wconf 85' lang='lat' dir='ltr'><strong>autem</strong></span> <span class='ocrx_word' id='word_1_154' title='bbox 785 2311 861 2367; x_wconf 92' lang='lat' dir='ltr'><strong>illi</strong></span> <span class='ocrx_word' id='word_1_155' title='bbox 888 2311 1107 2367; x_wconf 76' lang='lat' dir='ltr'><strong>evenit?</strong></span> <span class='ocrx_word' id='word_1_156' title='bbox 1149 2310 1436 2365; x_wconf 86' lang='lat' dir='ltr'><strong>Exsuiabat</strong></span> <span class='ocrx_word' id='word_1_157' title='bbox 1479 2309 1762 2380; x_wconf 78' lang='lat' dir='ltr'><strong>aliquando</strong></span> <span class='ocrx_word' id='word_1_158' title='bbox 1805 2324 1836 2364; x_wconf 92' lang='lat' dir='ltr'><strong>e</strong></span> <span class='ocrx_word' id='word_1_159' title='bbox 1863 2311 2053 2380; x_wconf 88' lang='lat' dir='ltr'><strong>patria,</strong></span> <span class='ocrx_word' id='word_1_160' title='bbox 2088 2310 2164 2363; x_wconf 86' lang='lat' dir='ltr'><strong>si-</strong></span> 
     </span>
    </p>
   </div>
   <div class='ocr_carea' id='block_1_23' title="bbox 578 2400 2164 2471">
    <p class='ocr_par' dir='ltr' id='par_1_23' title="bbox 578 2400 2164 2471">
     <span class='ocr_line' id='line_1_23' title="bbox 578 2400 2164 2471; baseline -0.003 -12"><span class='ocrx_word' id='word_1_161' title='bbox 578 2403 691 2459; x_wconf 90' lang='lat' dir='ltr'><strong>mul</strong></span> <span class='ocrx_word' id='word_1_162' title='bbox 715 2412 768 2458; x_wconf 91' lang='lat' dir='ltr'><strong>et</strong></span> <span class='ocrx_word' id='word_1_163' title='bbox 792 2401 859 2458; x_wconf 89' lang='lat' dir='ltr'><strong>de</strong></span> <span class='ocrx_word' id='word_1_164' title='bbox 887 2401 1131 2457; x_wconf 85' lang='lat' dir='ltr'><strong>libertate</strong></span> <span class='ocrx_word' id='word_1_165' title='bbox 1149 2408 1205 2456; x_wconf 88' lang='lat' dir='ltr'><strong>et</strong></span> <span class='ocrx_word' id='word_1_166' title='bbox 1231 2401 1338 2455; x_wconf 85' lang='lat' dir='ltr'><strong>vita</strong></span> <span class='ocrx_word' id='word_1_167' title='bbox 1367 2415 1465 2456; x_wconf 89' lang='lat' dir='ltr'><strong>sua</strong></span> <span class='ocrx_word' id='word_1_168' title='bbox 1494 2400 1820 2471; x_wconf 87' lang='lat' dir='ltr'><strong>periclitans,</strong></span> <span class='ocrx_word' id='word_1_169' title='bbox 1851 2409 1906 2454; x_wconf 87' lang='lat' dir='ltr'><strong>et</strong></span> <span class='ocrx_word' id='word_1_170' title='bbox 1930 2401 2164 2456; x_wconf 87' lang='lat' dir='ltr'><strong>exercitu</strong></span> 
     </span>
    </p>
   </div>
   <div class='ocr_carea' id='block_1_24' title="bbox 576 2493 2166 2566">
    <p class='ocr_par' dir='ltr' id='par_1_24' title="bbox 576 2493 2166 2566">
     <span class='ocr_line' id='line_1_24' title="bbox 576 2493 2166 2566; baseline -0.003 -14"><span class='ocrx_word' id='word_1_171' title='bbox 576 2497 834 2552; x_wconf 81' lang='lat' dir='ltr'><strong>adversus</strong></span> <span class='ocrx_word' id='word_1_172' title='bbox 870 2496 1311 2566; x_wconf 86' lang='lat' dir='ltr'><strong>intemperantem</strong></span> <span class='ocrx_word' id='word_1_173' title='bbox 1338 2493 1487 2548; x_wconf 88' lang='lat' dir='ltr'><strong>illum</strong></span> <span class='ocrx_word' id='word_1_174' title='bbox 1510 2493 1760 2562; x_wconf 83' lang='lat' dir='ltr'><strong>juvenem</strong></span> <span class='ocrx_word' id='word_1_175' title='bbox 1793 2501 2077 2564; x_wconf 85' lang='lat' dir='ltr'><strong>tyrannum</strong></span> <span class='ocrx_word' id='word_1_176' title='bbox 2103 2508 2166 2548; x_wconf 89' lang='lat' dir='ltr'><strong>ac</strong></span> 
     </span>
    </p>
   </div>
   <div class='ocr_carea' id='block_1_25' title="bbox 575 2583 2162 2659">
    <p class='ocr_par' dir='ltr' id='par_1_25' title="bbox 575 2583 2162 2659">
     <span class='ocr_line' id='line_1_25' title="bbox 575 2583 2162 2659; baseline -0.004 -16"><span class='ocrx_word' id='word_1_177' title='bbox 575 2586 896 2659; x_wconf 86' lang='lat' dir='ltr'><strong>parricidam</strong></span> <span class='ocrx_word' id='word_1_178' title='bbox 926 2587 1201 2650; x_wconf 86' lang='lat' dir='ltr'><strong>instructo,</strong></span> <span class='ocrx_word' id='word_1_179' title='bbox 1229 2585 1441 2641; x_wconf 86' lang='lat' dir='ltr'><strong>errabat</strong></span> <span class='ocrx_word' id='word_1_180' title='bbox 1468 2585 1521 2639; x_wconf 92' lang='lat' dir='ltr'><strong>in</strong></span> <span class='ocrx_word' id='word_1_181' title='bbox 1540 2584 1768 2641; x_wconf 85' lang='lat' dir='ltr'><strong>desertis</strong></span> <span class='ocrx_word' id='word_1_182' title='bbox 1791 2583 1866 2656; x_wconf 74' lang='lat'><strong>(2.</strong></span> <span class='ocrx_word' id='word_1_183' title='bbox 1891 2585 2021 2656; x_wconf 73' lang='lat' dir='ltr'><strong>Reg.</strong></span> <span class='ocrx_word' id='word_1_184' title='bbox 2044 2583 2162 2655; x_wconf 84' lang='lat' dir='ltr'><strong>l6):</strong></span> 
     </span>
    </p>
   </div>
   <div class='ocr_carea' id='block_1_26' title="bbox 575 2676 2166 2748">
    <p class='ocr_par' dir='ltr' id='par_1_26' title="bbox 575 2676 2166 2748">
     <span class='ocr_line' id='line_1_26' title="bbox 575 2676 2166 2748; baseline -0.003 -13"><span class='ocrx_word' id='word_1_185' title='bbox 575 2693 678 2735; x_wconf 88' lang='lat' dir='ltr'><strong>nec</strong></span> <span class='ocrx_word' id='word_1_186' title='bbox 719 2687 897 2735; x_wconf 76' lang='lat' dir='ltr'><strong>tamen</strong></span> <span class='ocrx_word' id='word_1_187' title='bbox 952 2677 1254 2748; x_wconf 88' lang='lat' dir='ltr'><strong>indignatus</strong></span> <span class='ocrx_word' id='word_1_188' title='bbox 1311 2685 1416 2743; x_wconf 90' lang='lat' dir='ltr'><strong>est,</strong></span> <span class='ocrx_word' id='word_1_189' title='bbox 1462 2691 1560 2732; x_wconf 90' lang='lat' dir='ltr'><strong>nec</strong></span> <span class='ocrx_word' id='word_1_190' title='bbox 1605 2676 1885 2746; x_wconf 80' lang='lat' dir='ltr'><strong>despondit</strong></span> <span class='ocrx_word' id='word_1_191' title='bbox 1932 2677 2166 2731; x_wconf 87' lang='lat' dir='ltr'><strong>animum</strong></span> 
     </span>
    </p>
   </div>
   <div class='ocr_carea' id='block_1_27' title="bbox 578 2769 2167 2843">
    <p class='ocr_par' dir='ltr' id='par_1_27' title="bbox 578 2769 2167 2843">
     <span class='ocr_line' id='line_1_27' title="bbox 578 2769 2167 2843; baseline -0.003 -17"><span class='ocrx_word' id='word_1_192' title='bbox 578 2771 722 2843; x_wconf 85' lang='lat' dir='ltr'><strong>apud</strong></span> <span class='ocrx_word' id='word_1_193' title='bbox 752 2771 942 2834; x_wconf 87' lang='lat' dir='ltr'><strong>Deum,</strong></span> <span class='ocrx_word' id='word_1_194' title='bbox 974 2784 1146 2840; x_wconf 88' lang='lat' dir='ltr'><strong>neque</strong></span> <span class='ocrx_word' id='word_1_195' title='bbox 1165 2769 1300 2824; x_wconf 90' lang='lat' dir='ltr'><strong>dixit</strong></span> <span class='ocrx_word' id='word_1_196' title='bbox 1328 2787 1342 2824; x_wconf 92' lang='lat'><strong>:</strong></span> <span class='ocrx_word' id='word_1_197' title='bbox 1375 2769 1510 2837; x_wconf 83' lang='lat' dir='ltr'><strong>Quid</strong></span> <span class='ocrx_word' id='word_1_198' title='bbox 1551 2769 1760 2824; x_wconf 87' lang='lat' dir='ltr'><strong>tandem</strong></span> <span class='ocrx_word' id='word_1_199' title='bbox 1811 2769 1914 2825; x_wconf 89' lang='lat' dir='ltr'><strong>hoc</strong></span> <span class='ocrx_word' id='word_1_200' title='bbox 1941 2770 2017 2826; x_wconf 90' lang='lat' dir='ltr'><strong>rei</strong></span> <span class='ocrx_word' id='word_1_201' title='bbox 2046 2770 2167 2825; x_wconf 85' lang='lat' dir='ltr'><strong>est?</strong></span> 
     </span>
    </p>
   </div>
   <div class='ocr_carea' id='block_1_28' title="bbox 575 2861 2166 2934">
    <p class='ocr_par' dir='ltr' id='par_1_28' title="bbox 575 2861 2166 2934">
     <span class='ocr_line' id='line_1_28' title="bbox 575 2861 2166 2934; baseline -0.001 -16"><span class='ocrx_word' id='word_1_202' title='bbox 575 2862 824 2934; x_wconf 85' lang='lat' dir='ltr'><strong>permisit</strong></span> <span class='ocrx_word' id='word_1_203' title='bbox 865 2870 924 2917; x_wconf 91' lang='lat' dir='ltr'><strong>ut</strong></span> <span class='ocrx_word' id='word_1_204' title='bbox 955 2861 1094 2916; x_wconf 81' lang='lat' dir='ltr'><strong>illius</strong></span> <span class='ocrx_word' id='word_1_205' title='bbox 1134 2862 1428 2931; x_wconf 74' lang='lat' dir='ltr'><strong>insurgeret</strong></span> <span class='ocrx_word' id='word_1_206' title='bbox 1465 2861 1725 2916; x_wconf 85' lang='lat' dir='ltr'><strong>adversus</strong></span> <span class='ocrx_word' id='word_1_207' title='bbox 1764 2861 1945 2927; x_wconf 90' lang='lat' dir='ltr'><strong>illum,</strong></span> <span class='ocrx_word' id='word_1_208' title='bbox 1987 2876 2017 2914; x_wconf 88' lang='lat' dir='ltr'><strong>a</strong></span> <span class='ocrx_word' id='word_1_209' title='bbox 2060 2875 2166 2930; x_wconf 85' lang='lat' dir='ltr'><strong>quo</strong></span> 
     </span>
    </p>
   </div>
   <div class='ocr_carea' id='block_1_29' title="bbox 575 2951 2167 3025">
    <p class='ocr_par' dir='ltr' id='par_1_29' title="bbox 575 2951 2167 3025">
     <span class='ocr_line' id='line_1_29' title="bbox 575 2951 2167 3025; baseline -0.002 -16"><span class='ocrx_word' id='word_1_210' title='bbox 575 2954 788 3025; x_wconf 85' lang='lat' dir='ltr'><strong>genitus</strong></span> <span class='ocrx_word' id='word_1_211' title='bbox 811 2953 1046 3023; x_wconf 83' lang='lat' dir='ltr'><strong>estzqui</strong></span> <span class='ocrx_word' id='word_1_212' title='bbox 1070 2952 1280 3007; x_wconf 89' lang='lat' dir='ltr'><strong>etiamsi</strong></span> <span class='ocrx_word' id='word_1_213' title='bbox 1322 2951 1447 3022; x_wconf 92' lang='lat' dir='ltr'><strong>quid</strong></span> <span class='ocrx_word' id='word_1_214' title='bbox 1489 2951 1732 3019; x_wconf 88' lang='lat' dir='ltr'><strong>haberet,</strong></span> <span class='ocrx_word' id='word_1_215' title='bbox 1776 2951 1844 3008; x_wconf 89' lang='lat' dir='ltr'><strong>de</strong></span> <span class='ocrx_word' id='word_1_216' title='bbox 1886 2968 1992 3023; x_wconf 91' lang='lat' dir='ltr'><strong>quo</strong></span> <span class='ocrx_word' id='word_1_217' title='bbox 2024 2953 2167 3022; x_wconf 87' lang='lat' dir='ltr'><strong>jusle</strong></span> 
     </span>
    </p>
   </div>
   <div class='ocr_carea' id='block_1_30' title="bbox 577 3043 2166 3117">
    <p class='ocr_par' dir='ltr' id='par_1_30' title="bbox 577 3043 2166 3117">
     <span class='ocr_line' id='line_1_30' title="bbox 577 3043 2166 3117; baseline -0.001 -16"><span class='ocrx_word' id='word_1_218' title='bbox 577 3047 730 3117; x_wconf 88' lang='lat' dir='ltr'><strong>queri</strong></span> <span class='ocrx_word' id='word_1_219' title='bbox 778 3053 984 3116; x_wconf 82' lang='lat' dir='ltr'><strong>posset,</strong></span> <span class='ocrx_word' id='word_1_220' title='bbox 1022 3060 1128 3099; x_wconf 91' lang='lat' dir='ltr'><strong>non</strong></span> <span class='ocrx_word' id='word_1_221' title='bbox 1167 3043 1403 3113; x_wconf 87' lang='lat' dir='ltr'><strong>oportuit</strong></span> <span class='ocrx_word' id='word_1_222' title='bbox 1449 3051 1626 3099; x_wconf 87' lang='lat' dir='ltr'><strong>tamen</strong></span> <span class='ocrx_word' id='word_1_223' title='bbox 1679 3044 1728 3099; x_wconf 93' lang='lat' dir='ltr'><strong>id</strong></span> <span class='ocrx_word' id='word_1_224' title='bbox 1777 3044 1953 3100; x_wconf 83' lang='lat' dir='ltr'><strong>facere</strong></span> <span class='ocrx_word' id='word_1_225' title='bbox 1982 3063 1995 3097; x_wconf 90' lang='lat'>:</span> <span class='ocrx_word' id='word_1_226' title='bbox 2027 3061 2166 3100; x_wconf 93' lang='lat' dir='ltr'><strong>nunc</strong></span> 
     </span>
    </p>
   </div>
   <div class='ocr_carea' id='block_1_31' title="bbox 577 3119 2166 3208">
    <p class='ocr_par' dir='ltr' id='par_1_31' title="bbox 577 3119 2166 3208">
     <span class='ocr_line' id='line_1_31' title="bbox 577 3119 2166 3208; baseline 0.001 -16"><span class='ocrx_word' id='word_1_227' title='bbox 577 3152 708 3194; x_wconf 86' lang='lat' dir='ltr'><strong>vero</strong></span> <span class='ocrx_word' id='word_1_228' title='bbox 732 3153 831 3194; x_wconf 89' lang='lat' dir='ltr'><strong>nec</strong></span> <span class='ocrx_word' id='word_1_229' title='bbox 858 3119 911 3193; x_wconf 85' lang='lat' dir='ltr'><strong>in</strong></span> <span class='ocrx_word' id='word_1_230' title='bbox 937 3152 1103 3208; x_wconf 90' lang='lat' dir='ltr'><strong>parvo</strong></span> <span class='ocrx_word' id='word_1_231' title='bbox 1132 3153 1231 3194; x_wconf 88' lang='lat' dir='ltr'><strong>nec</strong></span> <span class='ocrx_word' id='word_1_232' title='bbox 1257 3139 1309 3192; x_wconf 91' lang='lat' dir='ltr'><strong>in</strong></span> <span class='ocrx_word' id='word_1_233' title='bbox 1336 3152 1528 3208; x_wconf 86' lang='lat' dir='ltr'><strong>magno</strong></span> <span class='ocrx_word' id='word_1_234' title='bbox 1559 3138 1715 3193; x_wconf 63' lang='lat' dir='ltr'><strong>laesus</strong></span> <span class='ocrx_word' id='word_1_235' title='bbox 1742 3155 1771 3193; x_wconf 88' lang='lat' dir='ltr'><strong>a</strong></span> <span class='ocrx_word' id='word_1_236' title='bbox 1804 3141 1957 3194; x_wconf 88' lang='lat' dir='ltr'><strong>nobis</strong></span> <span class='ocrx_word' id='word_1_237' title='bbox 1984 3140 2166 3194; x_wconf 82' lang='lat' dir='ltr'><strong>obam-</strong></span> 
     </span>
    </p>
   </div>
   <div class='ocr_carea' id='block_1_32' title="bbox 579 3229 2169 3301">
    <p class='ocr_par' dir='ltr' id='par_1_32' title="bbox 579 3229 2169 3301">
     <span class='ocr_line' id='line_1_32' title="bbox 579 3229 2169 3301; baseline 0 -15"><span class='ocrx_word' id='word_1_238' title='bbox 579 3230 749 3297; x_wconf 87' lang='lat' dir='ltr'><strong>bulat,</strong></span> <span class='ocrx_word' id='word_1_239' title='bbox 773 3231 991 3300; x_wconf 80' lang='lat' dir='ltr'><strong>cupiens</strong></span> <span class='ocrx_word' id='word_1_240' title='bbox 1016 3229 1255 3285; x_wconf 79' lang='lat' dir='ltr'><strong>dextram</strong></span> <span class='ocrx_word' id='word_1_241' title='bbox 1285 3240 1505 3300; x_wconf 89' lang='lat' dir='ltr'><strong>paterno</strong></span> <span class='ocrx_word' id='word_1_242' title='bbox 1531 3231 1790 3301; x_wconf 84' lang='lat' dir='ltr'><strong>sanguine</strong></span> <span class='ocrx_word' id='word_1_243' title='bbox 1830 3232 2086 3300; x_wconf 86' lang='lat' dir='ltr'><strong>polluere,</strong></span> <span class='ocrx_word' id='word_1_244' title='bbox 2114 3241 2169 3286; x_wconf 92' lang='lat' dir='ltr'><strong>et</strong></span> 
     </span>
    </p>
   </div>
   <div class='ocr_carea' id='block_1_33' title="bbox 581 3320 2167 3390">
    <p class='ocr_par' dir='ltr' id='par_1_33' title="bbox 581 3320 2167 3390">
     <span class='ocr_line' id='line_1_33' title="bbox 581 3320 2167 3390; baseline 0 -12"><span class='ocrx_word' id='word_1_245' title='bbox 581 3322 723 3378; x_wconf 83' lang='lat' dir='ltr'><strong>Dens</strong></span> <span class='ocrx_word' id='word_1_246' title='bbox 743 3321 858 3377; x_wconf 70' lang='lat' dir='ltr'><strong>haec</strong></span> <span class='ocrx_word' id='word_1_247' title='bbox 883 3321 1069 3377; x_wconf 87' lang='lat' dir='ltr'><strong>videns</strong></span> <span class='ocrx_word' id='word_1_248' title='bbox 1094 3321 1307 3390; x_wconf 87' lang='lat' dir='ltr'><strong>patitur.</strong></span> <span class='ocrx_word' id='word_1_249' title='bbox 1338 3321 1440 3376; x_wconf 88' lang='lat' dir='ltr'><strong>Sed</strong></span> <span class='ocrx_word' id='word_1_250' title='bbox 1473 3320 1604 3376; x_wconf 86' lang='lat' dir='ltr'><strong>nihil</strong></span> <span class='ocrx_word' id='word_1_251' title='bbox 1635 3327 1820 3376; x_wconf 89' lang='lat' dir='ltr'><strong>horum</strong></span> <span class='ocrx_word' id='word_1_252' title='bbox 1848 3322 2000 3377; x_wconf 81' lang='lat' dir='ltr'><strong>dixit.</strong></span> <span class='ocrx_word' id='word_1_253' title='bbox 2028 3323 2167 3390; x_wconf 86' lang='lat' dir='ltr'><strong>Quin</strong></span> 
     </span>
    </p>
   </div>
   <div class='ocr_carea' id='block_1_34' title="bbox 580 3405 2167 3484">
    <p class='ocr_par' dir='ltr' id='par_1_34' title="bbox 580 3405 2167 3484">
     <span class='ocr_line' id='line_1_34' title="bbox 580 3405 2167 3484; baseline 0.003 -16"><span class='ocrx_word' id='word_1_254' title='bbox 580 3412 720 3483; x_wconf 91' lang='lat' dir='ltr'><strong>quod</strong></span> <span class='ocrx_word' id='word_1_255' title='bbox 741 3405 978 3484; x_wconf 84' lang='lat' dir='ltr'><strong>profecto</strong></span> <span class='ocrx_word' id='word_1_256' title='bbox 1007 3413 1177 3482; x_wconf 86' lang='lat' dir='ltr'><strong>majus</strong></span> <span class='ocrx_word' id='word_1_257' title='bbox 1207 3423 1287 3468; x_wconf 87' lang='lat' dir='ltr'><strong>est</strong></span> <span class='ocrx_word' id='word_1_258' title='bbox 1314 3423 1366 3473; x_wconf 83' lang='lat' dir='ltr'><strong>et</strong></span> <span class='ocrx_word' id='word_1_259' title='bbox 1401 3413 1784 3482; x_wconf 87' lang='lat' dir='ltr'><strong>admirabilius,</strong></span> <span class='ocrx_word' id='word_1_260' title='bbox 1821 3424 2085 3471; x_wconf 84' lang='lat' dir='ltr'><strong>errantem</strong></span> <span class='ocrx_word' id='word_1_261' title='bbox 2113 3425 2167 3472; x_wconf 93' lang='lat' dir='ltr'><strong>et</strong></span> 
     </span>
    </p>
   </div>
   <div class='ocr_carea' id='block_1_35' title="bbox 580 3503 2167 3576">
    <p class='ocr_par' dir='ltr' id='par_1_35' title="bbox 580 3503 2167 3576">
     <span class='ocr_line' id='line_1_35' title="bbox 580 3503 2167 3576; baseline 0.003 -18"><span class='ocrx_word' id='word_1_262' title='bbox 580 3503 814 3574; x_wconf 84' lang='lat' dir='ltr'><strong>undique</strong></span> <span class='ocrx_word' id='word_1_263' title='bbox 860 3504 1142 3574; x_wconf 88' lang='lat' dir='ltr'><strong>expulsum</strong></span> <span class='ocrx_word' id='word_1_264' title='bbox 1190 3505 1364 3561; x_wconf 90' lang='lat' dir='ltr'><strong>Semei</strong></span> <span class='ocrx_word' id='word_1_265' title='bbox 1418 3505 1631 3574; x_wconf 89' lang='lat' dir='ltr'><strong>quidam</strong></span> <span class='ocrx_word' id='word_1_266' title='bbox 1681 3507 1761 3560; x_wconf 86' lang='lat' dir='ltr'><strong>vir</strong></span> <span class='ocrx_word' id='word_1_267' title='bbox 1801 3506 2074 3576; x_wconf 88' lang='lat' dir='ltr'><strong>improbus</strong></span> <span class='ocrx_word' id='word_1_268' title='bbox 2105 3522 2167 3563; x_wconf 90' lang='lat' dir='ltr'><strong>ac</strong></span> 
     </span>
    </p>
   </div>
   <div class='ocr_carea' id='block_1_36' title="bbox 581 3597 2167 3668">
    <p class='ocr_par' dir='ltr' id='par_1_36' title="bbox 581 3597 2167 3668">
     <span class='ocr_line' id='line_1_36' title="bbox 581 3597 2167 3668; baseline 0.001 -16"><span class='ocrx_word' id='word_1_269' title='bbox 581 3599 838 3654; x_wconf 85' lang='lat' dir='ltr'><strong>scelestus</strong></span> <span class='ocrx_word' id='word_1_270' title='bbox 883 3599 1172 3654; x_wconf 80' lang='lat' dir='ltr'><strong>insectatus</strong></span> <span class='ocrx_word' id='word_1_271' title='bbox 1201 3607 1301 3661; x_wconf 89' lang='lat' dir='ltr'><strong>est,</strong></span> <span class='ocrx_word' id='word_1_272' title='bbox 1356 3597 1644 3652; x_wconf 87' lang='lat' dir='ltr'><strong>homicidio</strong></span> <span class='ocrx_word' id='word_1_273' title='bbox 1689 3599 1943 3668; x_wconf 90' lang='lat' dir='ltr'><strong>pollutum</strong></span> <span class='ocrx_word' id='word_1_274' title='bbox 1987 3609 2037 3653; x_wconf 89' lang='lat' dir='ltr'><strong>et</strong></span> <span class='ocrx_word' id='word_1_275' title='bbox 2069 3600 2167 3653; x_wconf 91' lang='lat' dir='ltr'><strong>im-</strong></span> 
     </span>
    </p>
   </div>
   <div class='ocr_carea' id='block_1_37' title="bbox 577 3688 2168 3760">
    <p class='ocr_par' dir='ltr' id='par_1_37' title="bbox 577 3688 2168 3760">
     <span class='ocr_line' id='line_1_37' title="bbox 577 3688 2168 3760; baseline -0.001 -16"><span class='ocrx_word' id='word_1_276' title='bbox 577 3692 725 3760; x_wconf 86' lang='lat' dir='ltr'><strong>pium</strong></span> <span class='ocrx_word' id='word_1_277' title='bbox 775 3690 1047 3758; x_wconf 73' lang='lat' dir='ltr'><strong>appellans</strong></span> <span class='ocrx_word' id='word_1_278' title='bbox 1093 3688 1315 3758; x_wconf 79' lang='lat' dir='ltr'><strong>aliisque</strong></span> <span class='ocrx_word' id='word_1_279' title='bbox 1362 3689 1654 3745; x_wconf 87' lang='lat' dir='ltr'><strong>innumeris</strong></span> <span class='ocrx_word' id='word_1_280' title='bbox 1698 3689 1952 3744; x_wconf 76' lang='lat' dir='ltr'><strong>conviciis</strong></span> <span class='ocrx_word' id='word_1_281' title='bbox 2000 3691 2168 3759; x_wconf 89' lang='lat' dir='ltr'><strong>impe-</strong></span> 
     </span>
    </p>
   </div>
   <div class='ocr_carea' id='block_1_38' title="bbox 580 3779 2168 3851">
    <p class='ocr_par' dir='ltr' id='par_1_38' title="bbox 580 3779 2168 3851">
     <span class='ocr_line' id='line_1_38' title="bbox 580 3779 2168 3851; baseline 0.001 -17"><span class='ocrx_word' id='word_1_282' title='bbox 580 3791 741 3835; x_wconf 88' lang='lat' dir='ltr'><strong>tens:</strong></span> <span class='ocrx_word' id='word_1_283' title='bbox 769 3788 824 3833; x_wconf 89' lang='lat' dir='ltr'><strong>at</strong></span> <span class='ocrx_word' id='word_1_284' title='bbox 849 3794 917 3834; x_wconf 89' lang='lat' dir='ltr'><strong>ne</strong></span> <span class='ocrx_word' id='word_1_285' title='bbox 937 3780 1015 3834; x_wconf 92' lang='lat' dir='ltr'><strong>sic</strong></span> <span class='ocrx_word' id='word_1_286' title='bbox 1039 3779 1250 3847; x_wconf 89' lang='lat' dir='ltr'><strong>quidem</strong></span> <span class='ocrx_word' id='word_1_287' title='bbox 1278 3779 1375 3833; x_wconf 80' lang='lat' dir='ltr'><strong>fuit</strong></span> <span class='ocrx_word' id='word_1_288' title='bbox 1405 3789 1768 3851; x_wconf 76' lang='lat' dir='ltr'><strong>exasperatus.</strong></span> <span class='ocrx_word' id='word_1_289' title='bbox 1794 3779 1946 3847; x_wconf 82' lang='lat' dir='ltr'><strong>Quod</strong></span> <span class='ocrx_word' id='word_1_290' title='bbox 1978 3781 2022 3834; x_wconf 77' lang='lat' dir='ltr'><strong>si</strong></span> <span class='ocrx_word' id='word_1_291' title='bbox 2049 3783 2168 3851; x_wconf 89' lang='lat' dir='ltr'><strong>quis</strong></span> 
     </span>
    </p>
   </div>
   <div class='ocr_carea' id='block_1_39' title="bbox 549 3868 2169 3948">
    <p class='ocr_par' dir='ltr' id='par_1_39' title="bbox 549 3868 2169 3948">
     <span class='ocr_line' id='line_1_39' title="bbox 549 3868 2169 3948; baseline 0.001 -24"><span class='ocrx_word' id='word_1_292' title='bbox 549 3882 552 3884; x_wconf 74' lang='lat'><em>‘</em></span> <span class='ocrx_word' id='word_1_293' title='bbox 581 3868 813 3924; x_wconf 75' lang='lat' dir='ltr'><strong>dixerit:</strong></span> <span class='ocrx_word' id='word_1_294' title='bbox 847 3868 982 3936; x_wconf 89' lang='lat' dir='ltr'><strong>Quid</strong></span> <span class='ocrx_word' id='word_1_295' title='bbox 1025 3869 1214 3922; x_wconf 88' lang='lat' dir='ltr'><strong>mirum</strong></span> <span class='ocrx_word' id='word_1_296' title='bbox 1245 3871 1290 3923; x_wconf 82' lang='lat' dir='ltr'><strong>si</strong></span> <span class='ocrx_word' id='word_1_297' title='bbox 1327 3885 1434 3924; x_wconf 89' lang='lat' dir='ltr'><strong>non</strong></span> <span class='ocrx_word' id='word_1_298' title='bbox 1482 3871 1625 3948; x_wconf 75' lang='lat' dir='ltr'><strong>ultus</strong></span> <span class='ocrx_word' id='word_1_299' title='bbox 1651 3881 1751 3934; x_wconf 88' lang='lat' dir='ltr'><strong>est,</strong></span> <span class='ocrx_word' id='word_1_300' title='bbox 1801 3885 1919 3925; x_wconf 90' lang='lat' dir='ltr'><strong>cum</strong></span> <span class='ocrx_word' id='word_1_301' title='bbox 1953 3880 2169 3939; x_wconf 81' lang='lat' dir='ltr'><strong>prOpter</strong></span> 
     </span>
    </p>
   </div>
   <div class='ocr_carea' id='block_1_40' title="bbox 583 3957 2168 4032">
    <p class='ocr_par' dir='ltr' id='par_1_40' title="bbox 583 3957 2168 4032">
     <span class='ocr_line' id='line_1_40' title="bbox 583 3957 2168 4032; baseline -0.001 -16"><span class='ocrx_word' id='word_1_302' title='bbox 583 3961 998 4017; x_wconf 85' lang='lat' dir='ltr'><strong>imbecillitatem</strong></span> <span class='ocrx_word' id='word_1_303' title='bbox 1043 3961 1329 4016; x_wconf 79' lang='lat' dir='ltr'><strong>ulciscendi</strong></span> <span class='ocrx_word' id='word_1_304' title='bbox 1379 3957 1696 4032; x_wconf 74' lang='lat' dir='ltr'><strong>potestatem</strong></span> <span class='ocrx_word' id='word_1_305' title='bbox 1742 3977 1846 4016; x_wconf 91' lang='lat' dir='ltr'><strong>non</strong></span> <span class='ocrx_word' id='word_1_306' title='bbox 1909 3961 2168 4017; x_wconf 83' lang='lat' dir='ltr'><strong>haberet?</strong></span> 
     </span>
    </p>
   </div>
   <div class='ocr_carea' id='block_1_41' title="bbox 583 4052 2166 4124">
    <p class='ocr_par' dir='ltr' id='par_1_41' title="bbox 583 4052 2166 4124">
     <span class='ocr_line' id='line_1_41' title="bbox 583 4052 2166 4124; baseline 0.002 -18"><span class='ocrx_word' id='word_1_307' title='bbox 583 4053 812 4124; x_wconf 86' lang='lat' dir='ltr'><strong>primum</strong></span> <span class='ocrx_word' id='word_1_308' title='bbox 845 4052 973 4106; x_wconf 89' lang='lat' dir='ltr'><strong>illud</strong></span> <span class='ocrx_word' id='word_1_309' title='bbox 1003 4053 1265 4106; x_wconf 87' lang='lat' dir='ltr'><strong>dixerim:</strong></span> <span class='ocrx_word' id='word_1_310' title='bbox 1297 4069 1401 4106; x_wconf 93' lang='lat' dir='ltr'><strong>non</strong></span> <span class='ocrx_word' id='word_1_311' title='bbox 1439 4053 1656 4120; x_wconf 82' lang='lat' dir='ltr'><strong>perinde</strong></span> <span class='ocrx_word' id='word_1_312' title='bbox 1692 4054 1917 4108; x_wconf 83' lang='lat' dir='ltr'><strong>mirarer</strong></span> <span class='ocrx_word' id='word_1_313' title='bbox 1946 4070 2088 4118; x_wconf 88' lang='lat' dir='ltr'><strong>eum,</strong></span> <span class='ocrx_word' id='word_1_314' title='bbox 2121 4056 2166 4109; x_wconf 90' lang='lat' dir='ltr'><strong>si</strong></span> 
     </span>
    </p>
   </div>
   <div class='ocr_carea' id='block_1_42' title="bbox 580 4143 2164 4214">
    <p class='ocr_par' dir='ltr' id='par_1_42' title="bbox 580 4143 2164 4214">
     <span class='ocr_line' id='line_1_42' title="bbox 580 4143 2164 4214; baseline -0.001 -14"><span class='ocrx_word' id='word_1_315' title='bbox 580 4145 823 4200; x_wconf 89' lang='lat' dir='ltr'><strong>diadema</strong></span> <span class='ocrx_word' id='word_1_316' title='bbox 849 4151 1065 4213; x_wconf 77' lang='lat' dir='ltr'><strong>gestans</strong></span> <span class='ocrx_word' id='word_1_317' title='bbox 1091 4153 1144 4197; x_wconf 92' lang='lat' dir='ltr'><strong>et</strong></span> <span class='ocrx_word' id='word_1_318' title='bbox 1173 4158 1336 4213; x_wconf 89' lang='lat' dir='ltr'><strong>regno</strong></span> <span class='ocrx_word' id='word_1_319' title='bbox 1364 4143 1589 4212; x_wconf 87' lang='lat' dir='ltr'><strong>potiens,</strong></span> <span class='ocrx_word' id='word_1_320' title='bbox 1625 4145 1785 4214; x_wconf 89' lang='lat' dir='ltr'><strong>inque</strong></span> <span class='ocrx_word' id='word_1_321' title='bbox 1812 4145 1946 4198; x_wconf 92' lang='lat' dir='ltr'><strong>solio</strong></span> <span class='ocrx_word' id='word_1_322' title='bbox 1970 4145 2164 4200; x_wconf 90' lang='lat' dir='ltr'><strong>sedens</strong></span> 
     </span>
    </p>
   </div>
   <div class='ocr_carea' id='block_1_43' title="bbox 581 4235 2166 4304">
    <p class='ocr_par' dir='ltr' id='par_1_43' title="bbox 581 4235 2166 4304">
     <span class='ocr_line' id='line_1_43' title="bbox 581 4235 2166 4304; baseline 0.002 -13"><span class='ocrx_word' id='word_1_323' title='bbox 581 4236 967 4291; x_wconf 82' lang='lat' dir='ltr'><strong>convicianlem</strong></span> <span class='ocrx_word' id='word_1_324' title='bbox 1000 4235 1325 4304; x_wconf 85' lang='lat' dir='ltr'><strong>pertulisset,</strong></span> <span class='ocrx_word' id='word_1_325' title='bbox 1355 4246 1414 4287; x_wconf 90' lang='lat' dir='ltr'><strong>ut</strong></span> <span class='ocrx_word' id='word_1_326' title='bbox 1455 4251 1593 4289; x_wconf 88' lang='lat' dir='ltr'><strong>nunc</strong></span> <span class='ocrx_word' id='word_1_327' title='bbox 1636 4237 1780 4289; x_wconf 88' lang='lat' dir='ltr'><strong>illum</strong></span> <span class='ocrx_word' id='word_1_328' title='bbox 1820 4245 1874 4291; x_wconf 86' lang='lat' dir='ltr'><strong>et</strong></span> <span class='ocrx_word' id='word_1_329' title='bbox 1902 4237 2082 4302; x_wconf 86' lang='lat' dir='ltr'><strong>laudo,</strong></span> <span class='ocrx_word' id='word_1_330' title='bbox 2113 4249 2166 4294; x_wconf 91' lang='lat' dir='ltr'><strong>et</strong></span> 
     </span>
    </p>
   </div>
   <div class='ocr_carea' id='block_1_44' title="bbox 580 4324 2167 4394">
    <p class='ocr_par' dir='ltr' id='par_1_44' title="bbox 580 4324 2167 4394">
     <span class='ocr_line' id='line_1_44' title="bbox 580 4324 2167 4394; baseline 0.001 -14"><span class='ocrx_word' id='word_1_331' title='bbox 580 4325 818 4380; x_wconf 78' lang='lat' dir='ltr'><strong>admiror</strong></span> <span class='ocrx_word' id='word_1_332' title='bbox 862 4332 1100 4394; x_wconf 89' lang='lat' dir='ltr'><strong>tempore</strong></span> <span class='ocrx_word' id='word_1_333' title='bbox 1142 4324 1459 4379; x_wconf 89' lang='lat' dir='ltr'><strong>calamitatis</strong></span> <span class='ocrx_word' id='word_1_334' title='bbox 1507 4325 1988 4394; x_wconf 79' lang='lat' dir='ltr'><strong>philosophantem.</strong></span> <span class='ocrx_word' id='word_1_335' title='bbox 2035 4328 2167 4382; x_wconf 68' lang='lat' dir='ltr'><strong>Nam</strong></span> 
     </span>
    </p>
   </div>
   <div class='ocr_carea' id='block_1_45' title="bbox 542 4415 2168 4487">
    <p class='ocr_par' dir='ltr' id='par_1_45' title="bbox 542 4415 2168 4487">
     <span class='ocr_line' id='line_1_45' title="bbox 542 4415 2168 4487; baseline 0.001 -16"><span class='ocrx_word' id='word_1_336' title='bbox 542 4428 550 4434; x_wconf 85' lang='lat'>&#39;</span> <span class='ocrx_word' id='word_1_337' title='bbox 582 4417 692 4472; x_wconf 90' lang='lat' dir='ltr'><strong>illic</strong></span> <span class='ocrx_word' id='word_1_338' title='bbox 719 4426 772 4471; x_wconf 92' lang='lat' dir='ltr'><strong>et</strong></span> <span class='ocrx_word' id='word_1_339' title='bbox 801 4417 1011 4487; x_wconf 85' lang='lat' dir='ltr'><strong>imperii</strong></span> <span class='ocrx_word' id='word_1_340' title='bbox 1039 4415 1365 4486; x_wconf 78' lang='lat' dir='ltr'><strong>magnitudo,</strong></span> <span class='ocrx_word' id='word_1_341' title='bbox 1398 4425 1453 4470; x_wconf 89' lang='lat' dir='ltr'><strong>et</strong></span> <span class='ocrx_word' id='word_1_342' title='bbox 1491 4417 1838 4470; x_wconf 87' lang='lat' dir='ltr'><strong>conviciantis</strong></span> <span class='ocrx_word' id='word_1_343' title='bbox 1866 4418 2038 4472; x_wconf 73' lang='lat' dir='ltr'><strong>tilitas</strong></span> <span class='ocrx_word' id='word_1_344' title='bbox 2066 4432 2168 4473; x_wconf 78' lang='lat' dir='ltr'><strong>sa:-</strong></span> 
     </span>
    </p>
   </div>
   <div class='ocr_carea' id='block_1_46' title="bbox 580 4506 2166 4580">
    <p class='ocr_par' dir='ltr' id='par_1_46' title="bbox 580 4506 2166 4580">
     <span class='ocr_line' id='line_1_46' title="bbox 580 4506 2166 4580; baseline 0.001 -17"><span class='ocrx_word' id='word_1_345' title='bbox 580 4523 647 4579; x_wconf 89' lang='lat' dir='ltr'><strong>pe</strong></span> <span class='ocrx_word' id='word_1_346' title='bbox 676 4509 958 4579; x_wconf 84' lang='lat' dir='ltr'><strong>persuasit,</strong></span> <span class='ocrx_word' id='word_1_347' title='bbox 988 4516 1046 4562; x_wconf 92' lang='lat' dir='ltr'><strong>ut</strong></span> <span class='ocrx_word' id='word_1_348' title='bbox 1074 4506 1450 4562; x_wconf 88' lang='lat' dir='ltr'><strong>contumeliam</strong></span> <span class='ocrx_word' id='word_1_349' title='bbox 1484 4507 1793 4577; x_wconf 84' lang='lat' dir='ltr'><strong>negligeret.</strong></span> <span class='ocrx_word' id='word_1_350' title='bbox 1821 4507 1970 4562; x_wconf 84' lang='lat' dir='ltr'><strong>Multi</strong></span> <span class='ocrx_word' id='word_1_351' title='bbox 2011 4523 2166 4580; x_wconf 89' lang='lat' dir='ltr'><strong>reges</strong></span> 
     </span>
    </p>
   </div>
   <div class='ocr_carea' id='block_1_47' title="bbox 578 4592 2162 4666">
    <p class='ocr_par' dir='ltr' id='par_1_47' title="bbox 578 4592 2162 4666">
     <span class='ocr_line' id='line_1_47' title="bbox 578 4592 2162 4666; baseline 0 -15"><span class='ocrx_word' id='word_1_352' title='bbox 578 4592 887 4666; x_wconf 75' lang='lat' dir='ltr'><strong>frequenter</strong></span> <span class='ocrx_word' id='word_1_353' title='bbox 904 4597 1130 4653; x_wconf 86' lang='lat' dir='ltr'><strong>similem</strong></span> <span class='ocrx_word' id='word_1_354' title='bbox 1155 4595 1318 4650; x_wconf 88' lang='lat' dir='ltr'><strong>animi</strong></span> <span class='ocrx_word' id='word_1_355' title='bbox 1341 4593 1758 4651; x_wconf 83' lang='lat' dir='ltr'><strong>moderationem</strong></span> <span class='ocrx_word' id='word_1_356' title='bbox 1782 4598 2162 4666; x_wconf 71' lang='lat' dir='ltr'><strong>praestiterunt,</strong></span> 
     </span>
    </p>
   </div>
   <div class='ocr_carea' id='block_1_48' title="bbox 580 4685 2165 4758">
    <p class='ocr_par' dir='ltr' id='par_1_48' title="bbox 580 4685 2165 4758">
     <span class='ocr_line' id='line_1_48' title="bbox 580 4685 2165 4758; baseline 0.001 -17"><span class='ocrx_word' id='word_1_357' title='bbox 580 4687 670 4757; x_wconf 90' lang='lat' dir='ltr'><strong>qui</strong></span> <span class='ocrx_word' id='word_1_358' title='bbox 699 4685 960 4758; x_wconf 80' lang='lat' dir='ltr'><strong>insignem</strong></span> <span class='ocrx_word' id='word_1_359' title='bbox 985 4687 1394 4741; x_wconf 85' lang='lat' dir='ltr'><strong>conviciantinm</strong></span> <span class='ocrx_word' id='word_1_360' title='bbox 1423 4685 1682 4740; x_wconf 84' lang='lat' dir='ltr'><strong>insaniam</strong></span> <span class='ocrx_word' id='word_1_361' title='bbox 1718 4698 2040 4756; x_wconf 83' lang='lat' dir='ltr'><strong>acceperunt</strong></span> <span class='ocrx_word' id='word_1_362' title='bbox 2070 4703 2165 4757; x_wconf 91' lang='lat' dir='ltr'><strong>pro</strong></span> 
     </span>
    </p>
   </div>
   <div class='ocr_carea' id='block_1_49' title="bbox 583 4776 2164 4849">
    <p class='ocr_par' dir='ltr' id='par_1_49' title="bbox 583 4776 2164 4849">
     <span class='ocr_line' id='line_1_49' title="bbox 583 4776 2164 4849; baseline 0.001 -16"><span class='ocrx_word' id='word_1_363' title='bbox 583 4780 947 4834; x_wconf 87' lang='lat' dir='ltr'><strong>excusatione.</strong></span> <span class='ocrx_word' id='word_1_364' title='bbox 977 4776 1158 4847; x_wconf 83' lang='lat' dir='ltr'><strong>Neque</strong></span> <span class='ocrx_word' id='word_1_365' title='bbox 1183 4778 1323 4832; x_wconf 91' lang='lat' dir='ltr'><strong>enim</strong></span> <span class='ocrx_word' id='word_1_366' title='bbox 1355 4792 1505 4846; x_wconf 77' lang='lat' dir='ltr'><strong>teque</strong></span> <span class='ocrx_word' id='word_1_367' title='bbox 1537 4792 1635 4831; x_wconf 91' lang='lat' dir='ltr'><strong>nos</strong></span> <span class='ocrx_word' id='word_1_368' title='bbox 1667 4779 1718 4831; x_wconf 91' lang='lat' dir='ltr'><strong>in</strong></span> <span class='ocrx_word' id='word_1_369' title='bbox 1746 4793 1921 4833; x_wconf 89' lang='lat' dir='ltr'><strong>rerum</strong></span> <span class='ocrx_word' id='word_1_370' title='bbox 1947 4795 2164 4849; x_wconf 90' lang='lat' dir='ltr'><strong>prospe-</strong></span> 
     </span>
    </p>
   </div>
   <div class='ocr_carea' id='block_1_50' title="bbox 583 4866 2165 4937">
    <p class='ocr_par' dir='ltr' id='par_1_50' title="bbox 583 4866 2165 4937">
     <span class='ocr_line' id='line_1_50' title="bbox 583 4866 2165 4937; baseline 0.003 -15"><span class='ocrx_word' id='word_1_371' title='bbox 583 4869 738 4922; x_wconf 89' lang='lat' dir='ltr'><strong>ritate</strong></span> <span class='ocrx_word' id='word_1_372' title='bbox 761 4877 921 4937; x_wconf 87' lang='lat' dir='ltr'><strong>atque</strong></span> <span class='ocrx_word' id='word_1_373' title='bbox 964 4867 1017 4922; x_wconf 87' lang='lat' dir='ltr'><strong>in</strong></span> <span class='ocrx_word' id='word_1_374' title='bbox 1052 4868 1291 4923; x_wconf 83' lang='lat' dir='ltr'><strong>adversis</strong></span> <span class='ocrx_word' id='word_1_375' title='bbox 1334 4866 1616 4937; x_wconf 83' lang='lat' dir='ltr'><strong>opprobria</strong></span> <span class='ocrx_word' id='word_1_376' title='bbox 1658 4868 1904 4922; x_wconf 78' lang='lat' dir='ltr'><strong>mordere</strong></span> <span class='ocrx_word' id='word_1_377' title='bbox 1939 4871 2113 4924; x_wconf 91' lang='lat' dir='ltr'><strong>solent</strong></span> <span class='ocrx_word' id='word_1_378' title='bbox 2151 4889 2165 4926; x_wconf 91' lang='lat'><strong>:</strong></span> 
     </span>
    </p>
   </div>
   <div class='ocr_carea' id='block_1_51' title="bbox 582 4959 2165 5030">
    <p class='ocr_par' dir='ltr' id='par_1_51' title="bbox 582 4959 2165 5030">
     <span class='ocr_line' id='line_1_51' title="bbox 582 4959 2165 5030; baseline 0 -15"><span class='ocrx_word' id='word_1_379' title='bbox 582 4959 674 5016; x_wconf 72' lang='lat' dir='ltr'><strong>sed</strong></span> <span class='ocrx_word' id='word_1_380' title='bbox 703 4959 786 5013; x_wconf 88' lang='lat' dir='ltr'><strong>ubi</strong></span> <span class='ocrx_word' id='word_1_381' title='bbox 812 4959 1160 5025; x_wconf 90' lang='lat' dir='ltr'><strong>concidimus,</strong></span> <span class='ocrx_word' id='word_1_382' title='bbox 1193 4969 1316 5013; x_wconf 87' lang='lat' dir='ltr'><strong>tunc</strong></span> <span class='ocrx_word' id='word_1_383' title='bbox 1345 4959 1514 5028; x_wconf 87' lang='lat' dir='ltr'><strong>magis</strong></span> <span class='ocrx_word' id='word_1_384' title='bbox 1551 4967 1790 5030; x_wconf 84' lang='lat' dir='ltr'><strong>pungunt</strong></span> <span class='ocrx_word' id='word_1_385' title='bbox 1819 4972 1936 5024; x_wconf 87' lang='lat' dir='ltr'><strong>nos,</strong></span> <span class='ocrx_word' id='word_1_386' title='bbox 1961 4959 2165 5015; x_wconf 87' lang='lat' dir='ltr'><strong>acrius-</strong></span> 
     </span>
    </p>
   </div>
   <div class='ocr_carea' id='block_1_52' title="bbox 582 5048 2164 5120">
    <p class='ocr_par' dir='ltr' id='par_1_52' title="bbox 582 5048 2164 5120">
     <span class='ocr_line' id='line_1_52' title="bbox 582 5048 2164 5120; baseline -0.001 -14"><span class='ocrx_word' id='word_1_387' title='bbox 582 5067 686 5120; x_wconf 85' lang='lat' dir='ltr'><strong>que</strong></span> <span class='ocrx_word' id='word_1_388' title='bbox 716 5051 964 5106; x_wconf 86' lang='lat' dir='ltr'><strong>mordent</strong></span> <span class='ocrx_word' id='word_1_389' title='bbox 988 5051 1246 5105; x_wconf 86' lang='lat' dir='ltr'><strong>convicia.</strong></span> <span class='ocrx_word' id='word_1_390' title='bbox 1279 5050 1353 5106; x_wconf 79' lang='lat' dir='ltr'><strong>De</strong></span> <span class='ocrx_word' id='word_1_391' title='bbox 1396 5049 1499 5105; x_wconf 88' lang='lat' dir='ltr'><strong>hoc</strong></span> <span class='ocrx_word' id='word_1_392' title='bbox 1542 5065 1702 5120; x_wconf 81' lang='lat' dir='ltr'><strong>porro</strong></span> <span class='ocrx_word' id='word_1_393' title='bbox 1729 5048 1874 5104; x_wconf 90' lang='lat' dir='ltr'><strong>aliud</strong></span> <span class='ocrx_word' id='word_1_394' title='bbox 1914 5049 2164 5119; x_wconf 87' lang='lat' dir='ltr'><strong>quiddam</strong></span> 
     </span>
    </p>
   </div>
   <div class='ocr_carea' id='block_1_53' title="bbox 583 5140 2167 5210">
    <p class='ocr_par' dir='ltr' id='par_1_53' title="bbox 583 5140 2167 5210">
     <span class='ocr_line' id='line_1_53' title="bbox 583 5140 2167 5210; baseline 0.002 -16"><span class='ocrx_word' id='word_1_395' title='bbox 583 5142 707 5198; x_wconf 87' lang='lat' dir='ltr'><strong>licet</strong></span> <span class='ocrx_word' id='word_1_396' title='bbox 731 5141 948 5207; x_wconf 88' lang='lat' dir='ltr'><strong>addere,</strong></span> <span class='ocrx_word' id='word_1_397' title='bbox 975 5142 1222 5197; x_wconf 82' lang='lat' dir='ltr'><strong>videlicet</strong></span> <span class='ocrx_word' id='word_1_398' title='bbox 1248 5141 1391 5210; x_wconf 90' lang='lat' dir='ltr'><strong>quod</strong></span> <span class='ocrx_word' id='word_1_399' title='bbox 1428 5142 1500 5196; x_wconf 92' lang='lat' dir='ltr'><strong>illi</strong></span> <span class='ocrx_word' id='word_1_400' title='bbox 1547 5140 1713 5197; x_wconf 87' lang='lat' dir='ltr'><strong>fuerit</strong></span> <span class='ocrx_word' id='word_1_401' title='bbox 1766 5143 1816 5197; x_wconf 93' lang='lat' dir='ltr'><strong>in</strong></span> <span class='ocrx_word' id='word_1_402' title='bbox 1859 5157 2018 5196; x_wconf 88' lang='lat' dir='ltr'><strong>manu</strong></span> <span class='ocrx_word' id='word_1_403' title='bbox 2047 5142 2167 5197; x_wconf 81' lang='lat' dir='ltr'><strong>vin-</strong></span> 
     </span>
    </p>
   </div>
   <div class='ocr_carea' id='block_1_54' title="bbox 583 5231 2167 5304">
    <p class='ocr_par' dir='ltr' id='par_1_54' title="bbox 583 5231 2167 5304">
     <span class='ocr_line' id='line_1_54' title="bbox 583 5231 2167 5304; baseline 0.003 -19"><span class='ocrx_word' id='word_1_404' title='bbox 583 5231 778 5287; x_wconf 87' lang='lat' dir='ltr'><strong>dictam</strong></span> <span class='ocrx_word' id='word_1_405' title='bbox 808 5245 1044 5297; x_wconf 88' lang='lat' dir='ltr'><strong>sumerc,</strong></span> <span class='ocrx_word' id='word_1_406' title='bbox 1080 5246 1180 5285; x_wconf 86' lang='lat' dir='ltr'><strong>nec</strong></span> <span class='ocrx_word' id='word_1_407' title='bbox 1206 5233 1514 5301; x_wconf 72' lang='lat' dir='ltr'><strong>sumpserit.</strong></span> <span class='ocrx_word' id='word_1_408' title='bbox 1562 5234 1735 5302; x_wconf 79' lang='lat' dir='ltr'><strong>Atque</strong></span> <span class='ocrx_word' id='word_1_409' title='bbox 1762 5235 1834 5288; x_wconf 89' lang='lat' dir='ltr'><strong>uti</strong></span> <span class='ocrx_word' id='word_1_410' title='bbox 1877 5234 2167 5304; x_wconf 87' lang='lat' dir='ltr'><strong>perspicias</strong></span> 
     </span>
    </p>
   </div>
   <div class='ocr_carea' id='block_1_55' title="bbox 580 5321 2166 5394">
    <p class='ocr_par' dir='ltr' id='par_1_55' title="bbox 580 5321 2166 5394">
     <span class='ocr_line' id='line_1_55' title="bbox 580 5321 2166 5394; baseline 0.004 -18"><span class='ocrx_word' id='word_1_411' title='bbox 580 5337 699 5376; x_wconf 85' lang='lat' dir='ltr'><strong>eam</strong></span> <span class='ocrx_word' id='word_1_412' title='bbox 729 5321 893 5378; x_wconf 82' lang='lat' dir='ltr'><strong>animi</strong></span> <span class='ocrx_word' id='word_1_413' title='bbox 921 5322 1340 5377; x_wconf 83' lang='lat' dir='ltr'><strong>moderationem</strong></span> <span class='ocrx_word' id='word_1_414' title='bbox 1366 5339 1472 5377; x_wconf 91' lang='lat' dir='ltr'><strong>non</strong></span> <span class='ocrx_word' id='word_1_415' title='bbox 1501 5323 1661 5378; x_wconf 80' lang='lat' dir='ltr'><strong>fuisse</strong></span> <span class='ocrx_word' id='word_1_416' title='bbox 1689 5324 2039 5394; x_wconf 78' lang='lat' dir='ltr'><strong>impotentize,</strong></span> <span class='ocrx_word' id='word_1_417' title='bbox 2070 5326 2166 5382; x_wconf 83' lang='lat' dir='ltr'><strong>sed</strong></span> 
     </span>
    </p>
   </div>
   <div class='ocr_carea' id='block_1_56' title="bbox 583 5413 2167 5484">
    <p class='ocr_par' dir='ltr' id='par_1_56' title="bbox 583 5413 2167 5484">
     <span class='ocr_line' id='line_1_56' title="bbox 583 5413 2167 5484; baseline 0.003 -16"><span class='ocrx_word' id='word_1_418' title='bbox 583 5413 870 5483; x_wconf 58' lang='lat' dir='ltr'><strong>patientia,</strong></span> <span class='ocrx_word' id='word_1_419' title='bbox 914 5428 1036 5468; x_wconf 85' lang='lat' dir='ltr'><strong>cum</strong></span> <span class='ocrx_word' id='word_1_420' title='bbox 1090 5413 1141 5468; x_wconf 88' lang='lat' dir='ltr'><strong>id</strong></span> <span class='ocrx_word' id='word_1_421' title='bbox 1185 5414 1288 5468; x_wconf 76' lang='lat' dir='ltr'><strong>dux</strong></span> <span class='ocrx_word' id='word_1_422' title='bbox 1338 5415 1606 5470; x_wconf 73' lang='lat' dir='ltr'><strong>exercitus</strong></span> <span class='ocrx_word' id='word_1_423' title='bbox 1645 5425 1864 5484; x_wconf 87' lang='lat' dir='ltr'><strong>cuperet</strong></span> <span class='ocrx_word' id='word_1_424' title='bbox 1892 5417 1991 5471; x_wconf 87' lang='lat' dir='ltr'><strong>sibi</strong></span> <span class='ocrx_word' id='word_1_425' title='bbox 2021 5432 2167 5473; x_wconf 83' lang='lat' dir='ltr'><strong>com-</strong></span> 
     </span>
    </p>
   </div>
   <div class='ocr_carea' id='block_1_57' title="bbox 583 5506 2167 5581">
    <p class='ocr_par' dir='ltr' id='par_1_57' title="bbox 583 5506 2167 5581">
     <span class='ocr_line' id='line_1_57' title="bbox 583 5506 2167 5581; baseline 0.004 -20"><span class='ocrx_word' id='word_1_426' title='bbox 583 5506 743 5571; x_wconf 81' lang='lat' dir='ltr'><strong>mitti,</strong></span> <span class='ocrx_word' id='word_1_427' title='bbox 787 5514 846 5561; x_wconf 92' lang='lat' dir='ltr'><strong>ut</strong></span> <span class='ocrx_word' id='word_1_428' title='bbox 886 5506 953 5561; x_wconf 82' lang='lat' dir='ltr'><strong>ad</strong></span> <span class='ocrx_word' id='word_1_429' title='bbox 996 5506 1382 5562; x_wconf 86' lang='lat' dir='ltr'><strong>conviciautem</strong></span> <span class='ocrx_word' id='word_1_430' title='bbox 1431 5507 1707 5574; x_wconf 77' lang='lat' dir='ltr'><strong>transiret,</strong></span> <span class='ocrx_word' id='word_1_431' title='bbox 1748 5507 1967 5580; x_wconf 79' lang='lat' dir='ltr'><strong>ejusque</strong></span> <span class='ocrx_word' id='word_1_432' title='bbox 2007 5520 2167 5581; x_wconf 88' lang='lat' dir='ltr'><strong>caput</strong></span> 
     </span>
    </p>
   </div>
   <div class='ocr_carea' id='block_1_58' title="bbox 643 5661 2165 5726">
    <p class='ocr_par' dir='ltr' id='par_1_58' title="bbox 643 5661 2165 5726">
     <span class='ocr_line' id='line_1_58' title="bbox 643 5661 2165 5726; baseline 0.001 -15"><span class='ocrx_word' id='word_1_433' title='bbox 643 5662 718 5725; x_wconf 80' lang='grc' dir='ltr'><strong>(α)</strong></span> <span class='ocrx_word' id='word_1_434' title='bbox 751 5667 846 5711; x_wconf 80' lang='lat' dir='ltr'><strong>Hoc</strong></span> <span class='ocrx_word' id='word_1_435' title='bbox 868 5662 1095 5726; x_wconf 73' lang='lat' dir='ltr'><strong>probrum</strong></span> <span class='ocrx_word' id='word_1_436' title='bbox 1130 5661 1349 5726; x_wconf 79' lang='lat' dir='ltr'><strong>intulisse</strong></span> <span class='ocrx_word' id='word_1_437' title='bbox 1391 5661 1563 5712; x_wconf 84' lang='lat' dir='ltr'><strong>dicitur</strong></span> <span class='ocrx_word' id='word_1_438' title='bbox 1601 5664 1739 5713; x_wconf 88' lang='lat' dir='ltr'><strong>matri</strong></span> <span class='ocrx_word' id='word_1_439' title='bbox 1778 5661 2010 5713; x_wconf 85' lang='lat' dir='ltr'><strong>sanmelis</strong></span> <span class='ocrx_word' id='word_1_440' title='bbox 2041 5677 2165 5726; x_wconf 88' lang='lat' dir='ltr'><strong>puer</strong></span> 
     </span>
    </p>
   </div>
   <div class='ocr_carea' id='block_1_59' title="bbox 581 5721 2164 5793">
    <p class='ocr_par' dir='ltr' id='par_1_59' title="bbox 581 5721 2164 5793">
     <span class='ocr_line' id='line_1_59' title="bbox 581 5721 2164 5793; baseline 0.001 -19"><span class='ocrx_word' id='word_1_441' title='bbox 581 5721 885 5793; x_wconf 52' lang='lat' dir='ltr'><strong>“vesci-vus</strong></span> <span class='ocrx_word' id='word_1_442' title='bbox 903 5721 1005 5792; x_wconf 72' lang='lat' dir='ltr'><strong>Heli</strong></span> <span class='ocrx_word' id='word_1_443' title='bbox 1028 5723 1294 5793; x_wconf 59' lang='lat' dir='ltr'><strong>semiudum</strong></span> <span class='ocrx_word' id='word_1_444' title='bbox 1317 5728 1422 5793; x_wconf 61' lang='lat' dir='ltr'><strong>tant</strong></span> <span class='ocrx_word' id='word_1_445' title='bbox 1469 5729 1784 5793; x_wconf 68' lang='grc' dir='ltr'><strong>ιῃιθφι-ειεε.</strong></span> <span class='ocrx_word' id='word_1_446' title='bbox 1811 5731 1866 5793; x_wconf 82' lang='lat' dir='ltr'><strong>_At</strong></span> <span class='ocrx_word' id='word_1_447' title='bbox 1887 5726 1934 5772; x_wconf 92' lang='lat' dir='ltr'><strong>in</strong></span> <span class='ocrx_word' id='word_1_448' title='bbox 1960 5721 2164 5777; x_wconf 58' lang='lat' dir='ltr'><strong>Hebraeo</strong></span> 
     </span>
    </p>
   </div>
   <div class='ocr_carea' id='block_1_60' title="bbox 581 5783 2082 5851">
    <p class='ocr_par' dir='ltr' id='par_1_60' title="bbox 581 5783 2082 5851">
     <span class='ocr_line' id='line_1_60' title="bbox 581 5783 2082 5851; baseline -0.001 -13"><span class='ocrx_word' id='word_1_449' title='bbox 581 5795 634 5839; x_wconf 83' lang='lat' dir='ltr'><strong>et</strong></span> <span class='ocrx_word' id='word_1_450' title='bbox 657 5784 709 5836; x_wconf 88' lang='lat' dir='ltr'><strong>ln</strong></span> <span class='ocrx_word' id='word_1_451' title='bbox 723 5786 921 5849; x_wconf 68' lang='lat' dir='ltr'><strong>Vulgata</strong></span> <span class='ocrx_word' id='word_1_452' title='bbox 946 5783 1049 5848; x_wconf 79' lang='lat' dir='ltr'><strong>ipse</strong></span> <span class='ocrx_word' id='word_1_453' title='bbox 1065 5783 1176 5835; x_wconf 75' lang='lat' dir='ltr'><strong>llcl&#39;r</strong></span> <span class='ocrx_word' id='word_1_454' title='bbox 1189 5783 1324 5834; x_wconf 81' lang='lat' dir='ltr'><strong>solus</strong></span> <span class='ocrx_word' id='word_1_455' title='bbox 1345 5783 1786 5836; x_wconf 72' lang='lat' dir='ltr'><strong>inducitttr&#39;annam</strong></span> <span class='ocrx_word' id='word_1_456' title='bbox 1809 5785 2082 5851; x_wconf 73' lang='lat' dir='ltr'><strong>ina-epam.</strong></span> 
     </span>
    </p>
   </div>
   <div class='ocr_carea' id='block_1_61' title="bbox 1304 363 3125 434">
    <p class='ocr_par' dir='ltr' id='par_1_61' title="bbox 1304 363 3125 434">
     <span class='ocr_line' id='line_1_61' title="bbox 1304 363 3125 434; baseline -0.007 0"><span class='ocrx_word' id='word_1_457' title='bbox 1304 376 1362 434; x_wconf 86' lang='lat' dir='ltr'><strong>S.</strong></span> <span class='ocrx_word' id='word_1_458' title='bbox 1400 373 1679 433; x_wconf 71' lang='lat' dir='ltr'><strong>IOANNlS</strong></span> <span class='ocrx_word' id='word_1_459' title='bbox 1713 365 2188 428; x_wconf 71' lang='lat' dir='ltr'><strong>CHRYSOS&#39;I‘OMI</strong></span> <span class='ocrx_word' id='word_1_460' title='bbox 2231 363 2546 422; x_wconf 77' lang='lat' dir='ltr'><strong>AliCﬂlEP.</strong></span> <span class='ocrx_word' id='word_1_461' title='bbox 2588 364 3125 425; x_wconf 66' lang='lat' dir='ltr'><strong>CONSTANTINOP.</strong></span> 
     </span>
    </p>
   </div>
   <div class='ocr_carea' id='block_1_62' title="bbox 2270 483 3859 556">
    <p class='ocr_par' dir='ltr' id='par_1_62' title="bbox 2270 483 3859 556">
     <span class='ocr_line' id='line_1_62' title="bbox 2270 483 3859 556; baseline 0.004 -19"><span class='ocrx_word' id='word_1_462' title='bbox 2270 489 2594 552; x_wconf 84' lang='lat' dir='ltr'><strong>amputaret,</strong></span> <span class='ocrx_word' id='word_1_463' title='bbox 2627 499 2733 540; x_wconf 92' lang='lat' dir='ltr'><strong>non</strong></span> <span class='ocrx_word' id='word_1_464' title='bbox 2777 483 2950 539; x_wconf 88' lang='lat' dir='ltr'><strong>solum</strong></span> <span class='ocrx_word' id='word_1_465' title='bbox 3000 499 3106 539; x_wconf 92' lang='lat' dir='ltr'><strong>non</strong></span> <span class='ocrx_word' id='word_1_466' title='bbox 3157 483 3401 554; x_wconf 79' lang='lat' dir='ltr'><strong>permisit</strong></span> <span class='ocrx_word' id='word_1_467' title='bbox 3446 483 3638 556; x_wconf 80' lang='lat' dir='ltr'><strong>David,</strong></span> <span class='ocrx_word' id='word_1_468' title='bbox 3687 499 3859 543; x_wconf 71' lang='lat' dir='ltr'><strong>verm</strong></span> 
     </span>
    </p>
   </div>
   <div class='ocr_carea' id='block_1_63' title="bbox 2269 573 3867 646">
    <p class='ocr_par' dir='ltr' id='par_1_63' title="bbox 2269 573 3867 646">
     <span class='ocr_line' id='line_1_63' title="bbox 2269 573 3867 646; baseline 0.003 -18"><span class='ocrx_word' id='word_1_469' title='bbox 2269 574 2430 628; x_wconf 85' lang='lat' dir='ltr'><strong>etiam</strong></span> <span class='ocrx_word' id='word_1_470' title='bbox 2485 573 2788 645; x_wconf 76' lang='lat' dir='ltr'><strong>indignatus</strong></span> <span class='ocrx_word' id='word_1_471' title='bbox 2831 584 2935 642; x_wconf 87' lang='lat' dir='ltr'><strong>est,</strong></span> <span class='ocrx_word' id='word_1_472' title='bbox 2983 575 3208 630; x_wconf 72' lang='lat' dir='ltr'><strong>dicens:</strong></span> <span class='ocrx_word' id='word_1_473' title='bbox 3243 575 3380 644; x_wconf 72' lang='lat' dir='ltr'><strong>Quid</strong></span> <span class='ocrx_word' id='word_1_474' title='bbox 3416 576 3546 631; x_wconf 76' lang='lat' dir='ltr'><strong>milii</strong></span> <span class='ocrx_word' id='word_1_475' title='bbox 3565 583 3759 642; x_wconf 68' lang='lat' dir='ltr'><strong>tm,</strong></span> <span class='ocrx_word' id='word_1_476' title='bbox 3792 579 3867 646; x_wconf 74' lang='lat' dir='ltr'><strong>ﬁll</strong></span> 
     </span>
    </p>
   </div>
   <div class='ocr_carea' id='block_1_64' title="bbox 2271 662 3868 732">
    <p class='ocr_par' dir='ltr' id='par_1_64' title="bbox 2271 662 3868 732">
     <span class='ocr_line' id='line_1_64' title="bbox 2271 662 3868 732; baseline 0.003 -14"><span class='ocrx_word' id='word_1_477' title='bbox 2271 662 2511 718; x_wconf 73' lang='lat' dir='ltr'><strong>Serviat?</strong></span> <span class='ocrx_word' id='word_1_478' title='bbox 2549 664 2716 720; x_wconf 87' lang='lat' dir='ltr'><strong>Sinite</strong></span> <span class='ocrx_word' id='word_1_479' title='bbox 2759 664 2906 719; x_wconf 87' lang='lat' dir='ltr'><strong>illum</strong></span> <span class='ocrx_word' id='word_1_480' title='bbox 2949 667 3264 732; x_wconf 69' lang='lat' dir='ltr'><strong>maledicere,</strong></span> <span class='ocrx_word' id='word_1_481' title='bbox 3311 677 3368 721; x_wconf 77' lang='lat' dir='ltr'><strong>ut</strong></span> <span class='ocrx_word' id='word_1_482' title='bbox 3413 668 3577 722; x_wconf 68' lang='lat' dir='ltr'><strong>rideat</strong></span> <span class='ocrx_word' id='word_1_483' title='bbox 3622 666 3868 724; x_wconf 69' lang='lat' dir='ltr'><strong>Dominus</strong></span> 
     </span>
    </p>
   </div>
   <div class='ocr_carea' id='block_1_65' title="bbox 2272 754 3869 830">
    <p class='ocr_par' dir='ltr' id='par_1_65' title="bbox 2272 754 3869 830">
     <span class='ocr_line' id='line_1_65' title="bbox 2272 754 3869 830; baseline 0.005 -24"><span class='ocrx_word' id='word_1_484' title='bbox 2272 754 2608 808; x_wconf 79' lang='lat' dir='ltr'><strong>humilitatem</strong></span> <span class='ocrx_word' id='word_1_485' title='bbox 2635 771 2816 821; x_wconf 85' lang='lat' dir='ltr'><strong>meam,</strong></span> <span class='ocrx_word' id='word_1_486' title='bbox 2857 768 2904 810; x_wconf 88' lang='lat' dir='ltr'><strong>et</strong></span> <span class='ocrx_word' id='word_1_487' title='bbox 2934 756 3113 810; x_wconf 82' lang='lat' dir='ltr'><strong>reddat</strong></span> <span class='ocrx_word' id='word_1_488' title='bbox 3138 757 3265 812; x_wconf 73' lang='lat' dir='ltr'><strong>milii</strong></span> <span class='ocrx_word' id='word_1_489' title='bbox 3294 758 3427 813; x_wconf 82' lang='lat' dir='ltr'><strong>bona</strong></span> <span class='ocrx_word' id='word_1_490' title='bbox 3468 774 3561 830; x_wconf 88' lang='lat' dir='ltr'><strong>pro</strong></span> <span class='ocrx_word' id='word_1_491' title='bbox 3591 759 3869 814; x_wconf 66' lang='lat' dir='ltr'><strong>&quot;addictis</strong></span> 
     </span>
    </p>
   </div>
   <div class='ocr_carea' id='block_1_66' title="bbox 2271 846 3871 922">
    <p class='ocr_par' dir='ltr' id='par_1_66' title="bbox 2271 846 3871 922">
     <span class='ocr_line' id='line_1_66' title="bbox 2271 846 3871 922; baseline 0.006 -25"><span class='ocrx_word' id='word_1_492' title='bbox 2271 846 2422 915; x_wconf 74' lang='lat' dir='ltr'><strong>hujus</strong></span> <span class='ocrx_word' id='word_1_493' title='bbox 2462 846 2516 898; x_wconf 83' lang='lat' dir='ltr'><strong>in</strong></span> <span class='ocrx_word' id='word_1_494' title='bbox 2550 846 2631 900; x_wconf 85' lang='lat' dir='ltr'><strong>die</strong></span> <span class='ocrx_word' id='word_1_495' title='bbox 2666 848 2760 901; x_wconf 79' lang='lat' dir='ltr'><strong>Ime</strong></span> <span class='ocrx_word' id='word_1_496' title='bbox 2795 847 2875 918; x_wconf 73' lang='lat'><strong>(2.</strong></span> <span class='ocrx_word' id='word_1_497' title='bbox 2911 847 3040 920; x_wconf 82' lang='lat' dir='ltr'><strong>Reg.</strong></span> <span class='ocrx_word' id='word_1_498' title='bbox 3079 848 3166 904; x_wconf 75' lang='lat' dir='ltr'><strong>i6.</strong></span> <span class='ocrx_word' id='word_1_499' title='bbox 3217 849 3308 921; x_wconf 75' lang='lat'><strong>12)</strong></span> <span class='ocrx_word' id='word_1_500' title='bbox 3336 867 3353 906; x_wconf 85' lang='lat'><strong>:</strong></span> <span class='ocrx_word' id='word_1_501' title='bbox 3384 850 3529 921; x_wconf 91' lang='lat' dir='ltr'><strong>quod</strong></span> <span class='ocrx_word' id='word_1_502' title='bbox 3562 851 3780 922; x_wconf 88' lang='lat' dir='ltr'><strong>quidem</strong></span> <span class='ocrx_word' id='word_1_503' title='bbox 3815 861 3871 908; x_wconf 86' lang='lat' dir='ltr'><strong>et</strong></span> 
     </span>
    </p>
   </div>
   <div class='ocr_carea' id='block_1_67' title="bbox 2278 936 2476 993">
    <p class='ocr_par' dir='ltr' id='par_1_67' title="bbox 2278 936 2476 993">
     <span class='ocr_line' id='line_1_67' title="bbox 2278 936 2476 993; baseline 0.01 -2"><span class='ocrx_word' id='word_1_504' title='bbox 2278 936 2476 993; x_wconf 82' lang='lat' dir='ltr'><strong>evenit.</strong></span> 
     </span>
    </p>
   </div>
   <div class='ocr_carea' id='block_1_68' title="bbox 2339 1029 3869 1105">
    <p class='ocr_par' dir='ltr' id='par_1_68' title="bbox 2339 1029 3869 1105">
     <span class='ocr_line' id='line_1_68' title="bbox 2339 1029 3869 1105; baseline 0.006 -23"><span class='ocrx_word' id='word_1_505' title='bbox 2339 1029 2393 1083; x_wconf 72' lang='grc'><strong>4.</strong></span> <span class='ocrx_word' id='word_1_506' title='bbox 2426 1029 2559 1085; x_wconf 78' lang='lat' dir='ltr'><strong>Vide</strong></span> <span class='ocrx_word' id='word_1_507' title='bbox 2583 1030 2786 1099; x_wconf 89' lang='lat' dir='ltr'><strong>justum</strong></span> <span class='ocrx_word' id='word_1_508' title='bbox 2828 1031 3160 1088; x_wconf 71' lang='lat' dir='ltr'><strong>intellexisse</strong></span> <span class='ocrx_word' id='word_1_509' title='bbox 3201 1047 3394 1104; x_wconf 82' lang='lat' dir='ltr'><strong>magno</strong></span> <span class='ocrx_word' id='word_1_510' title='bbox 3434 1036 3620 1090; x_wconf 87' lang='lat' dir='ltr'><strong>animo</strong></span> <span class='ocrx_word' id='word_1_511' title='bbox 3665 1035 3869 1105; x_wconf 86' lang='lat' dir='ltr'><strong>perpeti</strong></span> 
     </span>
    </p>
   </div>
   <div class='ocr_carea' id='block_1_69' title="bbox 2270 1122 3872 1198">
    <p class='ocr_par' dir='ltr' id='par_1_69' title="bbox 2270 1122 3872 1198">
     <span class='ocr_line' id='line_1_69' title="bbox 2270 1122 3872 1198; baseline 0.007 -24"><span class='ocrx_word' id='word_1_512' title='bbox 2270 1122 2530 1188; x_wconf 85' lang='lat' dir='ltr'><strong>convicia,</strong></span> <span class='ocrx_word' id='word_1_513' title='bbox 2565 1124 2902 1180; x_wconf 73' lang='lat' dir='ltr'><strong>occasionem</strong></span> <span class='ocrx_word' id='word_1_514' title='bbox 2930 1139 3052 1180; x_wconf 85' lang='lat' dir='ltr'><strong>esse</strong></span> <span class='ocrx_word' id='word_1_515' title='bbox 3091 1124 3449 1194; x_wconf 69' lang='lat' dir='ltr'><strong>adipiscendae</strong></span> <span class='ocrx_word' id='word_1_516' title='bbox 3476 1126 3664 1198; x_wconf 76' lang='lat' dir='ltr'><strong>gloria:</strong></span> <span class='ocrx_word' id='word_1_517' title='bbox 3681 1128 3704 1181; x_wconf 83' lang='lat'><strong>?</strong></span> <span class='ocrx_word' id='word_1_518' title='bbox 3723 1128 3872 1186; x_wconf 70' lang='lat' dir='ltr'><strong>Hane</strong></span> 
     </span>
    </p>
   </div>
   <div class='ocr_carea' id='block_1_70' title="bbox 2269 1211 3873 1290">
    <p class='ocr_par' dir='ltr' id='par_1_70' title="bbox 2269 1211 3873 1290">
     <span class='ocr_line' id='line_1_70' title="bbox 2269 1211 3873 1290; baseline 0.005 -22"><span class='ocrx_word' id='word_1_519' title='bbox 2269 1211 2338 1268; x_wconf 91' lang='lat' dir='ltr'><strong>ob</strong></span> <span class='ocrx_word' id='word_1_520' title='bbox 2363 1226 2576 1267; x_wconf 86' lang='lat' dir='ltr'><strong>causam</strong></span> <span class='ocrx_word' id='word_1_521' title='bbox 2626 1213 2840 1270; x_wconf 75' lang='lat' dir='ltr'><strong>Saulem</strong></span> <span class='ocrx_word' id='word_1_522' title='bbox 2888 1215 3173 1285; x_wconf 82' lang='lat' dir='ltr'><strong>aliquando</strong></span> <span class='ocrx_word' id='word_1_523' title='bbox 3213 1226 3399 1273; x_wconf 90' lang='lat' dir='ltr'><strong>nactus</strong></span> <span class='ocrx_word' id='word_1_524' title='bbox 3427 1217 3569 1274; x_wconf 86' lang='lat' dir='ltr'><strong>inter</strong></span> <span class='ocrx_word' id='word_1_525' title='bbox 3597 1221 3873 1290; x_wconf 87' lang='lat' dir='ltr'><strong>geminum</strong></span> 
     </span>
    </p>
   </div>
   <div class='ocr_carea' id='block_1_71' title="bbox 2273 1306 3878 1381">
    <p class='ocr_par' dir='ltr' id='par_1_71' title="bbox 2273 1306 3878 1381">
     <span class='ocr_line' id='line_1_71' title="bbox 2273 1306 3878 1381; baseline 0.004 -23"><span class='ocrx_word' id='word_1_526' title='bbox 2273 1306 2548 1374; x_wconf 88' lang='lat' dir='ltr'><strong>parietem,</strong></span> <span class='ocrx_word' id='word_1_527' title='bbox 2578 1320 2700 1361; x_wconf 91' lang='lat' dir='ltr'><strong>cum</strong></span> <span class='ocrx_word' id='word_1_528' title='bbox 2727 1316 2868 1361; x_wconf 89' lang='lat' dir='ltr'><strong>esset</strong></span> <span class='ocrx_word' id='word_1_529' title='bbox 2895 1306 3170 1362; x_wconf 75' lang='lat' dir='ltr'><strong>occidendi</strong></span> <span class='ocrx_word' id='word_1_530' title='bbox 3210 1307 3452 1375; x_wconf 75' lang='lat' dir='ltr'><strong>facultas,</strong></span> <span class='ocrx_word' id='word_1_531' title='bbox 3485 1311 3749 1381; x_wconf 85' lang='lat' dir='ltr'><strong>pepercit,</strong></span> <span class='ocrx_word' id='word_1_532' title='bbox 3794 1311 3878 1365; x_wconf 77' lang='lat' dir='ltr'><strong>id-</strong></span> 
     </span>
    </p>
   </div>
   <div class='ocr_carea' id='block_1_72' title="bbox 2270 1398 3874 1471">
    <p class='ocr_par' dir='ltr' id='par_1_72' title="bbox 2270 1398 3874 1471">
     <span class='ocr_line' id='line_1_72' title="bbox 2270 1398 3874 1471; baseline 0.004 -20"><span class='ocrx_word' id='word_1_533' title='bbox 2270 1412 2393 1464; x_wconf 85' lang='lat' dir='ltr'><strong>que,</strong></span> <span class='ocrx_word' id='word_1_534' title='bbox 2421 1412 2544 1451; x_wconf 89' lang='lat' dir='ltr'><strong>cum</strong></span> <span class='ocrx_word' id='word_1_535' title='bbox 2589 1398 2812 1452; x_wconf 89' lang='lat' dir='ltr'><strong>comites</strong></span> <span class='ocrx_word' id='word_1_536' title='bbox 2856 1399 3215 1463; x_wconf 87' lang='lat' dir='ltr'><strong>hortarentur,</strong></span> <span class='ocrx_word' id='word_1_537' title='bbox 3251 1408 3307 1454; x_wconf 91' lang='lat' dir='ltr'><strong>ut</strong></span> <span class='ocrx_word' id='word_1_538' title='bbox 3345 1400 3522 1471; x_wconf 89' lang='lat' dir='ltr'><strong>gladio</strong></span> <span class='ocrx_word' id='word_1_539' title='bbox 3552 1400 3874 1457; x_wconf 75' lang='lat' dir='ltr'><strong>conroderet</strong></span> 
     </span>
    </p>
   </div>
   <div class='ocr_carea' id='block_1_73' title="bbox 2271 1486 3875 1561">
    <p class='ocr_par' dir='ltr' id='par_1_73' title="bbox 2271 1486 3875 1561">
     <span class='ocr_line' id='line_1_73' title="bbox 2271 1486 3875 1561; baseline 0.005 -19"><span class='ocrx_word' id='word_1_540' title='bbox 2271 1488 2349 1556; x_wconf 85' lang='lat' dir='ltr'><strong>(i.</strong></span> <span class='ocrx_word' id='word_1_541' title='bbox 2381 1486 2510 1558; x_wconf 83' lang='lat' dir='ltr'><strong>Reg.</strong></span> <span class='ocrx_word' id='word_1_542' title='bbox 2540 1487 2651 1558; x_wconf 64' lang='grc' dir='ltr'><strong>ἰαί).</strong></span> <span class='ocrx_word' id='word_1_543' title='bbox 2687 1487 2792 1544; x_wconf 92' lang='lat' dir='ltr'><strong>Sed</strong></span> <span class='ocrx_word' id='word_1_544' title='bbox 2841 1504 3014 1560; x_wconf 88' lang='lat' dir='ltr'><strong>neque</strong></span> <span class='ocrx_word' id='word_1_545' title='bbox 3043 1499 3147 1545; x_wconf 85' lang='lat' dir='ltr'><strong>tam</strong></span> <span class='ocrx_word' id='word_1_546' title='bbox 3182 1501 3423 1561; x_wconf 84' lang='lat' dir='ltr'><strong>prompta</strong></span> <span class='ocrx_word' id='word_1_547' title='bbox 3464 1493 3744 1549; x_wconf 82' lang='lat' dir='ltr'><strong>occidendi</strong></span> <span class='ocrx_word' id='word_1_548' title='bbox 3794 1492 3875 1550; x_wconf 78' lang='lat' dir='ltr'><strong>fa-</strong></span> 
     </span>
    </p>
   </div>
   <div class='ocr_carea' id='block_1_74' title="bbox 2269 1578 3877 1652">
    <p class='ocr_par' dir='ltr' id='par_1_74' title="bbox 2269 1578 3877 1652">
     <span class='ocr_line' id='line_1_74' title="bbox 2269 1578 3877 1652; baseline 0.004 -19"><span class='ocrx_word' id='word_1_549' title='bbox 2269 1578 2458 1640; x_wconf 87' lang='lat' dir='ltr'><strong>cultas.</strong></span> <span class='ocrx_word' id='word_1_550' title='bbox 2489 1593 2662 1650; x_wconf 86' lang='lat' dir='ltr'><strong>neque</strong></span> <span class='ocrx_word' id='word_1_551' title='bbox 2685 1580 2938 1634; x_wconf 88' lang='lat' dir='ltr'><strong>comitum</strong></span> <span class='ocrx_word' id='word_1_552' title='bbox 2963 1581 3052 1650; x_wconf 91' lang='lat' dir='ltr'><strong>qui</strong></span> <span class='ocrx_word' id='word_1_553' title='bbox 3077 1582 3302 1637; x_wconf 87' lang='lat' dir='ltr'><strong>aderant</strong></span> <span class='ocrx_word' id='word_1_554' title='bbox 3331 1582 3661 1650; x_wconf 67' lang='lat' dir='ltr'><strong>provocati»,</strong></span> <span class='ocrx_word' id='word_1_555' title='bbox 3693 1597 3877 1652; x_wconf 83' lang='lat' dir='ltr'><strong>neque</strong></span> 
     </span>
    </p>
   </div>
   <div class='ocr_carea' id='block_1_75' title="bbox 2270 1669 3876 1742">
    <p class='ocr_par' dir='ltr' id='par_1_75' title="bbox 2270 1669 3876 1742">
     <span class='ocr_line' id='line_1_75' title="bbox 2270 1669 3876 1742; baseline 0.005 -20"><span class='ocrx_word' id='word_1_556' title='bbox 2270 1669 2553 1723; x_wconf 85' lang='lat' dir='ltr'><strong>multarum</strong></span> <span class='ocrx_word' id='word_1_557' title='bbox 2608 1669 2943 1738; x_wconf 86' lang='lat' dir='ltr'><strong>injuriarum,</strong></span> <span class='ocrx_word' id='word_1_558' title='bbox 2989 1685 3124 1739; x_wconf 88' lang='lat' dir='ltr'><strong>quas</strong></span> <span class='ocrx_word' id='word_1_559' title='bbox 3167 1687 3453 1742; x_wconf 73' lang='lat' dir='ltr'><strong>perpessus</strong></span> <span class='ocrx_word' id='word_1_560' title='bbox 3494 1673 3693 1738; x_wconf 83' lang='lat' dir='ltr'><strong>fuerat,</strong></span> <span class='ocrx_word' id='word_1_561' title='bbox 3753 1689 3876 1730; x_wconf 85' lang='lat' dir='ltr'><strong>me-</strong></span> 
     </span>
    </p>
   </div>
   <div class='ocr_carea' id='block_1_76' title="bbox 2271 1751 3874 1825">
    <p class='ocr_par' dir='ltr' id='par_1_76' title="bbox 2271 1751 3874 1825">
     <span class='ocr_line' id='line_1_76' title="bbox 2271 1751 3874 1825; baseline 0.004 -20"><span class='ocrx_word' id='word_1_562' title='bbox 2271 1751 2462 1820; x_wconf 87' lang='lat' dir='ltr'><strong>moria,</strong></span> <span class='ocrx_word' id='word_1_563' title='bbox 2491 1766 2665 1823; x_wconf 88' lang='lat' dir='ltr'><strong>neque</strong></span> <span class='ocrx_word' id='word_1_564' title='bbox 2690 1754 2931 1822; x_wconf 89' lang='lat' dir='ltr'><strong>graviora</strong></span> <span class='ocrx_word' id='word_1_565' title='bbox 2961 1754 3193 1823; x_wconf 89' lang='lat' dir='ltr'><strong>patiendi</strong></span> <span class='ocrx_word' id='word_1_566' title='bbox 3225 1756 3543 1825; x_wconf 79' lang='lat' dir='ltr'><strong>periculum,</strong></span> <span class='ocrx_word' id='word_1_567' title='bbox 3590 1757 3656 1810; x_wconf 85' lang='lat' dir='ltr'><strong>ad</strong></span> <span class='ocrx_word' id='word_1_568' title='bbox 3702 1759 3874 1812; x_wconf 80' lang='lat' dir='ltr'><strong>strin-</strong></span> 
     </span>
    </p>
   </div>
   <div class='ocr_carea' id='block_1_77' title="bbox 2270 1842 3874 1915">
    <p class='ocr_par' dir='ltr' id='par_1_77' title="bbox 2270 1842 3874 1915">
     <span class='ocr_line' id='line_1_77' title="bbox 2270 1842 3874 1915; baseline 0.003 -18"><span class='ocrx_word' id='word_1_569' title='bbox 2270 1842 2497 1913; x_wconf 85' lang='lat' dir='ltr'><strong>gendutn</strong></span> <span class='ocrx_word' id='word_1_570' title='bbox 2526 1845 2756 1913; x_wconf 84' lang='lat' dir='ltr'><strong>gladium</strong></span> <span class='ocrx_word' id='word_1_571' title='bbox 2789 1844 2936 1901; x_wconf 87' lang='lat' dir='ltr'><strong>illum</strong></span> <span class='ocrx_word' id='word_1_572' title='bbox 2967 1844 3249 1915; x_wconf 89' lang='lat' dir='ltr'><strong>impellere</strong></span> <span class='ocrx_word' id='word_1_573' title='bbox 3290 1858 3580 1915; x_wconf 79' lang='lat' dir='ltr'><strong>potuerunt</strong></span> <span class='ocrx_word' id='word_1_574' title='bbox 3609 1866 3624 1914; x_wconf 84' lang='lat'><strong>;</strong></span> <span class='ocrx_word' id='word_1_575' title='bbox 3658 1849 3874 1902; x_wconf 84' lang='lat' dir='ltr'><strong>tametsi</strong></span> 
     </span>
    </p>
   </div>
   <div class='ocr_carea' id='block_1_78' title="bbox 2272 1933 3879 2004">
    <p class='ocr_par' dir='ltr' id='par_1_78' title="bbox 2272 1933 3879 2004">
     <span class='ocr_line' id='line_1_78' title="bbox 2272 1933 3879 2004; baseline 0.004 -15"><span class='ocrx_word' id='word_1_576' title='bbox 2272 1949 2444 2004; x_wconf 88' lang='lat' dir='ltr'><strong>neque</strong></span> <span class='ocrx_word' id='word_1_577' title='bbox 2470 1935 2726 1990; x_wconf 88' lang='lat' dir='ltr'><strong>exercitui</strong></span> <span class='ocrx_word' id='word_1_578' title='bbox 2755 1933 3071 1991; x_wconf 79' lang='lat' dir='ltr'><strong>manifestus</strong></span> <span class='ocrx_word' id='word_1_579' title='bbox 3103 1935 3374 1991; x_wconf 88' lang='lat' dir='ltr'><strong>homicidii</strong></span> <span class='ocrx_word' id='word_1_580' title='bbox 3407 1936 3618 1994; x_wconf 79' lang='lat' dir='ltr'><strong>futurus</strong></span> <span class='ocrx_word' id='word_1_581' title='bbox 3655 1949 3796 2004; x_wconf 87' lang='lat' dir='ltr'><strong>erat,</strong></span> <span class='ocrx_word' id='word_1_582' title='bbox 3827 1939 3879 1995; x_wconf 86' lang='lat' dir='ltr'><strong>si</strong></span> 
     </span>
    </p>
   </div>
   <div class='ocr_carea' id='block_1_79' title="bbox 2270 2024 3879 2096">
    <p class='ocr_par' dir='ltr' id='par_1_79' title="bbox 2270 2024 3879 2096">
     <span class='ocr_line' id='line_1_79' title="bbox 2270 2024 3879 2096; baseline 0.004 -17"><span class='ocrx_word' id='word_1_583' title='bbox 2270 2024 2470 2079; x_wconf 66' lang='lat' dir='ltr'><strong>etrdem</strong></span> <span class='ocrx_word' id='word_1_584' title='bbox 2501 2025 2644 2078; x_wconf 85' lang='lat' dir='ltr'><strong>illam</strong></span> <span class='ocrx_word' id='word_1_585' title='bbox 2672 2032 2935 2093; x_wconf 89' lang='lat' dir='ltr'><strong>patrasset</strong></span> <span class='ocrx_word' id='word_1_586' title='bbox 2965 2044 2978 2080; x_wconf 89' lang='lat'><strong>:</strong></span> <span class='ocrx_word' id='word_1_587' title='bbox 3007 2026 3267 2096; x_wconf 83' lang='lat' dir='ltr'><strong>siquidem</strong></span> <span class='ocrx_word' id='word_1_588' title='bbox 3312 2027 3565 2096; x_wconf 82' lang='lat' dir='ltr'><strong>spelunca</strong></span> <span class='ocrx_word' id='word_1_589' title='bbox 3605 2038 3743 2088; x_wconf 89' lang='lat' dir='ltr'><strong>erat.</strong></span> <span class='ocrx_word' id='word_1_590' title='bbox 3772 2044 3879 2086; x_wconf 77' lang='lat' dir='ltr'><strong>nec</strong></span> 
     </span>
    </p>
   </div>
   <div class='ocr_carea' id='block_1_80' title="bbox 2271 2114 3878 2190">
    <p class='ocr_par' dir='ltr' id='par_1_80' title="bbox 2271 2114 3878 2190">
     <span class='ocr_line' id='line_1_80' title="bbox 2271 2114 3878 2190; baseline 0.004 -22"><span class='ocrx_word' id='word_1_591' title='bbox 2271 2114 2410 2169; x_wconf 85' lang='lat' dir='ltr'><strong>ullus</strong></span> <span class='ocrx_word' id='word_1_592' title='bbox 2456 2115 2591 2170; x_wconf 85' lang='lat' dir='ltr'><strong>alius</strong></span> <span class='ocrx_word' id='word_1_593' title='bbox 2631 2115 2815 2171; x_wconf 90' lang='lat' dir='ltr'><strong>aderat</strong></span> <span class='ocrx_word' id='word_1_594' title='bbox 2854 2115 2953 2186; x_wconf 88' lang='lat' dir='ltr'><strong>(a),</strong></span> <span class='ocrx_word' id='word_1_595' title='bbox 2993 2117 3092 2172; x_wconf 61' lang='lat' dir='ltr'><strong>nisi</strong></span> <span class='ocrx_word' id='word_1_596' title='bbox 3136 2119 3249 2188; x_wconf 89' lang='lat' dir='ltr'><strong>ipse</strong></span> <span class='ocrx_word' id='word_1_597' title='bbox 3298 2119 3466 2172; x_wconf 84' lang='lat' dir='ltr'><strong>solus.</strong></span> <span class='ocrx_word' id='word_1_598' title='bbox 3513 2116 3700 2190; x_wconf 78' lang='lat' dir='ltr'><strong>Neque</strong></span> <span class='ocrx_word' id='word_1_599' title='bbox 3738 2117 3878 2176; x_wconf 76' lang='lat' dir='ltr'><strong>dixit</strong></span> 
     </span>
    </p>
   </div>
   <div class='ocr_carea' id='block_1_81' title="bbox 2271 2205 3873 2276">
    <p class='ocr_par' dir='ltr' id='par_1_81' title="bbox 2271 2205 3873 2276">
     <span class='ocr_line' id='line_1_81' title="bbox 2271 2205 3873 2276; baseline 0.005 -20"><span class='ocrx_word' id='word_1_600' title='bbox 2271 2205 2410 2273; x_wconf 90' lang='lat' dir='ltr'><strong>quod</strong></span> <span class='ocrx_word' id='word_1_601' title='bbox 2461 2205 2724 2276; x_wconf 67' lang='lat' dir='ltr'><strong>quispiam</strong></span> <span class='ocrx_word' id='word_1_602' title='bbox 2774 2206 3096 2266; x_wconf 88' lang='lat' dir='ltr'><strong>adulterium</strong></span> <span class='ocrx_word' id='word_1_603' title='bbox 3160 2209 3546 2264; x_wconf 80' lang='lat' dir='ltr'><strong>commissurus</strong></span> <span class='ocrx_word' id='word_1_604' title='bbox 3593 2209 3814 2264; x_wconf 75' lang='lat' dir='ltr'><strong>dicebat</strong></span> <span class='ocrx_word' id='word_1_605' title='bbox 3857 2228 3873 2264; x_wconf 89' lang='lat'><strong>:</strong></span> 
     </span>
    </p>
   </div>
   <div class='ocr_carea' id='block_1_82' title="bbox 2271 2294 3877 2371">
    <p class='ocr_par' dir='ltr' id='par_1_82' title="bbox 2271 2294 3877 2371">
     <span class='ocr_line' id='line_1_82' title="bbox 2271 2294 3877 2371; baseline 0.004 -23"><span class='ocrx_word' id='word_1_606' title='bbox 2271 2294 2509 2350; x_wconf 69' lang='lat' dir='ltr'><strong>Tenebris</strong></span> <span class='ocrx_word' id='word_1_607' title='bbox 2531 2298 2722 2350; x_wconf 71' lang='lat' dir='ltr'><strong>circum</strong></span> <span class='ocrx_word' id='word_1_608' title='bbox 2751 2313 2830 2351; x_wconf 82' lang='lat' dir='ltr'><strong>me</strong></span> <span class='ocrx_word' id='word_1_609' title='bbox 2859 2307 2909 2352; x_wconf 85' lang='lat' dir='ltr'><strong>et</strong></span> <span class='ocrx_word' id='word_1_610' title='bbox 2927 2300 3080 2364; x_wconf 84' lang='lat' dir='ltr'><strong>muri,</strong></span> <span class='ocrx_word' id='word_1_611' title='bbox 3102 2301 3224 2367; x_wconf 83' lang='lat' dir='ltr'><strong>quid</strong></span> <span class='ocrx_word' id='word_1_612' title='bbox 3246 2302 3394 2354; x_wconf 85' lang='lat' dir='ltr'><strong>timeo</strong></span> <span class='ocrx_word' id='word_1_613' title='bbox 3416 2299 3603 2371; x_wconf 82' lang='lat' dir='ltr'><strong>(Eccli.</strong></span> <span class='ocrx_word' id='word_1_614' title='bbox 3635 2300 3730 2354; x_wconf 73' lang='grc'><strong>25.</strong></span> <span class='ocrx_word' id='word_1_615' title='bbox 3749 2299 3877 2370; x_wconf 63' lang='lat'><strong>96)?</strong></span> 
     </span>
    </p>
   </div>
   <div class='ocr_carea' id='block_1_83' title="bbox 2270 2386 3876 2459">
    <p class='ocr_par' dir='ltr' id='par_1_83' title="bbox 2270 2386 3876 2459">
     <span class='ocr_line' id='line_1_83' title="bbox 2270 2386 3876 2459; baseline 0.006 -21"><span class='ocrx_word' id='word_1_616' title='bbox 2270 2386 2362 2441; x_wconf 87' lang='lat' dir='ltr'><strong>sed</strong></span> <span class='ocrx_word' id='word_1_617' title='bbox 2396 2387 2696 2442; x_wconf 87' lang='lat' dir='ltr'><strong>insomnem</strong></span> <span class='ocrx_word' id='word_1_618' title='bbox 2725 2388 2938 2442; x_wconf 91' lang='lat' dir='ltr'><strong>oculum</strong></span> <span class='ocrx_word' id='word_1_619' title='bbox 2977 2389 3268 2459; x_wconf 87' lang='lat' dir='ltr'><strong>spectabat,</strong></span> <span class='ocrx_word' id='word_1_620' title='bbox 3299 2400 3351 2446; x_wconf 92' lang='lat' dir='ltr'><strong>et</strong></span> <span class='ocrx_word' id='word_1_621' title='bbox 3393 2391 3600 2447; x_wconf 87' lang='lat' dir='ltr'><strong>sciebat</strong></span> <span class='ocrx_word' id='word_1_622' title='bbox 3650 2392 3876 2449; x_wconf 79' lang='lat' dir='ltr'><strong>inﬁnitis</strong></span> 
     </span>
    </p>
   </div>
   <div class='ocr_carea' id='block_1_84' title="bbox 2271 2477 3876 2548">
    <p class='ocr_par' dir='ltr' id='par_1_84' title="bbox 2271 2477 3876 2548">
     <span class='ocr_line' id='line_1_84' title="bbox 2271 2477 3876 2548; baseline 0.006 -20"><span class='ocrx_word' id='word_1_623' title='bbox 2271 2477 2512 2548; x_wconf 80' lang='lat' dir='ltr'><strong>partibus</strong></span> <span class='ocrx_word' id='word_1_624' title='bbox 2553 2478 2943 2548; x_wconf 73' lang='lat' dir='ltr'><strong>splendidiores</strong></span> <span class='ocrx_word' id='word_1_625' title='bbox 2985 2493 3105 2535; x_wconf 87' lang='lat' dir='ltr'><strong>esse</strong></span> <span class='ocrx_word' id='word_1_626' title='bbox 3145 2479 3257 2535; x_wconf 91' lang='lat' dir='ltr'><strong>sole</strong></span> <span class='ocrx_word' id='word_1_627' title='bbox 3301 2482 3510 2537; x_wconf 89' lang='lat' dir='ltr'><strong>Domini</strong></span> <span class='ocrx_word' id='word_1_628' title='bbox 3541 2484 3753 2537; x_wconf 66' lang='lat' dir='ltr'><strong>oculos.</strong></span> <span class='ocrx_word' id='word_1_629' title='bbox 3785 2483 3876 2537; x_wconf 83' lang='lat' dir='ltr'><strong>ld-</strong></span> 
     </span>
    </p>
   </div>
   <div class='ocr_carea' id='block_1_85' title="bbox 2272 2569 3877 2644">
    <p class='ocr_par' dir='ltr' id='par_1_85' title="bbox 2272 2569 3877 2644">
     <span class='ocr_line' id='line_1_85' title="bbox 2272 2569 3877 2644; baseline 0.002 -21"><span class='ocrx_word' id='word_1_630' title='bbox 2272 2569 2415 2624; x_wconf 85' lang='lat' dir='ltr'><strong>circo</strong></span> <span class='ocrx_word' id='word_1_631' title='bbox 2460 2570 2538 2623; x_wconf 88' lang='lat' dir='ltr'><strong>sic</strong></span> <span class='ocrx_word' id='word_1_632' title='bbox 2577 2570 2756 2623; x_wconf 89' lang='lat' dir='ltr'><strong>omnia</strong></span> <span class='ocrx_word' id='word_1_633' title='bbox 2787 2569 2978 2639; x_wconf 88' lang='lat' dir='ltr'><strong>agebat</strong></span> <span class='ocrx_word' id='word_1_634' title='bbox 3004 2579 3060 2624; x_wconf 90' lang='lat' dir='ltr'><strong>et</strong></span> <span class='ocrx_word' id='word_1_635' title='bbox 3088 2570 3404 2641; x_wconf 88' lang='lat' dir='ltr'><strong>loquebatur</strong></span> <span class='ocrx_word' id='word_1_636' title='bbox 3443 2582 3717 2643; x_wconf 85' lang='lat' dir='ltr'><strong>tatnquam</strong></span> <span class='ocrx_word' id='word_1_637' title='bbox 3757 2574 3877 2644; x_wconf 84' lang='lat' dir='ltr'><strong>ipso</strong></span> 
     </span>
    </p>
   </div>
   <div class='ocr_carea' id='block_1_86' title="bbox 2272 2660 3875 2734">
    <p class='ocr_par' dir='ltr' id='par_1_86' title="bbox 2272 2660 3875 2734">
     <span class='ocr_line' id='line_1_86' title="bbox 2272 2660 3875 2734; baseline 0.005 -20"><span class='ocrx_word' id='word_1_638' title='bbox 2272 2670 2555 2729; x_wconf 64' lang='lat' dir='ltr'><strong>praesente,</strong></span> <span class='ocrx_word' id='word_1_639' title='bbox 2580 2660 2720 2717; x_wconf 89' lang='lat' dir='ltr'><strong>etde</strong></span> <span class='ocrx_word' id='word_1_640' title='bbox 2750 2662 2813 2717; x_wconf 91' lang='lat' dir='ltr'><strong>iis</strong></span> <span class='ocrx_word' id='word_1_641' title='bbox 2842 2677 2962 2734; x_wconf 67' lang='lat' dir='ltr'><strong>quae</strong></span> <span class='ocrx_word' id='word_1_642' title='bbox 2991 2662 3328 2731; x_wconf 88' lang='lat' dir='ltr'><strong>dicebantur,</strong></span> <span class='ocrx_word' id='word_1_643' title='bbox 3353 2663 3617 2734; x_wconf 90' lang='lat' dir='ltr'><strong>judicium</strong></span> <span class='ocrx_word' id='word_1_644' title='bbox 3643 2665 3875 2722; x_wconf 80' lang='lat' dir='ltr'><strong>ferente.</strong></span> 
     </span>
    </p>
   </div>
   <div class='ocr_carea' id='block_1_87' title="bbox 2272 2752 3872 2824">
    <p class='ocr_par' dir='ltr' id='par_1_87' title="bbox 2272 2752 3872 2824">
     <span class='ocr_line' id='line_1_87' title="bbox 2272 2752 3872 2824; baseline 0.005 -18"><span class='ocrx_word' id='word_1_645' title='bbox 2272 2753 2361 2806; x_wconf 83' lang='lat' dir='ltr'><strong>Ait</strong></span> <span class='ocrx_word' id='word_1_646' title='bbox 2380 2769 2526 2824; x_wconf 78' lang='lat' dir='ltr'><strong>ergo.</strong></span> <span class='ocrx_word' id='word_1_647' title='bbox 2559 2752 2677 2807; x_wconf 88' lang='lat' dir='ltr'><strong>Non</strong></span> <span class='ocrx_word' id='word_1_648' title='bbox 2703 2755 2924 2824; x_wconf 78' lang='lat' dir='ltr'><strong>inferam</strong></span> <span class='ocrx_word' id='word_1_649' title='bbox 2963 2771 3167 2808; x_wconf 84' lang='lat' dir='ltr'><strong>manum</strong></span> <span class='ocrx_word' id='word_1_650' title='bbox 3199 2770 3362 2810; x_wconf 80' lang='lat' dir='ltr'><strong>meam</strong></span> <span class='ocrx_word' id='word_1_651' title='bbox 3388 2757 3441 2810; x_wconf 71' lang='lat' dir='ltr'><strong>in</strong></span> <span class='ocrx_word' id='word_1_652' title='bbox 3470 2758 3718 2812; x_wconf 69' lang='lat' dir='ltr'><strong>chr-istam</strong></span> <span class='ocrx_word' id='word_1_653' title='bbox 3761 2757 3872 2814; x_wconf 83' lang='lat' dir='ltr'><strong>Do-</strong></span> 
     </span>
    </p>
   </div>
   <div class='ocr_carea' id='block_1_88' title="bbox 2271 2844 3872 2918">
    <p class='ocr_par' dir='ltr' id='par_1_88' title="bbox 2271 2844 3872 2918">
     <span class='ocr_line' id='line_1_88' title="bbox 2271 2844 3872 2918; baseline 0.006 -22"><span class='ocrx_word' id='word_1_654' title='bbox 2271 2844 2394 2897; x_wconf 84' lang='lat' dir='ltr'><strong>mini</strong></span> <span class='ocrx_word' id='word_1_655' title='bbox 2419 2847 2491 2915; x_wconf 77' lang='lat' dir='ltr'><strong>(i.</strong></span> <span class='ocrx_word' id='word_1_656' title='bbox 2519 2844 2645 2916; x_wconf 84' lang='lat' dir='ltr'><strong>Reg.</strong></span> <span class='ocrx_word' id='word_1_657' title='bbox 2677 2846 2767 2901; x_wconf 72' lang='grc'><strong>24,</strong></span> <span class='ocrx_word' id='word_1_658' title='bbox 2801 2845 2878 2918; x_wconf 84' lang='grc'><strong>7).</strong></span> <span class='ocrx_word' id='word_1_659' title='bbox 2915 2846 3032 2901; x_wconf 85' lang='grc' dir='ltr'><strong>Νοη</strong></span> <span class='ocrx_word' id='word_1_660' title='bbox 3061 2846 3292 2915; x_wconf 87' lang='lat' dir='ltr'><strong>respicio</strong></span> <span class='ocrx_word' id='word_1_661' title='bbox 3320 2847 3748 2918; x_wconf 85' lang='lat' dir='ltr'><strong>improbitatem,</strong></span> <span class='ocrx_word' id='word_1_662' title='bbox 3775 2848 3872 2905; x_wconf 87' lang='lat' dir='ltr'><strong>sed</strong></span> 
     </span>
    </p>
   </div>
   <div class='ocr_carea' id='block_1_89' title="bbox 2271 2937 3876 3008">
    <p class='ocr_par' dir='ltr' id='par_1_89' title="bbox 2271 2937 3876 3008">
     <span class='ocr_line' id='line_1_89' title="bbox 2271 2937 3876 3008; baseline 0.004 -18"><span class='ocrx_word' id='word_1_663' title='bbox 2271 2937 2497 3005; x_wconf 77' lang='lat' dir='ltr'><strong>respicio</strong></span> <span class='ocrx_word' id='word_1_664' title='bbox 2537 2937 2874 3006; x_wconf 82' lang='lat' dir='ltr'><strong>dignitatem.</strong></span> <span class='ocrx_word' id='word_1_665' title='bbox 2921 2937 3103 3006; x_wconf 84' lang='lat' dir='ltr'><strong>Neque</strong></span> <span class='ocrx_word' id='word_1_666' title='bbox 3143 2937 3272 2992; x_wconf 89' lang='lat' dir='ltr'><strong>mihi</strong></span> <span class='ocrx_word' id='word_1_667' title='bbox 3302 2938 3446 2992; x_wconf 87' lang='lat' dir='ltr'><strong>dicat</strong></span> <span class='ocrx_word' id='word_1_668' title='bbox 3485 2938 3681 3008; x_wconf 84' lang='lat' dir='ltr'><strong>aliquis</strong></span> <span class='ocrx_word' id='word_1_669' title='bbox 3723 2939 3876 2996; x_wconf 69' lang='lat' dir='ltr'><strong>illum</strong></span> 
     </span>
    </p>
   </div>
   <div class='ocr_carea' id='block_1_90' title="bbox 2271 3026 3874 3098">
    <p class='ocr_par' dir='ltr' id='par_1_90' title="bbox 2271 3026 3874 3098">
     <span class='ocr_line' id='line_1_90' title="bbox 2271 3026 3874 3098; baseline 0.003 -18"><span class='ocrx_word' id='word_1_670' title='bbox 2271 3041 2390 3081; x_wconf 87' lang='lat' dir='ltr'><strong>esse</strong></span> <span class='ocrx_word' id='word_1_671' title='bbox 2419 3028 2708 3082; x_wconf 84' lang='lat' dir='ltr'><strong>violentum</strong></span> <span class='ocrx_word' id='word_1_672' title='bbox 2758 3042 2822 3082; x_wconf 89' lang='lat' dir='ltr'><strong>ac</strong></span> <span class='ocrx_word' id='word_1_673' title='bbox 2865 3026 3127 3082; x_wconf 84' lang='lat' dir='ltr'><strong>nefarium</strong></span> <span class='ocrx_word' id='word_1_674' title='bbox 3160 3045 3173 3079; x_wconf 90' lang='lat'><strong>:</strong></span> <span class='ocrx_word' id='word_1_675' title='bbox 3205 3043 3304 3098; x_wconf 87' lang='lat' dir='ltr'><strong>ego</strong></span> <span class='ocrx_word' id='word_1_676' title='bbox 3335 3028 3480 3082; x_wconf 89' lang='lat' dir='ltr'><strong>enim</strong></span> <span class='ocrx_word' id='word_1_677' title='bbox 3523 3029 3616 3083; x_wconf 82' lang='lat' dir='ltr'><strong>Dei</strong></span> <span class='ocrx_word' id='word_1_678' title='bbox 3664 3030 3874 3085; x_wconf 83' lang='lat' dir='ltr'><strong>calculo</strong></span> 
     </span>
    </p>
   </div>
   <div class='ocr_carea' id='block_1_91' title="bbox 2274 3119 3874 3189">
    <p class='ocr_par' dir='ltr' id='par_1_91' title="bbox 2274 3119 3874 3189">
     <span class='ocr_line' id='line_1_91' title="bbox 2274 3119 3874 3189; baseline 0.003 -17"><span class='ocrx_word' id='word_1_679' title='bbox 2274 3119 2530 3172; x_wconf 88' lang='lat' dir='ltr'><strong>honorem</strong></span> <span class='ocrx_word' id='word_1_680' title='bbox 2557 3119 2760 3183; x_wconf 83' lang='lat' dir='ltr'><strong>defero,</strong></span> <span class='ocrx_word' id='word_1_681' title='bbox 2789 3120 3030 3188; x_wconf 75' lang='lat' dir='ltr'><strong>quamvis</strong></span> <span class='ocrx_word' id='word_1_682' title='bbox 3062 3119 3314 3189; x_wconf 77' lang='lat' dir='ltr'><strong>indignus</strong></span> <span class='ocrx_word' id='word_1_683' title='bbox 3340 3121 3440 3173; x_wconf 76' lang='lat' dir='ltr'><strong>iste</strong></span> <span class='ocrx_word' id='word_1_684' title='bbox 3461 3120 3728 3175; x_wconf 81' lang='lat' dir='ltr'><strong>videatur.</strong></span> <span class='ocrx_word' id='word_1_685' title='bbox 3761 3121 3874 3176; x_wconf 79' lang='lat' dir='ltr'><strong>Non</strong></span> 
     </span>
    </p>
   </div>
   <div class='ocr_carea' id='block_1_92' title="bbox 2271 3210 3876 3280">
    <p class='ocr_par' dir='ltr' id='par_1_92' title="bbox 2271 3210 3876 3280">
     <span class='ocr_line' id='line_1_92' title="bbox 2271 3210 3876 3280; baseline 0.003 -16"><span class='ocrx_word' id='word_1_686' title='bbox 2271 3211 2415 3264; x_wconf 91' lang='lat' dir='ltr'><strong>enim</strong></span> <span class='ocrx_word' id='word_1_687' title='bbox 2445 3225 2619 3265; x_wconf 92' lang='lat' dir='ltr'><strong>meum</strong></span> <span class='ocrx_word' id='word_1_688' title='bbox 2641 3219 2732 3265; x_wconf 85' lang='lat' dir='ltr'><strong>.est</strong></span> <span class='ocrx_word' id='word_1_689' title='bbox 2757 3211 2859 3264; x_wconf 91' lang='lat' dir='ltr'><strong>hoc</strong></span> <span class='ocrx_word' id='word_1_690' title='bbox 2884 3212 3110 3274; x_wconf 88' lang='lat' dir='ltr'><strong>crimen,</strong></span> <span class='ocrx_word' id='word_1_691' title='bbox 3155 3211 3294 3280; x_wconf 89' lang='lat' dir='ltr'><strong>quod</strong></span> <span class='ocrx_word' id='word_1_692' title='bbox 3328 3211 3413 3265; x_wconf 92' lang='lat' dir='ltr'><strong>hic</strong></span> <span class='ocrx_word' id='word_1_693' title='bbox 3440 3210 3652 3268; x_wconf 88' lang='lat' dir='ltr'><strong>honore</strong></span> <span class='ocrx_word' id='word_1_694' title='bbox 3694 3214 3876 3269; x_wconf 78' lang='lat' dir='ltr'><strong>vidca-</strong></span> 
     </span>
    </p>
   </div>
   <div class='ocr_carea' id='block_1_93' title="bbox 2273 3299 3875 3372">
    <p class='ocr_par' dir='ltr' id='par_1_93' title="bbox 2273 3299 3875 3372">
     <span class='ocr_line' id='line_1_93' title="bbox 2273 3299 3875 3372; baseline 0.004 -20"><span class='ocrx_word' id='word_1_695' title='bbox 2273 3307 2358 3353; x_wconf 88' lang='lat' dir='ltr'><strong>tnr</strong></span> <span class='ocrx_word' id='word_1_696' title='bbox 2408 3299 2672 3369; x_wconf 80' lang='lat' dir='ltr'><strong>indignus.</strong></span> <span class='ocrx_word' id='word_1_697' title='bbox 2733 3299 2970 3355; x_wconf 79' lang='lat' dir='ltr'><strong>Audiant</strong></span> <span class='ocrx_word' id='word_1_698' title='bbox 3008 3301 3098 3371; x_wconf 91' lang='lat' dir='ltr'><strong>qui</strong></span> <span class='ocrx_word' id='word_1_699' title='bbox 3146 3301 3454 3357; x_wconf 82' lang='lat' dir='ltr'><strong>sacerdotes</strong></span> <span class='ocrx_word' id='word_1_700' title='bbox 3492 3314 3875 3372; x_wconf 85' lang='lat' dir='ltr'><strong>aspernantur,</strong></span> 
     </span>
    </p>
   </div>
   <div class='ocr_carea' id='block_1_94' title="bbox 2270 3391 3876 3463">
    <p class='ocr_par' dir='ltr' id='par_1_94' title="bbox 2270 3391 3876 3463">
     <span class='ocr_line' id='line_1_94' title="bbox 2270 3391 3876 3463; baseline 0.004 -17"><span class='ocrx_word' id='word_1_701' title='bbox 2270 3391 2475 3446; x_wconf 89' lang='lat' dir='ltr'><strong>discant</strong></span> <span class='ocrx_word' id='word_1_702' title='bbox 2526 3401 2776 3460; x_wconf 77' lang='lat' dir='ltr'><strong>quantam</strong></span> <span class='ocrx_word' id='word_1_703' title='bbox 2826 3392 2911 3447; x_wconf 90' lang='lat' dir='ltr'><strong>hic</strong></span> <span class='ocrx_word' id='word_1_704' title='bbox 2957 3395 3066 3463; x_wconf 79' lang='lat' dir='ltr'><strong>regi</strong></span> <span class='ocrx_word' id='word_1_705' title='bbox 3118 3395 3476 3449; x_wconf 75' lang='lat' dir='ltr'><strong>reverentiam</strong></span> <span class='ocrx_word' id='word_1_706' title='bbox 3537 3397 3876 3453; x_wconf 87' lang='lat' dir='ltr'><strong>exhibuerit.</strong></span> 
     </span>
    </p>
   </div>
   <div class='ocr_carea' id='block_1_95' title="bbox 2269 3483 3876 3556">
    <p class='ocr_par' dir='ltr' id='par_1_95' title="bbox 2269 3483 3876 3556">
     <span class='ocr_line' id='line_1_95' title="bbox 2269 3483 3876 3556; baseline 0.003 -17"><span class='ocrx_word' id='word_1_707' title='bbox 2269 3483 2505 3540; x_wconf 87' lang='lat' dir='ltr'><strong>Tametsi</strong></span> <span class='ocrx_word' id='word_1_708' title='bbox 2535 3485 2705 3541; x_wconf 92' lang='lat' dir='ltr'><strong>multo</strong></span> <span class='ocrx_word' id='word_1_709' title='bbox 2731 3485 2942 3556; x_wconf 87' lang='lat' dir='ltr'><strong>dignior</strong></span> <span class='ocrx_word' id='word_1_710' title='bbox 2966 3495 3049 3541; x_wconf 85' lang='lat' dir='ltr'><strong>est</strong></span> <span class='ocrx_word' id='word_1_711' title='bbox 3076 3486 3281 3541; x_wconf 89' lang='lat' dir='ltr'><strong>honore</strong></span> <span class='ocrx_word' id='word_1_712' title='bbox 3307 3500 3371 3541; x_wconf 89' lang='lat' dir='ltr'><strong>ac</strong></span> <span class='ocrx_word' id='word_1_713' title='bbox 3401 3488 3760 3543; x_wconf 76' lang='lat' dir='ltr'><strong>veneratione</strong></span> <span class='ocrx_word' id='word_1_714' title='bbox 3787 3505 3876 3544; x_wconf 79' lang='lat' dir='ltr'><strong>sa-</strong></span> 
     </span>
    </p>
   </div>
   <div class='ocr_carea' id='block_1_96' title="bbox 2269 3576 3878 3647">
    <p class='ocr_par' dir='ltr' id='par_1_96' title="bbox 2269 3576 3878 3647">
     <span class='ocr_line' id='line_1_96' title="bbox 2269 3576 3878 3647; baseline 0.003 -16"><span class='ocrx_word' id='word_1_715' title='bbox 2269 3576 2480 3640; x_wconf 87' lang='lat' dir='ltr'><strong>cerdos,</strong></span> <span class='ocrx_word' id='word_1_716' title='bbox 2508 3594 2664 3647; x_wconf 85' lang='lat' dir='ltr'><strong>quant</strong></span> <span class='ocrx_word' id='word_1_717' title='bbox 2689 3593 2806 3640; x_wconf 84' lang='lat' dir='ltr'><strong>rex,</strong></span> <span class='ocrx_word' id='word_1_718' title='bbox 2835 3589 3038 3646; x_wconf 90' lang='lat' dir='ltr'><strong>quanto</strong></span> <span class='ocrx_word' id='word_1_719' title='bbox 3067 3578 3132 3632; x_wconf 83' lang='lat' dir='ltr'><strong>ad</strong></span> <span class='ocrx_word' id='word_1_720' title='bbox 3165 3578 3424 3645; x_wconf 85' lang='lat' dir='ltr'><strong>majorem</strong></span> <span class='ocrx_word' id='word_1_721' title='bbox 3462 3579 3624 3632; x_wconf 86' lang='lat' dir='ltr'><strong>etiam</strong></span> <span class='ocrx_word' id='word_1_722' title='bbox 3657 3590 3878 3636; x_wconf 76' lang='lat' dir='ltr'><strong>vocatus</strong></span> 
     </span>
    </p>
   </div>
   <div class='ocr_carea' id='block_1_97' title="bbox 2271 3669 3880 3741">
    <p class='ocr_par' dir='ltr' id='par_1_97' title="bbox 2271 3669 3880 3741">
     <span class='ocr_line' id='line_1_97' title="bbox 2271 3669 3880 3741; baseline 0.004 -18"><span class='ocrx_word' id='word_1_723' title='bbox 2271 3677 2355 3723; x_wconf 88' lang='lat' dir='ltr'><strong>est</strong></span> <span class='ocrx_word' id='word_1_724' title='bbox 2385 3669 2760 3739; x_wconf 83' lang='lat' dir='ltr'><strong>principatum.</strong></span> <span class='ocrx_word' id='word_1_725' title='bbox 2817 3670 3031 3724; x_wconf 52' lang='lat' dir='ltr'><strong>Discam</strong></span> <span class='ocrx_word' id='word_1_726' title='bbox 3080 3686 3184 3725; x_wconf 90' lang='lat' dir='ltr'><strong>non</strong></span> <span class='ocrx_word' id='word_1_727' title='bbox 3231 3670 3493 3738; x_wconf 86' lang='lat' dir='ltr'><strong>judicare,</strong></span> <span class='ocrx_word' id='word_1_728' title='bbox 3544 3687 3645 3725; x_wconf 85' lang='lat' dir='ltr'><strong>nec</strong></span> <span class='ocrx_word' id='word_1_729' title='bbox 3686 3687 3880 3741; x_wconf 65' lang='lat' dir='ltr'><strong>prunas</strong></span> 
     </span>
    </p>
   </div>
   <div class='ocr_carea' id='block_1_98' title="bbox 2271 3761 3877 3831">
    <p class='ocr_par' dir='ltr' id='par_1_98' title="bbox 2271 3761 3877 3831">
     <span class='ocr_line' id='line_1_98' title="bbox 2271 3761 3877 3831; baseline 0.006 -20"><span class='ocrx_word' id='word_1_730' title='bbox 2271 3761 2505 3828; x_wconf 81' lang='lat' dir='ltr'><strong>exigere,</strong></span> <span class='ocrx_word' id='word_1_731' title='bbox 2538 3761 2629 3814; x_wconf 87' lang='lat' dir='ltr'><strong>sed</strong></span> <span class='ocrx_word' id='word_1_732' title='bbox 2659 3761 2844 3829; x_wconf 88' lang='lat' dir='ltr'><strong>subjici</strong></span> <span class='ocrx_word' id='word_1_733' title='bbox 2876 3776 2939 3815; x_wconf 89' lang='lat' dir='ltr'><strong>ac</strong></span> <span class='ocrx_word' id='word_1_734' title='bbox 2968 3763 3180 3816; x_wconf 85' lang='lat' dir='ltr'><strong>cedere.</strong></span> <span class='ocrx_word' id='word_1_735' title='bbox 3210 3761 3342 3816; x_wconf 84' lang='lat' dir='ltr'><strong>Nam</strong></span> <span class='ocrx_word' id='word_1_736' title='bbox 3371 3773 3424 3814; x_wconf 92' lang='lat' dir='ltr'><strong>tu</strong></span> <span class='ocrx_word' id='word_1_737' title='bbox 3452 3763 3674 3831; x_wconf 87' lang='lat' dir='ltr'><strong>quidem</strong></span> <span class='ocrx_word' id='word_1_738' title='bbox 3708 3765 3877 3820; x_wconf 87' lang='lat' dir='ltr'><strong>vitam</strong></span> 
     </span>
    </p>
   </div>
   <div class='ocr_carea' id='block_1_99' title="bbox 2271 3851 3880 3923">
    <p class='ocr_par' dir='ltr' id='par_1_99' title="bbox 2271 3851 3880 3923">
     <span class='ocr_line' id='line_1_99' title="bbox 2271 3851 3880 3923; baseline 0.004 -16"><span class='ocrx_word' id='word_1_739' title='bbox 2271 3851 2562 3907; x_wconf 84' lang='lat' dir='ltr'><strong>sacerdotis</strong></span> <span class='ocrx_word' id='word_1_740' title='bbox 2593 3854 2809 3908; x_wconf 91' lang='lat' dir='ltr'><strong>minime</strong></span> <span class='ocrx_word' id='word_1_741' title='bbox 2839 3855 2997 3918; x_wconf 87' lang='lat' dir='ltr'><strong>nosti,</strong></span> <span class='ocrx_word' id='word_1_742' title='bbox 3039 3857 3381 3923; x_wconf 78' lang='lat' dir='ltr'><strong>quantumvis</strong></span> <span class='ocrx_word' id='word_1_743' title='bbox 3411 3855 3658 3922; x_wconf 82' lang='lat' dir='ltr'><strong>ahjectus</strong></span> <span class='ocrx_word' id='word_1_744' title='bbox 3689 3855 3784 3913; x_wconf 77' lang='lat' dir='ltr'><strong>ille</strong></span> <span class='ocrx_word' id='word_1_745' title='bbox 3807 3857 3880 3914; x_wconf 80' lang='lat' dir='ltr'><strong>sit</strong></span> 
     </span>
    </p>
   </div>
   <div class='ocr_carea' id='block_1_100' title="bbox 2271 3945 3877 4021">
    <p class='ocr_par' dir='ltr' id='par_1_100' title="bbox 2271 3945 3877 4021">
     <span class='ocr_line' id='line_1_100' title="bbox 2271 3945 3877 4021; baseline 0.002 -23"><span class='ocrx_word' id='word_1_746' title='bbox 2271 3961 2331 3998; x_wconf 88' lang='lat' dir='ltr'><strong>ac</strong></span> <span class='ocrx_word' id='word_1_747' title='bbox 2355 3946 2471 3999; x_wconf 84' lang='lat' dir='ltr'><strong>vilis</strong></span> <span class='ocrx_word' id='word_1_748' title='bbox 2501 3961 2514 3998; x_wconf 91' lang='lat'><strong>:</strong></span> <span class='ocrx_word' id='word_1_749' title='bbox 2550 3945 2632 3999; x_wconf 84' lang='lat' dir='ltr'><strong>hic</strong></span> <span class='ocrx_word' id='word_1_750' title='bbox 2661 3961 2787 4000; x_wconf 80' lang='lat' dir='ltr'><strong>vero</strong></span> <span class='ocrx_word' id='word_1_751' title='bbox 2812 3958 3001 4006; x_wconf 85' lang='lat' dir='ltr'><strong>cuneta</strong></span> <span class='ocrx_word' id='word_1_752' title='bbox 3035 3947 3200 4015; x_wconf 88' lang='lat' dir='ltr'><strong>probe</strong></span> <span class='ocrx_word' id='word_1_753' title='bbox 3224 3957 3449 4002; x_wconf 74' lang='lat' dir='ltr'><strong>noverat</strong></span> <span class='ocrx_word' id='word_1_754' title='bbox 3475 3964 3594 4018; x_wconf 73' lang='lat' dir='ltr'><strong>qua:</strong></span> <span class='ocrx_word' id='word_1_755' title='bbox 3620 3948 3748 4004; x_wconf 62' lang='lat' dir='ltr'><strong>Sani</strong></span> <span class='ocrx_word' id='word_1_756' title='bbox 3780 3967 3877 4021; x_wconf 67' lang='grc' dir='ltr'><strong>μι-</strong></span> 
     </span>
    </p>
   </div>
   <div class='ocr_carea' id='block_1_101' title="bbox 2274 4036 3877 4110">
    <p class='ocr_par' dir='ltr' id='par_1_101' title="bbox 2274 4036 3877 4110">
     <span class='ocr_line' id='line_1_101' title="bbox 2274 4036 3877 4110; baseline 0.001 -20"><span class='ocrx_word' id='word_1_757' title='bbox 2274 4045 2436 4090; x_wconf 87' lang='lat' dir='ltr'><strong>trarat</strong></span> <span class='ocrx_word' id='word_1_758' title='bbox 2467 4053 2479 4089; x_wconf 90' lang='lat'>:</span> <span class='ocrx_word' id='word_1_759' title='bbox 2516 4036 2858 4091; x_wconf 89' lang='lat' dir='ltr'><strong>nihilominus</strong></span> <span class='ocrx_word' id='word_1_760' title='bbox 2887 4038 2965 4091; x_wconf 88' lang='lat' dir='ltr'><strong>sic</strong></span> <span class='ocrx_word' id='word_1_761' title='bbox 2992 4038 3229 4090; x_wconf 88' lang='lat' dir='ltr'><strong>delatum</strong></span> <span class='ocrx_word' id='word_1_762' title='bbox 3260 4039 3331 4090; x_wconf 91' lang='lat' dir='ltr'><strong>illi</strong></span> <span class='ocrx_word' id='word_1_763' title='bbox 3371 4053 3400 4090; x_wconf 91' lang='lat' dir='ltr'><strong>a</strong></span> <span class='ocrx_word' id='word_1_764' title='bbox 3443 4039 3554 4091; x_wconf 61' lang='lat' dir='ltr'><strong>Deo</strong></span> <span class='ocrx_word' id='word_1_765' title='bbox 3603 4039 3877 4110; x_wconf 75' lang='lat' dir='ltr'><strong>principa-</strong></span> 
     </span>
    </p>
   </div>
   <div class='ocr_carea' id='block_1_102' title="bbox 2273 4129 3880 4201">
    <p class='ocr_par' dir='ltr' id='par_1_102' title="bbox 2273 4129 3880 4201">
     <span class='ocr_line' id='line_1_102' title="bbox 2273 4129 3880 4201; baseline 0.004 -18"><span class='ocrx_word' id='word_1_766' title='bbox 2273 4138 2384 4183; x_wconf 88' lang='lat' dir='ltr'><strong>tum</strong></span> <span class='ocrx_word' id='word_1_767' title='bbox 2416 4129 2776 4183; x_wconf 86' lang='lat' dir='ltr'><strong>reverebatur.</strong></span> <span class='ocrx_word' id='word_1_768' title='bbox 2831 4129 2982 4196; x_wconf 87' lang='lat' dir='ltr'><strong>Quod</strong></span> <span class='ocrx_word' id='word_1_769' title='bbox 3026 4139 3226 4195; x_wconf 81' lang='lat' dir='ltr'><strong>autem,</strong></span> <span class='ocrx_word' id='word_1_770' title='bbox 3273 4131 3515 4198; x_wconf 88' lang='lat' dir='ltr'><strong>quamvis</strong></span> <span class='ocrx_word' id='word_1_771' title='bbox 3557 4145 3656 4186; x_wconf 75' lang='lat' dir='ltr'><strong>ros</strong></span> <span class='ocrx_word' id='word_1_772' title='bbox 3707 4132 3880 4201; x_wconf 73' lang='lat' dir='ltr'><strong>probe</strong></span> 
     </span>
    </p>
   </div>
   <div class='ocr_carea' id='block_1_103' title="bbox 2272 4219 3876 4291">
    <p class='ocr_par' dir='ltr' id='par_1_103' title="bbox 2272 4219 3876 4291">
     <span class='ocr_line' id='line_1_103' title="bbox 2272 4219 3876 4291; baseline 0.003 -16"><span class='ocrx_word' id='word_1_773' title='bbox 2272 4221 2504 4285; x_wconf 81' lang='lat' dir='ltr'><strong>noveris,</strong></span> <span class='ocrx_word' id='word_1_774' title='bbox 2537 4220 2690 4274; x_wconf 88' lang='lat' dir='ltr'><strong>venia</strong></span> <span class='ocrx_word' id='word_1_775' title='bbox 2737 4229 2910 4273; x_wconf 83' lang='lat' dir='ltr'><strong>tamen</strong></span> <span class='ocrx_word' id='word_1_776' title='bbox 2941 4230 2994 4274; x_wconf 89' lang='lat' dir='ltr'><strong>et</strong></span> <span class='ocrx_word' id='word_1_777' title='bbox 3022 4222 3368 4274; x_wconf 78' lang='lat' dir='ltr'><strong>excusatione</strong></span> <span class='ocrx_word' id='word_1_778' title='bbox 3410 4219 3659 4291; x_wconf 89' lang='lat' dir='ltr'><strong>indignus</strong></span> <span class='ocrx_word' id='word_1_779' title='bbox 3703 4226 3801 4289; x_wconf 81' lang='lat' dir='ltr'><strong>sis,</strong></span> <span class='ocrx_word' id='word_1_780' title='bbox 3829 4225 3876 4280; x_wconf 83' lang='lat' dir='ltr'><strong>si</strong></span> 
     </span>
    </p>
   </div>
   <div class='ocr_carea' id='block_1_104' title="bbox 2271 4312 3874 4386">
    <p class='ocr_par' dir='ltr' id='par_1_104' title="bbox 2271 4312 3874 4386">
     <span class='ocr_line' id='line_1_104' title="bbox 2271 4312 3874 4386; baseline 0.002 -21"><span class='ocrx_word' id='word_1_781' title='bbox 2271 4312 2611 4380; x_wconf 85' lang='lat' dir='ltr'><strong>magistratus</strong></span> <span class='ocrx_word' id='word_1_782' title='bbox 2640 4321 2977 4376; x_wconf 87' lang='lat' dir='ltr'><strong>contemnas,</strong></span> <span class='ocrx_word' id='word_1_783' title='bbox 3029 4326 3129 4365; x_wconf 83' lang='lat' dir='ltr'><strong>nec</strong></span> <span class='ocrx_word' id='word_1_784' title='bbox 3175 4327 3359 4365; x_wconf 82' lang='lat' dir='ltr'><strong>eorum</strong></span> <span class='ocrx_word' id='word_1_785' title='bbox 3401 4313 3559 4368; x_wconf 83' lang='lat' dir='ltr'><strong>dictis</strong></span> <span class='ocrx_word' id='word_1_786' title='bbox 3587 4314 3874 4386; x_wconf 82' lang='lat' dir='ltr'><strong>obtempe-</strong></span> 
     </span>
    </p>
   </div>
   <div class='ocr_carea' id='block_1_105' title="bbox 2274 4400 3874 4476">
    <p class='ocr_par' dir='ltr' id='par_1_105' title="bbox 2274 4400 3874 4476">
     <span class='ocr_line' id='line_1_105' title="bbox 2274 4400 3874 4476; baseline 0.005 -24"><span class='ocrx_word' id='word_1_787' title='bbox 2274 4416 2381 4463; x_wconf 83' lang='lat' dir='ltr'><strong>res,</strong></span> <span class='ocrx_word' id='word_1_788' title='bbox 2414 4400 2539 4454; x_wconf 90' lang='lat' dir='ltr'><strong>audi</strong></span> <span class='ocrx_word' id='word_1_789' title='bbox 2568 4415 2674 4469; x_wconf 89' lang='lat' dir='ltr'><strong>quo</strong></span> <span class='ocrx_word' id='word_1_790' title='bbox 2720 4409 2872 4468; x_wconf 84' lang='lat' dir='ltr'><strong>pacto</strong></span> <span class='ocrx_word' id='word_1_791' title='bbox 2920 4401 3059 4453; x_wconf 89' lang='lat' dir='ltr'><strong>hunc</strong></span> <span class='ocrx_word' id='word_1_792' title='bbox 3090 4401 3243 4455; x_wconf 68' lang='lat' dir='ltr'><strong>nobis</strong></span> <span class='ocrx_word' id='word_1_793' title='bbox 3285 4413 3604 4470; x_wconf 67' lang='lat' dir='ltr'><strong>praetextum</strong></span> <span class='ocrx_word' id='word_1_794' title='bbox 3660 4423 3759 4476; x_wconf 88' lang='lat' dir='ltr'><strong>per</strong></span> <span class='ocrx_word' id='word_1_795' title='bbox 3810 4423 3874 4465; x_wconf 77' lang='lat' dir='ltr'><strong>ea</strong></span> 
     </span>
    </p>
   </div>
   <div class='ocr_carea' id='block_1_106' title="bbox 2272 4490 3874 4565">
    <p class='ocr_par' dir='ltr' id='par_1_106' title="bbox 2272 4490 3874 4565">
     <span class='ocr_line' id='line_1_106' title="bbox 2272 4490 3874 4565; baseline -0.003 -18"><span class='ocrx_word' id='word_1_796' title='bbox 2272 4490 2521 4547; x_wconf 87' lang='lat' dir='ltr'><strong>Christus</strong></span> <span class='ocrx_word' id='word_1_797' title='bbox 2544 4491 2816 4560; x_wconf 89' lang='lat' dir='ltr'><strong>eripuerit.</strong></span> <span class='ocrx_word' id='word_1_798' title='bbox 2851 4506 2974 4560; x_wconf 74' lang='lat' dir='ltr'><strong>qua:</strong></span> <span class='ocrx_word' id='word_1_799' title='bbox 2991 4490 3048 4545; x_wconf 85' lang='lat' dir='ltr'><strong>in</strong></span> <span class='ocrx_word' id='word_1_800' title='bbox 3069 4491 3358 4562; x_wconf 85' lang='lat' dir='ltr'><strong>Evangelio</strong></span> <span class='ocrx_word' id='word_1_801' title='bbox 3383 4493 3549 4548; x_wconf 88' lang='lat' dir='ltr'><strong>dixit:</strong></span> <span class='ocrx_word' id='word_1_802' title='bbox 3586 4495 3760 4565; x_wconf 77' lang='lat' dir='ltr'><strong>Super</strong></span> <span class='ocrx_word' id='word_1_803' title='bbox 3785 4517 3874 4553; x_wconf 73' lang='grc' dir='ltr'><strong>τα-</strong></span> 
     </span>
    </p>
   </div>
   <div class='ocr_carea' id='block_1_107' title="bbox 2271 4580 3877 4652">
    <p class='ocr_par' dir='ltr' id='par_1_107' title="bbox 2271 4580 3877 4652">
     <span class='ocr_line' id='line_1_107' title="bbox 2271 4580 3877 4652; baseline 0.005 -18"><span class='ocrx_word' id='word_1_804' title='bbox 2271 4581 2502 4635; x_wconf 84' lang='lat' dir='ltr'><strong>thedram</strong></span> <span class='ocrx_word' id='word_1_805' title='bbox 2534 4580 2705 4652; x_wconf 77' lang='lat' dir='ltr'><strong>Moysi</strong></span> <span class='ocrx_word' id='word_1_806' title='bbox 2756 4580 2988 4634; x_wconf 81' lang='lat' dir='ltr'><strong>sederunt</strong></span> <span class='ocrx_word' id='word_1_807' title='bbox 3036 4581 3215 4633; x_wconf 68' lang='lat' dir='ltr'><strong>scriba:</strong></span> <span class='ocrx_word' id='word_1_808' title='bbox 3259 4591 3304 4634; x_wconf 85' lang='lat' dir='ltr'><strong>et</strong></span> <span class='ocrx_word' id='word_1_809' title='bbox 3349 4580 3604 4638; x_wconf 76' lang='lat' dir='ltr'><strong>Pharisa&#39;s&#39;</strong></span> <span class='ocrx_word' id='word_1_810' title='bbox 3650 4603 3670 4638; x_wconf 88' lang='lat'><strong><em>:</em></strong></span> <span class='ocrx_word' id='word_1_811' title='bbox 3701 4589 3877 4643; x_wconf 79' lang='lat' dir='ltr'><strong>omnia</strong></span> 
     </span>
    </p>
   </div>
   <div class='ocr_carea' id='block_1_108' title="bbox 2270 4669 3873 4748">
    <p class='ocr_par' dir='ltr' id='par_1_108' title="bbox 2270 4669 3873 4748">
     <span class='ocr_line' id='line_1_108' title="bbox 2270 4669 3873 4748; baseline -0.003 -23"><span class='ocrx_word' id='word_1_812' title='bbox 2270 4687 2389 4742; x_wconf 85' lang='lat' dir='ltr'><strong>ergo</strong></span> <span class='ocrx_word' id='word_1_813' title='bbox 2414 4670 2742 4741; x_wconf 68' lang='lat' dir='ltr'><strong>quiscumque</strong></span> <span class='ocrx_word' id='word_1_814' title='bbox 2782 4669 2999 4725; x_wconf 74' lang='lat' dir='ltr'><strong>dixerint</strong></span> <span class='ocrx_word' id='word_1_815' title='bbox 3028 4671 3168 4726; x_wconf 73' lang='lat' dir='ltr'><strong>vobis</strong></span> <span class='ocrx_word' id='word_1_816' title='bbox 3193 4674 3427 4741; x_wconf 80' lang='lat' dir='ltr'><strong>facienda</strong></span> <span class='ocrx_word' id='word_1_817' title='bbox 3472 4675 3655 4743; x_wconf 79' lang='lat' dir='ltr'><strong>facite;</strong></span> <span class='ocrx_word' id='word_1_818' title='bbox 3683 4694 3873 4748; x_wconf 62' lang='lat' dir='ltr'><strong>seen&quot;-</strong></span> 
     </span>
    </p>
   </div>
   <div class='ocr_carea' id='block_1_109' title="bbox 2269 4750 3871 4841">
    <p class='ocr_par' dir='ltr' id='par_1_109' title="bbox 2269 4750 3871 4841">
     <span class='ocr_line' id='line_1_109' title="bbox 2269 4750 3871 4841; baseline 0.006 -27"><span class='ocrx_word' id='word_1_819' title='bbox 2269 4763 2389 4815; x_wconf 85' lang='lat' dir='ltr'><strong>dum</strong></span> <span class='ocrx_word' id='word_1_820' title='bbox 2415 4777 2531 4817; x_wconf 79' lang='lat' dir='ltr'><strong>vero</strong></span> <span class='ocrx_word' id='word_1_821' title='bbox 2578 4777 2734 4830; x_wconf 76' lang='lat' dir='ltr'><strong>Opera</strong></span> <span class='ocrx_word' id='word_1_822' title='bbox 2760 4777 2932 4814; x_wconf 83' lang='lat' dir='ltr'><strong>eorum</strong></span> <span class='ocrx_word' id='word_1_823' title='bbox 2976 4762 3131 4817; x_wconf 80' lang='lat' dir='ltr'><strong>nolite</strong></span> <span class='ocrx_word' id='word_1_824' title='bbox 3163 4765 3326 4833; x_wconf 67' lang='lat' dir='ltr'><strong>[um</strong></span> <span class='ocrx_word' id='word_1_825' title='bbox 3351 4761 3562 4824; x_wconf 72' lang='lat' dir='ltr'><strong>(Matth.</strong></span> <span class='ocrx_word' id='word_1_826' title='bbox 3587 4759 3682 4824; x_wconf 70' lang='lat'><strong>23.</strong></span> <span class='ocrx_word' id='word_1_827' title='bbox 3711 4750 3766 4822; x_wconf 63' lang='lat'><strong>2.</strong></span> <span class='ocrx_word' id='word_1_828' title='bbox 3794 4768 3871 4841; x_wconf 81' lang='lat'><strong>&#39;5).</strong></span> 
     </span>
    </p>
   </div>
   <div class='ocr_carea' id='block_1_110' title="bbox 2270 4854 3876 4927">
    <p class='ocr_par' dir='ltr' id='par_1_110' title="bbox 2270 4854 3876 4927">
     <span class='ocr_line' id='line_1_110' title="bbox 2270 4854 3876 4927; baseline 0.005 -19"><span class='ocrx_word' id='word_1_829' title='bbox 2270 4854 2504 4910; x_wconf 73' lang='lat' dir='ltr'><strong>Videsne</strong></span> <span class='ocrx_word' id='word_1_830' title='bbox 2533 4868 2639 4924; x_wconf 91' lang='lat' dir='ltr'><strong>quo</strong></span> <span class='ocrx_word' id='word_1_831' title='bbox 2661 4864 2814 4922; x_wconf 81' lang='lat' dir='ltr'><strong>pacto</strong></span> <span class='ocrx_word' id='word_1_832' title='bbox 2836 4868 3064 4924; x_wconf 88' lang='lat' dir='ltr'><strong>quorum</strong></span> <span class='ocrx_word' id='word_1_833' title='bbox 3106 4854 3239 4910; x_wconf 82' lang='lat' dir='ltr'><strong>:deo</strong></span> <span class='ocrx_word' id='word_1_834' title='bbox 3263 4857 3536 4927; x_wconf 73' lang='lat' dir='ltr'><strong>depravati</strong></span> <span class='ocrx_word' id='word_1_835' title='bbox 3564 4869 3725 4914; x_wconf 86' lang='lat' dir='ltr'><strong>erant</strong></span> <span class='ocrx_word' id='word_1_836' title='bbox 3753 4877 3876 4922; x_wconf 87' lang='lat' dir='ltr'><strong>mo-</strong></span> 
     </span>
    </p>
   </div>
   <div class='ocr_carea' id='block_1_111' title="bbox 2272 4944 3873 5018">
    <p class='ocr_par' dir='ltr' id='par_1_111' title="bbox 2272 4944 3873 5018">
     <span class='ocr_line' id='line_1_111' title="bbox 2272 4944 3873 5018; baseline 0.005 -20"><span class='ocrx_word' id='word_1_837' title='bbox 2272 4961 2376 5008; x_wconf 87' lang='lat' dir='ltr'><strong>res,</strong></span> <span class='ocrx_word' id='word_1_838' title='bbox 2413 4955 2467 4999; x_wconf 86' lang='lat' dir='ltr'><strong>nt</strong></span> <span class='ocrx_word' id='word_1_839' title='bbox 2497 4944 2641 5016; x_wconf 85' lang='lat' dir='ltr'><strong>digni</strong></span> <span class='ocrx_word' id='word_1_840' title='bbox 2677 4955 2878 5010; x_wconf 84' lang='lat' dir='ltr'><strong>essent,</strong></span> <span class='ocrx_word' id='word_1_841' title='bbox 2907 4945 2995 5015; x_wconf 90' lang='lat' dir='ltr'><strong>qui</strong></span> <span class='ocrx_word' id='word_1_842' title='bbox 3027 4961 3055 4998; x_wconf 89' lang='lat' dir='ltr'><strong>a</strong></span> <span class='ocrx_word' id='word_1_843' title='bbox 3093 4946 3370 5016; x_wconf 69' lang='lat' dir='ltr'><strong>discipulis</strong></span> <span class='ocrx_word' id='word_1_844' title='bbox 3405 4947 3873 5018; x_wconf 81' lang='lat' dir='ltr'><strong>reprehenderen-</strong></span> 
     </span>
    </p>
   </div>
   <div class='ocr_carea' id='block_1_112' title="bbox 2273 5037 3873 5111">
    <p class='ocr_par' dir='ltr' id='par_1_112' title="bbox 2273 5037 3873 5111">
     <span class='ocr_line' id='line_1_112' title="bbox 2273 5037 3873 5111; baseline 0.004 -19"><span class='ocrx_word' id='word_1_845' title='bbox 2273 5047 2376 5103; x_wconf 90' lang='lat' dir='ltr'><strong>tur,</strong></span> <span class='ocrx_word' id='word_1_846' title='bbox 2405 5053 2592 5093; x_wconf 83' lang='lat' dir='ltr'><strong>eorum</strong></span> <span class='ocrx_word' id='word_1_847' title='bbox 2617 5048 2792 5094; x_wconf 88' lang='lat' dir='ltr'><strong>tamen</strong></span> <span class='ocrx_word' id='word_1_848' title='bbox 2817 5037 3246 5097; x_wconf 78' lang='lat' dir='ltr'><strong>adhortationem</strong></span> <span class='ocrx_word' id='word_1_849' title='bbox 3280 5055 3386 5098; x_wconf 90' lang='lat' dir='ltr'><strong>non</strong></span> <span class='ocrx_word' id='word_1_850' title='bbox 3415 5054 3737 5111; x_wconf 83' lang='lat' dir='ltr'><strong>aspernatus</strong></span> <span class='ocrx_word' id='word_1_851' title='bbox 3765 5058 3873 5109; x_wconf 81' lang='lat' dir='ltr'><strong>est.</strong></span> 
     </span>
    </p>
   </div>
   <div class='ocr_carea' id='block_1_113' title="bbox 2271 5130 3867 5203">
    <p class='ocr_par' dir='ltr' id='par_1_113' title="bbox 2271 5130 3867 5203">
     <span class='ocr_line' id='line_1_113' title="bbox 2271 5130 3867 5203; baseline 0.004 -19"><span class='ocrx_word' id='word_1_852' title='bbox 2271 5146 2442 5200; x_wconf 87' lang='lat' dir='ltr'><strong>neque</strong></span> <span class='ocrx_word' id='word_1_853' title='bbox 2472 5130 2769 5186; x_wconf 86' lang='lat' dir='ltr'><strong>doctrinam</strong></span> <span class='ocrx_word' id='word_1_854' title='bbox 2796 5130 3018 5200; x_wconf 70' lang='lat' dir='ltr'><strong>reiecit?</strong></span> <span class='ocrx_word' id='word_1_855' title='bbox 3046 5130 3171 5186; x_wconf 79' lang='lat' dir='ltr'><strong>llaec</strong></span> <span class='ocrx_word' id='word_1_856' title='bbox 3191 5146 3298 5186; x_wconf 88' lang='lat' dir='ltr'><strong>non</strong></span> <span class='ocrx_word' id='word_1_857' title='bbox 3339 5146 3407 5188; x_wconf 85' lang='lat' dir='ltr'><strong>eo</strong></span> <span class='ocrx_word' id='word_1_858' title='bbox 3433 5132 3576 5196; x_wconf 85' lang='lat' dir='ltr'><strong>dico,</strong></span> <span class='ocrx_word' id='word_1_859' title='bbox 3609 5135 3755 5203; x_wconf 90' lang='lat' dir='ltr'><strong>quod</strong></span> <span class='ocrx_word' id='word_1_860' title='bbox 3781 5150 3867 5190; x_wconf 42' lang='lat' dir='ltr'><strong>sas</strong></span> 
     </span>
    </p>
   </div>
   <div class='ocr_carea' id='block_1_114' title="bbox 2271 5221 3874 5293">
    <p class='ocr_par' dir='ltr' id='par_1_114' title="bbox 2271 5221 3874 5293">
     <span class='ocr_line' id='line_1_114' title="bbox 2271 5221 3874 5293; baseline 0.006 -18"><span class='ocrx_word' id='word_1_861' title='bbox 2271 5221 2517 5276; x_wconf 85' lang='lat' dir='ltr'><strong>eerdoles</strong></span> <span class='ocrx_word' id='word_1_862' title='bbox 2546 5221 2707 5276; x_wconf 84' lang='lat' dir='ltr'><strong>velim</strong></span> <span class='ocrx_word' id='word_1_863' title='bbox 2752 5236 3009 5279; x_wconf 87' lang='lat' dir='ltr'><strong>accusare</strong></span> <span class='ocrx_word' id='word_1_864' title='bbox 3050 5240 3063 5279; x_wconf 87' lang='lat'><strong>:</strong></span> <span class='ocrx_word' id='word_1_865' title='bbox 3102 5223 3272 5289; x_wconf 85' lang='lat' dir='ltr'><strong>absit;</strong></span> <span class='ocrx_word' id='word_1_866' title='bbox 3311 5223 3578 5293; x_wconf 83' lang='lat' dir='ltr'><strong>siquidem</strong></span> <span class='ocrx_word' id='word_1_867' title='bbox 3617 5241 3717 5282; x_wconf 85' lang='lat' dir='ltr'><strong>vos</strong></span> <span class='ocrx_word' id='word_1_868' title='bbox 3745 5243 3874 5284; x_wconf 81' lang='lat' dir='ltr'><strong>cou-</strong></span> 
     </span>
    </p>
   </div>
   <div class='ocr_carea' id='block_1_115' title="bbox 2270 5313 3875 5382">
    <p class='ocr_par' dir='ltr' id='par_1_115' title="bbox 2270 5313 3875 5382">
     <span class='ocr_line' id='line_1_115' title="bbox 2270 5313 3875 5382; baseline 0.006 -16"><span class='ocrx_word' id='word_1_869' title='bbox 2270 5313 2586 5368; x_wconf 85' lang='lat' dir='ltr'><strong>versatiunis</strong></span> <span class='ocrx_word' id='word_1_870' title='bbox 2611 5327 2676 5369; x_wconf 87' lang='lat' dir='ltr'><strong>ac</strong></span> <span class='ocrx_word' id='word_1_871' title='bbox 2700 5313 2913 5382; x_wconf 74' lang='lat' dir='ltr'><strong>pietatis</strong></span> <span class='ocrx_word' id='word_1_872' title='bbox 2933 5329 3123 5370; x_wconf 89' lang='lat' dir='ltr'><strong>eorum</strong></span> <span class='ocrx_word' id='word_1_873' title='bbox 3145 5323 3310 5370; x_wconf 86' lang='lat' dir='ltr'><strong>testes</strong></span> <span class='ocrx_word' id='word_1_874' title='bbox 3343 5316 3509 5381; x_wconf 86' lang='lat' dir='ltr'><strong>estis;</strong></span> <span class='ocrx_word' id='word_1_875' title='bbox 3538 5318 3634 5372; x_wconf 89' lang='lat' dir='ltr'><strong>sed</strong></span> <span class='ocrx_word' id='word_1_876' title='bbox 3663 5331 3723 5373; x_wconf 90' lang='lat' dir='ltr'><strong>nt</strong></span> <span class='ocrx_word' id='word_1_877' title='bbox 3753 5319 3875 5376; x_wconf 84' lang='lat' dir='ltr'><strong>lun-</strong></span> 
     </span>
    </p>
   </div>
   <div class='ocr_carea' id='block_1_116' title="bbox 2270 5406 3870 5476">
    <p class='ocr_par' dir='ltr' id='par_1_116' title="bbox 2270 5406 3870 5476">
     <span class='ocr_line' id='line_1_116' title="bbox 2270 5406 3870 5476; baseline 0.004 -15"><span class='ocrx_word' id='word_1_878' title='bbox 2270 5422 2335 5476; x_wconf 88' lang='lat' dir='ltr'><strong>ge</strong></span> <span class='ocrx_word' id='word_1_879' title='bbox 2359 5407 2618 5476; x_wconf 82' lang='lat' dir='ltr'><strong>majorem</strong></span> <span class='ocrx_word' id='word_1_880' title='bbox 2672 5407 2778 5462; x_wconf 85' lang='lat' dir='ltr'><strong>illis</strong></span> <span class='ocrx_word' id='word_1_881' title='bbox 2817 5407 3174 5465; x_wconf 87' lang='lat' dir='ltr'><strong>reverentiam</strong></span> <span class='ocrx_word' id='word_1_882' title='bbox 3215 5416 3271 5462; x_wconf 88' lang='lat' dir='ltr'><strong>et</strong></span> <span class='ocrx_word' id='word_1_883' title='bbox 3311 5406 3574 5465; x_wconf 87' lang='lat' dir='ltr'><strong>honorem</strong></span> <span class='ocrx_word' id='word_1_884' title='bbox 3602 5407 3870 5468; x_wconf 81' lang='lat' dir='ltr'><strong>exhibea-</strong></span> 
     </span>
    </p>
   </div>
   <div class='ocr_carea' id='block_1_117' title="bbox 2271 5499 3874 5572">
    <p class='ocr_par' dir='ltr' id='par_1_117' title="bbox 2271 5499 3874 5572">
     <span class='ocr_line' id='line_1_117' title="bbox 2271 5499 3874 5572; baseline 0.002 -18"><span class='ocrx_word' id='word_1_885' title='bbox 2271 5515 2407 5554; x_wconf 84' lang='lat' dir='ltr'><strong>mns.</strong></span> <span class='ocrx_word' id='word_1_886' title='bbox 2438 5499 2622 5571; x_wconf 85' lang='lat' dir='ltr'><strong>Neque</strong></span> <span class='ocrx_word' id='word_1_887' title='bbox 2652 5501 2795 5554; x_wconf 91' lang='lat' dir='ltr'><strong>enim</strong></span> <span class='ocrx_word' id='word_1_888' title='bbox 2837 5500 2973 5556; x_wconf 88' lang='lat' dir='ltr'><strong>adeo</strong></span> <span class='ocrx_word' id='word_1_889' title='bbox 3007 5501 3058 5555; x_wconf 93' lang='lat' dir='ltr'><strong>in</strong></span> <span class='ocrx_word' id='word_1_890' title='bbox 3091 5500 3231 5563; x_wconf 87' lang='lat' dir='ltr'><strong>illos,</strong></span> <span class='ocrx_word' id='word_1_891' title='bbox 3283 5508 3445 5568; x_wconf 87' lang='lat' dir='ltr'><strong>atque</strong></span> <span class='ocrx_word' id='word_1_892' title='bbox 3494 5501 3547 5555; x_wconf 89' lang='lat' dir='ltr'><strong>in</strong></span> <span class='ocrx_word' id='word_1_893' title='bbox 3598 5517 3698 5556; x_wconf 86' lang='lat' dir='ltr'><strong>nos</strong></span> <span class='ocrx_word' id='word_1_894' title='bbox 3727 5504 3874 5572; x_wconf 85' lang='lat' dir='ltr'><strong>ipsos</strong></span> 
     </span>
    </p>
   </div>
   <div class='ocr_carea' id='block_1_118' title="bbox 2273 5589 3874 5661">
    <p class='ocr_par' dir='ltr' id='par_1_118' title="bbox 2273 5589 3874 5661">
     <span class='ocr_line' id='line_1_118' title="bbox 2273 5589 3874 5661; baseline 0.004 -17"><span class='ocrx_word' id='word_1_895' title='bbox 2273 5591 2473 5646; x_wconf 87' lang='lat' dir='ltr'><strong>utilitas</strong></span> <span class='ocrx_word' id='word_1_896' title='bbox 2499 5589 2810 5646; x_wconf 87' lang='lat' dir='ltr'><strong>dimanabit.</strong></span> <span class='ocrx_word' id='word_1_897' title='bbox 2860 5591 2960 5658; x_wconf 83' lang='lat' dir='ltr'><strong>Qui</strong></span> <span class='ocrx_word' id='word_1_898' title='bbox 2985 5592 3160 5658; x_wconf 83' lang='lat' dir='ltr'><strong>recipit</strong></span> <span class='ocrx_word' id='word_1_899' title='bbox 3198 5605 3329 5661; x_wconf 87' lang='lat' dir='ltr'><strong>ergo</strong></span> <span class='ocrx_word' id='word_1_900' title='bbox 3360 5592 3662 5660; x_wconf 79' lang='lat' dir='ltr'><strong>prophetam</strong></span> <span class='ocrx_word' id='word_1_901' title='bbox 3689 5595 3745 5647; x_wconf 81' lang='lat' dir='ltr'><strong>in</strong></span> <span class='ocrx_word' id='word_1_902' title='bbox 3787 5609 3874 5650; x_wconf 82' lang='lat' dir='ltr'><strong>no-</strong></span> 
     </span>
    </p>
   </div>
   <div class='ocr_carea' id='block_1_119' title="bbox 2330 5723 3878 5786">
    <p class='ocr_par' dir='ltr' id='par_1_119' title="bbox 2330 5723 3878 5786">
     <span class='ocr_line' id='line_1_119' title="bbox 2330 5723 3878 5786; baseline 0.001 -12"><span class='ocrx_word' id='word_1_903' title='bbox 2330 5725 2402 5786; x_wconf 89' lang='lat' dir='ltr'><strong>(a)</strong></span> <span class='ocrx_word' id='word_1_904' title='bbox 2436 5726 2603 5776; x_wconf 75' lang='lat' dir='ltr'><strong>Nescio</strong></span> <span class='ocrx_word' id='word_1_905' title='bbox 2623 5738 2710 5775; x_wconf 89' lang='lat' dir='ltr'><strong>cur</strong></span> <span class='ocrx_word' id='word_1_906' title='bbox 2728 5724 2856 5775; x_wconf 89' lang='lat' dir='ltr'><strong>dicat</strong></span> <span class='ocrx_word' id='word_1_907' title='bbox 2878 5724 3062 5775; x_wconf 87' lang='lat' dir='ltr'><strong>nullum</strong></span> <span class='ocrx_word' id='word_1_908' title='bbox 3079 5724 3226 5774; x_wconf 82' lang='lat' dir='ltr'><strong>altum</strong></span> <span class='ocrx_word' id='word_1_909' title='bbox 3249 5723 3465 5776; x_wconf 83' lang='lat' dir='ltr'><strong>adfuisse</strong></span> <span class='ocrx_word' id='word_1_910' title='bbox 3477 5737 3493 5785; x_wconf 65' lang='grc' dir='ltr'><strong><em>ί</em></strong></span> <span class='ocrx_word' id='word_1_911' title='bbox 3511 5725 3718 5780; x_wconf 62' lang='lat' dir='ltr'><strong>uiuant</strong></span> <span class='ocrx_word' id='word_1_912' title='bbox 3737 5738 3878 5779; x_wconf 77' lang='lat' dir='ltr'><strong>enim</strong></span> 
     </span>
    </p>
   </div>
   <div class='ocr_carea' id='block_1_120' title="bbox 2270 5786 3381 5852">
    <p class='ocr_par' dir='ltr' id='par_1_120' title="bbox 2270 5786 3381 5852">
     <span class='ocr_line' id='line_1_120' title="bbox 2270 5786 3381 5852; baseline -0.001 -15"><span class='ocrx_word' id='word_1_913' title='bbox 2270 5788 2420 5852; x_wconf 75' lang='lat' dir='ltr'><strong>ipsius</strong></span> <span class='ocrx_word' id='word_1_914' title='bbox 2440 5787 2628 5839; x_wconf 83' lang='lat' dir='ltr'><strong>Davidis</strong></span> <span class='ocrx_word' id='word_1_915' title='bbox 2649 5786 2846 5850; x_wconf 82' lang='lat' dir='ltr'><strong>milites,</strong></span> <span class='ocrx_word' id='word_1_916' title='bbox 2872 5793 3100 5838; x_wconf 73' lang='lat' dir='ltr'><strong>narrante</strong></span> <span class='ocrx_word' id='word_1_917' title='bbox 3121 5788 3381 5851; x_wconf 75' lang='lat' dir='ltr'><strong>Scriptura.</strong></span> 
     </span>
    </p>
   </div>
  </div>
