4066 6426
200 532 345 590 utine
381 526 669 600 propheta,
709 521 1000 582 mercedem
1043 514 1309 588 propheta
1351 511 1564 582 accipiet
1590 507 1808 583 (laus.

199 622 293 679 ω.
334 620 455 691 ιι).
495 617 556 675 Si
600 615 747 673 enim
781 611 852 668 de
901 618 1086 666 nostra
1127 607 1362 664 invicem
1404 604 1513 660 vita
1550 601 1816 691 iudicium

197 712 348 770 ferre
377 690 746 781 prohibemur,
775 701 947 759 multo
971 698 1144 772 magis
1182 697 1256 755 de
1290 705 1506 769 patrum
1549 694 1679 750 vita.
1706 690 1816 749 Sed

195 799 348 874 quod
373 801 556 856 dicere
578 795 920 852 institueram
941 791 1152 864 (rursus
1180 787 1325 845 enim
1353 786 1424 842 ad
1462 785 1601 841 hanc

199 872 492 947 mulierem
537 883 818 956 oportet),
862 881 1308 950 quotiescumque
1331 875 1575 932 convicia
1599 872 1818 930 excelso

197 981 435 1037 ferimus
465 977 669 1041 animo,
700 975 996 1030 multorum
1024 969 1178 1026 nobis
1227 969 1491 1023 bonorum
1516 979 1734 1021 causam
1763 962 1817 1018 id

197 1073 347 1138 fieri,
394 1083 683 1142 possumus
727 1076 783 1122 et
822 1066 920 1134 ipsi
966 1063 1071 1120 Job
1094 1075 1320 1118 cernere
1359 1059 1670 1129 contigisse.
1715 1055 1822 1111 Nc-

195 1180 309 1234 que
344 1164 496 1219 enim
535 1162 686 1216 illum
732 1156 954 1228 perinde
988 1156 1176 1218 miror,
1224 1151 1538 1223 priusquam
1582 1157 1725 1204 esset
1749 1146 1820 1200 ab

201 1271 380 1312 uxore
435 1256 738 1325 instigatus,
789 1257 849 1305 ut
897 1256 1020 1320 post
1057 1245 1186 1301 illud
1236 1243 1598 1315 perniciosum
1633 1239 1822 1295 consi-

203 1351 361 1406 lium.
387 1348 585 1403 Verum
607 1360 676 1400 ue
704 1343 792 1399 cui
820 1341 1068 1396 videatur
1100 1335 1414 1393 incredibile
1447 1332 1590 1406 quod
1618 1346 1816 1386 narro:

203 1440 526 1510 frequenter
565 1450 702 1507 quos
749 1433 862 1503 ipsa
908 1444 1089 1487 rerum
1141 1437 1332 1483 natura
1380 1440 1486 1480 non
1530 1422 1816 1487 subvertit,

204 1530 441 1586 verbum
455 1537 815 1596 corruptaque
830 1539 892 1578 ex
901 1521 1134 1577 hortatio
1155 1518 1370 1574 devicit.
1389 1515 1544 1584 Quod
1565 1527 1691 1568 cum
1713 1527 1819 1567 non

207 1623 490 1692 ignoraret
517 1616 778 1681 diabolus,
820 1623 942 1684 post
980 1611 1242 1666 inflictum
1269 1609 1487 1671 vulnus,
1519 1616 1577 1661 ut
1605 1605 1821 1675 experi-

209 1722 387 1777 retur,
417 1711 579 1766 etiam
606 1723 705 1778 per
727 1719 1006 1760 sermones
1033 1702 1156 1757 fecit
1178 1699 1466 1761 insultum;
1493 1697 1634 1767 quod
1658 1696 1824 1752 etiam

211 1804 349 1860 fecit
377 1802 432 1856 in
472 1799 691 1855 Davide.
727 1797 1081 1865 Posteaquam
1112 1792 1258 1847 enim
1292 1789 1426 1845 vidit
1472 1788 1622 1842 illum
1655 1801 1828 1857 gene-

210 1909 345 1951 rose
382 1894 567 1948 tulisse
607 1891 700 1944 ﬁlii
731 1889 1100 1953 rebellionem,
1130 1895 1185 1938 et
1208 1885 1423 1953 impiam
1451 1882 1598 1936 illam
1639 1890 1824 1951 tyran-

213 1985 424 2046 nidem,
446 1983 633 2037 volens
661 1979 1006 2050 supplantare
1036 1974 1252 2031 Davidis
1279 1983 1539 2039 mentem,
1567 1981 1730 2040 atque
1757 1967 1827 2022 ad

213 2073 553 2131 iracundiam
582 2085 822 2133 movere,
847 2082 1135 2139 aggressus
1158 2074 1244 2120 cst
1277 2065 1428 2119 illum
1471 2061 1827 2118 amarulentis

214 2163 403 2221 Semei
426 2162 627 2230 verbis,
660 2160 764 2216 hoc
792 2173 980 2228 agens,
1015 2167 1073 2212 ut
1097 2154 1374 2212 morderet
1393 2155 1635 2207 animum
1661 2152 1823 2206 illius.

216 2255 339 2312 Hoc
368 2256 544 2326 ipsum
570 2263 624 2307 et
667 2252 721 2306 in
766 2250 982 2305 beatum
1027 2247 1128 2303 Job
1171 2254 1295 2301 astu
1344 2244 1565 2299 molitus
1608 2250 1712 2298 est.
1759 2241 1830 2298 Ut

216 2350 372 2407 enim
415 2345 690 2418 perspexit
716 2353 771 2399 et
820 2343 971 2397 illum
999 2354 1096 2395 sua
1123 2337 1374 2395 deridere
1410 2335 1611 2407 jacula,
1652 2349 1830 2404 neque

217 2454 385 2496 secus
410 2447 570 2507 atque
599 2436 788 2491 turrim
816 2431 1106 2504 quamdam
1144 2430 1545 2485 adamantinam
1569 2427 1832 2482 adversus

217 2531 406 2588 omnia
438 2529 648 2585 fortiter
678 2530 998 2591 consistere,
1025 2524 1323 2580 obarmavit
1351 2523 1404 2576 in
1430 2536 1554 2577 eum
1583 2533 1829 2586 uxorem,

218 2631 333 2694 quo
365 2621 615 2679 videlicet
639 2636 748 2676 non
789 2629 937 2676 esset
969 2625 1279 2687 suspectum
1307 2614 1620 2680 consilium,
1649 2623 1703 2669 et
1732 2626 1830 2667 ve-

223 2729 438 2771 nenum
465 2710 647 2768 verbis
673 2711 885 2767 feminae
905 2709 1060 2773 texit,
1081 2707 1448 2763 calamitatem
1477 2717 1828 2775 exaggerans.

219 2805 377 2876 Quid
401 2805 564 2876 igitur
601 2804 692 2860 ille
717 2801 1128 2874 magnanimus?
1157 2799 1260 2855 Cur
1284 2799 1493 2869 loquuta
1531 2814 1604 2863 es,
1635 2797 1833 2867 inquit,

218 2899 359 2952 sicut
383 2911 488 2950 una
513 2895 578 2949 de
599 2893 770 2949 stultis
797 2891 1140 2948 mulieribus?
1183 2890 1247 2946 Si
1275 2890 1409 2944 bona
1452 2890 1739 2959 accepimus
1769 2889 1833 2944 de

221 3006 384 3044 manu
409 2987 638 3053 Domini,
657 2988 795 3042 mola
822 3004 925 3042 non
949 2987 1254 3058 escipiemus
1274 2983 1394 3056 (Job
1413 2983 1470 3038 2.
1501 2983 1633 3054 10)?
1676 2981 1834 3050 Quod

221 3091 405 3139 autem
433 3081 520 3136 hic
544 3082 695 3148 dicit,
719 3080 859 3136 hunc
883 3093 1101 3136 sensum
1124 3077 1286 3132 habet
1313 3095 1327 3129 :
1350 3077 1406 3132 Si
1429 3091 1536 3131 non
1558 3084 1720 3141 esset,
1753 3075 1836 3130 in-

222 3173 362 3243 quit,
391 3173 669 3234 Dominus,
708 3186 882 3241 neque
921 3177 1069 3224 tanto
1111 3168 1268 3223 nubis
1313 3167 1690 3232 excellentior,
1736 3167 1834 3222 sed

222 3265 432 3320 amicus
459 3264 654 3335 aliquis
679 3264 790 3334 pari
820 3262 1132 3318 conditione
1157 3278 1170 3314 :
1198 3275 1357 3330 quam
1387 3259 1710 3314 haberemus
1733 3274 1833 3315 ex-

223 3355 582 3418 cusatiunem,
627 3355 673 3408 si
724 3363 800 3407 tot
831 3353 1099 3422 tantisque
1125 3350 1298 3406 affecti
1331 3349 1628 3413 beneficiis,
1671 3350 1834 3405 etiam

223 3445 514 3500 contrariis
564 3459 686 3499 eum
731 3457 1203 3499 remuneraremur
1223 3443 1249 3494 'l
1273 3439 1441 3496 Vides
1468 3449 1525 3495 ut
1550 3441 1636 3495 vir
1665 3439 1833 3496 Deum

224 3535 478 3606 diligens,
501 3549 602 3589 nec
628 3534 850 3589 effertur
872 3533 1074 3598 animo,
1098 3546 1197 3588 nec
1223 3531 1507 3603 gloriatur,
1545 3530 1691 3601 quod
1723 3531 1836 3600 pla-

225 3642 324 3698 gas
338 3627 455 3682 illas
477 3629 763 3681 humanam
786 3636 1029 3680 naturam
1045 3624 1373 3680 excedentes
1393 3621 1604 3679 fortiter
1621 3624 1833 3691 toleret,

226 3733 407 3788 neque
443 3715 557 3772 sua:
597 3717 873 3786 sapientiae
916 3717 1000 3772 vel
1028 3715 1446 3785 magnanimitati
1479 3714 1694 3770 tribuit‘
1725 3723 1833 3769 tam

228 3809 494 3880 insignem
526 3809 883 3872 tolerantiam,
911 3808 1006 3862 sed
1040 3806 1192 3876 quasi
1220 3805 1458 3862 debitum
1491 3808 1832 3874 exsolvisset,

229 3901 471 3972 nihilque
501 3910 695 3968 praeter
717 3915 928 3970 mquam
954 3899 1252 3960 accidisset.
1283 3898 1352 3954 itu
1379 3907 1598 3954 strenue
1623 3899 1833 3957 mulieri

226 4007 294 4049 os
319 3993 576 4049 occlusit?
601 3990 746 4047 idem
773 3990 971 4052 factum
997 3998 1080 4047 est
1109 3989 1161 4044 in
1189 3989 1292 4046 hac
1319 3989 1564 4046 muliere.
1598 3989 1732 4045 Nam
1759 3991 1834 4046 si-

228 4083 344 4139 mul
371 4093 429 4138 ut
451 4093 665 4139 satanas
691 4083 964 4154 perspexit
991 4097 1110 4139 eam
1135 4098 1329 4154 magno
1349 4081 1532 4138 animo
1561 4084 1700 4139 ferre
1724 4092 1836 4139 ste-

226 4176 505 4243 rilitatem,
533 4176 756 4232 immisit
776 4176 1071 4232 sacerdotis
1098 4191 1347 4247 puerum,
1370 4176 1462 4247 qui
1497 4178 1665 4248 magis
1687 4177 1831 4232 illam

227 4268 602 4326 exacerbaret.
621 4271 690 4324 At
705 4268 833 4323 nihil
856 4268 1045 4324 horum
1067 4269 1261 4326 accidit
1285 4269 1494 4326 mulieri
1518 4287 1533 4324 :
1560 4270 1656 4327 sed
1682 4270 1827 4326 domi

227 4369 416 4429 parata
445 4360 512 4415 ad
546 4360 860 4430 perferenda
891 4361 1194 4428 maledicta,
1235 4361 1550 4433 aemulaque
1575 4363 1833 4419 conviciis

225 4451 548 4518 exercitata,
587 4453 853 4523 intrepide
893 4454 1153 4509 adversus
1183 4453 1448 4523 ejusmodi
1476 4455 1713 4511 assultus
1756 4455 1834 4513 fe.

226 4543 428 4599 rendos
468 4559 528 4600 se
561 4545 893 4616 accingebat.
931 4546 1267 4617 Quapropter
1297 4549 1348 4602 in
1375 4549 1576 4620 templo
1610 4549 1830 4604 multam

225 4635 480 4706 praestitit
525 4636 911 4694 humanitatem
943 4679 960 4704 ,
1014 4638 1242 4694 viriliter
1301 4648 1356 4694 et
1414 4653 1607 4712 magno
1651 4641 1833 4698 animo

223 4736 520 4781 scommata
540 4726 834 4797 perferens,
862 4728 989 4784 dum
1019 4740 1242 4785 vocatur
1263 4731 1551 4787 temulenta
1587 4747 1652 4788 ac
1680 4734 1832 4788 vino-

223 4818 390 4874 lenta.
422 4818 564 4874 Nihil
584 4828 762 4876 autem
786 4830 926 4876 vetat
949 4830 1004 4877 et
1030 4821 1147 4891 ipsa
1165 4821 1404 4878 mulieris
1430 4823 1617 4879 audire
1641 4824 1827 4880 verba.

220 4907 359 4963 Cum
384 4909 530 4965 enim
557 4924 694 4980 puer
729 4911 977 4980 dixisset,
1005 4910 1191 4983 Digere
1231 4915 1403 4967 uinum
1447 4924 1590 4969 tuum
1629 4915 1720 4970 obs
1759 4927 1828 4984 te,

220 5009 272 5053 et
296 5001 473 5054 recede
487 5016 524 5054 ο
540 5012 810 5072 conspectu
838 5001 1087 5058 Domini:
1103 5005 1363 5074 respondit
1387 5005 1565 5074 Anno,
1588 5014 1636 5060 rt
1660 5006 1790 5061 dixit
1810 5022 1831 5062 :

224 5085 589 5159 Nequaquam,
626 5090 831 5146 domine
865 5091 945 5162 (l.
979 5092 1107 5163 Reg.
1140 5093 1198 5148 l.
1238 5093 1468 5164 “.15).
1498 5096 1601 5164 Qui
1636 5104 1830 5152 contu-

222 5179 448 5234 meliose
474 5178 726 5251 loquutus
751 5180 944 5249 fuerat,
975 5197 1099 5238 eum
1125 5185 1362 5255 appellat
1384 5185 1681 5242 dominum.
1710 5186 1829 5243 Non

220 5270 360 5324 uixit
385 5271 530 5341 quod
558 5271 807 5343 plerique
829 5273 1007 5330 solent
1032 5275 1297 5342 homines,
1329 5275 1504 5333 istane
1531 5279 1831 5336 sacerdos?

221 5359 324 5414 ista
351 5360 442 5429 qui
465 5361 600 5418 alios
625 5361 806 5430 docet,
837 5365 1203 5421 temulentiam
1230 5382 1295 5423 ac
1316 5367 1665 5425 vinolentiam
1695 5370 1828 5426 mihi

219 5449 554 5518 exprobrat?
574 5451 669 5508 sed
691 5453 822 5509 illud
849 5456 1144 5526 spectabat,
1171 5460 1442 5529 quomodo
1465 5462 1829 5532 suspicionem

220 5537 537 5608 depelleret,
561 5540 682 5604 licet
707 5543 920 5601 falsam.

291 5628 349 5687 8.
383 5629 653 5699 Quomodo
677 5636 908 5706 [unde
931 5641 1272 5696 contumeliis.
1311 5640 1552 5700 Precatio
1579 5644 1650 5700 ad
1687 5663 1828 5706 uten-

303 5831 321 5867 ¹
355 5833 496 5888 Oolb.
522 5849 654 5890 unus
673 5842 729 5888 et
748 5835 1052 5903 [legumque
1071 5839 1389 5913 philosophia:
1407 5840 1593 5894 tribuit.

1521 391 1613 450 DE
1650 387 1841 450 ΑΒΗΔ
1878 383 2116 446 ειςιιιιο
2152 384 2226 444 ll.

3435 380 3544 438 650

1928 499 2250 560 sum—Nos
2265 508 2478 568 contra,
2494 498 2547 558 si
2564 497 2783 572 qundo
2797 496 3059 556 conviciis
3074 497 3402 571 appetimur,
3417 513 3544 556 cum

1920 602 2206 667 oporteret
2232 605 2500 650 excusem
2539 599 2598 648 et
2635 590 2693 648 in
2727 589 2956 660 gratiam
2999 588 3202 659 redire,
3244 589 3551 647 excitamus

1924 685 2257 754 incendium,
2280 698 2344 741 ac
2372 686 2610 740 ferarum
2646 682 2702 739 in
2741 697 2952 738 morem
2979 680 3246 738 insilimus
3269 680 3324 736 in
3353 681 3546 738 convi-

1921 778 2176 844 ciatores,
2199 783 2577 849 pmt'oeantes,
2593 773 2892 838 trahentes,
2906 786 3007 843 pro
3027 771 3192 829 dictis
3217 785 3436 843 ponam
3459 786 3548 827 re-

1927 877 2237 939 poscentes,
2263 876 2428 940 atque
2449 867 2532 924 his
2564 867 2698 938 ipsis
2723 865 2880 921 factis
2899 865 3262 936 suspicionem
3289 863 3359 921 de
3386 863 3549 920 nobis

1923 961 2332 1018 confirmamus.
2357 958 2492 1016 Nam
2516 961 2562 1015 si
2592 960 2747 1030 cupis
2775 957 3226 1029 exprobrantibus
3255 956 3548 1014 ostendere

1927 1063 1980 1109 te
2009 1067 2128 1107 non
2161 1066 2286 1108 esse
2331 1052 2686 1108 temulentum
2711 1092 2729 1118 ,
2775 1049 3004 1106 ostende
3049 1065 3146 1121 per
3175 1049 3548 1106 mansuetudi-

1927 1161 2074 1211 nem,
2104 1145 2330 1202 ostende
2349 1161 2450 1218 per
2476 1144 2889 1209 humanitatem,
2919 1158 3026 1198 non
3066 1158 3165 1214 per
3188 1143 3550 1200 contumelias

1928 1231 1984 1295 et
2033 1238 2296 1296 convicia.
2345 1237 2480 1292 Nam
2531 1237 2577 1292 si
2627 1234 2962 1306 percusseris
2999 1249 3125 1290 eum
3162 1235 3257 1305 qui
3296 1244 3352 1293 te
3381 1234 3550 1291 allicit

1927 1331 2208 1400 conviciis,
2239 1329 2608 1386 temulentiam
2645 1337 2793 1384 tuam
2820 1327 3231 1384 condemnaturi
3261 1337 3390 1386 sunt
3431 1343 3552 1383 om-

1930 1440 2062 1489 nes;
2090 1425 2176 1479 sin
2217 1438 2412 1492 magno
2441 1421 2738 1492 pertuleris
2777 1418 2997 1486 animo,
3032 1419 3189 1477 factis
3219 1420 3350 1490 ipsis
3377 1419 3551 1490 depu-

1931 1514 2060 1569 leris
2090 1513 2286 1568 malam
2318 1513 2388 1568 de
2409 1523 2460 1568 te
2485 1513 2848 1582 suspicionem
2880 1531 2895 1567 :
2921 1510 2972 1566 id
3004 1512 3148 1581 quod
3180 1520 3296 1567 tum
3323 1510 3440 1568 huic
3467 1510 3550 1567 fe-

1930 1607 2005 1661 cit
2035 1605 2247 1660 mulier.
2278 1603 2414 1661 Cum
2453 1607 2598 1660 enim
2635 1603 2861 1671 diceret,
2906 1603 3268 1677 Nequaquam,
3304 1605 3555 1662 domine:

1930 1719 1991 1758 re
2034 1705 2146 1773 ipsa
2192 1701 2517 1767 declaravit,
2566 1699 2757 1755 falsam
2805 1716 2927 1756 esse
2975 1699 3120 1756 illius
3162 1699 3550 1769 suspicionem.

1932 1796 2089 1853 Unde
2118 1806 2296 1853 autem
2329 1796 2432 1850 hoc
2458 1795 2541 1850 vel
2592 1794 2853 1864 suspicari
2891 1794 3063 1863 potuit
3090 1793 3350 1849 sacerdos
3368 1794 3394 1845 ’ρ
3419 1808 3550 1848 num

1933 1888 2198 1942 ridentem
2243 1885 2412 1940 vidit?
2455 1901 2582 1939 num
2619 1884 2949 1939 saltantem?
2976 1899 3103 1938 num
3143 1883 3465 1938 titubantem
3495 1890 3556 1939 et

1933 1979 2353 2036 concidentem?
2377 1995 2503 2033 num
2540 1978 2742 2033 audivit
2784 1977 3006 2032 verbum
3055 1976 3372 2032 obscenum
3396 2015 3410 2040 ,
3458 1983 3556 2031 aut

1935 2070 2239 2127 illiberale?
2278 2069 2430 2126 Unde
2475 2070 2637 2139 igitur
2678 2069 2927 2139 concepit
2964 2067 3103 2123 hanc
3145 2066 3554 2138 suspicionem?

1937 2162 2088 2218 llaud
2120 2163 2212 2218 ille
2241 2162 2457 2233 quidem
2490 2172 2714 2224 temere,
2747 2161 2997 2230 nullaque
3025 2158 3095 2215 de
3121 2172 3325 2225 causa;
3357 2156 3454 2213 scd
3479 2172 3548 2214 ex

1935 2253 2042 2308 diei
2089 2262 2332 2324 tempore
2367 2270 2382 2306 :
2412 2263 2530 2308 erat
2574 2252 2719 2307 enim
2765 2250 3022 2306 meridies
3065 2265 3189 2306 cum
3239 2258 3557 2320 precaretur

1938 2343 2056 2401 illa.
2081 2343 2239 2400 Unde
2274 2343 2378 2399 hoc
2407 2343 2609 2414 liquet?
2638 2341 2716 2397 Ex
2744 2342 2809 2399 iis
2838 2356 2959 2413 qua:
3004 2341 3182 2396 locum
3226 2340 3370 2395 hunc
3411 2356 3556 2412 prze-

1936 2439 2155 2494 cedunt.
2200 2439 2456 2499 Surrexit.
2495 2439 2686 2508 inquit,
2715 2437 2886 2506 Αιιιια,
2921 2447 3189 2507 postquam
3216 2435 3298 2490 illi
3332 2435 3557 2490 comede-

1935 2542 2056 2586 runt
2094 2542 2142 2586 et
2183 2532 2409 2586 biberant
2438 2534 2492 2586 in
2535 2530 2732 2598 Selom,
2775 2539 2823 2584 et
2871 2536 2988 2598 post
3025 2538 3199 2600 potum
3239 2529 3462 2583 constitit
3499 2529 3557 2583 in

1937 2634 2208 2691 conspectu
2245 2623 2451 2678 Domini
2480 2624 2567 2692 (l.
2591 2621 2716 2692 Reg.
2750 2623 2805 2677 l.
2827 2620 2910 2692 9).
2936 2619 3159 2676 Viden‘?
3188 2619 3340 2688 Quod
3365 2635 3558 2677 omnes

1939 2713 2141 2770 faciunt
2169 2723 2378 2785 tempus
2407 2709 2776 2778 relaxationis,
2821 2712 2909 2766 illa
2953 2711 3082 2768 fecit
3127 2721 3342 2781 tempus
3370 2725 3558 2780 preca-

1941 2805 2103 2861 tionis
2133 2823 2148 2858 :
2183 2815 2305 2877 post
2329 2805 2637 2860 convivium
2663 2818 2957 2860 accurrens
2982 2802 3052 2859 ad
3079 2804 3555 2875 supputationem,

1939 2897 2115 2952 fontes
2154 2898 2513 2968 lacrymarutn
2561 2895 2760 2960 emisit,
2804 2905 3154 2966 mentemque
3193 2909 3305 2965 pra:
3339 2909 3403 2950 se
3438 2893 3560 2950 tulit

1939 2987 2175 3043 sobriam
2202 3003 2268 3043 ac
2304 2987 2616 3058 vigilantem
2646 3004 2660 3040 :
2694 2999 2759 3040 ac
2795 2995 2916 3056 post
2951 2987 3142 3056 epulas
3181 2984 3319 3042 adeo
3349 2984 3557 3042 intente

1941 3079 2136 3145 oravit,
2167 3089 2226 3133 ut
2252 3078 2455 3134 donum
2479 3078 2750 3147 acciperet
2778 3091 2939 3145 supra
2976 3085 3245 3142 naturam,
3290 3075 3553 3132 solveret-

1940 3185 2046 3241 que
2074 3168 2439 3236 sterilitatem,
2470 3181 2534 3223 ac
2555 3177 2761 3222 naturae
2789 3165 3212 3221 imbecillitatem
3235 3166 3554 3239 corrigeret.

1944 3262 2058 3317 lloc
2085 3262 2247 3333 igitur
2268 3276 2297 3314 a
2329 3261 2524 3316 femina
2563 3258 2700 3316 lucri
2729 3258 3047 3329 consequuti
3076 3272 3285 3325 sumus,
3325 3269 3382 3314 ut
3416 3261 3558 3318 scia-

1942 3368 2064 3410 mus
2089 3361 2144 3409 et
2169 3362 2287 3424 post
2315 3353 2628 3409 convivium
2655 3367 2835 3408 orare.
2881 3351 3137 3423 Quisquis
3161 3353 3308 3409 enim
3341 3353 3410 3409 ad
3453 3354 3558 3413 hoc

1942 3455 2275 3517 praeparatus
2304 3446 2482 3511 fuerit,
2508 3461 2802 3517 numquam
2830 3445 2882 3500 in
2911 3444 3239 3502 ebrietatem
3274 3456 3368 3502 aut
3397 3449 3555 3506 vino-

1941 3537 2162 3593 lentiam
2191 3537 2411 3600 incidet,
2443 3550 2734 3606 numquam
2760 3535 2977 3607 crapula
3006 3537 3374 3608 disrtnnpetur
3408 3556 3422 3593 :
3455 3541 3553 3596 sed

1942 3629 2193 3699 quoniam
2220 3627 2679 3699 exspectationem
2710 3629 3034 3698 precationis
3077 3627 3240 3684 habet
3266 3643 3365 3700 pro
3402 3629 3558 3688 freno

1942 3721 2247 3792 impositam
2288 3721 2492 3787 animo,
2536 3723 2897 3778 conveniente
2946 3736 3200 3777 mensura
3226 3723 3454 3794 attinget
3487 3740 3556 3780 ex

1940 3816 2190 3871 omnibus
2217 3831 2339 3886 qua:
2366 3805 2563 3870 fuerint
2587 3813 2854 3886 apposita,
2879 3815 3155 3885 multaque
3176 3813 3557 3874 benedictione

1943 3920 2052 3965 tum
2083 3909 2346 3977 animum,
2379 3916 2493 3964 tum
2522 3924 2722 3980 corpus
2755 3909 3020 3986 implebit.
3050 3909 3370 3967 Convivium
3407 3913 3555 3971 ettim

1940 3999 2082 4071 quod
2108 4015 2140 4056 a
2187 4002 2498 4071 precatione
2539 4007 2777 4072 coeptum
2823 4000 2880 4056 in
2929 4001 3294 4072 precationem
3335 4002 3557 4073 desinit,

1939 4110 2233 4166 numquam
2280 4093 2516 4160 deficiet,
2564 4094 2660 4150 sed
2710 4094 2902 4164 quovis
2945 4092 3094 4150 fonte
3139 4094 3361 4151 uberius
3399 4096 3557 4154 nobis

1939 4186 2120 4240 omnia
2139 4183 2348 4241 adferet
2377 4185 2538 4240 bona.
2566 4183 2645 4240 Ne
2679 4184 2842 4255 igitur
2876 4193 3081 4240 tantum
3109 4185 3443 4257 negligamus
3470 4188 3556 4244 lu-

1938 4291 2110 4332 crum.
2137 4277 2445 4333 Absurdum
2470 4278 2614 4332 enim
2642 4275 2826 4340 fuerit,
2850 4280 2895 4331 si
2916 4292 3040 4332 cum
3071 4275 3254 4332 famuli
3283 4280 3478 4347 nostri,
3507 4282 3556 4339 si

1939 4369 2156 4441 quando
2195 4378 2401 4440 partem
2441 4368 2676 4438 aliquam
2718 4382 2907 4424 eorum
2946 4381 3067 4439 quo
3111 4368 3268 4423 nobis
3307 4371 3555 4441 apposita

1940 4470 2067 4517 sunt
2103 4461 2432 4532 acceperint,
2466 4460 2626 4517 nobis
2660 4460 2865 4531 gratias
2906 4468 3090 4531 agant,
3117 4456 3366 4532 beneque
3397 4462 3556 4521 nobis

1941 4563 2225 4627 precantes
2255 4554 2451 4611 abeant
2492 4571 2506 4607 :
2541 4568 2662 4620 nos,
2707 4567 2829 4608 cum
2877 4560 2957 4607 tot
3000 4552 3271 4624 tantisque
3312 4554 3558 4612 fruamur

1942 4645 2119 4712 bonis,
2153 4659 2220 4700 ne
2247 4644 2350 4701 hoc
2376 4643 2591 4715 quidem
2617 4641 2843 4699 honoris
2867 4642 2978 4698 Deo
3007 4644 3398 4715 persolvamus,
3428 4646 3555 4704 licet

1942 4737 2068 4793 hinc
2096 4737 2316 4792 multam
2344 4737 2515 4792 simus
2528 4735 2870 4806 assequuturi
2887 4735 3258 4792 securitatem.
3281 4732 3387 4796 Ubi
3405 4740 3552 4797 enim

1941 4830 2181 4902 precatio
2209 4837 2266 4886 et
2293 4828 2590 4900 gratiarum
2635 4826 2799 4895 actio,
2829 4841 2898 4885 eo
2925 4829 3095 4884 sancti
3121 4826 3359 4899 Spiritus
3389 4829 3558 4891 adve-

1941 4924 2021 4979 nit
2047 4921 2559 4994 gratiakabiguutur
2585 4920 2884 4987 daemones,
2928 4929 2987 4978 et
3027 4921 3205 4977 omnis
3244 4920 3558 4982 adversaria

1940 5023 2183 5086 potestas
2208 5010 2422 5084 din‘ugit
2446 5027 2510 5068 ac
2537 5011 2787 5069 discedit.
2837 5011 2941 5082 Qui
2977 5025 3038 5070 se
3065 5027 3430 5072 conversurus
3469 5024 3558 5074 est

1936 5107 2005 5164 ad
2027 5108 2312 5170 orandum,
2341 5121 2452 5163 non
2490 5106 2649 5163 audet
2680 5106 2975 5178 quidquam
3008 5107 3243 5165 absurde
3281 5109 3448 5182 loqui,
3479 5128 3550 5170 ne

1939 5202 1992 5256 in
2019 5199 2197 5257 medio
2220 5198 2437 5270 quidem
2459 5199 2740 5257 convivio:
2762 5207 2856 5254 aut
2875 5199 2921 5256 si
2947 5199 3200 5273 loquutus
3220 5199 3400 5270 fuerit,
3423 5219 3551 5263 mox

1941 5293 2233 5364 resipiscit.
2262 5289 2497 5348 Proinde
2524 5298 2744 5361 oportet
2784 5300 2898 5347 tum
2930 5291 2982 5348 in
3012 5291 3187 5360 initio,
3216 5302 3328 5349 tum
3357 5295 3409 5352 in
3442 5295 3554 5354 line

1938 5384 2169 5441 convivii
2197 5386 2400 5455 gratias
2421 5397 2582 5455 agere
2611 5382 2723 5439 Deo
2751 5382 2824 5441 ob
2852 5383 2990 5440 hanc
3015 5385 3286 5456 prtrcipue
3307 5401 3552 5459 canant,

1936 5476 2081 5548 quod
2107 5484 2166 5531 ut
2183 5475 2365 5532 dicere
2391 5489 2690 5547 cmperam,
2719 5473 2865 5531 haud
2907 5474 3062 5532 facile
3099 5477 3452 5547 prolabemur
3494 5479 3552 5536 in

1936 5567 2281 5633 ebrietatem,
2306 5565 2352 5621 si
2379 5580 2481 5622 nos
2507 5566 2658 5637 ipsos
2684 5566 2739 5621 in
2767 5565 2907 5622 hanc
2939 5566 3391 5626 consuetudinum
3419 5584 3555 5628 con-

1938 5657 2296 5715 stituerimus.
2318 5656 2459 5726 Quin
2498 5655 2545 5713 si
2569 5655 2786 5728 quando
2813 5671 2998 5714 surrex
3009 5657 3120 5715 eris
3147 5661 3367 5733 crapula
3395 5670 3554 5734 potu-

1938 5763 2046 5820 que
2068 5759 2346 5820 gravatus,
2374 5763 2443 5805 ne
2466 5748 2548 5805 sic
2569 5746 2786 5819 quidem
2812 5747 3036 5820 abjicias
3061 5750 3552 5814 consmtudinem:

1939 5839 2038 5900 scd
2060 5841 2309 5915 quamvis
2334 5839 2630 5900 habeamus
2651 5849 2930 5915 gravatum
2949 5851 3132 5916 caput,
3160 5843 3413 5916 quamvis
3430 5859 3558 5905 νοτ·
