4066 6432
481 428 580 482 651

483 539 651 612 tigine
669 531 1121 593 circumferamur,
1141 532 1196 580 et
1214 519 1581 581 concidamus,
1605 512 1773 612 nibilo
1797 508 1971 612 δεςξξιε

485 596 611 686 nica
635 636 866 687 oremus,
896 633 1011 674 nec-
1031 612 1342 672 aboleamus
1375 603 1834 665 consuetudinem.
1861 596 2074 696 Etenim

484 684 531 776 si
554 684 886 788 praecedenti
906 709 995 765 die
1017 708 1082 763 ad
1111 707 1256 760 hunc
1287 698 1524 790 oraveris
1549 684 2078 790 modun-postridie

485 780 727 875 coiriges
753 799 987 857 dedecus
1030 795 1203 867 pridie
1244 788 1610 882 commissum.
1631 780 1876 882 “Quoties
1920 780 2077 882 igitur

487 868 886 968 praudebimus,
916 887 1319 947 meminerimus
1358 880 1516 952 hujus
1540 875 1796 968 mulieris.
1839 882 1894 968 et
1935 868 2078 968 illius

487 959 868 1059 iacrymarum.
907 995 1006 1037 nec
1047 993 1156 1034 non
1182 973 1451 1046 νῖκαι-πω
1473 969 1591 1039 ejus
1617 964 1908 1059 ebrietatis.
1941 959 2076 1059 Nam

487 1052 634 1135 ebria
659 1084 772 1130 erat
797 1071 1010 1136 mulier,
1037 1083 1144 1123 non
1170 1082 1201 1122 ο
1224 1065 1367 1127 vino,
1395 1061 1489 1117 sed
1517 1074 1582 1116 ex
1609 1055 1933 1113 abundantia
1962 1052 2076 1122 pie-

487 1169 633 1224 tatis.
665 1166 882 1222 Etenim
901 1162 947 1218 si
987 1168 1105 1230 post
1142 1153 1419 1228 prandium
1463 1149 1584 1206 talis
1627 1147 1744 1214 fuit,
1772 1144 1945 1216 qualis
1963 1148 2080 1198 erat

488 1253 902 1315 sub’auroram?
930 1252 977 1307 si
1003 1260 1110 1306 tam
1155 1250 1418 1302 instanter
1451 1240 1626 1298 oravit
1665 1246 1788 1310 post
1813 1236 1991 1292 cibum
2025 1244 2079 1289 et

493 1357 696 1420 potum,
722 1345 892 1417 qualis
912 1351 1024 1399 erat
1043 1340 1222 1410 jejuna
1237 1339 1264 1392 τ

565 1440 618 1495 6.
669 1414 974 1491 Redeamus
1008 1432 1168 1501 igitur
1194 1428 1373 1484 denuo
1399 1424 1466 1479 ad
1495 1421 1654 1478 verba
1703 1418 1876 1500 illius,
1918 1414 2078 1470 verba

493 1531 675 1584 ntultat
704 1527 860 1597 plena
887 1515 1568 1594 pltilosOphicr,'multaque
1604 1509 1796 1566 referta
1827 1520 2078 1562 mansue-

497 1617 699 1674 tudine.
739 1613 870 1670 Cum
913 1611 1052 1668 enim
1099 1607 1365 1663 dixisset:
1399 1602 1767 1674 Nequaquam,
1835 1597 2076 1661 domine,

496 1706 758 1777 subjecit:
791 1700 982 1756 Mulier
1008 1699 1063 1752 in
1090 1697 1219 1751 duro
1247 1697 1330 1750 die
1354 1710 1466 1749 sum
1489 1708 1581 1763 ego
1599 1731 1613 1757 ,
1645 1690 1816 1744 viuum
1858 1685 2081 1777 sitquod

494 1776 706 1855 inebriat
732 1811 834 1849 non
873 1792 974 1848 bibi
1015 1790 1095 1860 (1.
1136 1788 1264 1858 Reg.
1307 1788 1362 1845 1.
1391 1785 1504 1855 15).
1532 1782 1766 1838 Observa
1810 1776 2080 1848 quomodo

494 1904 594 1946 nec
620 1888 708 1943 hic
743 1891 1128 1942 commemorat
1152 1879 1359 1935 temulat
1383 1877 1624 1934 convicia
1648 1917 1663 1941 ,
1697 1887 1870 1942 neque
1900 1870 2083 1926 tundu-

496 1983 572 2038 cit
625 1980 770 2035 illius
808 1975 1102 2041 malitiam,
1157 1987 1256 2029 nec
1319 1968 1666 2027 domesticam
1723 1965 2079 2021 calamitatem

494 2076 779 2141 exaggerat
800 2065 1094 2136 evulgans?
1121 2063 1217 2119 sed
1243 2062 1499 2117 hactenus
1527 2057 1699 2129 aperit
1716 2071 1866 2111 suam
1893 2054 2079 2110 anxic~

496 2171 695 2225 tatem,
749 2168 805 2213 ut
837 2164 1039 2212 tantum
1089 2168 1208 2214 sese
1245 2150 1384 2222 apud
1424 2148 1756 2205 sacerdotem
1809 2152 2079 2215 purgaret.

501 2251 690 2306 Nulier
712 2251 765 2302 in
792 2249 921 2301 dare
945 2247 1027 2299 die
1049 2259 1141 2315 ego
1165 2259 1279 2297 sunt
1309 2257 1329 2295 :
1357 2242 1526 2294 uinum
1548 2247 1595 2293 et
1606 2236 1850 2308 quidquid
1871 2235 2084 2290 inebriat

497 2357 599 2396 non
625 2340 744 2406 bibi,
771 2339 861 2393 sed
894 2335 1100 2402 effando
1126 2335 1352 2390 animum
1391 2346 1555 2384 meam
1576 2331 1594 2360 ⁸
1628 2343 1800 2381 coram
1839 2325 2081 2380 Domino.

496 2433 613 2489 Non
640 2432 744 2493 ait,
769 2430 1034 2499 Deprecor
1060 2424 1345 2480 Dominum
1365 2463 1380 2487 ,
1403 2420 1644 2491 supplico
1673 2417 1897 2472 Domino
1918 2456 1930 2476 .
1953 2415 2048 2471 sed
2065 2455 2079 2480 ,
2112 2427 2115 2430 '

499 2525 730 2593 Ea'umlo
759 2524 982 2576 animant
1012 2536 1172 2573 meam
1201 2533 1373 2572 coram
1408 2514 1627 2568 Domino
1655 2529 1673 2567 :
1696 2512 1798 2566 hoc
1817 2519 1902 2565 est
1919 2551 1932 2574 ,
1976 2508 2086 2565 Me-

499 2618 668 2688 ipsam
697 2622 858 2669 totam
885 2612 1120 2666 converti
1159 2607 1226 2662 ad
1272 2606 1590 2670 Dominum,
1635 2610 1868 2659 mentem
1911 2613 2084 2656 mean

499 2706 756 2762 evacuavi
803 2702 942 2772 apud
987 2701 1170 2765 illum,
1213 2707 1324 2752 toto
1365 2697 1577 2760 animo,
1628 2702 1843 2762 totaque
1895 2693 2087 2746 virtute

499 2796 864 2869 precationem
921 2806 1095 2846 meam
1153 2789 1370 2858 peregi,
1431 2787 1540 2841 Deo
1603 2784 1812 2840 narravi
1862 2781 2084 2837 calami-

505 2898 671 2942 tatem
703 2899 873 2939 meam
896 2924 911 2948 ,
963 2880 1170 2936 ostendi
1220 2880 1446 2942 vulnus;
1493 2876 1581 2931 ille
1622 2882 1796 2944 potest
1827 2873 1957 2928 dare
1995 2886 2085 2928 re-

504 2978 757 3033 medium.
802 2975 884 3030 Ne
919 2979 1007 3027 des
1047 2971 1286 3026 ancillam
1333 2972 1385 3022 in
1426 2968 1641 3040 faciem,
1682 2968 1736 3019 in
1787 2966 1948 3035 ﬁliam
2002 2981 2090 3033 pe-

501 3071 748 3124 slilentent
781 3067 858 3135 (l.
906 3065 1012 3134 llrg
1077 3065 1125 3117 1.
1170 3062 1282 3131 l6).
1329 3061 1533 3115 Rursus
1561 3058 1806 3113 ancillam
1857 3058 2085 3126 appellat

502 3161 768 3228 seipsam,
823 3159 1040 3212 multam
1091 3155 1350 3210 adhibens
1387 3167 1603 3216 curam,
1644 3166 1782 3207 nea
1812 3150 2090 3204 sacerdote

504 3252 704 3307 malam
731 3250 924 3304 refernt
949 3251 1140 3304 famam
1167 3263 1181 3299 :
1214 3259 1311 3299 nec
1336 3243 1472 3312 apud
1495 3257 1556 3297 se
1598 3241 1769 3296 dixit:
1797 3240 1932 3308 Quid
1960 3240 2090 3294 mihi

503 3358 649 3398 cura:
701 3350 784 3396 est
820 3341 972 3394 istius
1010 3337 1318 3394 calumnia?
1353 3338 1660 3405 ignoranter
1684 3349 1747 3389 ac
1777 3344 1978 3390 temere
2003 3348 2093 3388 ac-

506 3441 656 3488 cusat
674 3474 688 3495 ,
710 3430 1013 3500 suspicatur
1040 3428 1125 3482 ubi
1151 3427 1282 3481 nihil
1311 3435 1428 3482 erat
1451 3441 1614 3495 opus;
1633 3441 1750 3481 mea
1766 3425 2094 3480 conscientia

507 3540 638 3595 pura
662 3533 777 3577 esto
796 3564 811 3588 ,
838 3531 892 3575 ct
918 3536 1105 3575 omnes
1133 3535 1223 3578 me
1248 3519 1532 3578 traducant
1559 3535 1573 3572 :
1615 3517 1710 3573 sed
1741 3519 2088 3587 apostolicam

509 3617 654 3669 illam
710 3613 947 3682 implevit
969 3611 1143 3682 legem
1164 3653 1180 3677 ,
1229 3625 1348 3681 qum
1375 3609 1616 3681 pmciplt
1635 3619 1694 3668 ut
1720 3609 2093 3678 provideamus

507 3707 647 3761 bona
675 3716 780 3759 non
809 3713 1009 3756 tantum
1035 3718 1215 3757 coram
1256 3701 1515 3765 Domino,
1567 3699 1664 3756 sed
1711 3701 1872 3755 etiam
1909 3715 2093 3758 coram

511 3796 814 3850 hominibus
841 3793 1023 3861 (Rom.
1053 3792 1141 3848 £2.
1172 3793 1285 3863 1⁸1).
1329 3792 1503 3861 Atque
1529 3791 1675 3846 omni
1706 3790 1866 3847 modo
1918 3791 2093 3859 suspi-

511 3887 720 3941 cionem
741 3884 976 3953 depulit,
1002 3897 1123 3937 cum
1141 3883 1248 3950 ait,
1285 3880 1369 3936 Ne
1387 3882 1475 3936 des
1503 3883 1742 3938 ancillam
1767 3892 1908 3937 tuam
1934 3883 1988 3936 in
2009 3886 2094 3953 fa-

509 3980 656 4042 cient,
679 3979 730 4031 in
751 3978 914 4046 ﬁliam
933 3975 1262 4044 pestilentem.
1286 3973 1426 4041 Quid
1444 3983 1625 4028 autem
1653 3983 1756 4039 est,
1783 3973 1853 4028 In
1874 3977 2054 4045 faciem
2071 3975 2098 4030 1’

509 4070 591 4126 Ne
615 4085 700 4124 me
727 4069 1002 4124 existimes
1027 4065 1309 4122 eﬂ‘rentem
1346 4075 1398 4120 et
1426 4065 1788 4134 impudentem
1817 4080 1958 4121 esse.
1982 4067 2095 4122 An-

510 4162 658 4232 goris
674 4202 689 4225 ,
719 4175 822 4216 non
847 4158 1148 4213 vinolentia!
1168 4167 1250 4212 est
1275 4156 1390 4214 lucc
1413 4158 1663 4212 audacia:
1693 4171 1876 4212 mmro'
1898 4159 1962 4223 is,
1988 4173 2092 4213 non

511 4250 808 4308 ebrietatis.
857 4249 993 4314 Quid
1025 4249 1182 4317 igitur
1209 4246 1497 4302 sacerdos?
1527 4245 1823 4304 Considera
1859 4256 1914 4302 et
1955 4249 2098 4304 illius

518 4341 889 4410 prudentiam:
921 4354 1027 4393 non
1069 4337 1338 4407 inquisivit
1367 4336 1578 4391 curiose
1621 4337 1690 4392 de
1714 4353 1912 4406 genere
1949 4339 2096 4394 cala-

515 4431 748 4496 mitatis,
781 4447 885 4484 non
915 4429 1156 4483 exactius
1184 4436 1451 4483 scrutatus
1488 4435 1571 4481 est
1596 4428 1813 4496 angoris
1837 4443 2052 4484 causam
2081 4446 2094 4483 :

514 4522 609 4580 sed
645 4521 771 4591 quid
799 4521 911 4575 ait?
951 4518 1161 4573 Vadein
1205 4534 1363 4588 pace;
1410 4517 1490 4571 det
1540 4518 1630 4573 tibi
1676 4518 1923 4574 Dominus
1964 4521 2100 4576 Deus

519 4611 684 4667 Israel
708 4628 905 4664 omnem
933 4612 1250 4679 petitionem,
1291 4626 1443 4679 quam
1470 4610 1532 4663 ab
1559 4626 1618 4664 eo
1651 4611 1819 4680 petisti
1863 4613 1941 4682 (1.
1967 4612 2096 4684 Reg.

520 4705 574 4759 1.
604 4704 717 4772 l7).
737 4702 924 4756 Mulier
949 4717 1017 4755 ex
1046 4711 1352 4760 accusatore
1382 4702 1505 4758 iecit
1535 4713 1835 4772 patronum.
1869 4703 2094 4759 Tantum

519 4793 717 4848 bonum
748 4802 829 4845 est
858 4791 1158 4846 immanitas
1185 4807 1250 4847 ac
1279 4792 1655 4848 mansuetudo.
1696 4794 1801 4849 Pro
1823 4804 2099 4850 contume-

512 4887 580 4943 lia
612 4887 830 4954 cnpioso
874 4894 1097 4953 accepto
1121 4884 1313 4939 viatico
1337 4883 1616 4949 discessit,
1668 4900 1898 4954 eumque
1944 4898 2097 4941 nacta

493 4987 599 5056 'est
628 4985 1048 5046 propugnantem
1085 4983 1140 5030 et
1164 4975 1572 5030 intercessorem
1593 5017 1607 5038 ,
1639 4991 1797 5046 quem
1842 4977 2101 5033 habuerat

516 5066 932 5136 objurgatnrem.
975 5065 1054 5120 Ac
1081 5081 1146 5120 ne
1171 5066 1249 5120 sic
1274 5065 1489 5136 quidem
1515 5066 1753 5132 destitit,
1783 5069 1878 5124 sed
1915 5085 2100 5126 rursus

517 5157 592 5211 ait
620 5174 632 5208 :
661 5155 893 5212 Inveniat
919 5156 1109 5213 ancilla
1142 5167 1229 5212 tua
1266 5159 1484 5228 gratiam
1520 5159 1576 5212 in
1603 5159 1768 5214 oculis
1798 5161 1896 5215 tuis
1931 5160 2097 5230 (Ibid.

515 5263 563 5303 ν.
589 5245 680 5318 18)
698 5265 712 5299 :
742 5246 843 5302 hoc
859 5255 942 5302 est
969 5263 984 5302 :
1007 5246 1219 5302 Utinam
1237 5263 1268 5301 e
1295 5249 1401 5303 line
1418 5264 1707 5320 rerumque
1727 5250 1876 5306 exitu
1898 5249 2096 5319 discas,

517 5353 604 5393 me
633 5337 768 5393 hanc
794 5338 1154 5408 precationem
1180 5338 1715 5410 obsecrationemque
1742 5341 1960 5407 fecisse,
1993 5359 2096 5397 nou

513 5441 578 5484 ex
605 5428 892 5485 vinolentia
910 5469 927 5494 ,
959 5428 1052 5484 sed
1081 5443 1147 5484 ex
1173 5444 1377 5499 angore
1404 5448 1416 5484 :
1451 5429 1518 5485 Et
1546 5447 1660 5485 cum
1685 5433 1836 5496 abiit,
1892 5432 2095 5503 inquit,

515 5533 618 5573 non
658 5518 885 5589 amplius
910 5520 1149 5576 concidit.
1179 5520 1342 5576 Vides
1393 5522 1632 5578 mulieris
1674 5523 1869 5579 iidem?
1912 5525 2098 5581 Prius-

514 5625 673 5680 quam
704 5613 968 5683 acciperet
995 5615 1140 5685 quod
1169 5619 1460 5687 postularat
1477 5660 1490 5682 ,
1523 5620 1744 5689 perinde
1764 5623 1964 5678 conlisa
1990 5632 2094 5690 est,

508 5723 594 5839 uel
629 5719 759 5773 uilli.
778 5722 894 5786 duo,
905 5728 1026 5777 sicut
1053 5735 1104 5778 et
1128 5734 1264 5790 κερ..
1287 5731 1609 5793 precationem
1624 5746 1780 5786 meum
1793 5748 1813 5798 ,°
1835 5737 1996 5791 minus
2015 5752 2098 5791 re-

1230 405 1286 462 S.
1329 397 1606 460 JOANNIS
1640 383 2116 453 CIIBYSOSTOMI
2158 380 2472 438 ARClIlEP.
2513 348 3047 438 CONST.iN'i'l.\'0P.

3668 376 3780 436 65!

2186 503 2338 570 quasi
2383 501 2495 573 jam
2545 500 2861 572 accepisset.
2915 499 2972 554 in
3001 512 3161 555 causa
3210 511 3361 557 erat.
3403 499 3544 567 quod
3598 507 3782 558 mares

2185 591 2355 647 multo
2378 606 2499 648 cum
2524 591 2735 646 fervore
2753 630 2771 658 ,
2802 588 3077 659 multoque
3097 587 3276 646 studii
3308 588 3440 644 citra
3464 588 3630 645 ullam
3661 592 3775 643 lin--

2183 681 2508 738 sitatioucm.
2551 681 2700 738 lianc
2723 681 2794 736 ob
2820 695 2936 735 rem
2962 680 3092 736 abiit
3116 679 3270 750 quasi
3292 686 3460 735 totum
3486 680 3781 750 itnpctiaso

2182 781 2280 827 set.
2333 771 2470 839 Quin
2510 771 2728 842 insuper
2774 771 2913 827 Deus
2960 771 3070 839 jam
3117 779 3281 825 totam
3328 770 3653 826 anxietatem
3705 771 3778 826 illi

2183 865 2421 920 excussit
2447 880 2512 920 ex
2537 864 2717 918 animo
2734 905 2750 930 ,
2774 863 3061 933 largiturus
3084 861 3284 916 dnuum
3314 863 3454 932 qunti
3477 862 3713 932 petebat.

2257 955 2472 1011 Herulis
2504 956 2751 1027 epilogus.
2779 983 2851 995 —
2903 954 3050 1008 lianc
3099 951 3350 1008 feminam
3399 953 3672 1008 imitemur
3721 961 3780 1008 et

2183 1062 2318 1115 nos,
2349 1059 2406 1105 et
2453 1050 2505 1104 in
2549 1051 2799 1106 omnibus
2837 1049 3215 1106 afﬂictionibus
3259 1049 3327 1105 ad
3367 1050 3536 1106 Datim
3585 1050 3780 1104 ciuilit-

2181 1139 2410 1210 giamus.
2441 1141 2509 1196 Et
2533 1142 2578 1196 si
2606 1141 2765 1198 nobis
2787 1157 2911 1198 non'
2931 1144 3126 1200 fuerint
3152 1143 3343 1211 liberi,
3373 1143 3443 1198 ab
3467 1143 3560 1199 illo
3587 1153 3779 1214 pustu-

2183 1232 2387 1298 lemus;
2409 1247 2546 1304 quos
2569 1235 2614 1288 si
2640 1235 3044 1305 acceperimus,
3085 1237 3250 1291 multa
3276 1250 3406 1291 cura
3433 1234 3732 1291 educcnms
3765 1252 3780 1288 :

2183 1321 2552 1378 adolescentes
2603 1338 2726 1378 eum
2779 1324 2850 1379 ab
2899 1327 3044 1380 omni
3093 1325 3219 1380 vitio
3273 1339 3620 1388 sevocemua,
3666 1335 3782 1378 tum

2186 1414 2451 1482 praecipue
2473 1428 2499 1464 a
2533 1414 2773 1480 lascivia,
2793 1414 2936 1484 quod
2965 1416 3067 1470 hoc
3091 1415 3310 1471 difficile
3332 1416 3404 1473 sit
3429 1415 3650 1481 bellum,
3681 1429 3784 1471 nec

2183 1501 2284 1557 alia
2329 1517 2418 1557 res
2451 1504 2730 1560 molestior
2758 1506 2827 1559 sit
2876 1507 2951 1561 illi
2997 1507 3168 1571 talari,
3218 1523 3377 1576 quam
3409 1507 3498 1562 hic
3537 1505 3780 1561 morbus.

2191 1594 2435 1665 Undique
2461 1595 2622 1666 igitur
2647 1597 3110 1652 eirt'umvallemus
3141 1598 3259 1652 illos
3283 1596 3557 1660 consiliis,
3586 1596 3785 1652 adhor-

2185 1685 2474 1741 tationibus
2493 1727 2508 1752 ,
2545 1687 2861 1752 terroribus,
2891 1687 3067 1742 minis.
3097 1686 3155 1744 Si
3185 1687 3320 1742 hanc
3349 1687 3650 1744 devicerint
3687 1703 3784 1743 cu-

2186 1779 2417 1847 pidinem
2445 1819 2461 1845 ,
2497 1793 2600 1833 nec
2637 1778 2706 1832 ab
2743 1779 2862 1833 aliis
2889 1779 3044 1835 facile
3089 1779 3557 1851 expugnabuntur,
3601 1781 3698 1837 sed
3728 1791 3786 1838 et

2187 1869 2428 1938 pecuniis
2453 1879 2610 1924 erunt
2646 1872 2971 1937 superiores,
3024 1880 3078 1926 ct
3118 1871 3483 1927 teulentiam
3531 1873 3784 1929 vinolen-

2188 1963 2423 2030 tiamque
2476 1962 2838 2030 superabunt.
2886 1969 2942 2017 et
2990 1963 3262 2032 improbos
3309 1963 3588 2018 convictus
3632 1966 3784 2018 omni

2186 2051 2362 2106 studio
2390 2050 2713 2116 discutient,
2747 2059 2801 2106 et
2825 2051 3169 2108 amabiliores
3187 2062 3344 2107 erunt
3368 2054 3702 2126 parentibus,
3730 2062 3791 2110 et

2187 2142 2438 2197 omnibus
2466 2141 2776 2196 hominibus
2803 2143 2972 2212 magis
3000 2143 3307 2198 reverendi.
3345 2143 3476 2209 Quis
3499 2144 3644 2198 enim
3673 2160 3792 2200 non.

2190 2240 2496 2286 revereatur
2529 2233 2778 2301 juvenem
2808 2243 2956 2289 caste
2995 2233 3283 2304 sobricque
3308 2225 3616 2291 viventem?
3662 2237 3787 2305 quis

2191 2339 2294 2376 non
2319 2323 2689 2392 amplectatur,
2721 2325 3166 2393 t‘xosculeturque
3187 2339 3310 2379 eum
3337 2327 3426 2394 qui
3471 2325 3786 2396 cupiditati-

2191 2415 2288 2468 bus
2311 2413 2518 2468 frenum
2550 2414 2838 2482 imposuit?
2867 2415 2986 2484 quis
3012 2431 3117 2470 non
3150 2417 3231 2471 vel
3257 2431 3288 2470 e
3317 2432 3540 2472 numero
3583 2418 3784 2486 prati-

2189 2506 2353 2560 vitum
2396 2503 2557 2560 multa
2584 2521 2704 2560 cum
2733 2507 2901 2576 gratia
2927 2508 3069 2563 volet
3091 2508 3167 2563 illi
3195 2508 3373 2564 locare
3402 2507 3569 2564 tiliam
3593 2524 3747 2565 suam
3765 2550 3784 2575 ,

2190 2596 2398 2650 etiamsi
2429 2596 2589 2651 fuerit
2611 2597 2853 2652 omnium
2884 2599 3296 2668 pauperrimus?
3322 2600 3469 2656 Sicut
3492 2617 3524 2655 e
3566 2601 3796 2657 diverso

2194 2686 2469 2742 luxuriose
2510 2687 2811 2752 viventem,
2839 2689 3050 2744 etiamsi
3090 2690 3252 2746 fuerit
3278 2693 3518 2748 omnium
3561 2694 3787 2764 opulen-

2192 2777 2457 2842 tissimus,
2508 2791 2665 2833 nemo
2707 2788 2813 2832 tam
2862 2780 3026 2835 miser
3052 2789 3166 2845 est,
3199 2797 3357 2836 nemo
3407 2794 3514 2839 tam
3559 2784 3787 2854 alijecttc

2189 2866 2451 2932 fortunae,
2482 2878 2539 2923 ut
2579 2867 2682 2924 sibi
2729 2885 2989 2940 generum
3033 2871 3163 2926 velit
3199 2872 3541 2929 adsciscere:
3595 2883 3794 2932 contra

2193 2957 2368 3012 nullus
2412 2959 2548 3014 adeo
2599 2960 2792 3015 stultus
2833 2970 2916 3015 est
2939 3001 2952 3025 ,
2988 2969 3046 3016 ut
3067 2962 3305 3017 sobrium
3330 2978 3392 3018 ac
3423 2964 3674 3034 pudicum
3701 2981 3790 3022 re-

2188 3048 2357 3118 jiciat,
2387 3063 2450 3104 ac
2467 3049 2730 3106 dedecore
2757 3050 2975 3106 afﬁciet.
3005 3051 3072 3108 Ut
3091 3053 3250 3123 igitur
3281 3054 3372 3110 lilii
3401 3066 3456 3111 et
3477 3055 3791 3114 hominibus

2193 3142 2475 3198 reverendi
2503 3142 2651 3210 fiant,
2673 3153 2727 3199 et
2765 3144 2874 3200 Deo
2901 3146 3179 3216 amabiles,
3211 3162 3533 3205 exornemus
3573 3150 3792 3206 illorum

2195 3236 2424 3301 animos,
2444 3251 2670 3306 cumque
2700 3236 2951 3305 pudicitia
2977 3237 3043 3293 ad
3071 3240 3376 3310 coniugium
3409 3242 3789 3310 perducamus.

2196 3328 2284 3385 Sic
2304 3329 2445 3383 enim
2477 3328 2581 3384 illis
2607 3329 2749 3384 velut
2768 3345 2798 3383 e
2827 3332 2969 3386 fonte
2981 3333 3506 3401 provenientomnia,
3535 3345 3589 3391 et
3619 3335 3796 3392 Deum

2197 3419 2426 3474 habituri
2445 3427 2569 3475 sunt
2599 3422 2907 3492 propitium,
2935 3436 2999 3477 ac
3027 3423 3307 3492 parcentis
3337 3422 3636 3496 futuraeque
3664 3425 3796 3483 vita:

2194 3510 2362 3580 gloria
2411 3510 2798 3580 perfruentur:
2831 3528 2990 3582 quam
3038 3515 3253 3585 assequi
3306 3517 3582 3586 contingat
3634 3517 3800 3575 nobis

2195 3603 2464 3671 omnibus,
2481 3605 2650 3672 gratia
2670 3611 2725 3659 et
2749 3604 2983 3660 bonitate
3003 3603 3213 3663 Domini
3243 3607 3410 3662 nostri
3422 3607 3788 3677 lesuChristi,

2197 3707 2317 3749 cum
2343 3708 2452 3763 quo
2491 3694 2633 3749 Patri
2663 3695 2851 3765 gloria,
2907 3697 3100 3763 honor,
3143 3695 3451 3767 imperium,
3477 3701 3639 3756 simul
3669 3717 3800 3758 cum

2200 3794 2384 3840 sancto
2409 3785 2608 3854 Spiritu
2633 3828 2649 3854 ,
2679 3801 2820 3842 nunc
2847 3796 2904 3843 et
2946 3803 3182 3859 semper,
3215 3800 3270 3846 et
3300 3791 3352 3845 iu
3402 3793 3594 3848 smculn
3623 3809 3801 3852 steat-

2202 3873 2398 3932 lorum.
2425 3877 2616 3931 Amen.

2813 3946 3044 4005 SERMO
3093 3949 3180 4005 Ill.

2201 4032 2282 4092 De
2311 4036 2494 4104 Anna,
2520 4037 2685 4107 deque
2725 4037 2983 4095 Samuelis
3022 4042 3351 4107 educatione,
3394 4052 3440 4096 et
3473 4043 3612 4114 quod
3654 4043 3806 4102 utilia

2272 4127 2337 4181 dt
2374 4127 2428 4182 in
2457 4128 2700 4198 pariendo
2726 4130 2966 4198 tarditas,
2996 4138 3044 4189 et
3070 4135 3202 4200 quod
3244 4133 3586 4203 periculosum
3627 4135 3699 4191 sit
3727 4134 3807 4192 li-

2275 4217 2416 4272 beros
2443 4219 2756 4291 negligenter
2782 4221 2989 4277 habere.

2275 4329 2326 4384 1.
2359 4328 2538 4384 Oratio
2573 4330 2737 4386 Anna:
2777 4348 2928 4401 quam
2958 4342 3106 4404 grata
3157 4331 3291 4390 Deo.
3320 4333 3584 4405 Laerymte
3628 4338 3801 4409 rigant

2205 4419 2433 4488 plantam
2476 4423 2738 4477 orationis.
2789 4421 2892 4477 Res
2941 4424 3230 4494 spirituales
3274 4425 3426 4480 uariis
3457 4427 3803 4484 indesinenter

2206 4511 2381 4580 {armis
2416 4511 2658 4566 adornari
2696 4523 2931 4583 possunt.
2975 4514 3126 4569 Anna
3166 4515 3438 4570 liberarunt
3481 4517 3803 4574 educationis

2206 4601 2562 4671 magistra.—
2601 4601 2712 4658 N'si
2738 4605 2924 4660 videor
2965 4605 3232 4676 aliquibus
3283 4606 3494 4662 fastidio
3545 4618 3601 4662 et
3647 4609 3802 4666 oneri

2205 4708 2347 4760 esse,
2378 4695 2501 4750 volo
2531 4696 2668 4750 idem
2717 4709 3087 4768 argumentum
3137 4713 3352 4754 rursum
3385 4701 3684 4772 attingere,
3731 4701 3800 4758 de

2204 4800 2309 4854 quo
2339 4786 2487 4841 vobis
2513 4801 2681 4856 nuper
2721 4787 2947 4843 disserui
2975 4803 3216 4859 :vosque
3259 4789 3328 4844 ad
3383 4791 3592 4845 Annam
3629 4792 3796 4846 intro-

2206 4877 2400 4934 ducere
2448 4889 2608 4948 atque
2658 4881 2710 4933 in
2757 4890 2964 4949 pratum
3019 4881 3275 4936 virtutum
3342 4881 3484 4936 illius
3544 4882 3804 4941 inducere

2207 4984 2554 5025 sermonem:
2623 4981 2865 5038 pratum,
2926 4972 3178 5040 inquam,
3233 4986 3341 5027 non
3391 4971 3536 5043 quod
3593 4977 3807 5032 rosaria

2207 5063 2440 5129 profert,
2478 5072 2571 5116 aut
2595 5060 2757 5117 ﬂores
2802 5062 2890 5132 qui
2934 5073 3302 5132 marcescunt,
3337 5063 3444 5121 sed
3486 5063 3630 5136 quod
3680 5080 3811 5135 pre-

2205 5152 2472 5207 cationem
2531 5164 2596 5206 ac
2651 5150 2843 5216 iidem,
2898 5167 3251 5223 magnamque
3299 5153 3655 5210 tolerantiam.
3709 5155 3804 5211 Si-

2204 5243 2419 5313 quidem
2452 5241 2568 5297 hrec
2593 5242 2773 5299 vernis
2799 5242 3020 5298 ﬂoribus
3047 5245 3204 5315 longe
3235 5254 3488 5314 prta-stant
3512 5245 3682 5302 odore
3701 5287 3716 5311 ,
3746 5256 3808 5302 ut

2203 5349 2323 5404 qua:
2363 5349 2467 5389 non
2495 5347 2750 5404 aquarum
2780 5333 3049 5401 fontibus,
3081 5335 3176 5391 sed
3225 5336 3581 5407 laerymarum
3625 5337 3803 5395 imbre

2205 5425 2465 5495 rigantur.
2497 5425 2682 5496 Neque
2712 5426 2855 5481 enim
2887 5427 3109 5497 perinde
3127 5427 3364 5482 amnium
3385 5426 3559 5483 fontes
3578 5427 3808 5486 ﬂoridos

2207 5516 2434 5571 reddunt
2461 5516 2645 5570 hortos
2667 5559 2682 5584 ,
2716 5526 2773 5570 ut
2795 5517 3027 5587 plantam
3060 5519 3381 5587 precationis
3421 5516 3594 5575 fontes
3619 5518 3800 5593 iacry.

2207 5621 2414 5662 marum
2437 5607 2717 5677 irrigantes
2747 5607 2799 5661 in
2825 5622 3088 5662 summam
3114 5607 3448 5666 altitudinem
3477 5609 3759 5667 deducunt
3785 5629 3801 5668 :

2207 5691 2347 5769 quod
2376 5699 2500 5754 huic
2528 5699 2748 5769 contigit
2774 5700 3003 5755 mulieri.
3035 5697 3204 5755 Simul
3231 5701 3372 5755 enim
3387 5701 3689 5772 utloquuta
3703 5709 3811 5766 est.

2211 5791 2579 5849 subvolavitiu
2605 5791 2793 5854 uelum
2823 5792 2941 5865 ejus
2959 5791 3304 5865 deprecatio,
3335 5806 3400 5849 ac
3435 5791 3668 5851 fructum
3701 5792 3804 5866 ipsi
