4066 6428
542 397 652 457 ωδ

543 515 939 590 ιροῦμεν.οάλλ⁹
961 514 1126 587 ἰτερά
1146 531 1267 569 τινα
1295 514 1392 569 νέα
1417 514 1513 569 καὶ
1542 513 1852 586 πρόσφατα.
1880 513 1992 567 Καὶ
2015 511 2124 584 γάρ

546 603 642 656 ἐπὶ
668 603 767 671 τῆς
789 599 1056 671 αἰσθητῆς
1074 596 1354 669 τραπέζης
1377 599 1434 666 ἐξ
1455 599 1573 664 έιιὸς
1601 598 1734 668 δψου
1759 597 1931 651 πολλά
1961 598 2026 652 ἀν
2043 613 2128 660 τις

548 685 819 754 ἐδέσματα
865 681 1317 738 κατασκευάσειε.
1366 682 1477 736 Καὶ
1523 682 1651 745 τοὺς
1694 680 2026 751 χρυσοχόους
2070 678 2129 732 δὲ

546 765 763 837 δρῶμεν
793 766 903 820 ἀπὸ
947 766 1077 838 μιᾶς
1107 764 1288 836 μάζης
1325 763 1552 834 χρυσίου
1582 763 1678 816 καὶ
1726 759 1878 833 [722]
1912 759 2126 830 ψέλλια,

546 849 643 900 καὶ
672 848 1051 921 περιδέρραια,
1081 849 1177 901 καὶ
1200 847 1362 917 ἔτερα
1387 845 1556 899 πολλὰ
1588 843 1879 908 ποιοῦντας
1903 843 2126 915 χρυσία.

546 931 611 984 El
643 929 751 1001 γὰρ
780 931 876 984 καὶ
904 929 1183 1001 μονοειδὴς
1207 930 1240 1000 ή
1268 926 1390 998 ῦλη,
1425 927 1563 982 ἀλλά
1589 926 1832 980 ποικίλον
1868 928 1902 996 ή
1937 924 2126 996 τέχνη,

546 1013 640 1068 καὶ
662 1014 722 1067 οὐ
741 1013 1153 1082 στενοχωρεῖται
1179 1009 1258 1082 τῷ
1285 1009 1604 1081 μονοτρόπῳ
1634 1010 1735 1080 τῆς
1760 1007 2130 1078 ὑποκειμένης

545 1097 736 1159 οὐσίας
767 1096 1091 1165 εὐπόριστός
1120 1089 1258 1147 οὖσα
1294 1094 1388 1146 καὶ
1424 1091 1828 1164 πολυμήχανός.
1869 1093 1934 1146 El
1965 1091 2023 1145 δὲ
2059 1090 2130 1143 τά

546 1179 782 1233 ενταῦθα
809 1177 1058 1244 τοιαῦτα,
1083 1176 1264 1247 πολλῷ
1292 1176 1494 1247 μᾶλλον
1513 1178 1547 1248 ἡ
1570 1177 1664 1230 τοῦ
1689 1175 1831 1229 Πνεύ
1839 1192 2009 1248 ματος
2031 1175 2131 1244 χά-

549 1281 653 1335 ρις.
697 1264 820 1317 Ὀτι
847 1261 957 1333 γὰρ
983 1260 1207 1332 ποικίλη
1237 1260 1442 1330 ταύτης
1467 1262 1502 1332 η
1533 1261 1809 1331 τράπεζα,
1838 1260 1936 1322 καὶ
1967 1259 2128 1312 πολύυ

543 1365 768 1419 τροπος,
800 1349 894 1402 καὶ
919 1346 1224 1418 πολυειδὴς,
1244 1349 1475 1400 ἄκουσον
1491 1345 1582 1399 τοῦ
1619 1344 1834 1398 Παύλου
1857 1345 2126 1412 λέγοντος·

545 1424 622 1501 *ῼ
654 1431 771 1499 μὲν
796 1429 895 1484 διὰ
919 1429 1024 1484 τοῦ
1048 1431 1395 1498 ιινεύματος
1413 1427 1639 1482 δίδοται
1667 1429 1852 1498 λόγος
1885 1427 2127 1496 σοφίας,

546 1513 717 1581 ἄλλῳ
740 1511 810 1567 δὲ
830 1516 1011 1582 λόγος
1040 1511 1339 1580 γνώσεως,
1370 1510 1551 1578 ἑτέρῳ
1579 1511 1649 1564 δὲ
1688 1512 1916 1576 πίστις,
1962 1510 2132 1574 ἄλλῳ

545 1596 618 1650 δέ
639 1598 976 1666 χαρίσματα
1000 1595 1282 1664 ἰαμάτων,
1303 1594 1683 1664 ἀντιλήψεις,
1713 1592 2127 1663 κυϐερνήσεις,

548 1677 691 1749 γένη
719 1676 1036 1747 γλωσσῶν.
1069 1678 1260 1732 Ταῦτα
1284 1677 1352 1732 δὲ
1379 1677 1576 1732 πάντα
1591 1676 1828 1746 ἐνεργνεῖ
1849 1678 1915 1731 τὸ
1938 1675 2009 1730 ἐν
2031 1675 2130 1730 καὶ

545 1760 612 1813 τὸ
659 1759 808 1815 αὐτὸ
854 1759 1128 1830 Πνεῦμα,
1175 1759 1445 1828 διαιροῦν
1493 1761 1612 1826 ἰδίᾳ
1654 1758 1890 1824 ἑκάστῳ
1937 1760 2132 1823 καθὼς

538 1843 856 1907 βούλεται.
897 1843 1061 1915 Ὁρᾷς
1093 1844 1211 1908 πῶς
1252 1844 1506 1913 ποικίλης
1552 1844 1614 1896 OE
1655 1843 1892 1913 ποταμοὶ
1919 1841 2126 1904 πολλοὶ,

545 1925 683 1979 ἀλλά
739 1925 860 1997 μία,
914 1927 1164 1998 gman
1207 1928 1394 1998 πηγή·
1448 1926 1682 1998 διάφορα
1728 1924 1800 1979 τά
1832 1924 2127 1994 ἐδέσματα,

545 2011 660 2065 ἀλλ’
690 2005 772 2075 εἷς
798 2013 827 2065 ό
872 2011 1163 2083 ἑστιάτωρ.
1206 2011 1360 2064 Ἐπεὶ
1388 2005 1484 2066 οῦν
1509 2010 1746 2083 τοσαύτη
1777 2013 1811 2081 ἡ
1838 2009 1933 2063 τοῦ
1961 2008 2134 2063 Πνεύ-

548 2111 720 2166 ματος
757 2094 938 2166 χάρις,
992 2094 1066 2166 μὴ
1117 2094 1518 2166 ἀποκάμωμεν.
1569 2094 1800 2165 Εῖδομεν
1849 2094 1909 2147 δὲ
1961 2093 2133 2162 αὐτὴν

547 2181 768 2250 στεῖραν
797 2175 983 2245 οὖσαν,
1011 2179 1230 2249 είδομεν
1261 2179 1436 2250 αὐτὴν
1470 2179 1686 2249 μητέρα
1707 2177 2027 2248 γενομένην,
2055 2177 2134 2228 εῐ-

544 2260 709 2332 δομεν
741 2261 1107 2332 δακρύουσαν,
1153 2260 1367 2332 εἴδομεν
1419 2259 1750 2331 χαίρουσαν·
1794 2257 2134 2329 συνηλγήσα-

547 2359 646 2414 μεν
671 2345 814 2408 τότε,
851 2343 1211 2416 συνησθῶμεν
1249 2345 1512 2416 σήμερον,
1555 2342 1713 2397 Οὖτω
1745 2343 1840 2397 καὶ
1860 2344 1889 2396 ό
1918 2340 2134 2405 Παῦλος

543 2424 821 2490 ἐκέλευσε,
875 2427 1114 2494 Χαίρειν
1150 2427 1303 2496 μετὰ
1351 2427 1703 2496 χαιρόντων,
1751 2425 1850 2480 καί
1897 2427 2134 2480 κλαίειν

536 2509 688 2578 μετὰ
707 2510 1062 2565 κλαιόντων.
1092 2510 1264 2563 Τοῦτο
1286 2509 1343 2564 δὲ
1367 2509 1469 2563 οὐκ
1500 2510 1594 2562 ἐπὶ
1618 2508 1728 2563 τῶν
1749 2509 2135 2580 συνακμασάν-

540 2609 651 2645 των
677 2595 811 2666 ημῖν
835 2591 1143 2664 ἀνθρώπιον
1173 2593 1360 2662 μόνον,
1398 2590 1538 2645 ἀλλά
1562 2592 1660 2658 καὶ.
1681 2593 1777 2646 επὶ
1820 2591 1931 2644 τῶν
1964 2591 2133 2646 πάλαι

539 2676 927 2747 γεγενημένων
953 2677 1127 2730 ποιεῖν
1150 2677 1282 2747 χρή,
1317 2675 1426 2730 Καὶ
1451 2677 1524 2746 μή
1553 2693 1643 2747 μοι
1660 2674 1866 2743 λεγέτω
1883 2692 1966 2738 τις
1986 2692 2001 2705 ·
2026 2674 2135 2729 Ναὶ

540 2759 596 2812 τί
631 2775 722 2830 μοι
755 2759 946 2830 κέρδος
981 2759 1088 2813 ἀπὸ
1116 2763 1214 2830 τῆς
1241 2760 1441 2827 Ἀννης
1469 2758 1644 2820 ἔσται,
1677 2759 1899 2812 καὶτῶν
1929 2757 2133 2829 ταύτης

540 2840 928 2912 διηγημάτωνς
959 2843 1033 2894 Αἵ
1057 2859 1117 2893 τε
1153 2843 1263 2910 γὰρ
1302 2844 1515 2911 στεῖραι
1548 2840 1874 2911 δυνήσονται
1915 2840 2128 2910 μαθεῖν,

541 2923 664 2987 πῶς
690 2922 757 2978 ἀν
786 2923 1026 2993 γένοιντο
1073 2925 1342 2995 μητέρεςο
1376 2925 1471 2978 καὶ
1512 2925 1570 2977 αἱ
1609 2923 1848 2995 μητέρες
1889 2921 2128 2977 εἴσονται

540 3009 729 3074 πάλιν,
758 3013 910 3074 ποῖος
927 3010 1315 3083 παιδοτροφίας
1340 3012 1563 3084 ἄριστος
1584 3011 1650 3065 ἂν
1670 3010 1881 3080 γένοιτο
1903 3011 2125 3080 τρόπος.

541 3099 620 3151 Ού
648 3099 905 3166 γυναῖκες
935 3097 994 3151 δὲ
1021 3098 1205 3168 μόνον,
1238 3097 1376 3151 ἀλλά
1409 3097 1503 3151 καὶ
1542 3097 1734 3167 ἄνδρες
1765 3098 1998 3167 μέγιστα
2019 3097 2129 3150 ἀπὸ

543 3182 644 3250 τῆς
672 3181 914 3251 ίστορίας
929 3179 1134 3251 ταύτης
1151 3179 1560 3252 καρπώσονται,
1585 3178 1965 3244 παιδευθέντες
1992 3181 2128 3251 ήμέο

545 3280 657 3334 ρως
683 3265 824 3335 πρὸς
852 3263 952 3326 τάς
973 3263 1154 3316 αὐτῶν
1181 3262 1486 3317 διακεῖσθαι
1517 3265 1806 3331 γυναῖκας,
1828 3262 1931 3317 κᾶν
1965 3264 2131 3317 ἀπαι-

541 3346 662 3400 δίαν
703 3346 921 3412 νοσῶσι,
969 3345 1221 3417 καθάπερ
1259 3349 1288 3400 ό
1345 3345 1576 3398 Ἐλκανά
1615 3345 1754 3415 πρὸς
1781 3345 1880 3416 τὴν
1929 3347 2131 3401 ’Ἅνναν

540 3428 794 3484 διέκειτο.
824 3429 899 3483 ού
929 3428 1088 3482 τοῦτο
1115 3429 1170 3481 δὲ
1209 3430 1390 3499 μόνον,
1419 3428 1558 3483 ἀλλά
1595 3430 1689 3482 καὶ
1720 3429 1908 3500 ἕτερον
1933 3430 2127 3484 τούτου

544 3514 732 3586 μεῖζον
754 3511 1097 3584 κερδανοῦσι,
1121 3512 1388 3584 μαθόντες
1414 3515 1498 3566 ὅτι
1520 3513 1601 3566 δεῖ
1613 3514 1742 3577 τοὺς
1756 3517 1934 3583 γονεῖς
1952 3516 2130 3570 δἰιιιιαν⁸

539 3613 642 3660 τας
659 3596 747 3666 τῷ
773 3595 894 3668 Θεῷ
919 3596 990 3650 τά
1017 3596 1280 3666 τεχθέντα
1307 3596 1528 3668 τρέφειν
1557 3599 1766 3651 παιδία.
1802 3597 1892 3670 Μὴ
1918 3600 2122 3662 τοίνυν,

541 3679 733 3749 ἐπειδὴ
775 3680 1032 3750 χρήματα
1078 3681 1172 3733 καὶ
1199 3679 1463 3750 ἀργύριον
1490 3682 1589 3734 οὐκ
1633 3680 1750 3735 ἐστι
1799 3681 1986 3735 λαϐεῖν
2019 3682 2130 3736 ἀπὸ

540 3761 638 3817 τοῦ
680 3760 1038 3832 διηγήματος,
1089 3763 1346 3833 ἀνόνητον
1379 3765 1512 3833 ἡμῖν
1541 3759 1683 3816 εἶναι
1722 3764 1824 3834 τὴν
1865 3764 2132 3835 ἀκρόασιν

541 3845 874 3917 νομίζωμεν,
909 3844 1046 3898 ἀλλά
1072 3845 1140 3898 δι’
1180 3846 1314 3899 αὐτὸ
1366 3847 1465 3916 μὲν
1497 3842 1592 3900 οῦν
1630 3845 1792 3901 τοῦτο
1831 3848 2129 3919 κερδαλέαν

541 3930 637 3983 καὶ
661 3928 958 3999 ώρέλιμον,
989 3928 1177 4000 ἐπειδὴ
1199 3930 1261 3984 οὗ
1290 3929 1516 4000 χρυσίον
1551 3931 1643 3984 καὶ
1679 3931 1969 4004 ἀργύριον,
2003 3933 2120 3985 ἀλλ’

540 4012 570 4065 δ
596 4010 775 4082 πολλῷ
810 4011 995 4081 μεῖζον
1033 4012 1239 4065 τούτων
1299 4013 1438 4076 ἐστὶ,
1479 4013 1659 4084 ψυχῆς
1690 4015 1998 4079 εὐλάϐειαν,
2037 4017 2131 4070 καὶ

538 4096 668 4158 τοὺς
696 4095 754 4148 ὲν
778 4096 890 4156 τοῖς
912 4097 1161 4168 οὐρανοῖς
1196 4096 1328 4166 ήμῖν
1365 4095 1603 4149 δείκνυσι
1647 4096 1955 4168 θησαυροὺς
1981 4141 1996 4158 ,
2033 4101 2130 4152 καὶ

539 4176 784 4231 διδάσκει
816 4177 932 4240 πῶς
965 4177 1182 4231 ἅπαντα
1212 4178 1646 4250 διακρουσόμεθα
1678 4180 1942 4235 κίνδυνον.
1981 4181 2128 4254 Χρή-

544 4274 692 4330 ματα
713 4259 814 4330 μὲν
834 4259 942 4329 γὰρ
968 4262 1270 4331 παρασχεῖν
1296 4261 1391 4313 καὶ
1407 4260 1716 4332 ἀνθρώποις
1749 4263 1931 4334 ῥᾴδιον
1949 4279 1960 4291 ·
1985 4264 2130 4333 διορ-

541 4341 714 4396 θῶσαι
760 4343 818 4396 δὲ
858 4342 1039 4412 φύσιν,
1089 4345 1182 4398 καὶ
1212 4345 1454 4414 ἀθυμίαν
1492 4345 1650 4398 λῦσαι
1699 4347 1978 4416 τοιαύτην,
2033 4350 2130 4402 καὶ

538 4425 733 4498 ὀδύνην
779 4427 988 4481 ἀνελεῖν
1013 4467 1029 4491 ,
1070 4428 1164 4481 καὶ
1212 4427 1390 4498 ψυχήν
1422 4428 1725 4499 ἀναστῆσαι
1765 4431 2128 4485 καταπίπτειν

541 4509 861 4580 μέλλουσαν,
885 4510 1160 4583 ἀνθρώπῳ
1191 4511 1289 4582 μὲν
1320 4523 1346 4551 ι
1386 4512 1584 4576 οὐδενὶ,
1607 4512 1685 4584 τῷ
1706 4513 1763 4566 δὲ
1792 4514 1895 4584 τῆς
1912 4514 2130 4584 φύσεως

538 4596 784 4666 Δεσπότῃ
820 4595 966 4665 μόνῳ
993 4595 1238 4649 δυνατόν.
1274 4595 1348 4647 Σὺ
1386 4596 1464 4661 δὲ,
1500 4598 1548 4650 εί
1597 4597 1698 4667 μὲν
1729 4599 1946 4671 νόσημα
1977 4599 2129 4653 ἀνία-

539 4695 632 4733 τον
660 4678 881 4748 ἔχουσα,
912 4681 1004 4731 καὶ
1032 4679 1130 4749 τὴν
1161 4678 1314 4732 πόλιν
1354 4680 1717 4751 περιελθοῦσα
1751 4684 2004 4749 ἃπασαν,
2034 4689 2129 4738 καὶ

539 4762 800 4833 χρήματα
825 4759 1206 4831 δαπανήσασα,
1258 4761 1354 4815 καὶ
1404 4763 1608 4834 ίατροῖς
1637 4765 1958 4836 χρησαμένη
1997 4766 2127 4819 πολ-

539 4844 673 4908 λοῖς,
714 4842 809 4897 καὶ
851 4841 1120 4914 μηδεμίαν
1171 4843 1406 4915 εὑροῦσα
1450 4846 1825 4916 παραμυθίαν,
1878 4847 2131 4918 ἐνέτυχες

537 4931 757 5001 γυναικὶ
784 4930 844 4984 τὸ
865 4928 999 4984 αὐτὸ
1020 4929 1268 5004 παθούσῃ
1296 4931 1469 4996 πάθος
1493 4934 1586 4987 καὶ
1605 4933 2007 5006 ἀπαλλαγείσῃ,
2030 4937 2130 4989 οὐκ

539 5013 608 5068 ἂν
639 5013 884 5083 ἀπέστης
913 5012 1252 5078 ἱκετεύουσα,
1280 5015 1701 5087 παρακαλοῦσα,
1719 5016 2128 5088 δεομένη,ὥστε

538 5099 724 5152 πεῖσαι
751 5097 844 5151 τὸν
869 5095 1256 5165 ἀπαλλάξαντα
1276 5098 1448 5162 δεῖξαι
1469 5115 1484 5131 ⁸
1511 5100 1630 5153 νυνὶ
1652 5101 1709 5155 δὲ
1729 5103 1912 5175 ὁρῶσα
1929 5104 2129 5158 Ἀνναν

537 5179 785 5236 έστῶσαν
817 5181 877 5235 ἑν
915 5178 994 5250 τῷ
1019 5182 1191 5252 μέσῳ,
1219 5181 1314 5236 καὶ
1340 5182 1403 5235 τὸ
1432 5181 1604 5246 πάθος
1627 5184 1796 5255 αὐτῆς
1826 5185 2130 5257 ἐξηγουμέ-

537 5282 658 5335 νην,
687 5264 867 5318 καὶτὸ
896 5264 1189 5335 φάρμακον
1215 5264 1500 5334 λέγουσαν,
1532 5269 1626 5321 καὶ
1653 5269 1744 5323 τὸν
1768 5269 1952 5342 ίατρὸν
1972 5268 2126 5342 [725]

538 5346 890 5403 δεικνύουσαν
907 5347 1076 5418 χωρὶς
1098 5349 1400 5420 ἱκετηρίας,
1419 5352 1587 5422 χωρὶς
1622 5352 2044 5424 παρακλήσεως,
2067 5354 2128 5405 ού

540 5429 882 5504 προσελεύσῃ
907 5431 1003 5486 καὶ
1027 5430 1173 5505 λήψῃ
1192 5433 1254 5486 τὸ
1278 5434 1593 5505 φάρμακον,
1631 5437 1752 5490 οὐδὲ
1789 5435 2000 5509 ἀκούσῃ
2032 5436 2131 5507 τῆς

543 5514 783 5586 ἱστορίας
816 5515 935 5585 μετ’
974 5515 1259 5587 ἀκριϐείας
1300 5519 1553 5590 duasne;
1587 5518 1693 5575 Καὶ
1734 5522 1880 5586 τίνος
1923 5521 2130 5594 δυνήσῃ

538 5597 672 5654 ποτὲ
709 5601 988 5672 ἐπιτυχεῖν
1011 5601 1252 5671 ἀγαθοῦ;
1284 5603 1427 5658 Ἀλλ’
1456 5605 1634 5676 ἕτεροι
1656 5605 1755 5677 μὲν
1786 5607 1880 5660 καὶ
1914 5605 2127 5678 πελάγη

603 5825 629 5854 ι
653 5825 787 5876 Colb.
814 5841 940 5878 unus
961 5835 1011 5876 el
1039 5829 1164 5891 Reg.
1184 5829 1442 5892 ἀνθρώπων
1463 5831 1562 5893 μέν.

1252 396 1312 456 S.
1349 394 1639 454 JOANN'S
1669 391 2165 453 CHRYSOSTOIl
2206 392 2533 456 ARCHIEP.
2570 394 3129 456 CONSTAN‘I'INOP.

3722 393 3821 451 65|

2232 514 2481 574 διέϐαλον
2515 519 2544 560 δ
2581 518 2770 591 μακρά
2795 516 3079 584 πολλάκις,
3134 516 3233 572 καὶ
3284 515 3486 589 πολλὴν
3513 515 3826 588 ἀποδημίαν

2230 609 2676 673 ὲστείλαντο.καὶ
2689 611 2954 684 χρήματα
2973 611 3349 683 έδαπάνησαν,
3392 610 3489 664 καὶ
3521 609 3691 664 πόνον
3725 612 3826 664 ὕπ-

2231 698 2475 770 έμειναν,
2496 701 2580 754 ἵνα
2609 700 2704 754 τὸν
2731 700 2826 754 ἐπὶ
2849 703 2951 771 τῆς
2981 699 3268 772 ἀλλοτρίας
3301 699 3611 772 μηνυθέντα
3644 699 3826 772 ίατρδν

2233 791 2408 856 ίδωσι,
2446 792 2541 848 καὶ
2571 791 2749 847 ταῦτα
2771 792 2834 846 οὐ
2876 792 3085 864 σφόδρα
3118 791 3473 863 θαρροῦντες,
3499 791 3585 845 δτι
3606 791 3826 855 πάντως

2232 881 2712 953 ἀπαλλαγήσονται
2732 881 2825 936 τοῦ
2849 885 3157 953 νοσήματος
3181 899 3196 914 ο
3249 882 3315 935 σὺ
3344 881 3420 949 δὲ,
3453 875 3501 936 ὦ
3529 881 3731 952 γύναι,
3764 883 3825 936 οὐ

2231 968 2543 1024 διαπόντιον
2563 971 2875 1044 ἀποδημίαν
2904 969 3222 1025 στέλλεσθαι
3264 969 3558 1041 μέλλουσα,
3586 970 3714 1024 οὐδὲ
3746 971 3827 1035 είς

2231 1059 2333 1131 τὴν
2354 1063 2653 1134 ὑπερορίαν
2677 1062 3104 1133 μετοικίζεσθαι,
3120 1061 3243 1116 οὐδὲ
3263 1060 3564 1115 πόνοντινά
3587 1061 3828 1114 τοιοῦτον

2233 1155 2554 1226 ὑπομένειν·
2589 1155 2684 1207 καὶ
2713 1154 2768 1208 τί
2818 1153 2962 1223 λέγω
2992 1156 3094 1224 τὴν
3123 1154 3460 1227 ὑπερορίαν;
3510 1153 3635 1207 οὐδὲ
3665 1152 3830 1206 αὑτὸν

2236 1247 2334 1319 μὲν
2346 1241 2442 1300 οὖν
2455 1246 2550 1300 τὸν
2563 1247 2718 1300 οὐδὸν
2733 1247 3152 1318 ἀνατκαζομένη
3168 1248 3268 1312 τῆς
3286 1249 3464 1312 οίκίας
3497 1247 3829 1319 ὑπερϐῆναι,

2233 1336 2370 1389 ἀλλά
2391 1337 2485 1390 καὶ
2507 1338 2564 1391 έν
2596 1335 2746 1407 αὐτῷ
2773 1336 3047 1408 δυναμένη
3078 1335 3156 1408 τῷ
3187 1336 3416 1408 θάλαμῳ
3466 1336 3832 1406 συγγενέσθαι

2231 1428 2312 1499 τῷ
2348 1427 2540 1499 ίατρῷ,
2564 1428 2659 1481 καὶ
2686 1428 2856 1499 χωρὶς
2884 1428 3105 1498 μεσίτου
3134 1427 3280 1491 τινὸς
3302 1427 3452 1498 αὐτῷ
3476 1427 3832 1500 διαλεχθῆναι

2234 1516 2364 1585 ’περὶ⁹
2393 1516 2612 1570 πάντων
2634 1509 2708 1569 ὧν
2728 1515 2795 1568 ἂν
2810 1514 3008 1588 ἐθέλῃς
3031 1517 3200 1581 (Θεὸς
3217 1515 3348 1586 γὰρ,
3372 1516 3558 1586 φησὶν,
3584 1514 3835 1586 ἐγγίων

2230 1602 2345 1674 ἐγώ
2370 1606 2518 1673 ειμι,
2567 1602 2666 1657 καί
2696 1604 2768 1657 οὐ
2816 1601 2963 1669 Θεὸς
3009 1602 3378 1675 πόρρωθεν),
3425 1603 3702 1675 ἀναϐάλλῃ
3737 1605 3835 1657 καὶ

2232 1697 2447 1761 ὀκνεῖςς
2484 1697 2596 1751 Καὶ
2631 1695 2792 1750 ποίαν
2819 1695 2962 1761 ἕξεις
2988 1695 3324 1764 ἀπολογίαν;
3367 1696 3516 1761 τίνος
3540 1696 3833 1769 ἀπολαύσῃ

2235 1784 2589 1856 συγγνώμης,
2619 1784 2747 1839 ὅταν
2773 1786 2867 1839 καὶ
2895 1783 3119 1838 εὕκολον
3139 1785 3236 1837 καὶ
3266 1784 3602 1855 πανταχόθεν
3635 1786 3834 1857 ῥᾳδίαν

2232 1871 2342 1927 τῶν
2368 1873 2736 1944 ἐπικειμένων
2763 1874 2953 1928 κακῶν
2979 1873 3307 1946 ὼταλλαγὴν
3327 1874 3510 1944 εὑρεῖν
3530 1874 3830 1946 δυναμένη.

2236 1960 2506 2034 ρᾳθυμῇς,
2528 1961 2624 2015 καὶ
2650 1961 2751 2032 τὴν
2779 1962 2982 2033 σαυτῆς
3003 1961 3283 2033 σωτηρίαν
3305 1961 3604 2034 προδιδιῖις;
3632 1963 3707 2016 Οὐ
3723 1962 3835 2035 γάρ

2234 2052 2299 2124 δή
2335 2052 2496 2123 μόνον
2537 2052 2824 2123 στείρωσιν
2854 2055 2884 2106 ό
2928 2041 3112 2124 ίατρὺς
3153 2046 3310 2117 οὗτος
3333 2095 3348 2119 ,
3405 2053 3543 2108 ἀλλά
3596 2054 3692 2108 καὶ
3722 2057 3836 2109 πᾶν

2235 2139 2414 2194 ὁτιοῦν
2445 2140 2658 2211 νόσημα
2703 2139 2800 2194 καὶ
2835 2139 3018 2211 ψυχῆς
3056 2141 3151 2194 καὶ
3192 2139 3444 2212 σώματος
3488 2140 3836 2216 θεραπεῦσαι

2234 2229 2473 2294 δύναται,
2509 2229 2742 2300 θελήσας
2768 2231 2948 2300 μόνον.
2983 2230 3094 2284 Καὶ
3119 2230 3181 2283 ού
3208 2230 3372 2284 τοῦτο
3402 2232 3565 2303 μόνον
3605 2234 3726 2287 ἐστὶ
3770 2232 3835 2286 τὸ

2234 2315 2572 2387 θαυμαστὸν,
2595 2317 2677 2370 δτι
2704 2316 2875 2388 χωρὶς
2904 2317 3093 2380 πόνου,
3121 2318 3217 2372 καὶ
3251 2318 3585 2392 ἀποδημίας,
3618 2321 3716 2375 καὶ
3739 2321 3835 2376 δα-

2234 2402 2434 2476 πάνης,
2462 2403 2557 2458 καὶ
2577 2404 2836 2476 μεσιτῶν,
2862 2404 2978 2460 ἀλλ’
3000 2407 3084 2461 δτι
3114 2408 3209 2461 καὶ
3231 2407 3401 2480 χωρὶς
3421 2404 3720 2479 ἀλγηδόνος
3735 2409 3838 2482 τὴν

2239 2495 2483 2566 ἰατρείαν
2513 2499 2766 2552 ποιεῖται.
2805 2498 2882 2552 οὐ
2910 2498 3022 2570 γὰρ
3052 2498 3260 2570 σιδήρῳ
3304 2501 3399 2553 καὶ
3433 2501 3570 2568 πυρὶ
3599 2503 3738 2574 πρὸς
3773 2504 3838 2557 τὸ

2235 2583 2405 2648 πάθος
2434 2584 2670 2648 ἵσταται,
2702 2583 3021 2656 καθάπεροῖ
3049 2585 3159 2639 τῶν
3194 2587 3394 2658 ίατρῶν
3425 2589 3615 2652 παῖδες
3648 2591 3836 2644 ποιοῦ-

2237 2690 2350 2728 σιν*
2382 2674 2498 2728 ἀλλ’
2527 2676 2690 2745 ἀρκεῖ
2712 2673 2904 2728 νεῦσαι
2929 2674 3112 2745 μόνον.
3148 2675 3246 2730 καὶ
3283 2676 3434 2730 πᾶσα
3459 2677 3560 2748 μὲν
3589 2678 3829 2749 ἀθυμία,

2233 2767 2384 2818 πᾶσα
2416 2765 2473 2818 δὲ
2507 2765 2688 2836 ὀδύνη,
2719 2766 2818 2820 καὶ
2852 2766 3027 2836 πάθος
3060 2765 3208 2820 ἅπαν
3242 2767 3571 2839 δραπετεύει
3601 2771 3700 2824 καὶ
3728 2787 3831 2840 φυ-

2233 2856 2540 2925 γαδεύεται.

2304 2968 2370 3040 β’.
2400 2969 2492 3040 Μὴ
2517 2969 2697 3024 τοίνυν
2727 2969 3048 3041 ἀμελῶμεν.
3077 2970 3213 3042 μηδὲ
3235 2969 3696 3042 ἀναϐαλλὼμεθα,
3726 2973 3832 3027 κᾶν

2232 3060 2464 3131 πένητες
2497 3054 2650 3131 ὦμεν
2673 3061 2768 3114 καὶ
2801 3062 2880 3125 είς
2927 3062 3166 3132 ἐσχάτην
3211 3063 3712 3128 καταπεπτωκότες
3743 3064 3832 3117 εν-

2231 3153 2400 3208 δειαν.
2437 3150 2571 3207 Οὐδὲ
2595 3152 2705 3224 γὰρ
2727 3153 2992 3224 χρήματά
3012 3153 3133 3206 ἐστι
3155 3152 3506 3220 καταϐαλεῖν,
3530 3156 3620 3209 ῖνα
3639 3157 3833 3210 πενίαν

2233 3245 2688 3318 προϐαλλώμεθα.
2746 3247 2821 3299 Οὐ
2877 3247 2985 3318 γὰρ
3025 3246 3296 3318 ἀργύριον
3349 3242 3507 3312 οὗτος
3566 3250 3596 3302 ό
3649 3251 3834 3320 ίατρὺς

2232 3343 2457 3395 ἀπαιτεῖ
2499 3342 2594 3395 τὸν
2645 3341 2873 3414 μισθὸν,
2927 3339 3064 3396 ἀλλά
3093 3340 3336 3412 δάκρυα,
3381 3342 3477 3397 καὶ
3509 3342 3701 3414 εὐχὰς,
3738 3344 3836 3397 καὶ

2232 3432 2435 3490 πίστιν.
2499 3433 2620 3488 Κᾶν
2669 3434 2842 3488 ταῦτα
2877 3433 3018 3504 ἔχων
3052 3436 3192 3508 πρὸς
3241 3435 3405 3489 αὑτὸν
3451 3434 3648 3506 ἔλθῃς,
3685 3435 3836 3508 λήψῃ

2231 3526 2472 3591 πάντως,
2505 3527 2643 3597 ὅπερ
2692 3526 2758 3580 ἂν
2789 3529 3041 3599 αἰτήσῃς,
3089 3529 3186 3581 καὶ
3219 3527 3672 3601 ἀπελεύσῃμετά
3707 3528 3836 3582 πολ-

2231 3618 2331 3686 λῆς
2366 3620 2466 3689 τῆς
2493 3619 2855 3690 εὐφροσύνης.
2886 3619 2996 3672 Καὶ
3019 3618 3180 3674 τοῦτο
3217 3622 3319 3691 μὲν
3351 3619 3688 3690 πολλαχόθεν
3749 3621 3836 3686 ἐξ·

2233 3727 2351 3764 εστι
2380 3711 2594 3782 μαθεῖν,
2612 3711 2712 3783 οὐχ
2733 3713 2936 3784 ⁴ἣκιστα
2952 3712 3009 3766 δὲ
3030 3713 3126 3767 καὶ
3152 3712 3263 3766 ἀπὸ
3291 3712 3392 3782 τῆς
3416 3713 3680 3781 γυναικὸς
3703 3712 3835 3767 ταύ-

2230 3820 2362 3875 της’
2405 3804 2466 3858 ού
2505 3804 2616 3874 γὰρ
2646 3805 2873 3876 χρυσίον
2923 3805 3020 3858 καὶ
3075 3805 3345 3877 ἀργύριον
3403 3804 3833 3872 καταϐαλοῦσα,

2231 3897 2345 3952 ἀλλ’
2376 3897 2543 3968 εὐχὴν
2569 3897 2667 3949 καὶ
2720 3896 2906 3950 πίστιν
2948 3897 3045 3951 καὶ
3088 3897 3323 3968 δάκρυα,
3355 3899 3491 3970 ὅπερ
3525 3899 3701 3970 ᾔτησε
3741 3900 3839 3955 λα·

2233 3983 2427 4048 ϐοῦσα,
2455 3984 2628 4049 οῦτως
2657 3985 2891 4056 ἀπῆλθε.
2921 3985 3014 4056 Μὴ
3048 3987 3231 4040 τοίνυν
3259 3985 3572 4060 νομίζωμεν
3599 3989 3839 4062 ἀκερδὲς

2231 4078 2365 4147 ἡμῖν
2398 4072 2539 4130 εἶναι
2574 4077 2635 4130 τὸ
2664 4077 2912 4150 διήγημα
2933 4095 2945 4110 ·
2978 4076 3177 4133 Ταῦτα
3203 4080 3314 4150 γὰρ
3360 4080 3592 4151 ἐγράφη
3612 4123 3627 4146 ,
3675 4083 3835 4153 φησι,

2231 4169 2382 4238 πρὸς
2406 4169 2736 4223 νουθεσίαν
2774 4171 2965 4239 ἡμῶν,
2999 4173 3087 4237 είς
3113 4171 3224 4237 οὓς
3258 4173 3330 4227 τὰ
3357 4172 3502 4241 τέλη
3547 4175 3669 4228 τῶν
3699 4175 3840 4229 αἰώ-

2229 4279 2354 4314 νων
2378 4261 2762 4330 κατήντησεν
2780 4279 2794 4293 ο
2828 4261 2966 4316 ἀλλά
2985 4262 3378 4335 προσέλθωμεν
3405 4266 3564 4338 αὐτῇ.
3606 4269 3703 4322 καὶ
3724 4269 3836 4340 μά-

2231 4351 2435 4421 θωμεν,
2471 4351 2587 4414 πῶς
2612 4351 2777 4423 ἐλύθη
2801 4352 2863 4406 τὸ
2896 4353 3132 4424 νόσημα,
3151 4355 3247 4407 καὶ
3271 4355 3324 4408 τί
3351 4357 3491 4426 μετά
3510 4357 3572 4410 τὸ
3601 4357 3838 4430 λυθῆναι

2229 4444 2393 4498 πάλιν
2432 4443 2682 4516 ἐποίησε,
2716 4447 2812 4499 καὶ
2852 4445 2972 4510 πῶς
3005 4447 3279 4519 ἐχρήσατο
3314 4448 3394 4521 τῷ
3426 4449 3633 4504 δοθέντι
3675 4451 3840 4528 δώρῳ

2231 4536 2383 4609 παρά
2412 4537 2506 4591 τοῦ
2534 4537 2692 4593 Θεοῦ.
2752 4539 3047 4604 Ἐκάθισε.
3091 4540 3246 4611 φησὶ,
3300 4542 3401 4596 καί
3423 4541 3693 4610 έθνμασε
3727 4545 3840 4600 τὸν

2230 4625 2536 4695 Σαμουήνῖ.

2304 4758 2446 4831 Ὅρα
2475 4760 2592 4822 πῶς
2645 4759 2792 4831 ἐώρα
2836 4763 2899 4814 τὸ
2931 4762 3143 4816 παιδίον
3183 4766 3361 4819 έκεῖνο
3399 4765 3582 4819 λοιπὸν
3611 4766 3712 4836 οὐχ
3757 4769 3836 4830 ὡς

2231 4850 2444 4904 παιδίον
2481 4852 2663 4922 μόνον,
2697 4853 2834 4907 ἀλλά
2884 4855 2976 4907 καὶ
3021 4854 3096 4917 ὼς
3132 4855 3420 4928 ἀνάθημα·
3473 4857 3568 4910 καὶ
3606 4856 3836 4911 διπλοῦν

2230 4943 2370 5014 αὐτῇ
2404 4943 2466 4996 τὸ
2496 4944 2716 5017 φίλτρον
2746 4945 2975 5014 ἐγίνετο,
3010 4948 3070 5001 τὸ
3106 4949 3206 5018 μὲν
3233 4949 3343 5003 ἀπὸ
3371 4949 3468 5020 τῆς
3501 4949 3741 5019 φύσεως,
3770 4951 3837 5005 τὸ

2229 5037 2286 5090 δὲ
2316 5037 2425 5091 ἀπὸ
2447 5035 2602 5110 [724]
2633 5038 2735 5110 τῆς
2765 5039 3008 5111 χάριτος.
3071 5041 3226 5110 Ἐμοὶ
3256 5041 3314 5094 δὲ
3342 5041 3490 5095 δοκεῖ
3532 5042 3628 5095 καὶ
3659 5042 3836 5096 αίδεῖ-

2233 5129 2356 5184 σθαι
2389 5130 2451 5184 τὸ
2482 5131 2699 5185 παιδίον
2727 5131 2789 5185 τὸ
2817 5133 3016 5202 ἑαυτῆς
3037 5148 3050 5161 ο
3080 5133 3177 5187 καὶ
3200 5133 3444 5200 εἰκότως.
3470 5135 3534 5187 Et
3561 5135 3674 5206 γὰρ
3701 5137 3836 5204 φιά-

2229 5219 2329 5284 λας
2349 5222 2443 5275 καὶ
2472 5222 2708 5292 ποτήρια
2737 5225 2919 5293 χρυσᾶ
2940 5223 3224 5294 μέλλοντές
3243 5241 3387 5289 τινες
3417 5225 3735 5280 ἀνατιθέναι
3753 5225 3836 5298 τῷ

2230 5313 2367 5386 Θεῷ,
2403 5315 2624 5370 ἐπειδὰν
2652 5317 3166 5373 κατασκευασθέντα
3188 5319 3418 5385 λάϐωσι,
3453 5320 3548 5374 καὶ
3585 5323 3692 5390 πρὸ
3730 5321 3834 5392 τῆς

2231 5411 2442 5481 ἡμέρας
2469 5409 2783 5463 ἀποθῶνται
2827 5412 2984 5476 οἴκοι,
3009 5412 3108 5482 οὐχ
3127 5412 3203 5476 ώς
3236 5412 3394 5466 κοινά
3443 5412 3630 5467 λοιπὸν
3657 5415 3832 5486 δρῶσι

2234 5503 2423 5575 σκεύη,
2460 5501 2575 5555 ἀλλ’
2601 5502 2677 5566 ὼς
2705 5503 3050 5575 ἀναθήματα,
3075 5506 3170 5558 καὶ
3191 5505 3314 5558 οὐδὲ
3346 5504 3619 5576 τολμῶσιν
3639 5507 3832 5572 ἀπλῶς

2232 5597 2325 5650 καὶ
2353 5598 2477 5668 είκῆ
2506 5594 2714 5649 τούτων
2743 5595 3007 5667 ἅψασθαι,
3046 5594 3300 5670 καθάπερ
3339 5598 3433 5649 καὶ
3459 5596 3568 5652 τῶν
3599 5598 3830 5653 λοιπιῖιν·

2295 5827 2324 5869 δ
2345 5829 2426 5879 Sic
2445 5829 2729 5879 restitutum
2750 5840 2780 5879 ε
2800 5827 2974 5880 Morel.
2996 5834 3051 5880 el
3070 5827 3250 5889 Savil.;
3277 5827 3444 5878 κουυ.
3474 5826 3693 5878 διέλαϐον
3741 5826 3812 5877 Εο
