  <div class='ocr_page' id='page_1' title='image "/cluster/home/n/w/nwhite01/storage/ocr_20150623/54/ien.35556001660810/286.png"; bbox 0 0 4066 6422; ppageno 0'>
   <div class='ocr_carea' id='block_1_1' title="bbox 249 435 356 493">
    <p class='ocr_par' dir='ltr' id='par_1_1' title="bbox 249 435 356 493">
     <span class='ocr_line' id='line_1_1' title="bbox 249 435 356 493; baseline -0.047 0"><span class='ocrx_word' id='word_1_1' title='bbox 249 435 356 493; x_wconf 62' lang='grc' dir='ltr'><strong>οδες</strong></span> 
     </span>
    </p>
   </div>
   <div class='ocr_carea' id='block_1_2' title="bbox 264 531 1867 615">
    <p class='ocr_par' dir='ltr' id='par_1_2' title="bbox 264 531 1867 615">
     <span class='ocr_line' id='line_1_2' title="bbox 264 531 1867 615; baseline -0.011 -16"><span class='ocrx_word' id='word_1_2' title='bbox 264 546 512 599; x_wconf 59' lang='lat' dir='ltr'><strong>produxit</strong></span> <span class='ocrx_word' id='word_1_3' title='bbox 547 541 955 615; x_wconf 87' lang='lat' dir='ltr'><strong>tempestivum,</strong></span> <span class='ocrx_word' id='word_1_4' title='bbox 983 550 1232 593; x_wconf 82' lang='lat' dir='ltr'><strong>sanctum</strong></span> <span class='ocrx_word' id='word_1_5' title='bbox 1261 536 1506 589; x_wconf 74' lang='lat' dir='ltr'><strong>videlicet</strong></span> <span class='ocrx_word' id='word_1_6' title='bbox 1539 531 1867 588; x_wconf 88' lang='lat' dir='ltr'><strong>Sanmclem.</strong></span> 
     </span>
    </p>
   </div>
   <div class='ocr_carea' id='block_1_3' title="bbox 294 625 1874 704">
    <p class='ocr_par' dir='ltr' id='par_1_3' title="bbox 294 625 1874 704">
     <span class='ocr_line' id='line_1_3' title="bbox 294 625 1874 704; baseline -0.011 -14"><span class='ocrx_word' id='word_1_7' title='bbox 294 636 439 691; x_wconf 63' lang='lat' dir='ltr'><strong>iolite</strong></span> <span class='ocrx_word' id='word_1_8' title='bbox 465 635 625 704; x_wconf 87' lang='lat' dir='ltr'><strong>igitur</strong></span> <span class='ocrx_word' id='word_1_9' title='bbox 652 633 878 685; x_wconf 91' lang='lat' dir='ltr'><strong>moleste</strong></span> <span class='ocrx_word' id='word_1_10' title='bbox 909 628 1050 682; x_wconf 88' lang='lat' dir='ltr'><strong>ferre</strong></span> <span class='ocrx_word' id='word_1_11' title='bbox 1071 670 1086 691; x_wconf 95' lang='lat'><strong>,</strong></span> <span class='ocrx_word' id='word_1_12' title='bbox 1117 629 1160 681; x_wconf 91' lang='lat' dir='ltr'><strong>si</strong></span> <span class='ocrx_word' id='word_1_13' title='bbox 1207 640 1391 680; x_wconf 65' lang='lat' dir='ltr'><strong>rursus</strong></span> <span class='ocrx_word' id='word_1_14' title='bbox 1423 625 1562 678; x_wconf 84' lang='lat' dir='ltr'><strong>idem</strong></span> <span class='ocrx_word' id='word_1_15' title='bbox 1591 636 1874 691; x_wconf 87' lang='lat' dir='ltr'><strong>argumen-</strong></span> 
     </span>
    </p>
   </div>
   <div class='ocr_carea' id='block_1_4' title="bbox 261 712 1872 789">
    <p class='ocr_par' dir='ltr' id='par_1_4' title="bbox 261 712 1872 789">
     <span class='ocr_line' id='line_1_4' title="bbox 261 712 1872 789; baseline -0.01 -10"><span class='ocrx_word' id='word_1_16' title='bbox 261 736 374 779; x_wconf 97' lang='lat' dir='ltr'><strong>tum</strong></span> <span class='ocrx_word' id='word_1_17' title='bbox 403 733 634 778; x_wconf 89' lang='lat' dir='ltr'><strong>tractare</strong></span> <span class='ocrx_word' id='word_1_18' title='bbox 663 721 968 789; x_wconf 82' lang='lat' dir='ltr'><strong>incipimus.</strong></span> <span class='ocrx_word' id='word_1_19' title='bbox 997 719 1182 785; x_wconf 80' lang='lat' dir='ltr'><strong>Neque</strong></span> <span class='ocrx_word' id='word_1_20' title='bbox 1209 719 1351 771; x_wconf 88' lang='lat' dir='ltr'><strong>enim</strong></span> <span class='ocrx_word' id='word_1_21' title='bbox 1382 714 1570 768; x_wconf 82' lang='lat' dir='ltr'><strong>eadem</strong></span> <span class='ocrx_word' id='word_1_22' title='bbox 1608 712 1872 773; x_wconf 88' lang='lat' dir='ltr'><strong>dicemus,</strong></span> 
     </span>
    </p>
   </div>
   <div class='ocr_carea' id='block_1_5' title="bbox 261 806 1872 882">
    <p class='ocr_par' dir='ltr' id='par_1_5' title="bbox 261 806 1872 882">
     <span class='ocr_line' id='line_1_5' title="bbox 261 806 1872 882; baseline -0.009 -14"><span class='ocrx_word' id='word_1_23' title='bbox 261 815 356 868; x_wconf 85' lang='lat' dir='ltr'><strong>sed</strong></span> <span class='ocrx_word' id='word_1_24' title='bbox 377 828 511 868; x_wconf 89' lang='lat' dir='ltr'><strong>nova</strong></span> <span class='ocrx_word' id='word_1_25' title='bbox 537 811 781 882; x_wconf 50' lang='lat' dir='ltr'><strong>quaedam</strong></span> <span class='ocrx_word' id='word_1_26' title='bbox 804 827 866 866; x_wconf 85' lang='lat' dir='ltr'><strong>ac</strong></span> <span class='ocrx_word' id='word_1_27' title='bbox 889 810 1144 865; x_wconf 86' lang='lat' dir='ltr'><strong>recentia.</strong></span> <span class='ocrx_word' id='word_1_28' title='bbox 1172 807 1304 862; x_wconf 84' lang='lat' dir='ltr'><strong>Nam</strong></span> <span class='ocrx_word' id='word_1_29' title='bbox 1332 809 1384 860; x_wconf 91' lang='lat' dir='ltr'><strong>in</strong></span> <span class='ocrx_word' id='word_1_30' title='bbox 1411 806 1657 860; x_wconf 86' lang='lat' dir='ltr'><strong>convivio</strong></span> <span class='ocrx_word' id='word_1_31' title='bbox 1675 818 1872 872; x_wconf 89' lang='lat' dir='ltr'><strong>corpo-</strong></span> 
     </span>
    </p>
   </div>
   <div class='ocr_carea' id='block_1_6' title="bbox 259 900 1873 966">
    <p class='ocr_par' dir='ltr' id='par_1_6' title="bbox 259 900 1873 966">
     <span class='ocr_line' id='line_1_6' title="bbox 259 900 1873 966; baseline -0.007 -6"><span class='ocrx_word' id='word_1_32' title='bbox 259 907 378 966; x_wconf 79' lang='lat' dir='ltr'><strong>rali,</strong></span> <span class='ocrx_word' id='word_1_33' title='bbox 409 921 472 959; x_wconf 89' lang='lat' dir='ltr'><strong>cx</strong></span> <span class='ocrx_word' id='word_1_34' title='bbox 492 904 681 958; x_wconf 87' lang='lat' dir='ltr'><strong>eodem</strong></span> <span class='ocrx_word' id='word_1_35' title='bbox 702 902 928 957; x_wconf 87' lang='lat' dir='ltr'><strong>obsonio</strong></span> <span class='ocrx_word' id='word_1_36' title='bbox 951 901 1113 954; x_wconf 92' lang='lat' dir='ltr'><strong>multa</strong></span> <span class='ocrx_word' id='word_1_37' title='bbox 1139 900 1440 953; x_wconf 86' lang='lat' dir='ltr'><strong>eduliorum</strong></span> <span class='ocrx_word' id='word_1_38' title='bbox 1471 912 1666 966; x_wconf 82' lang='lat' dir='ltr'><strong>genera</strong></span> <span class='ocrx_word' id='word_1_39' title='bbox 1690 905 1873 965; x_wconf 83' lang='lat' dir='ltr'><strong>posset</strong></span> 
     </span>
    </p>
   </div>
   <div class='ocr_carea' id='block_1_7' title="bbox 259 987 1870 1066">
    <p class='ocr_par' dir='ltr' id='par_1_7' title="bbox 259 987 1870 1066">
     <span class='ocr_line' id='line_1_7' title="bbox 259 987 1870 1066; baseline -0.006 -17"><span class='ocrx_word' id='word_1_40' title='bbox 259 998 455 1066; x_wconf 76' lang='lat' dir='ltr'><strong>aliquis</strong></span> <span class='ocrx_word' id='word_1_41' title='bbox 468 994 756 1050; x_wconf 80' lang='lat' dir='ltr'><strong>conﬁcere.</strong></span> <span class='ocrx_word' id='word_1_42' title='bbox 788 993 927 1060; x_wconf 84' lang='lat' dir='ltr'><strong>Quin</strong></span> <span class='ocrx_word' id='word_1_43' title='bbox 954 1001 1009 1046; x_wconf 88' lang='lat' dir='ltr'><strong>et</strong></span> <span class='ocrx_word' id='word_1_44' title='bbox 1035 992 1286 1045; x_wconf 87' lang='lat' dir='ltr'><strong>auriﬁces</strong></span> <span class='ocrx_word' id='word_1_45' title='bbox 1317 989 1560 1049; x_wconf 82' lang='lat' dir='ltr'><strong>videmus</strong></span> <span class='ocrx_word' id='word_1_46' title='bbox 1585 1003 1650 1042; x_wconf 90' lang='lat' dir='ltr'><strong>ex</strong></span> <span class='ocrx_word' id='word_1_47' title='bbox 1679 987 1870 1042; x_wconf 87' lang='lat' dir='ltr'><strong>eadem</strong></span> 
     </span>
    </p>
   </div>
   <div class='ocr_carea' id='block_1_8' title="bbox 259 1077 1873 1151">
    <p class='ocr_par' dir='ltr' id='par_1_8' title="bbox 259 1077 1873 1151">
     <span class='ocr_line' id='line_1_8' title="bbox 259 1077 1873 1151; baseline -0.007 -10"><span class='ocrx_word' id='word_1_48' title='bbox 259 1087 376 1141; x_wconf 82' lang='lat' dir='ltr'><strong>auri</strong></span> <span class='ocrx_word' id='word_1_49' title='bbox 423 1100 596 1141; x_wconf 81' lang='lat' dir='ltr'><strong>massa</strong></span> <span class='ocrx_word' id='word_1_50' title='bbox 623 1096 676 1140; x_wconf 90' lang='lat' dir='ltr'><strong>et</strong></span> <span class='ocrx_word' id='word_1_51' title='bbox 701 1084 960 1147; x_wconf 87' lang='lat' dir='ltr'><strong>armillas,</strong></span> <span class='ocrx_word' id='word_1_52' title='bbox 988 1093 1041 1136; x_wconf 92' lang='lat' dir='ltr'><strong>et</strong></span> <span class='ocrx_word' id='word_1_53' title='bbox 1091 1091 1343 1151; x_wconf 82' lang='lat' dir='ltr'><strong>torques,</strong></span> <span class='ocrx_word' id='word_1_54' title='bbox 1394 1078 1632 1146; x_wconf 87' lang='lat' dir='ltr'><strong>aliasque</strong></span> <span class='ocrx_word' id='word_1_55' title='bbox 1676 1077 1873 1130; x_wconf 89' lang='lat' dir='ltr'><strong>multas</strong></span> 
     </span>
    </p>
   </div>
   <div class='ocr_carea' id='block_1_9' title="bbox 260 1169 1871 1245">
    <p class='ocr_par' dir='ltr' id='par_1_9' title="bbox 260 1169 1871 1245">
     <span class='ocr_line' id='line_1_9' title="bbox 260 1169 1871 1245; baseline -0.008 -12"><span class='ocrx_word' id='word_1_56' title='bbox 260 1193 349 1233; x_wconf 84' lang='lat' dir='ltr'><strong>res</strong></span> <span class='ocrx_word' id='word_1_57' title='bbox 378 1192 570 1232; x_wconf 90' lang='lat' dir='ltr'><strong>aureas</strong></span> <span class='ocrx_word' id='word_1_58' title='bbox 599 1175 822 1245; x_wconf 88' lang='lat' dir='ltr'><strong>ﬁngere.</strong></span> <span class='ocrx_word' id='word_1_59' title='bbox 853 1174 1187 1244; x_wconf 85' lang='lat' dir='ltr'><strong>Quamquam</strong></span> <span class='ocrx_word' id='word_1_60' title='bbox 1219 1173 1361 1226; x_wconf 91' lang='lat' dir='ltr'><strong>enim</strong></span> <span class='ocrx_word' id='word_1_61' title='bbox 1393 1169 1637 1240; x_wconf 84' lang='lat' dir='ltr'><strong>ejusdem</strong></span> <span class='ocrx_word' id='word_1_62' title='bbox 1656 1171 1871 1239; x_wconf 76' lang='lat' dir='ltr'><strong>generis</strong></span> 
     </span>
    </p>
   </div>
   <div class='ocr_carea' id='block_1_10' title="bbox 259 1259 1872 1328">
    <p class='ocr_par' dir='ltr' id='par_1_10' title="bbox 259 1259 1872 1328">
     <span class='ocr_line' id='line_1_10' title="bbox 259 1259 1872 1328; baseline -0.007 -4"><span class='ocrx_word' id='word_1_63' title='bbox 259 1279 342 1324; x_wconf 87' lang='lat' dir='ltr'><strong>est</strong></span> <span class='ocrx_word' id='word_1_64' title='bbox 371 1269 614 1328; x_wconf 87' lang='lat' dir='ltr'><strong>materia,</strong></span> <span class='ocrx_word' id='word_1_65' title='bbox 647 1282 736 1320; x_wconf 87' lang='lat' dir='ltr'><strong>ars</strong></span> <span class='ocrx_word' id='word_1_66' title='bbox 759 1277 933 1319; x_wconf 86' lang='lat' dir='ltr'><strong>tamen</strong></span> <span class='ocrx_word' id='word_1_67' title='bbox 961 1275 1045 1318; x_wconf 91' lang='lat' dir='ltr'><strong>est</strong></span> <span class='ocrx_word' id='word_1_68' title='bbox 1093 1265 1236 1317; x_wconf 84' lang='lat' dir='ltr'><strong>varia</strong></span> <span class='ocrx_word' id='word_1_69' title='bbox 1260 1304 1273 1327; x_wconf 90' lang='lat'><strong>,</strong></span> <span class='ocrx_word' id='word_1_70' title='bbox 1322 1277 1420 1315; x_wconf 92' lang='lat' dir='ltr'><strong>nec</strong></span> <span class='ocrx_word' id='word_1_71' title='bbox 1469 1269 1774 1315; x_wconf 83' lang='lat' dir='ltr'><strong>coarctatur</strong></span> <span class='ocrx_word' id='word_1_72' title='bbox 1800 1259 1872 1312; x_wconf 90' lang='lat' dir='ltr'><strong>si-</strong></span> 
     </span>
    </p>
   </div>
   <div class='ocr_carea' id='block_1_11' title="bbox 259 1351 1864 1422">
    <p class='ocr_par' dir='ltr' id='par_1_11' title="bbox 259 1351 1864 1422">
     <span class='ocr_line' id='line_1_11' title="bbox 259 1351 1864 1422; baseline -0.007 -9"><span class='ocrx_word' id='word_1_73' title='bbox 259 1356 560 1413; x_wconf 86' lang='lat' dir='ltr'><strong>militudine</strong></span> <span class='ocrx_word' id='word_1_74' title='bbox 607 1356 846 1409; x_wconf 75' lang='lat' dir='ltr'><strong>tnater&#39;un</strong></span> <span class='ocrx_word' id='word_1_75' title='bbox 873 1354 1129 1422; x_wconf 72' lang='lat' dir='ltr'><strong>subjecta:</strong></span> <span class='ocrx_word' id='word_1_76' title='bbox 1149 1394 1162 1413; x_wconf 91' lang='lat'><strong>,</strong></span> <span class='ocrx_word' id='word_1_77' title='bbox 1193 1351 1334 1422; x_wconf 88' lang='lat' dir='ltr'><strong>quod</strong></span> <span class='ocrx_word' id='word_1_78' title='bbox 1363 1353 1474 1420; x_wconf 87' lang='lat' dir='ltr'><strong>ipsa</strong></span> <span class='ocrx_word' id='word_1_79' title='bbox 1505 1351 1574 1404; x_wconf 89' lang='lat' dir='ltr'><strong>sit</strong></span> <span class='ocrx_word' id='word_1_80' title='bbox 1602 1351 1819 1419; x_wconf 87' lang='lat' dir='ltr'><strong>copiosa</strong></span> <span class='ocrx_word' id='word_1_81' title='bbox 1849 1391 1864 1416; x_wconf 95' lang='lat'><strong>,</strong></span> 
     </span>
    </p>
   </div>
   <div class='ocr_carea' id='block_1_12' title="bbox 260 1442 1868 1517">
    <p class='ocr_par' dir='ltr' id='par_1_12' title="bbox 260 1442 1868 1517">
     <span class='ocr_line' id='line_1_12' title="bbox 260 1442 1868 1517; baseline -0.002 -17"><span class='ocrx_word' id='word_1_82' title='bbox 260 1448 501 1517; x_wconf 86' lang='lat' dir='ltr'><strong>variique</strong></span> <span class='ocrx_word' id='word_1_83' title='bbox 551 1446 782 1502; x_wconf 89' lang='lat' dir='ltr'><strong>artiﬁcii.</strong></span> <span class='ocrx_word' id='word_1_84' title='bbox 841 1446 992 1513; x_wconf 83' lang='lat' dir='ltr'><strong>Quod</strong></span> <span class='ocrx_word' id='word_1_85' title='bbox 1025 1445 1066 1498; x_wconf 91' lang='lat' dir='ltr'><strong>si</strong></span> <span class='ocrx_word' id='word_1_86' title='bbox 1101 1460 1191 1499; x_wconf 90' lang='lat' dir='ltr'><strong>res</strong></span> <span class='ocrx_word' id='word_1_87' title='bbox 1222 1444 1374 1497; x_wconf 82' lang='lat' dir='ltr'><strong>istius</strong></span> <span class='ocrx_word' id='word_1_88' title='bbox 1401 1443 1522 1496; x_wconf 78' lang='lat' dir='ltr'><strong>vitae</strong></span> <span class='ocrx_word' id='word_1_89' title='bbox 1568 1451 1695 1496; x_wconf 89' lang='lat' dir='ltr'><strong>sunt</strong></span> <span class='ocrx_word' id='word_1_90' title='bbox 1725 1442 1868 1511; x_wconf 83' lang='lat' dir='ltr'><strong>ejus-</strong></span> 
     </span>
    </p>
   </div>
   <div class='ocr_carea' id='block_1_13' title="bbox 257 1532 1866 1606">
    <p class='ocr_par' dir='ltr' id='par_1_13' title="bbox 257 1532 1866 1606">
     <span class='ocr_line' id='line_1_13' title="bbox 257 1532 1866 1606; baseline -0.004 -13"><span class='ocrx_word' id='word_1_91' title='bbox 257 1539 442 1601; x_wconf 92' lang='lat' dir='ltr'><strong>modi,</strong></span> <span class='ocrx_word' id='word_1_92' title='bbox 478 1538 646 1591; x_wconf 88' lang='lat' dir='ltr'><strong>multo</strong></span> <span class='ocrx_word' id='word_1_93' title='bbox 701 1554 825 1591; x_wconf 85' lang='lat' dir='ltr'><strong>vero</strong></span> <span class='ocrx_word' id='word_1_94' title='bbox 856 1537 1026 1606; x_wconf 90' lang='lat' dir='ltr'><strong>magis</strong></span> <span class='ocrx_word' id='word_1_95' title='bbox 1058 1535 1289 1604; x_wconf 87' lang='lat' dir='ltr'><strong>Spiritus</strong></span> <span class='ocrx_word' id='word_1_96' title='bbox 1344 1540 1533 1602; x_wconf 86' lang='lat' dir='ltr'><strong>gratia.</strong></span> <span class='ocrx_word' id='word_1_97' title='bbox 1562 1532 1696 1586; x_wconf 88' lang='lat' dir='ltr'><strong>Nam</strong></span> <span class='ocrx_word' id='word_1_98' title='bbox 1725 1533 1866 1601; x_wconf 89' lang='lat' dir='ltr'><strong>quod</strong></span> 
     </span>
    </p>
   </div>
   <div class='ocr_carea' id='block_1_14' title="bbox 256 1626 1864 1701">
    <p class='ocr_par' dir='ltr' id='par_1_14' title="bbox 256 1626 1864 1701">
     <span class='ocr_line' id='line_1_14' title="bbox 256 1626 1864 1701; baseline -0.004 -19"><span class='ocrx_word' id='word_1_99' title='bbox 256 1632 442 1701; x_wconf 81' lang='lat' dir='ltr'><strong>gratia:</strong></span> <span class='ocrx_word' id='word_1_100' title='bbox 467 1645 650 1684; x_wconf 87' lang='lat' dir='ltr'><strong>mensa</strong></span> <span class='ocrx_word' id='word_1_101' title='bbox 682 1633 757 1685; x_wconf 90' lang='lat' dir='ltr'><strong>sit</strong></span> <span class='ocrx_word' id='word_1_102' title='bbox 782 1632 922 1683; x_wconf 85' lang='lat' dir='ltr'><strong>varia</strong></span> <span class='ocrx_word' id='word_1_103' title='bbox 941 1671 956 1694; x_wconf 93' lang='lat'><strong>,</strong></span> <span class='ocrx_word' id='word_1_104' title='bbox 989 1627 1353 1692; x_wconf 79' lang='lat' dir='ltr'><strong>multiformis,</strong></span> <span class='ocrx_word' id='word_1_105' title='bbox 1387 1635 1441 1680; x_wconf 89' lang='lat' dir='ltr'><strong>et</strong></span> <span class='ocrx_word' id='word_1_106' title='bbox 1470 1626 1710 1695; x_wconf 84' lang='lat' dir='ltr'><strong>cpipara,</strong></span> <span class='ocrx_word' id='word_1_107' title='bbox 1740 1626 1864 1679; x_wconf 82' lang='lat' dir='ltr'><strong>audi</strong></span> 
     </span>
    </p>
   </div>
   <div class='ocr_carea' id='block_1_15' title="bbox 257 1716 1869 1788">
    <p class='ocr_par' dir='ltr' id='par_1_15' title="bbox 257 1716 1869 1788">
     <span class='ocr_line' id='line_1_15' title="bbox 257 1716 1869 1788; baseline -0.005 -13"><span class='ocrx_word' id='word_1_108' title='bbox 257 1722 482 1776; x_wconf 83' lang='lat' dir='ltr'><strong>Paulum</strong></span> <span class='ocrx_word' id='word_1_109' title='bbox 527 1720 792 1775; x_wconf 88' lang='lat' dir='ltr'><strong>dicentem</strong></span> <span class='ocrx_word' id='word_1_110' title='bbox 843 1737 859 1772; x_wconf 70' lang='grc' dir='ltr'><strong>ε</strong></span> <span class='ocrx_word' id='word_1_111' title='bbox 902 1720 1003 1772; x_wconf 77' lang='lat' dir='ltr'><strong>Alii</strong></span> <span class='ocrx_word' id='word_1_112' title='bbox 1054 1718 1262 1788; x_wconf 78' lang='lat' dir='ltr'><strong>quidem</strong></span> <span class='ocrx_word' id='word_1_113' title='bbox 1297 1732 1390 1784; x_wconf 87' lang='lat' dir='ltr'><strong>per</strong></span> <span class='ocrx_word' id='word_1_114' title='bbox 1424 1716 1678 1786; x_wconf 82' lang='lat' dir='ltr'><strong>Spiritum</strong></span> <span class='ocrx_word' id='word_1_115' title='bbox 1718 1717 1869 1768; x_wconf 88' lang='lat' dir='ltr'><strong>datur</strong></span> 
     </span>
    </p>
   </div>
   <div class='ocr_carea' id='block_1_16' title="bbox 255 1807 1868 1882">
    <p class='ocr_par' dir='ltr' id='par_1_16' title="bbox 255 1807 1868 1882">
     <span class='ocr_line' id='line_1_16' title="bbox 255 1807 1868 1882; baseline -0.006 -14"><span class='ocrx_word' id='word_1_116' title='bbox 255 1829 422 1868; x_wconf 84' lang='lat' dir='ltr'><strong>sermo</strong></span> <span class='ocrx_word' id='word_1_117' title='bbox 449 1812 732 1882; x_wconf 67' lang='lat' dir='ltr'><strong>sapientius,</strong></span> <span class='ocrx_word' id='word_1_118' title='bbox 782 1812 874 1865; x_wconf 90' lang='lat' dir='ltr'><strong>alii</strong></span> <span class='ocrx_word' id='word_1_119' title='bbox 901 1829 1014 1864; x_wconf 82' lang='lat' dir='ltr'><strong>vero</strong></span> <span class='ocrx_word' id='word_1_120' title='bbox 1045 1826 1216 1864; x_wconf 85' lang='lat' dir='ltr'><strong>sermo</strong></span> <span class='ocrx_word' id='word_1_121' title='bbox 1255 1811 1522 1870; x_wconf 73' lang='lat' dir='ltr'><strong>scientiw,</strong></span> <span class='ocrx_word' id='word_1_122' title='bbox 1565 1807 1656 1859; x_wconf 82' lang='lat' dir='ltr'><strong>alii</strong></span> <span class='ocrx_word' id='word_1_123' title='bbox 1691 1822 1868 1859; x_wconf 83' lang='lat' dir='ltr'><strong>rursus</strong></span> 
     </span>
    </p>
   </div>
   <div class='ocr_carea' id='block_1_17' title="bbox 257 1900 1868 1977">
    <p class='ocr_par' dir='ltr' id='par_1_17' title="bbox 257 1900 1868 1977">
     <span class='ocr_line' id='line_1_17' title="bbox 257 1900 1868 1977; baseline -0.007 -16"><span class='ocrx_word' id='word_1_124' title='bbox 257 1907 408 1977; x_wconf 78' lang='lat' dir='ltr'><strong>ﬁdes,</strong></span> <span class='ocrx_word' id='word_1_125' title='bbox 430 1907 523 1960; x_wconf 83' lang='lat' dir='ltr'><strong>alii</strong></span> <span class='ocrx_word' id='word_1_126' title='bbox 555 1921 670 1959; x_wconf 75' lang='lat' dir='ltr'><strong>vero</strong></span> <span class='ocrx_word' id='word_1_127' title='bbox 689 1905 824 1959; x_wconf 83' lang='lat' dir='ltr'><strong>dona</strong></span> <span class='ocrx_word' id='word_1_128' title='bbox 840 1906 1192 1966; x_wconf 85' lang='lat' dir='ltr'><strong>sauatiouum,</strong></span> <span class='ocrx_word' id='word_1_129' title='bbox 1212 1902 1596 1970; x_wconf 81' lang='lat' dir='ltr'><strong>subventiones,</strong></span> <span class='ocrx_word' id='word_1_130' title='bbox 1618 1900 1868 1969; x_wconf 78' lang='lat' dir='ltr'><strong>guberna-</strong></span> 
     </span>
    </p>
   </div>
   <div class='ocr_carea' id='block_1_18' title="bbox 259 1993 1868 2068">
    <p class='ocr_par' dir='ltr' id='par_1_18' title="bbox 259 1993 1868 2068">
     <span class='ocr_line' id='line_1_18' title="bbox 259 1993 1868 2068; baseline -0.007 -15"><span class='ocrx_word' id='word_1_131' title='bbox 259 2001 441 2061; x_wconf 78' lang='lat' dir='ltr'><strong>tioues,</strong></span> <span class='ocrx_word' id='word_1_132' title='bbox 467 2014 651 2068; x_wconf 74' lang='lat' dir='ltr'><strong>genera</strong></span> <span class='ocrx_word' id='word_1_133' title='bbox 679 1997 990 2066; x_wconf 88' lang='lat' dir='ltr'><strong>linguarum.</strong></span> <span class='ocrx_word' id='word_1_134' title='bbox 1015 1993 1143 2047; x_wconf 81' lang='lat' dir='ltr'><strong>Ha&#39;c</strong></span> <span class='ocrx_word' id='word_1_135' title='bbox 1173 2003 1350 2046; x_wconf 81' lang='lat' dir='ltr'><strong>autent</strong></span> <span class='ocrx_word' id='word_1_136' title='bbox 1379 2007 1629 2057; x_wconf 80' lang='lat' dir='ltr'><strong>operatur</strong></span> <span class='ocrx_word' id='word_1_137' title='bbox 1664 2006 1795 2042; x_wconf 82' lang='lat' dir='ltr'><strong>unus</strong></span> <span class='ocrx_word' id='word_1_138' title='bbox 1823 1998 1868 2042; x_wconf 90' lang='lat' dir='ltr'><strong>et</strong></span> 
     </span>
    </p>
   </div>
   <div class='ocr_carea' id='block_1_19' title="bbox 255 2081 1864 2158">
    <p class='ocr_par' dir='ltr' id='par_1_19' title="bbox 255 2081 1864 2158">
     <span class='ocr_line' id='line_1_19' title="bbox 255 2081 1864 2158; baseline -0.008 -12"><span class='ocrx_word' id='word_1_139' title='bbox 255 2091 391 2146; x_wconf 78' lang='lat' dir='ltr'><strong>idem</strong></span> <span class='ocrx_word' id='word_1_140' title='bbox 425 2089 670 2158; x_wconf 76' lang='lat' dir='ltr'><strong>Spiritus,</strong></span> <span class='ocrx_word' id='word_1_141' title='bbox 693 2088 922 2140; x_wconf 78' lang='lat' dir='ltr'><strong>dividens</strong></span> <span class='ocrx_word' id='word_1_142' title='bbox 945 2101 1182 2141; x_wconf 84' lang='lat' dir='ltr'><strong>seorsum</strong></span> <span class='ocrx_word' id='word_1_143' title='bbox 1212 2088 1401 2152; x_wconf 79' lang='lat' dir='ltr'><strong>cuique</strong></span> <span class='ocrx_word' id='word_1_144' title='bbox 1427 2093 1480 2134; x_wconf 89' lang='lat' dir='ltr'><strong>ut</strong></span> <span class='ocrx_word' id='word_1_145' title='bbox 1507 2083 1610 2134; x_wconf 88' lang='lat' dir='ltr'><strong>vult</strong></span> <span class='ocrx_word' id='word_1_146' title='bbox 1640 2083 1685 2151; x_wconf 83' lang='grc' dir='ltr'><strong>(Ι</strong></span> <span class='ocrx_word' id='word_1_147' title='bbox 1703 2121 1715 2132; x_wconf 96' lang='grc'><strong>.</strong></span> <span class='ocrx_word' id='word_1_148' title='bbox 1745 2081 1864 2136; x_wconf 90' lang='lat' dir='ltr'><strong>Cor.</strong></span> 
     </span>
    </p>
   </div>
   <div class='ocr_carea' id='block_1_20' title="bbox 257 2173 1864 2249">
    <p class='ocr_par' dir='ltr' id='par_1_20' title="bbox 257 2173 1864 2249">
     <span class='ocr_line' id='line_1_20' title="bbox 257 2173 1864 2249; baseline -0.007 -13"><span class='ocrx_word' id='word_1_149' title='bbox 257 2183 347 2236; x_wconf 71' lang='grc'><strong>12.</strong></span> <span class='ocrx_word' id='word_1_150' title='bbox 406 2181 586 2249; x_wconf 49' lang='lat' dir='ltr'><strong>Er“).</strong></span> <span class='ocrx_word' id='word_1_151' title='bbox 625 2177 786 2233; x_wconf 77' lang='lat' dir='ltr'><strong>Vides</strong></span> <span class='ocrx_word' id='word_1_152' title='bbox 836 2193 995 2246; x_wconf 91' lang='lat' dir='ltr'><strong>quam</strong></span> <span class='ocrx_word' id='word_1_153' title='bbox 1052 2176 1196 2228; x_wconf 85' lang='lat' dir='ltr'><strong>varia</strong></span> <span class='ocrx_word' id='word_1_154' title='bbox 1238 2173 1349 2226; x_wconf 89' lang='lat' dir='ltr'><strong>sit?</strong></span> <span class='ocrx_word' id='word_1_155' title='bbox 1402 2173 1598 2236; x_wconf 81' lang='lat' dir='ltr'><strong>Multa,</strong></span> <span class='ocrx_word' id='word_1_156' title='bbox 1661 2173 1864 2241; x_wconf 87' lang='lat' dir='ltr'><strong>inquit,</strong></span> 
     </span>
    </p>
   </div>
   <div class='ocr_carea' id='block_1_21' title="bbox 256 2263 1867 2338">
    <p class='ocr_par' dir='ltr' id='par_1_21' title="bbox 256 2263 1867 2338">
     <span class='ocr_line' id='line_1_21' title="bbox 256 2263 1867 2338; baseline -0.006 -12"><span class='ocrx_word' id='word_1_157' title='bbox 256 2270 476 2327; x_wconf 83' lang='lat' dir='ltr'><strong>flumina</strong></span> <span class='ocrx_word' id='word_1_158' title='bbox 498 2313 514 2338; x_wconf 95' lang='lat'><strong>,</strong></span> <span class='ocrx_word' id='word_1_159' title='bbox 545 2269 638 2324; x_wconf 86' lang='lat' dir='ltr'><strong>sed</strong></span> <span class='ocrx_word' id='word_1_160' title='bbox 692 2285 828 2322; x_wconf 90' lang='lat' dir='ltr'><strong>unus</strong></span> <span class='ocrx_word' id='word_1_161' title='bbox 858 2277 940 2322; x_wconf 89' lang='lat' dir='ltr'><strong>est</strong></span> <span class='ocrx_word' id='word_1_162' title='bbox 972 2267 1123 2328; x_wconf 88' lang='lat' dir='ltr'><strong>fons;</strong></span> <span class='ocrx_word' id='word_1_163' title='bbox 1154 2266 1299 2319; x_wconf 82' lang='lat' dir='ltr'><strong>varia</strong></span> <span class='ocrx_word' id='word_1_164' title='bbox 1341 2273 1468 2319; x_wconf 89' lang='lat' dir='ltr'><strong>sunt</strong></span> <span class='ocrx_word' id='word_1_165' title='bbox 1512 2263 1719 2326; x_wconf 90' lang='lat' dir='ltr'><strong>edulia,</strong></span> <span class='ocrx_word' id='word_1_166' title='bbox 1772 2264 1867 2317; x_wconf 87' lang='lat' dir='ltr'><strong>sed</strong></span> 
     </span>
    </p>
   </div>
   <div class='ocr_carea' id='block_1_22' title="bbox 257 2349 1868 2430">
    <p class='ocr_par' dir='ltr' id='par_1_22' title="bbox 257 2349 1868 2430">
     <span class='ocr_line' id='line_1_22' title="bbox 257 2349 1868 2430; baseline -0.004 -13"><span class='ocrx_word' id='word_1_167' title='bbox 257 2379 398 2418; x_wconf 85' lang='lat' dir='ltr'><strong>unus</strong></span> <span class='ocrx_word' id='word_1_168' title='bbox 428 2371 509 2416; x_wconf 88' lang='lat' dir='ltr'><strong>cst</strong></span> <span class='ocrx_word' id='word_1_169' title='bbox 534 2363 866 2416; x_wconf 70' lang='lat' dir='ltr'><strong>convicator.</strong></span> <span class='ocrx_word' id='word_1_170' title='bbox 914 2357 1056 2430; x_wconf 83' lang='lat' dir='ltr'><strong>Ergo</strong></span> <span class='ocrx_word' id='word_1_171' title='bbox 1080 2374 1198 2414; x_wconf 90' lang='lat' dir='ltr'><strong>cum</strong></span> <span class='ocrx_word' id='word_1_172' title='bbox 1234 2349 1341 2412; x_wconf 85' lang='lat' dir='ltr'><strong>tam</strong></span> <span class='ocrx_word' id='word_1_173' title='bbox 1373 2373 1562 2427; x_wconf 83' lang='lat' dir='ltr'><strong>magna</strong></span> <span class='ocrx_word' id='word_1_174' title='bbox 1587 2399 1601 2418; x_wconf 90' lang='lat'><strong>,</strong></span> <span class='ocrx_word' id='word_1_175' title='bbox 1652 2367 1868 2426; x_wconf 82' lang='lat' dir='ltr'><strong>tamque</strong></span> 
     </span>
    </p>
   </div>
   <div class='ocr_carea' id='block_1_23' title="bbox 256 2447 1868 2523">
    <p class='ocr_par' dir='ltr' id='par_1_23' title="bbox 256 2447 1868 2523">
     <span class='ocr_line' id='line_1_23' title="bbox 256 2447 1868 2523; baseline -0.006 -14"><span class='ocrx_word' id='word_1_176' title='bbox 256 2452 535 2523; x_wconf 79' lang='lat' dir='ltr'><strong>multiplex</strong></span> <span class='ocrx_word' id='word_1_177' title='bbox 569 2453 637 2506; x_wconf 86' lang='lat' dir='ltr'><strong>sit</strong></span> <span class='ocrx_word' id='word_1_178' title='bbox 667 2452 898 2520; x_wconf 87' lang='lat' dir='ltr'><strong>Spiritus</strong></span> <span class='ocrx_word' id='word_1_179' title='bbox 915 2451 1106 2520; x_wconf 84' lang='lat' dir='ltr'><strong>gratia,</strong></span> <span class='ocrx_word' id='word_1_180' title='bbox 1129 2465 1198 2504; x_wconf 91' lang='lat' dir='ltr'><strong>ne</strong></span> <span class='ocrx_word' id='word_1_181' title='bbox 1215 2449 1594 2518; x_wconf 88' lang='lat' dir='ltr'><strong>defatigemur.</strong></span> <span class='ocrx_word' id='word_1_182' title='bbox 1627 2447 1868 2501; x_wconf 80' lang='lat' dir='ltr'><strong>Vidimus</strong></span> 
     </span>
    </p>
   </div>
   <div class='ocr_carea' id='block_1_24' title="bbox 256 2538 1868 2610">
    <p class='ocr_par' dir='ltr' id='par_1_24' title="bbox 256 2538 1868 2610">
     <span class='ocr_line' id='line_1_24' title="bbox 256 2538 1868 2610; baseline -0.006 -8"><span class='ocrx_word' id='word_1_183' title='bbox 256 2561 376 2602; x_wconf 84' lang='lat' dir='ltr'><strong>eam</strong></span> <span class='ocrx_word' id='word_1_184' title='bbox 399 2545 636 2599; x_wconf 85' lang='lat' dir='ltr'><strong>sterilem</strong></span> <span class='ocrx_word' id='word_1_185' title='bbox 657 2586 672 2610; x_wconf 97' lang='lat'><strong>,</strong></span> <span class='ocrx_word' id='word_1_186' title='bbox 706 2543 938 2596; x_wconf 77' lang='lat' dir='ltr'><strong>vidimus</strong></span> <span class='ocrx_word' id='word_1_187' title='bbox 958 2557 1074 2596; x_wconf 90' lang='lat' dir='ltr'><strong>cam</strong></span> <span class='ocrx_word' id='word_1_188' title='bbox 1102 2541 1294 2596; x_wconf 84' lang='lat' dir='ltr'><strong>factam</strong></span> <span class='ocrx_word' id='word_1_189' title='bbox 1335 2549 1560 2594; x_wconf 86' lang='lat' dir='ltr'><strong>matrem</strong></span> <span class='ocrx_word' id='word_1_190' title='bbox 1599 2557 1610 2591; x_wconf 89' lang='lat'>:</span> <span class='ocrx_word' id='word_1_191' title='bbox 1640 2538 1868 2593; x_wconf 77' lang='lat' dir='ltr'><strong>vidimus</strong></span> 
     </span>
    </p>
   </div>
   <div class='ocr_carea' id='block_1_25' title="bbox 256 2631 1866 2708">
    <p class='ocr_par' dir='ltr' id='par_1_25' title="bbox 256 2631 1866 2708">
     <span class='ocr_line' id='line_1_25' title="bbox 256 2631 1866 2708; baseline -0.006 -15"><span class='ocrx_word' id='word_1_192' title='bbox 256 2638 678 2708; x_wconf 86' lang='lat' dir='ltr'><strong>lacrymantem,</strong></span> <span class='ocrx_word' id='word_1_193' title='bbox 717 2634 946 2690; x_wconf 76' lang='lat' dir='ltr'><strong>vidimus</strong></span> <span class='ocrx_word' id='word_1_194' title='bbox 983 2633 1343 2705; x_wconf 86' lang='lat' dir='ltr'><strong>gaudentem;</strong></span> <span class='ocrx_word' id='word_1_195' title='bbox 1380 2635 1490 2686; x_wconf 87' lang='lat' dir='ltr'><strong>tum</strong></span> <span class='ocrx_word' id='word_1_196' title='bbox 1538 2631 1695 2685; x_wconf 90' lang='lat' dir='ltr'><strong>simul</strong></span> <span class='ocrx_word' id='word_1_197' title='bbox 1744 2647 1866 2685; x_wconf 94' lang='lat' dir='ltr'><strong>cum</strong></span> 
     </span>
    </p>
   </div>
   <div class='ocr_carea' id='block_1_26' title="bbox 257 2724 1869 2796">
    <p class='ocr_par' dir='ltr' id='par_1_26' title="bbox 257 2724 1869 2796">
     <span class='ocr_line' id='line_1_26' title="bbox 257 2724 1869 2796; baseline -0.003 -13"><span class='ocrx_word' id='word_1_198' title='bbox 257 2730 349 2784; x_wconf 86' lang='lat' dir='ltr'><strong>illa</strong></span> <span class='ocrx_word' id='word_1_199' title='bbox 381 2728 709 2784; x_wconf 88' lang='lat' dir='ltr'><strong>iudoluimus</strong></span> <span class='ocrx_word' id='word_1_200' title='bbox 745 2745 757 2780; x_wconf 90' lang='lat'><strong>:</strong></span> <span class='ocrx_word' id='word_1_201' title='bbox 787 2727 946 2781; x_wconf 82' lang='lat' dir='ltr'><strong>simul</strong></span> <span class='ocrx_word' id='word_1_202' title='bbox 980 2741 1102 2781; x_wconf 92' lang='lat' dir='ltr'><strong>cum</strong></span> <span class='ocrx_word' id='word_1_203' title='bbox 1133 2727 1220 2782; x_wconf 87' lang='lat' dir='ltr'><strong>illa</strong></span> <span class='ocrx_word' id='word_1_204' title='bbox 1249 2725 1446 2796; x_wconf 83' lang='lat' dir='ltr'><strong>gaudio</strong></span> <span class='ocrx_word' id='word_1_205' title='bbox 1487 2724 1790 2778; x_wconf 76' lang='lat' dir='ltr'><strong>efﬁciamur</strong></span> <span class='ocrx_word' id='word_1_206' title='bbox 1815 2733 1869 2778; x_wconf 91' lang='lat' dir='ltr'><strong>et</strong></span> 
     </span>
    </p>
   </div>
   <div class='ocr_carea' id='block_1_27' title="bbox 257 2819 1864 2890">
    <p class='ocr_par' dir='ltr' id='par_1_27' title="bbox 257 2819 1864 2890">
     <span class='ocr_line' id='line_1_27' title="bbox 257 2819 1864 2890; baseline -0.004 -13"><span class='ocrx_word' id='word_1_207' title='bbox 257 2822 438 2877; x_wconf 88' lang='lat' dir='ltr'><strong>hodie.</strong></span> <span class='ocrx_word' id='word_1_208' title='bbox 469 2821 560 2878; x_wconf 89' lang='lat' dir='ltr'><strong>Sic</strong></span> <span class='ocrx_word' id='word_1_209' title='bbox 587 2831 640 2875; x_wconf 92' lang='lat' dir='ltr'><strong>et</strong></span> <span class='ocrx_word' id='word_1_210' title='bbox 669 2821 864 2876; x_wconf 85' lang='lat' dir='ltr'><strong>Paulus</strong></span> <span class='ocrx_word' id='word_1_211' title='bbox 889 2819 1061 2888; x_wconf 85' lang='lat' dir='ltr'><strong>jubet,</strong></span> <span class='ocrx_word' id='word_1_212' title='bbox 1092 2819 1327 2874; x_wconf 86' lang='lat' dir='ltr'><strong>Gaudere</strong></span> <span class='ocrx_word' id='word_1_213' title='bbox 1364 2837 1477 2872; x_wconf 83' lang='lat' dir='ltr'><strong>cum</strong></span> <span class='ocrx_word' id='word_1_214' title='bbox 1504 2819 1864 2890; x_wconf 83' lang='lat' dir='ltr'><strong>gaudentibus,</strong></span> 
     </span>
    </p>
   </div>
   <div class='ocr_carea' id='block_1_28' title="bbox 256 2909 1867 2984">
    <p class='ocr_par' dir='ltr' id='par_1_28' title="bbox 256 2909 1867 2984">
     <span class='ocr_line' id='line_1_28' title="bbox 256 2909 1867 2984; baseline -0.003 -17"><span class='ocrx_word' id='word_1_215' title='bbox 256 2914 381 2984; x_wconf 74' lang='lat' dir='ltr'><strong>ﬂere</strong></span> <span class='ocrx_word' id='word_1_216' title='bbox 401 2929 514 2966; x_wconf 76' lang='lat' dir='ltr'><strong>cum</strong></span> <span class='ocrx_word' id='word_1_217' title='bbox 534 2912 770 2983; x_wconf 81' lang='lat' dir='ltr'><strong>ﬂentibus</strong></span> <span class='ocrx_word' id='word_1_218' title='bbox 813 2911 998 2981; x_wconf 84' lang='lat' dir='ltr'><strong>(Rom.</strong></span> <span class='ocrx_word' id='word_1_219' title='bbox 1025 2910 1113 2965; x_wconf 70' lang='grc' dir='ltr'><strong>η.</strong></span> <span class='ocrx_word' id='word_1_220' title='bbox 1147 2911 1261 2978; x_wconf 79' lang='grc'><strong>15).</strong></span> <span class='ocrx_word' id='word_1_221' title='bbox 1298 2910 1351 2963; x_wconf 94' lang='lat' dir='ltr'><strong>ld</strong></span> <span class='ocrx_word' id='word_1_222' title='bbox 1387 2926 1513 2963; x_wconf 86' lang='lat' dir='ltr'><strong>vero</strong></span> <span class='ocrx_word' id='word_1_223' title='bbox 1562 2909 1867 2963; x_wconf 85' lang='lat' dir='ltr'><strong>faciendum</strong></span> 
     </span>
    </p>
   </div>
   <div class='ocr_carea' id='block_1_29' title="bbox 259 3000 1870 3073">
    <p class='ocr_par' dir='ltr' id='par_1_29' title="bbox 259 3000 1870 3073">
     <span class='ocr_line' id='line_1_29' title="bbox 259 3000 1870 3073; baseline -0.006 -11"><span class='ocrx_word' id='word_1_224' title='bbox 259 3013 344 3062; x_wconf 88' lang='lat' dir='ltr'><strong>est</strong></span> <span class='ocrx_word' id='word_1_225' title='bbox 371 3019 474 3060; x_wconf 90' lang='lat' dir='ltr'><strong>non</strong></span> <span class='ocrx_word' id='word_1_226' title='bbox 499 3005 676 3060; x_wconf 90' lang='lat' dir='ltr'><strong>solum</strong></span> <span class='ocrx_word' id='word_1_227' title='bbox 714 3018 876 3073; x_wconf 90' lang='lat' dir='ltr'><strong>super</strong></span> <span class='ocrx_word' id='word_1_228' title='bbox 903 3003 968 3056; x_wconf 90' lang='lat' dir='ltr'><strong>iis</strong></span> <span class='ocrx_word' id='word_1_229' title='bbox 989 3004 1079 3072; x_wconf 90' lang='lat' dir='ltr'><strong>qui</strong></span> <span class='ocrx_word' id='word_1_230' title='bbox 1111 3001 1390 3056; x_wconf 90' lang='lat' dir='ltr'><strong>nobiscum</strong></span> <span class='ocrx_word' id='word_1_231' title='bbox 1417 3002 1601 3053; x_wconf 83' lang='lat' dir='ltr'><strong>vivunt</strong></span> <span class='ocrx_word' id='word_1_232' title='bbox 1626 3042 1640 3064; x_wconf 95' lang='lat'><strong>,</strong></span> <span class='ocrx_word' id='word_1_233' title='bbox 1689 3000 1780 3053; x_wconf 90' lang='lat' dir='ltr'><strong>sed</strong></span> <span class='ocrx_word' id='word_1_234' title='bbox 1815 3009 1870 3054; x_wconf 90' lang='lat' dir='ltr'><strong>et</strong></span> 
     </span>
    </p>
   </div>
   <div class='ocr_carea' id='block_1_30' title="bbox 255 3090 1864 3169">
    <p class='ocr_par' dir='ltr' id='par_1_30' title="bbox 255 3090 1864 3169">
     <span class='ocr_line' id='line_1_30' title="bbox 255 3090 1864 3169; baseline -0.006 -16"><span class='ocrx_word' id='word_1_235' title='bbox 255 3113 417 3169; x_wconf 84' lang='lat' dir='ltr'><strong>super</strong></span> <span class='ocrx_word' id='word_1_236' title='bbox 440 3097 505 3151; x_wconf 88' lang='lat' dir='ltr'><strong>iis</strong></span> <span class='ocrx_word' id='word_1_237' title='bbox 529 3097 618 3166; x_wconf 91' lang='lat' dir='ltr'><strong>qui</strong></span> <span class='ocrx_word' id='word_1_238' title='bbox 641 3095 769 3150; x_wconf 90' lang='lat' dir='ltr'><strong>olim</strong></span> <span class='ocrx_word' id='word_1_239' title='bbox 793 3096 901 3149; x_wconf 92' lang='lat' dir='ltr'><strong>nati</strong></span> <span class='ocrx_word' id='word_1_240' title='bbox 937 3093 1156 3148; x_wconf 90' lang='lat' dir='ltr'><strong>fuerint.</strong></span> <span class='ocrx_word' id='word_1_241' title='bbox 1191 3094 1266 3148; x_wconf 84' lang='lat' dir='ltr'><strong>Ac</strong></span> <span class='ocrx_word' id='word_1_242' title='bbox 1298 3107 1366 3148; x_wconf 88' lang='lat' dir='ltr'><strong>ne</strong></span> <span class='ocrx_word' id='word_1_243' title='bbox 1392 3090 1511 3162; x_wconf 87' lang='lat' dir='ltr'><strong>quis</strong></span> <span class='ocrx_word' id='word_1_244' title='bbox 1540 3091 1670 3146; x_wconf 91' lang='lat' dir='ltr'><strong>mihi</strong></span> <span class='ocrx_word' id='word_1_245' title='bbox 1700 3090 1864 3155; x_wconf 86' lang='lat' dir='ltr'><strong>dicat,</strong></span> 
     </span>
    </p>
   </div>
   <div class='ocr_carea' id='block_1_31' title="bbox 255 3183 1866 3259">
    <p class='ocr_par' dir='ltr' id='par_1_31' title="bbox 255 3183 1866 3259">
     <span class='ocr_line' id='line_1_31' title="bbox 255 3183 1866 3259; baseline -0.006 -16"><span class='ocrx_word' id='word_1_246' title='bbox 255 3189 382 3259; x_wconf 89' lang='lat' dir='ltr'><strong>quid</strong></span> <span class='ocrx_word' id='word_1_247' title='bbox 412 3186 617 3241; x_wconf 90' lang='lat' dir='ltr'><strong>fructus</strong></span> <span class='ocrx_word' id='word_1_248' title='bbox 644 3185 852 3255; x_wconf 85' lang='lat' dir='ltr'><strong>capiam</strong></span> <span class='ocrx_word' id='word_1_249' title='bbox 878 3185 946 3239; x_wconf 88' lang='lat' dir='ltr'><strong>ab</strong></span> <span class='ocrx_word' id='word_1_250' title='bbox 977 3187 1130 3238; x_wconf 79' lang='lat' dir='ltr'><strong>Anna</strong></span> <span class='ocrx_word' id='word_1_251' title='bbox 1154 3226 1169 3249; x_wconf 95' lang='lat'><strong>,</strong></span> <span class='ocrx_word' id='word_1_252' title='bbox 1202 3193 1252 3237; x_wconf 90' lang='lat' dir='ltr'><strong>et</strong></span> <span class='ocrx_word' id='word_1_253' title='bbox 1287 3183 1354 3236; x_wconf 86' lang='lat' dir='ltr'><strong>ah</strong></span> <span class='ocrx_word' id='word_1_254' title='bbox 1372 3183 1514 3237; x_wconf 91' lang='lat' dir='ltr'><strong>illius</strong></span> <span class='ocrx_word' id='word_1_255' title='bbox 1533 3196 1866 3237; x_wconf 81' lang='lat' dir='ltr'><strong>commemo-</strong></span> 
     </span>
    </p>
   </div>
   <div class='ocr_carea' id='block_1_32' title="bbox 255 3273 1869 3345">
    <p class='ocr_par' dir='ltr' id='par_1_32' title="bbox 255 3273 1869 3345">
     <span class='ocr_line' id='line_1_32' title="bbox 255 3273 1869 3345; baseline -0.006 -9"><span class='ocrx_word' id='word_1_256' title='bbox 255 3279 502 3336; x_wconf 78' lang='lat' dir='ltr'><strong>ratione?</strong></span> <span class='ocrx_word' id='word_1_257' title='bbox 528 3277 661 3333; x_wconf 82' lang='lat' dir='ltr'><strong>Nam</strong></span> <span class='ocrx_word' id='word_1_258' title='bbox 687 3287 742 3332; x_wconf 89' lang='lat' dir='ltr'><strong>et</strong></span> <span class='ocrx_word' id='word_1_259' title='bbox 784 3277 931 3331; x_wconf 69' lang='lat' dir='ltr'><strong>orba:</strong></span> <span class='ocrx_word' id='word_1_260' title='bbox 971 3275 1096 3330; x_wconf 88' lang='lat' dir='ltr'><strong>hinc</strong></span> <span class='ocrx_word' id='word_1_261' title='bbox 1141 3282 1395 3345; x_wconf 73' lang='lat' dir='ltr'><strong>poterunt</strong></span> <span class='ocrx_word' id='word_1_262' title='bbox 1435 3273 1646 3328; x_wconf 76' lang='lat' dir='ltr'><strong>discere</strong></span> <span class='ocrx_word' id='word_1_263' title='bbox 1673 3314 1687 3336; x_wconf 95' lang='lat'><strong>,</strong></span> <span class='ocrx_word' id='word_1_264' title='bbox 1735 3287 1869 3341; x_wconf 90' lang='lat' dir='ltr'><strong>quo-</strong></span> 
     </span>
    </p>
   </div>
   <div class='ocr_carea' id='block_1_33' title="bbox 257 3365 1868 3438">
    <p class='ocr_par' dir='ltr' id='par_1_33' title="bbox 257 3365 1868 3438">
     <span class='ocr_line' id='line_1_33' title="bbox 257 3365 1868 3438; baseline -0.005 -13"><span class='ocrx_word' id='word_1_265' title='bbox 257 3369 420 3425; x_wconf 90' lang='lat' dir='ltr'><strong>modo</strong></span> <span class='ocrx_word' id='word_1_266' title='bbox 449 3369 651 3438; x_wconf 83' lang='lat' dir='ltr'><strong>possint</strong></span> <span class='ocrx_word' id='word_1_267' title='bbox 677 3365 792 3420; x_wconf 89' lang='lat' dir='ltr'><strong>ﬁeri</strong></span> <span class='ocrx_word' id='word_1_268' title='bbox 819 3376 1017 3420; x_wconf 88' lang='lat' dir='ltr'><strong>matres</strong></span> <span class='ocrx_word' id='word_1_269' title='bbox 1048 3382 1060 3418; x_wconf 89' lang='lat'>:</span> <span class='ocrx_word' id='word_1_270' title='bbox 1087 3379 1272 3418; x_wconf 91' lang='lat' dir='ltr'><strong>rursus</strong></span> <span class='ocrx_word' id='word_1_271' title='bbox 1299 3375 1500 3418; x_wconf 85' lang='lat' dir='ltr'><strong>matres</strong></span> <span class='ocrx_word' id='word_1_272' title='bbox 1529 3365 1726 3429; x_wconf 84' lang='lat' dir='ltr'><strong>scient,</strong></span> <span class='ocrx_word' id='word_1_273' title='bbox 1749 3379 1868 3432; x_wconf 76' lang='lat' dir='ltr'><strong>qua:</strong></span> 
     </span>
    </p>
   </div>
   <div class='ocr_carea' id='block_1_34' title="bbox 255 3454 1866 3530">
    <p class='ocr_par' dir='ltr' id='par_1_34' title="bbox 255 3454 1866 3530">
     <span class='ocr_line' id='line_1_34' title="bbox 255 3454 1866 3530; baseline -0.005 -14"><span class='ocrx_word' id='word_1_274' title='bbox 255 3463 326 3517; x_wconf 88' lang='lat' dir='ltr'><strong>sit</strong></span> <span class='ocrx_word' id='word_1_275' title='bbox 353 3462 553 3530; x_wconf 91' lang='lat' dir='ltr'><strong>optima</strong></span> <span class='ocrx_word' id='word_1_276' title='bbox 585 3461 721 3513; x_wconf 87' lang='lat' dir='ltr'><strong>ratio</strong></span> <span class='ocrx_word' id='word_1_277' title='bbox 765 3458 965 3512; x_wconf 89' lang='lat' dir='ltr'><strong>liberos</strong></span> <span class='ocrx_word' id='word_1_278' title='bbox 991 3456 1276 3510; x_wconf 85' lang='lat' dir='ltr'><strong>educandi.</strong></span> <span class='ocrx_word' id='word_1_279' title='bbox 1326 3455 1434 3510; x_wconf 83' lang='lat' dir='ltr'><strong>Nec</strong></span> <span class='ocrx_word' id='word_1_280' title='bbox 1480 3454 1695 3509; x_wconf 67' lang='lat' dir='ltr'><strong>feminm</strong></span> <span class='ocrx_word' id='word_1_281' title='bbox 1744 3466 1866 3508; x_wconf 89' lang='lat' dir='ltr'><strong>tan-</strong></span> 
     </span>
    </p>
   </div>
   <div class='ocr_carea' id='block_1_35' title="bbox 255 3533 1868 3620">
    <p class='ocr_par' dir='ltr' id='par_1_35' title="bbox 255 3533 1868 3620">
     <span class='ocr_line' id='line_1_35' title="bbox 255 3533 1868 3620; baseline -0.005 -11"><span class='ocrx_word' id='word_1_282' title='bbox 255 3533 410 3620; x_wconf 87' lang='lat' dir='ltr'><strong>tum,</strong></span> <span class='ocrx_word' id='word_1_283' title='bbox 439 3554 534 3608; x_wconf 87' lang='lat' dir='ltr'><strong>sed</strong></span> <span class='ocrx_word' id='word_1_284' title='bbox 562 3561 618 3608; x_wconf 89' lang='lat' dir='ltr'><strong>et</strong></span> <span class='ocrx_word' id='word_1_285' title='bbox 647 3551 745 3605; x_wconf 87' lang='lat' dir='ltr'><strong>viri</strong></span> <span class='ocrx_word' id='word_1_286' title='bbox 791 3551 1080 3620; x_wconf 88' lang='lat' dir='ltr'><strong>plurimum</strong></span> <span class='ocrx_word' id='word_1_287' title='bbox 1131 3552 1199 3604; x_wconf 89' lang='lat' dir='ltr'><strong>ab</strong></span> <span class='ocrx_word' id='word_1_288' title='bbox 1253 3549 1353 3602; x_wconf 88' lang='lat' dir='ltr'><strong>hac</strong></span> <span class='ocrx_word' id='word_1_289' title='bbox 1394 3549 1616 3602; x_wconf 81' lang='lat' dir='ltr'><strong>historia</strong></span> <span class='ocrx_word' id='word_1_290' title='bbox 1665 3548 1868 3602; x_wconf 90' lang='lat' dir='ltr'><strong>fructus</strong></span> 
     </span>
    </p>
   </div>
   <div class='ocr_carea' id='block_1_36' title="bbox 255 3639 1865 3709">
    <p class='ocr_par' dir='ltr' id='par_1_36' title="bbox 255 3639 1865 3709">
     <span class='ocr_line' id='line_1_36' title="bbox 255 3639 1865 3709; baseline -0.006 -9"><span class='ocrx_word' id='word_1_291' title='bbox 255 3643 534 3704; x_wconf 78' lang='lat' dir='ltr'><strong>auferent.</strong></span> <span class='ocrx_word' id='word_1_292' title='bbox 580 3644 624 3697; x_wconf 91' lang='lat' dir='ltr'><strong>si</strong></span> <span class='ocrx_word' id='word_1_293' title='bbox 671 3641 795 3697; x_wconf 88' lang='lat' dir='ltr'><strong>hinc</strong></span> <span class='ocrx_word' id='word_1_294' title='bbox 843 3640 1134 3696; x_wconf 88' lang='lat' dir='ltr'><strong>didicerint</strong></span> <span class='ocrx_word' id='word_1_295' title='bbox 1207 3639 1417 3709; x_wconf 87' lang='lat' dir='ltr'><strong>placido</strong></span> <span class='ocrx_word' id='word_1_296' title='bbox 1471 3640 1694 3708; x_wconf 85' lang='lat' dir='ltr'><strong>mitique</strong></span> <span class='ocrx_word' id='word_1_297' title='bbox 1740 3653 1865 3706; x_wconf 88' lang='lat' dir='ltr'><strong>erga</strong></span> 
     </span>
    </p>
   </div>
   <div class='ocr_carea' id='block_1_37' title="bbox 258 3730 1864 3797">
    <p class='ocr_par' dir='ltr' id='par_1_37' title="bbox 258 3730 1864 3797">
     <span class='ocr_line' id='line_1_37' title="bbox 258 3730 1864 3797; baseline -0.005 -8"><span class='ocrx_word' id='word_1_298' title='bbox 258 3749 458 3790; x_wconf 90' lang='lat' dir='ltr'><strong>uxores</strong></span> <span class='ocrx_word' id='word_1_299' title='bbox 487 3748 610 3789; x_wconf 88' lang='lat' dir='ltr'><strong>esse</strong></span> <span class='ocrx_word' id='word_1_300' title='bbox 631 3733 812 3788; x_wconf 89' lang='lat' dir='ltr'><strong>animo</strong></span> <span class='ocrx_word' id='word_1_301' title='bbox 834 3773 848 3797; x_wconf 94' lang='lat'><strong>,</strong></span> <span class='ocrx_word' id='word_1_302' title='bbox 878 3731 1088 3786; x_wconf 89' lang='lat' dir='ltr'><strong>etiamsi</strong></span> <span class='ocrx_word' id='word_1_303' title='bbox 1115 3731 1414 3785; x_wconf 86' lang='lat' dir='ltr'><strong>sterilitatis</strong></span> <span class='ocrx_word' id='word_1_304' title='bbox 1441 3731 1570 3784; x_wconf 86' lang='lat' dir='ltr'><strong>vitio</strong></span> <span class='ocrx_word' id='word_1_305' title='bbox 1602 3730 1864 3793; x_wconf 85' lang='lat' dir='ltr'><strong>laborent,</strong></span> 
     </span>
    </p>
   </div>
   <div class='ocr_carea' id='block_1_38' title="bbox 259 3823 1866 3897">
    <p class='ocr_par' dir='ltr' id='par_1_38' title="bbox 259 3823 1866 3897">
     <span class='ocr_line' id='line_1_38' title="bbox 259 3823 1866 3897; baseline -0.006 -14"><span class='ocrx_word' id='word_1_306' title='bbox 259 3836 318 3883; x_wconf 86' lang='lat' dir='ltr'><strong>ut</strong></span> <span class='ocrx_word' id='word_1_307' title='bbox 343 3827 542 3882; x_wconf 75' lang='lat' dir='ltr'><strong>Eleans</strong></span> <span class='ocrx_word' id='word_1_308' title='bbox 561 3841 686 3897; x_wconf 85' lang='lat' dir='ltr'><strong>erga</strong></span> <span class='ocrx_word' id='word_1_309' title='bbox 719 3829 933 3879; x_wconf 82' lang='lat' dir='ltr'><strong>Annam</strong></span> <span class='ocrx_word' id='word_1_310' title='bbox 963 3823 1062 3878; x_wconf 93' lang='lat' dir='ltr'><strong>fuit</strong></span> <span class='ocrx_word' id='word_1_311' title='bbox 1087 3823 1331 3878; x_wconf 78' lang='lat' dir='ltr'><strong>affectus.</strong></span> <span class='ocrx_word' id='word_1_312' title='bbox 1356 3823 1465 3878; x_wconf 80' lang='lat' dir='ltr'><strong>Nec</strong></span> <span class='ocrx_word' id='word_1_313' title='bbox 1496 3839 1624 3876; x_wconf 88' lang='lat' dir='ltr'><strong>vero</strong></span> <span class='ocrx_word' id='word_1_314' title='bbox 1649 3823 1749 3876; x_wconf 66' lang='lat' dir='ltr'><strong>huc</strong></span> <span class='ocrx_word' id='word_1_315' title='bbox 1779 3837 1866 3875; x_wconf 87' lang='lat' dir='ltr'><strong>so-</strong></span> 
     </span>
    </p>
   </div>
   <div class='ocr_carea' id='block_1_39' title="bbox 258 3914 1869 3985">
    <p class='ocr_par' dir='ltr' id='par_1_39' title="bbox 258 3914 1869 3985">
     <span class='ocr_line' id='line_1_39' title="bbox 258 3914 1869 3985; baseline -0.004 -11"><span class='ocrx_word' id='word_1_316' title='bbox 258 3918 406 3980; x_wconf 91' lang='lat' dir='ltr'><strong>lum,</strong></span> <span class='ocrx_word' id='word_1_317' title='bbox 436 3917 532 3972; x_wconf 85' lang='lat' dir='ltr'><strong>sed</strong></span> <span class='ocrx_word' id='word_1_318' title='bbox 570 3927 625 3972; x_wconf 89' lang='lat' dir='ltr'><strong>et</strong></span> <span class='ocrx_word' id='word_1_319' title='bbox 651 3915 795 3972; x_wconf 84' lang='lat' dir='ltr'><strong>aliud</strong></span> <span class='ocrx_word' id='word_1_320' title='bbox 840 3931 906 3971; x_wconf 89' lang='lat' dir='ltr'><strong>eo</strong></span> <span class='ocrx_word' id='word_1_321' title='bbox 951 3917 1125 3985; x_wconf 84' lang='lat' dir='ltr'><strong>majus</strong></span> <span class='ocrx_word' id='word_1_322' title='bbox 1151 3915 1525 3980; x_wconf 80' lang='lat' dir='ltr'><strong>lucrifacient,</strong></span> <span class='ocrx_word' id='word_1_323' title='bbox 1566 3931 1688 3968; x_wconf 79' lang='lat' dir='ltr'><strong>cum</strong></span> <span class='ocrx_word' id='word_1_324' title='bbox 1731 3914 1869 3967; x_wconf 84' lang='lat' dir='ltr'><strong>didi-</strong></span> 
     </span>
    </p>
   </div>
   <div class='ocr_carea' id='block_1_40' title="bbox 258 4006 1862 4078">
    <p class='ocr_par' dir='ltr' id='par_1_40' title="bbox 258 4006 1862 4078">
     <span class='ocr_line' id='line_1_40' title="bbox 258 4006 1862 4078; baseline -0.005 -13"><span class='ocrx_word' id='word_1_325' title='bbox 258 4009 431 4065; x_wconf 82' lang='lat' dir='ltr'><strong>cerint</strong></span> <span class='ocrx_word' id='word_1_326' title='bbox 457 4017 636 4078; x_wconf 82' lang='lat' dir='ltr'><strong>patres</strong></span> <span class='ocrx_word' id='word_1_327' title='bbox 663 4022 850 4062; x_wconf 84' lang='lat' dir='ltr'><strong>omnes</strong></span> <span class='ocrx_word' id='word_1_328' title='bbox 873 4017 1126 4077; x_wconf 82' lang='lat' dir='ltr'><strong>oportere</strong></span> <span class='ocrx_word' id='word_1_329' title='bbox 1151 4007 1369 4069; x_wconf 87' lang='lat' dir='ltr'><strong>liberos,</strong></span> <span class='ocrx_word' id='word_1_330' title='bbox 1391 4007 1481 4074; x_wconf 91' lang='lat' dir='ltr'><strong>qui</strong></span> <span class='ocrx_word' id='word_1_331' title='bbox 1508 4008 1618 4060; x_wconf 88' lang='lat' dir='ltr'><strong>nati</strong></span> <span class='ocrx_word' id='word_1_332' title='bbox 1647 4006 1862 4070; x_wconf 87' lang='lat' dir='ltr'><strong>fuerint,</strong></span> 
     </span>
    </p>
   </div>
   <div class='ocr_carea' id='block_1_41' title="bbox 257 4098 1867 4170">
    <p class='ocr_par' dir='ltr' id='par_1_41' title="bbox 257 4098 1867 4170">
     <span class='ocr_line' id='line_1_41' title="bbox 257 4098 1867 4170; baseline -0.003 -15"><span class='ocrx_word' id='word_1_333' title='bbox 257 4100 492 4156; x_wconf 85' lang='lat' dir='ltr'><strong>educare</strong></span> <span class='ocrx_word' id='word_1_334' title='bbox 516 4099 644 4154; x_wconf 88' lang='lat' dir='ltr'><strong>Deo.</strong></span> <span class='ocrx_word' id='word_1_335' title='bbox 669 4099 746 4154; x_wconf 83' lang='lat' dir='ltr'><strong>Ne</strong></span> <span class='ocrx_word' id='word_1_336' title='bbox 769 4100 928 4170; x_wconf 91' lang='lat' dir='ltr'><strong>igitur</strong></span> <span class='ocrx_word' id='word_1_337' title='bbox 949 4098 1202 4169; x_wconf 86' lang='lat' dir='ltr'><strong>quoniam</strong></span> <span class='ocrx_word' id='word_1_338' title='bbox 1223 4099 1480 4170; x_wconf 84' lang='lat' dir='ltr'><strong>pecunias</strong></span> <span class='ocrx_word' id='word_1_339' title='bbox 1509 4107 1563 4151; x_wconf 83' lang='lat' dir='ltr'><strong>et</strong></span> <span class='ocrx_word' id='word_1_340' title='bbox 1589 4106 1867 4167; x_wconf 88' lang='lat' dir='ltr'><strong>argentum</strong></span> 
     </span>
    </p>
   </div>
   <div class='ocr_carea' id='block_1_42' title="bbox 258 4188 1868 4261">
    <p class='ocr_par' dir='ltr' id='par_1_42' title="bbox 258 4188 1868 4261">
     <span class='ocr_line' id='line_1_42' title="bbox 258 4188 1868 4261; baseline -0.003 -14"><span class='ocrx_word' id='word_1_341' title='bbox 258 4193 506 4261; x_wconf 80' lang='lat' dir='ltr'><strong>accipere</strong></span> <span class='ocrx_word' id='word_1_342' title='bbox 551 4206 616 4246; x_wconf 90' lang='lat' dir='ltr'><strong>ex</strong></span> <span class='ocrx_word' id='word_1_343' title='bbox 677 4191 777 4245; x_wconf 89' lang='lat' dir='ltr'><strong>hac</strong></span> <span class='ocrx_word' id='word_1_344' title='bbox 817 4191 1124 4245; x_wconf 89' lang='lat' dir='ltr'><strong>narratione</strong></span> <span class='ocrx_word' id='word_1_345' title='bbox 1163 4206 1272 4244; x_wconf 90' lang='lat' dir='ltr'><strong>non</strong></span> <span class='ocrx_word' id='word_1_346' title='bbox 1314 4188 1466 4253; x_wconf 81' lang='lat' dir='ltr'><strong>licet,</strong></span> <span class='ocrx_word' id='word_1_347' title='bbox 1500 4190 1868 4244; x_wconf 59' lang='lat' dir='ltr'><strong>existimemus</strong></span> 
     </span>
    </p>
   </div>
   <div class='ocr_carea' id='block_1_43' title="bbox 260 4279 1866 4351">
    <p class='ocr_par' dir='ltr' id='par_1_43' title="bbox 260 4279 1866 4351">
     <span class='ocr_line' id='line_1_43' title="bbox 260 4279 1866 4351; baseline -0.002 -14"><span class='ocrx_word' id='word_1_348' title='bbox 260 4296 566 4337; x_wconf 88' lang='lat' dir='ltr'><strong>sermonem</strong></span> <span class='ocrx_word' id='word_1_349' title='bbox 597 4280 752 4336; x_wconf 87' lang='lat' dir='ltr'><strong>nobis</strong></span> <span class='ocrx_word' id='word_1_350' title='bbox 781 4279 1155 4351; x_wconf 88' lang='lat' dir='ltr'><strong>infrugifcrum</strong></span> <span class='ocrx_word' id='word_1_351' title='bbox 1194 4297 1356 4336; x_wconf 87' lang='lat' dir='ltr'><strong>esse:</strong></span> <span class='ocrx_word' id='word_1_352' title='bbox 1389 4280 1482 4334; x_wconf 88' lang='lat' dir='ltr'><strong>sed</strong></span> <span class='ocrx_word' id='word_1_353' title='bbox 1523 4280 1593 4334; x_wconf 90' lang='lat' dir='ltr'><strong>ob</strong></span> <span class='ocrx_word' id='word_1_354' title='bbox 1636 4280 1866 4349; x_wconf 77' lang='lat' dir='ltr'><strong>idipsum</strong></span> 
     </span>
    </p>
   </div>
   <div class='ocr_carea' id='block_1_44' title="bbox 259 4373 1866 4444">
    <p class='ocr_par' dir='ltr' id='par_1_44' title="bbox 259 4373 1866 4444">
     <span class='ocr_line' id='line_1_44' title="bbox 259 4373 1866 4444; baseline 0 -17"><span class='ocrx_word' id='word_1_355' title='bbox 259 4373 584 4428; x_wconf 88' lang='lat' dir='ltr'><strong>arbitremur</strong></span> <span class='ocrx_word' id='word_1_356' title='bbox 616 4373 886 4428; x_wconf 90' lang='lat' dir='ltr'><strong>lucrosum</strong></span> <span class='ocrx_word' id='word_1_357' title='bbox 907 4381 962 4427; x_wconf 88' lang='lat' dir='ltr'><strong>et</strong></span> <span class='ocrx_word' id='word_1_358' title='bbox 984 4374 1167 4428; x_wconf 89' lang='lat' dir='ltr'><strong>utilem</strong></span> <span class='ocrx_word' id='word_1_359' title='bbox 1187 4415 1203 4441; x_wconf 95' lang='lat'><strong>,</strong></span> <span class='ocrx_word' id='word_1_360' title='bbox 1236 4373 1380 4444; x_wconf 86' lang='lat' dir='ltr'><strong>quod</strong></span> <span class='ocrx_word' id='word_1_361' title='bbox 1415 4388 1522 4428; x_wconf 91' lang='lat' dir='ltr'><strong>non</strong></span> <span class='ocrx_word' id='word_1_362' title='bbox 1545 4389 1736 4430; x_wconf 88' lang='lat' dir='ltr'><strong>aurum</strong></span> <span class='ocrx_word' id='word_1_363' title='bbox 1777 4389 1866 4428; x_wconf 91' lang='lat' dir='ltr'><strong>ar-</strong></span> 
     </span>
    </p>
   </div>
   <div class='ocr_carea' id='block_1_45' title="bbox 260 4464 1868 4536">
    <p class='ocr_par' dir='ltr' id='par_1_45' title="bbox 260 4464 1868 4536">
     <span class='ocr_line' id='line_1_45' title="bbox 260 4464 1868 4536; baseline -0.001 -14"><span class='ocrx_word' id='word_1_364' title='bbox 260 4476 566 4536; x_wconf 87' lang='lat' dir='ltr'><strong>gentumve,</strong></span> <span class='ocrx_word' id='word_1_365' title='bbox 599 4464 692 4521; x_wconf 85' lang='lat' dir='ltr'><strong>sed</strong></span> <span class='ocrx_word' id='word_1_366' title='bbox 723 4466 864 4535; x_wconf 88' lang='lat' dir='ltr'><strong>quod</strong></span> <span class='ocrx_word' id='word_1_367' title='bbox 907 4465 970 4520; x_wconf 88' lang='lat' dir='ltr'><strong>iis</strong></span> <span class='ocrx_word' id='word_1_368' title='bbox 999 4465 1157 4536; x_wconf 88' lang='lat' dir='ltr'><strong>longe</strong></span> <span class='ocrx_word' id='word_1_369' title='bbox 1181 4467 1354 4534; x_wconf 89' lang='lat' dir='ltr'><strong>majus</strong></span> <span class='ocrx_word' id='word_1_370' title='bbox 1381 4475 1485 4529; x_wconf 89' lang='lat' dir='ltr'><strong>est,</strong></span> <span class='ocrx_word' id='word_1_371' title='bbox 1509 4467 1671 4520; x_wconf 90' lang='lat' dir='ltr'><strong>animi</strong></span> <span class='ocrx_word' id='word_1_372' title='bbox 1700 4467 1868 4536; x_wconf 87' lang='lat' dir='ltr'><strong>pieta-</strong></span> 
     </span>
    </p>
   </div>
   <div class='ocr_carea' id='block_1_46' title="bbox 263 4556 1862 4626">
    <p class='ocr_par' dir='ltr' id='par_1_46' title="bbox 263 4556 1862 4626">
     <span class='ocr_line' id='line_1_46' title="bbox 263 4556 1862 4626; baseline 0 -14"><span class='ocrx_word' id='word_1_373' title='bbox 263 4567 395 4621; x_wconf 90' lang='lat' dir='ltr'><strong>tem,</strong></span> <span class='ocrx_word' id='word_1_374' title='bbox 444 4557 798 4626; x_wconf 66' lang='lat' dir='ltr'><strong>cwlestesque</strong></span> <span class='ocrx_word' id='word_1_375' title='bbox 825 4556 1110 4612; x_wconf 86' lang='lat' dir='ltr'><strong>thesauros</strong></span> <span class='ocrx_word' id='word_1_376' title='bbox 1155 4557 1311 4612; x_wconf 86' lang='lat' dir='ltr'><strong>nobis</strong></span> <span class='ocrx_word' id='word_1_377' title='bbox 1361 4557 1626 4620; x_wconf 89' lang='lat' dir='ltr'><strong>ostendit,</strong></span> <span class='ocrx_word' id='word_1_378' title='bbox 1660 4558 1862 4613; x_wconf 88' lang='lat' dir='ltr'><strong>docens</strong></span> 
     </span>
    </p>
   </div>
   <div class='ocr_carea' id='block_1_47' title="bbox 261 4648 1870 4719">
    <p class='ocr_par' dir='ltr' id='par_1_47' title="bbox 261 4648 1870 4719">
     <span class='ocr_line' id='line_1_47' title="bbox 261 4648 1870 4719; baseline 0.002 -17"><span class='ocrx_word' id='word_1_379' title='bbox 261 4664 370 4719; x_wconf 81' lang='lat' dir='ltr'><strong>quo</strong></span> <span class='ocrx_word' id='word_1_380' title='bbox 417 4657 573 4717; x_wconf 84' lang='lat' dir='ltr'><strong>pacto</strong></span> <span class='ocrx_word' id='word_1_381' title='bbox 621 4648 921 4718; x_wconf 90' lang='lat' dir='ltr'><strong>periculum</strong></span> <span class='ocrx_word' id='word_1_382' title='bbox 984 4663 1146 4702; x_wconf 85' lang='lat' dir='ltr'><strong>omne</strong></span> <span class='ocrx_word' id='word_1_383' title='bbox 1192 4648 1545 4718; x_wconf 86' lang='lat' dir='ltr'><strong>depellamus.</strong></span> <span class='ocrx_word' id='word_1_384' title='bbox 1596 4649 1870 4719; x_wconf 90' lang='lat' dir='ltr'><strong>Siquidem</strong></span> 
     </span>
    </p>
   </div>
   <div class='ocr_carea' id='block_1_48' title="bbox 263 4737 1872 4808">
    <p class='ocr_par' dir='ltr' id='par_1_48' title="bbox 263 4737 1872 4808">
     <span class='ocr_line' id='line_1_48' title="bbox 263 4737 1872 4808; baseline 0.002 -16"><span class='ocrx_word' id='word_1_385' title='bbox 263 4737 443 4808; x_wconf 81' lang='lat' dir='ltr'><strong>largiri</strong></span> <span class='ocrx_word' id='word_1_386' title='bbox 494 4738 779 4806; x_wconf 91' lang='lat' dir='ltr'><strong>pecuniam</strong></span> <span class='ocrx_word' id='word_1_387' title='bbox 813 4737 1118 4792; x_wconf 86' lang='lat' dir='ltr'><strong>hominibus</strong></span> <span class='ocrx_word' id='word_1_388' title='bbox 1146 4739 1197 4792; x_wconf 91' lang='lat' dir='ltr'><strong>in</strong></span> <span class='ocrx_word' id='word_1_389' title='bbox 1251 4739 1474 4808; x_wconf 72' lang='lat' dir='ltr'><strong>proclivi</strong></span> <span class='ocrx_word' id='word_1_390' title='bbox 1507 4747 1590 4794; x_wconf 88' lang='lat' dir='ltr'><strong>est</strong></span> <span class='ocrx_word' id='word_1_391' title='bbox 1620 4757 1634 4794; x_wconf 87' lang='lat'><strong>:</strong></span> <span class='ocrx_word' id='word_1_392' title='bbox 1665 4749 1721 4794; x_wconf 91' lang='lat' dir='ltr'><strong>at</strong></span> <span class='ocrx_word' id='word_1_393' title='bbox 1749 4756 1872 4795; x_wconf 88' lang='lat' dir='ltr'><strong>cor-</strong></span> 
     </span>
    </p>
   </div>
   <div class='ocr_carea' id='block_1_49' title="bbox 263 4829 1871 4900">
    <p class='ocr_par' dir='ltr' id='par_1_49' title="bbox 263 4829 1871 4900">
     <span class='ocr_line' id='line_1_49' title="bbox 263 4829 1871 4900; baseline 0.002 -15"><span class='ocrx_word' id='word_1_394' title='bbox 263 4832 442 4900; x_wconf 87' lang='lat' dir='ltr'><strong>rigere</strong></span> <span class='ocrx_word' id='word_1_395' title='bbox 478 4837 754 4894; x_wconf 89' lang='lat' dir='ltr'><strong>naturam,</strong></span> <span class='ocrx_word' id='word_1_396' title='bbox 784 4843 850 4884; x_wconf 86' lang='lat' dir='ltr'><strong>ac</strong></span> <span class='ocrx_word' id='word_1_397' title='bbox 875 4829 1036 4883; x_wconf 86' lang='lat' dir='ltr'><strong>talem</strong></span> <span class='ocrx_word' id='word_1_398' title='bbox 1065 4844 1356 4885; x_wconf 64' lang='lat' dir='ltr'><strong>maerorem</strong></span> <span class='ocrx_word' id='word_1_399' title='bbox 1379 4839 1640 4886; x_wconf 78' lang='lat' dir='ltr'><strong>excutere</strong></span> <span class='ocrx_word' id='word_1_400' title='bbox 1661 4875 1676 4899; x_wconf 94' lang='lat'><strong>,</strong></span> <span class='ocrx_word' id='word_1_401' title='bbox 1709 4833 1871 4889; x_wconf 90' lang='lat' dir='ltr'><strong>talem</strong></span> 
     </span>
    </p>
   </div>
   <div class='ocr_carea' id='block_1_50' title="bbox 263 4920 1872 4994">
    <p class='ocr_par' dir='ltr' id='par_1_50' title="bbox 263 4920 1872 4994">
     <span class='ocr_line' id='line_1_50' title="bbox 263 4920 1872 4994; baseline 0.002 -18"><span class='ocrx_word' id='word_1_402' title='bbox 263 4922 428 4976; x_wconf 83' lang='lat' dir='ltr'><strong>animi</strong></span> <span class='ocrx_word' id='word_1_403' title='bbox 451 4920 745 4976; x_wconf 87' lang='lat' dir='ltr'><strong>cruciatum</strong></span> <span class='ocrx_word' id='word_1_404' title='bbox 776 4921 990 4985; x_wconf 85' lang='lat' dir='ltr'><strong>tollere,</strong></span> <span class='ocrx_word' id='word_1_405' title='bbox 1010 4921 1243 4974; x_wconf 87' lang='lat' dir='ltr'><strong>animam</strong></span> <span class='ocrx_word' id='word_1_406' title='bbox 1267 4922 1485 4989; x_wconf 84' lang='lat' dir='ltr'><strong>jamjam</strong></span> <span class='ocrx_word' id='word_1_407' title='bbox 1511 4923 1872 4994; x_wconf 76' lang='lat' dir='ltr'><strong>collapsumm</strong></span> 
     </span>
    </p>
   </div>
   <div class='ocr_carea' id='block_1_51' title="bbox 263 5013 1872 5083">
    <p class='ocr_par' dir='ltr' id='par_1_51' title="bbox 263 5013 1872 5083">
     <span class='ocr_line' id='line_1_51' title="bbox 263 5013 1872 5083; baseline 0.001 -14"><span class='ocrx_word' id='word_1_408' title='bbox 263 5013 478 5083; x_wconf 83' lang='lat' dir='ltr'><strong>erigere</strong></span> <span class='ocrx_word' id='word_1_409' title='bbox 498 5052 514 5078; x_wconf 96' lang='lat'><strong>,</strong></span> <span class='ocrx_word' id='word_1_410' title='bbox 542 5013 672 5066; x_wconf 87' lang='lat' dir='ltr'><strong>nulli</strong></span> <span class='ocrx_word' id='word_1_411' title='bbox 692 5013 909 5074; x_wconf 82' lang='lat' dir='ltr'><strong>quidem</strong></span> <span class='ocrx_word' id='word_1_412' title='bbox 933 5014 1209 5067; x_wconf 83' lang='lat' dir='ltr'><strong>hominum</strong></span> <span class='ocrx_word' id='word_1_413' title='bbox 1232 5056 1245 5077; x_wconf 92' lang='lat'><strong>,</strong></span> <span class='ocrx_word' id='word_1_414' title='bbox 1269 5014 1365 5069; x_wconf 84' lang='lat' dir='ltr'><strong>sed</strong></span> <span class='ocrx_word' id='word_1_415' title='bbox 1397 5016 1497 5069; x_wconf 91' lang='lat' dir='ltr'><strong>soli</strong></span> <span class='ocrx_word' id='word_1_416' title='bbox 1527 5027 1731 5071; x_wconf 77' lang='lat' dir='ltr'><strong>natura:</strong></span> <span class='ocrx_word' id='word_1_417' title='bbox 1763 5017 1872 5070; x_wconf 82' lang='lat' dir='ltr'><strong>Do-</strong></span> 
     </span>
    </p>
   </div>
   <div class='ocr_carea' id='block_1_52' title="bbox 267 5091 1874 5163">
    <p class='ocr_par' dir='ltr' id='par_1_52' title="bbox 267 5091 1874 5163">
     <span class='ocr_line' id='line_1_52' title="bbox 267 5091 1874 5163; baseline 0.002 -4"><span class='ocrx_word' id='word_1_418' title='bbox 267 5105 416 5160; x_wconf 89' lang='lat' dir='ltr'><strong>mino</strong></span> <span class='ocrx_word' id='word_1_419' title='bbox 447 5104 498 5158; x_wconf 92' lang='lat' dir='ltr'><strong>in</strong></span> <span class='ocrx_word' id='word_1_420' title='bbox 541 5119 700 5157; x_wconf 90' lang='lat' dir='ltr'><strong>manu</strong></span> <span class='ocrx_word' id='word_1_421' title='bbox 727 5115 829 5158; x_wconf 84' lang='lat' dir='ltr'><strong>est.</strong></span> <span class='ocrx_word' id='word_1_422' title='bbox 856 5104 934 5158; x_wconf 84' lang='lat' dir='ltr'><strong>Tu</strong></span> <span class='ocrx_word' id='word_1_423' title='bbox 964 5119 1094 5158; x_wconf 86' lang='lat' dir='ltr'><strong>vero</strong></span> <span class='ocrx_word' id='word_1_424' title='bbox 1123 5107 1168 5158; x_wconf 84' lang='lat' dir='ltr'><strong>si</strong></span> <span class='ocrx_word' id='word_1_425' title='bbox 1213 5121 1336 5160; x_wconf 91' lang='lat' dir='ltr'><strong>cum</strong></span> <span class='ocrx_word' id='word_1_426' title='bbox 1371 5091 1571 5161; x_wconf 86' lang='lat' dir='ltr'><strong>morbo</strong></span> <span class='ocrx_word' id='word_1_427' title='bbox 1628 5108 1874 5163; x_wconf 76' lang='lat' dir='ltr'><strong>‘aboraus</strong></span> 
     </span>
    </p>
   </div>
   <div class='ocr_carea' id='block_1_53' title="bbox 265 5193 1874 5268">
    <p class='ocr_par' dir='ltr' id='par_1_53' title="bbox 265 5193 1874 5268">
     <span class='ocr_line' id='line_1_53' title="bbox 265 5193 1874 5268; baseline 0.003 -19"><span class='ocrx_word' id='word_1_428' title='bbox 265 5193 590 5261; x_wconf 77' lang='lat' dir='ltr'><strong>insanabili,</strong></span> <span class='ocrx_word' id='word_1_429' title='bbox 628 5209 875 5263; x_wconf 80' lang='lat' dir='ltr'><strong>percursa</strong></span> <span class='ocrx_word' id='word_1_430' title='bbox 905 5204 1014 5248; x_wconf 92' lang='lat' dir='ltr'><strong>tota</strong></span> <span class='ocrx_word' id='word_1_431' title='bbox 1049 5196 1262 5250; x_wconf 73' lang='lat' dir='ltr'><strong>civitate</strong></span> <span class='ocrx_word' id='word_1_432' title='bbox 1291 5199 1547 5266; x_wconf 82' lang='lat' dir='ltr'><strong>pecunias</strong></span> <span class='ocrx_word' id='word_1_433' title='bbox 1579 5198 1874 5268; x_wconf 87' lang='lat' dir='ltr'><strong>impendis-</strong></span> 
     </span>
    </p>
   </div>
   <div class='ocr_carea' id='block_1_54' title="bbox 267 5284 1872 5354">
    <p class='ocr_par' dir='ltr' id='par_1_54' title="bbox 267 5284 1872 5354">
     <span class='ocr_line' id='line_1_54' title="bbox 267 5284 1872 5354; baseline 0.002 -13"><span class='ocrx_word' id='word_1_434' title='bbox 267 5299 377 5349; x_wconf 82' lang='lat' dir='ltr'><strong>ses,</strong></span> <span class='ocrx_word' id='word_1_435' title='bbox 403 5285 639 5354; x_wconf 86' lang='lat' dir='ltr'><strong>pluribus</strong></span> <span class='ocrx_word' id='word_1_436' title='bbox 661 5295 816 5340; x_wconf 84' lang='lat' dir='ltr'><strong>utens</strong></span> <span class='ocrx_word' id='word_1_437' title='bbox 848 5284 1091 5353; x_wconf 87' lang='lat' dir='ltr'><strong>medicis,</strong></span> <span class='ocrx_word' id='word_1_438' title='bbox 1127 5302 1225 5341; x_wconf 92' lang='lat' dir='ltr'><strong>nec</strong></span> <span class='ocrx_word' id='word_1_439' title='bbox 1259 5289 1428 5341; x_wconf 92' lang='lat' dir='ltr'><strong>ullum</strong></span> <span class='ocrx_word' id='word_1_440' title='bbox 1464 5289 1587 5342; x_wconf 88' lang='lat' dir='ltr'><strong>mali</strong></span> <span class='ocrx_word' id='word_1_441' title='bbox 1621 5290 1872 5344; x_wconf 69' lang='lat' dir='ltr'><strong>solatium</strong></span> 
     </span>
    </p>
   </div>
   <div class='ocr_carea' id='block_1_55' title="bbox 269 5376 1872 5450">
    <p class='ocr_par' dir='ltr' id='par_1_55' title="bbox 269 5376 1872 5450">
     <span class='ocr_line' id='line_1_55' title="bbox 269 5376 1872 5450; baseline 0.003 -19"><span class='ocrx_word' id='word_1_442' title='bbox 269 5377 562 5446; x_wconf 72' lang='lat' dir='ltr'><strong>reperisses</strong></span> <span class='ocrx_word' id='word_1_443' title='bbox 581 5419 596 5442; x_wconf 87' lang='lat'><strong>,</strong></span> <span class='ocrx_word' id='word_1_444' title='bbox 636 5387 821 5447; x_wconf 88' lang='lat' dir='ltr'><strong>postea</strong></span> <span class='ocrx_word' id='word_1_445' title='bbox 853 5376 1118 5433; x_wconf 87' lang='lat' dir='ltr'><strong>iucideres</strong></span> <span class='ocrx_word' id='word_1_446' title='bbox 1156 5381 1208 5434; x_wconf 91' lang='lat' dir='ltr'><strong>in</strong></span> <span class='ocrx_word' id='word_1_447' title='bbox 1254 5381 1534 5436; x_wconf 89' lang='lat' dir='ltr'><strong>mulierem</strong></span> <span class='ocrx_word' id='word_1_448' title='bbox 1560 5423 1574 5444; x_wconf 96' lang='lat'><strong>,</strong></span> <span class='ocrx_word' id='word_1_449' title='bbox 1602 5397 1721 5450; x_wconf 67' lang='lat' dir='ltr'><strong>qua:</strong></span> <span class='ocrx_word' id='word_1_450' title='bbox 1749 5397 1872 5436; x_wconf 89' lang='lat' dir='ltr'><strong>cum</strong></span> 
     </span>
    </p>
   </div>
   <div class='ocr_carea' id='block_1_56' title="bbox 270 5468 1876 5536">
    <p class='ocr_par' dir='ltr' id='par_1_56' title="bbox 270 5468 1876 5536">
     <span class='ocr_line' id='line_1_56' title="bbox 270 5468 1876 5536; baseline 0.002 -12"><span class='ocrx_word' id='word_1_451' title='bbox 270 5468 464 5524; x_wconf 82' lang='lat' dir='ltr'><strong>eodem</strong></span> <span class='ocrx_word' id='word_1_452' title='bbox 493 5468 683 5523; x_wconf 87' lang='lat' dir='ltr'><strong>morbo</strong></span> <span class='ocrx_word' id='word_1_453' title='bbox 722 5478 1020 5535; x_wconf 83' lang='lat' dir='ltr'><strong>teneretur,</strong></span> <span class='ocrx_word' id='word_1_454' title='bbox 1053 5471 1273 5525; x_wconf 89' lang='lat' dir='ltr'><strong>liberata</strong></span> <span class='ocrx_word' id='word_1_455' title='bbox 1306 5475 1397 5536; x_wconf 88' lang='lat' dir='ltr'><strong>sit,</strong></span> <span class='ocrx_word' id='word_1_456' title='bbox 1441 5489 1547 5527; x_wconf 92' lang='lat' dir='ltr'><strong>non</strong></span> <span class='ocrx_word' id='word_1_457' title='bbox 1603 5474 1876 5528; x_wconf 88' lang='lat' dir='ltr'><strong>desineres</strong></span> 
     </span>
    </p>
   </div>
   <div class='ocr_carea' id='block_1_57' title="bbox 269 5560 1876 5630">
    <p class='ocr_par' dir='ltr' id='par_1_57' title="bbox 269 5560 1876 5630">
     <span class='ocr_line' id='line_1_57' title="bbox 269 5560 1876 5630; baseline 0.002 -15"><span class='ocrx_word' id='word_1_458' title='bbox 269 5560 558 5615; x_wconf 85' lang='lat' dir='ltr'><strong>obsecrare</strong></span> <span class='ocrx_word' id='word_1_459' title='bbox 578 5601 594 5626; x_wconf 93' lang='lat'><strong>,</strong></span> <span class='ocrx_word' id='word_1_460' title='bbox 622 5576 829 5630; x_wconf 87' lang='lat' dir='ltr'><strong>rogare,</strong></span> <span class='ocrx_word' id='word_1_461' title='bbox 883 5561 1155 5616; x_wconf 88' lang='lat' dir='ltr'><strong>exhortari</strong></span> <span class='ocrx_word' id='word_1_462' title='bbox 1184 5605 1196 5624; x_wconf 91' lang='lat'><strong>,</strong></span> <span class='ocrx_word' id='word_1_463' title='bbox 1225 5573 1278 5615; x_wconf 89' lang='lat' dir='ltr'><strong>ut</strong></span> <span class='ocrx_word' id='word_1_464' title='bbox 1320 5580 1440 5622; x_wconf 81' lang='lat' dir='ltr'><strong>eum</strong></span> <span class='ocrx_word' id='word_1_465' title='bbox 1474 5564 1565 5618; x_wconf 88' lang='lat' dir='ltr'><strong>tibi</strong></span> <span class='ocrx_word' id='word_1_466' title='bbox 1595 5580 1876 5619; x_wconf 83' lang='lat' dir='ltr'><strong>common-</strong></span> 
     </span>
    </p>
   </div>
   <div class='ocr_carea' id='block_1_58' title="bbox 271 5651 1874 5722">
    <p class='ocr_par' dir='ltr' id='par_1_58' title="bbox 271 5651 1874 5722">
     <span class='ocr_line' id='line_1_58' title="bbox 271 5651 1874 5722; baseline 0.001 -15"><span class='ocrx_word' id='word_1_467' title='bbox 271 5660 492 5716; x_wconf 86' lang='lat' dir='ltr'><strong>straret,</strong></span> <span class='ocrx_word' id='word_1_468' title='bbox 522 5651 674 5719; x_wconf 91' lang='lat' dir='ltr'><strong>cujus</strong></span> <span class='ocrx_word' id='word_1_469' title='bbox 713 5668 873 5722; x_wconf 86' lang='lat' dir='ltr'><strong>Opera</strong></span> <span class='ocrx_word' id='word_1_470' title='bbox 914 5651 1104 5707; x_wconf 90' lang='lat' dir='ltr'><strong>fuisset</strong></span> <span class='ocrx_word' id='word_1_471' title='bbox 1151 5663 1334 5708; x_wconf 85' lang='lat' dir='ltr'><strong>sanata</strong></span> <span class='ocrx_word' id='word_1_472' title='bbox 1363 5672 1376 5706; x_wconf 90' lang='lat'><strong>:</strong></span> <span class='ocrx_word' id='word_1_473' title='bbox 1410 5669 1553 5708; x_wconf 87' lang='lat' dir='ltr'><strong>nunc</strong></span> <span class='ocrx_word' id='word_1_474' title='bbox 1599 5672 1726 5709; x_wconf 87' lang='lat' dir='ltr'><strong>vero</strong></span> <span class='ocrx_word' id='word_1_475' title='bbox 1754 5672 1874 5709; x_wconf 91' lang='lat' dir='ltr'><strong>cum</strong></span> 
     </span>
    </p>
   </div>
   <div class='ocr_carea' id='block_1_59' title="bbox 272 5741 1875 5814">
    <p class='ocr_par' dir='ltr' id='par_1_59' title="bbox 272 5741 1875 5814">
     <span class='ocr_line' id='line_1_59' title="bbox 272 5741 1875 5814; baseline 0.004 -18"><span class='ocrx_word' id='word_1_476' title='bbox 272 5741 457 5797; x_wconf 80' lang='lat' dir='ltr'><strong>videas</strong></span> <span class='ocrx_word' id='word_1_477' title='bbox 483 5744 690 5796; x_wconf 83' lang='lat' dir='ltr'><strong>Annam</strong></span> <span class='ocrx_word' id='word_1_478' title='bbox 733 5746 784 5798; x_wconf 91' lang='lat' dir='ltr'><strong>in</strong></span> <span class='ocrx_word' id='word_1_479' title='bbox 815 5744 993 5798; x_wconf 88' lang='lat' dir='ltr'><strong>medio</strong></span> <span class='ocrx_word' id='word_1_480' title='bbox 1022 5754 1252 5798; x_wconf 76' lang='lat' dir='ltr'><strong>stantem</strong></span> <span class='ocrx_word' id='word_1_481' title='bbox 1281 5791 1292 5810; x_wconf 81' lang='lat'><strong>,</strong></span> <span class='ocrx_word' id='word_1_482' title='bbox 1321 5761 1589 5814; x_wconf 86' lang='lat' dir='ltr'><strong>suumque</strong></span> <span class='ocrx_word' id='word_1_483' title='bbox 1629 5747 1875 5802; x_wconf 88' lang='lat' dir='ltr'><strong>morbum</strong></span> 
     </span>
    </p>
   </div>
   <div class='ocr_carea' id='block_1_60' title="bbox 269 5833 1870 5907">
    <p class='ocr_par' dir='ltr' id='par_1_60' title="bbox 269 5833 1870 5907">
     <span class='ocr_line' id='line_1_60' title="bbox 269 5833 1870 5907; baseline 0.002 -22"><span class='ocrx_word' id='word_1_484' title='bbox 269 5843 634 5900; x_wconf 77' lang='lat' dir='ltr'><strong>enarranteiu,</strong></span> <span class='ocrx_word' id='word_1_485' title='bbox 654 5841 706 5888; x_wconf 89' lang='lat' dir='ltr'><strong>et</strong></span> <span class='ocrx_word' id='word_1_486' title='bbox 726 5833 970 5904; x_wconf 83' lang='lat' dir='ltr'><strong>ejusdem</strong></span> <span class='ocrx_word' id='word_1_487' title='bbox 1005 5834 1298 5891; x_wconf 85' lang='lat' dir='ltr'><strong>remedium</strong></span> <span class='ocrx_word' id='word_1_488' title='bbox 1331 5847 1870 5907; x_wconf 86' lang='lat' dir='ltr'><strong>commemorantem,</strong></span> 
     </span>
    </p>
   </div>
   <div class='ocr_carea' id='block_1_61' title="bbox 1554 412 2272 471">
    <p class='ocr_par' dir='ltr' id='par_1_61' title="bbox 1554 412 2272 471">
     <span class='ocr_line' id='line_1_61' title="bbox 1554 412 2272 471; baseline -0.001 0"><span class='ocrx_word' id='word_1_489' title='bbox 1554 417 1642 471; x_wconf 72' lang='grc' dir='ltr'>ιιι-ς</span> <span class='ocrx_word' id='word_1_490' title='bbox 1682 412 1867 471; x_wconf 75' lang='grc' dir='ltr'><strong>ΑΝΝΑ</strong></span> <span class='ocrx_word' id='word_1_491' title='bbox 1907 412 2145 469; x_wconf 67' lang='lat' dir='ltr'><strong>SER)!&quot;</strong></span> <span class='ocrx_word' id='word_1_492' title='bbox 2182 412 2272 470; x_wconf 86' lang='grc' dir='ltr'>ιιι.</span> 
     </span>
    </p>
   </div>
   <div class='ocr_carea' id='block_1_62' title="bbox 3489 419 3598 479">
    <p class='ocr_par' dir='ltr' id='par_1_62' title="bbox 3489 419 3598 479">
     <span class='ocr_line' id='line_1_62' title="bbox 3489 419 3598 479; baseline 0.037 -3"><span class='ocrx_word' id='word_1_493' title='bbox 3489 419 3598 479; x_wconf 67' lang='grc' dir='ltr'><strong>ϐω</strong></span> 
     </span>
    </p>
   </div>
   <div class='ocr_carea' id='block_1_63' title="bbox 1991 529 3595 595">
    <p class='ocr_par' dir='ltr' id='par_1_63' title="bbox 1991 529 3595 595">
     <span class='ocr_line' id='line_1_63' title="bbox 1991 529 3595 595; baseline 0.003 -12"><span class='ocrx_word' id='word_1_494' title='bbox 1991 545 2056 585; x_wconf 89' lang='lat' dir='ltr'><strong>ac</strong></span> <span class='ocrx_word' id='word_1_495' title='bbox 2083 529 2348 584; x_wconf 68' lang='lat' dir='ltr'><strong>medicum</strong></span> <span class='ocrx_word' id='word_1_496' title='bbox 2389 537 2936 595; x_wconf 84' lang='lat' dir='ltr'><strong>commonstrantem,</strong></span> <span class='ocrx_word' id='word_1_497' title='bbox 2993 529 3154 586; x_wconf 83' lang='lat' dir='ltr'><strong>nullis</strong></span> <span class='ocrx_word' id='word_1_498' title='bbox 3201 529 3595 588; x_wconf 75' lang='lat' dir='ltr'><strong>obsecrationi-</strong></span> 
     </span>
    </p>
   </div>
   <div class='ocr_carea' id='block_1_64' title="bbox 1983 622 3597 693">
    <p class='ocr_par' dir='ltr' id='par_1_64' title="bbox 1983 622 3597 693">
     <span class='ocr_line' id='line_1_64' title="bbox 1983 622 3597 693; baseline 0.002 -16"><span class='ocrx_word' id='word_1_499' title='bbox 1983 624 2114 685; x_wconf 72' lang='lat' dir='ltr'><strong>bus,</strong></span> <span class='ocrx_word' id='word_1_500' title='bbox 2165 623 2327 678; x_wconf 87' lang='lat' dir='ltr'><strong>nullis</strong></span> <span class='ocrx_word' id='word_1_501' title='bbox 2390 623 2639 693; x_wconf 82' lang='lat' dir='ltr'><strong>precibus</strong></span> <span class='ocrx_word' id='word_1_502' title='bbox 2689 622 3012 690; x_wconf 86' lang='lat' dir='ltr'><strong>adductam,</strong></span> <span class='ocrx_word' id='word_1_503' title='bbox 3071 637 3176 678; x_wconf 89' lang='lat' dir='ltr'><strong>non</strong></span> <span class='ocrx_word' id='word_1_504' title='bbox 3222 627 3449 680; x_wconf 75' lang='lat' dir='ltr'><strong>accedes</strong></span> <span class='ocrx_word' id='word_1_505' title='bbox 3506 639 3597 681; x_wconf 89' lang='lat' dir='ltr'><strong>ac-</strong></span> 
     </span>
    </p>
   </div>
   <div class='ocr_carea' id='block_1_65' title="bbox 1980 713 3591 782">
    <p class='ocr_par' dir='ltr' id='par_1_65' title="bbox 1980 713 3591 782">
     <span class='ocr_line' id='line_1_65' title="bbox 1980 713 3591 782; baseline 0.003 -14"><span class='ocrx_word' id='word_1_506' title='bbox 1980 723 2201 782; x_wconf 79' lang='lat' dir='ltr'><strong>ceptura</strong></span> <span class='ocrx_word' id='word_1_507' title='bbox 2249 713 2547 768; x_wconf 86' lang='lat' dir='ltr'><strong>remedium</strong></span> <span class='ocrx_word' id='word_1_508' title='bbox 2575 754 2590 780; x_wconf 93' lang='lat'><strong>,</strong></span> <span class='ocrx_word' id='word_1_509' title='bbox 2620 729 2720 770; x_wconf 90' lang='lat' dir='ltr'><strong>nec</strong></span> <span class='ocrx_word' id='word_1_510' title='bbox 2764 715 2952 769; x_wconf 86' lang='lat' dir='ltr'><strong>audies</strong></span> <span class='ocrx_word' id='word_1_511' title='bbox 3001 724 3109 768; x_wconf 90' lang='lat' dir='ltr'><strong>tota</strong></span> <span class='ocrx_word' id='word_1_512' title='bbox 3139 728 3262 770; x_wconf 90' lang='lat' dir='ltr'><strong>cum</strong></span> <span class='ocrx_word' id='word_1_513' title='bbox 3288 716 3591 773; x_wconf 84' lang='lat' dir='ltr'><strong>attentione</strong></span> 
     </span>
    </p>
   </div>
   <div class='ocr_carea' id='block_1_66' title="bbox 1983 805 3596 876">
    <p class='ocr_par' dir='ltr' id='par_1_66' title="bbox 1983 805 3596 876">
     <span class='ocr_line' id='line_1_66' title="bbox 1983 805 3596 876; baseline 0.004 -18"><span class='ocrx_word' id='word_1_514' title='bbox 1983 805 2299 859; x_wconf 83' lang='lat' dir='ltr'><strong>historiam?</strong></span> <span class='ocrx_word' id='word_1_515' title='bbox 2348 805 2416 860; x_wconf 83' lang='lat' dir='ltr'><strong>Et</strong></span> <span class='ocrx_word' id='word_1_516' title='bbox 2467 806 2595 876; x_wconf 89' lang='lat' dir='ltr'><strong>quid</strong></span> <span class='ocrx_word' id='word_1_517' title='bbox 2651 822 2905 876; x_wconf 87' lang='lat' dir='ltr'><strong>umquam</strong></span> <span class='ocrx_word' id='word_1_518' title='bbox 2956 807 3078 861; x_wconf 90' lang='lat' dir='ltr'><strong>boni</strong></span> <span class='ocrx_word' id='word_1_519' title='bbox 3133 806 3338 876; x_wconf 87' lang='lat' dir='ltr'><strong>poteris</strong></span> <span class='ocrx_word' id='word_1_520' title='bbox 3394 822 3596 866; x_wconf 83' lang='lat' dir='ltr'><strong>conse-</strong></span> 
     </span>
    </p>
   </div>
   <div class='ocr_carea' id='block_1_67' title="bbox 1979 895 3595 967">
    <p class='ocr_par' dir='ltr' id='par_1_67' title="bbox 1979 895 3595 967">
     <span class='ocr_line' id='line_1_67' title="bbox 1979 895 3595 967; baseline 0.006 -22"><span class='ocrx_word' id='word_1_521' title='bbox 1979 895 2110 964; x_wconf 79' lang='lat' dir='ltr'><strong>qui?</strong></span> <span class='ocrx_word' id='word_1_522' title='bbox 2158 900 2227 948; x_wconf 81' lang='grc' dir='ltr'>Αι</span> <span class='ocrx_word' id='word_1_523' title='bbox 2261 896 2349 950; x_wconf 86' lang='lat' dir='ltr'><strong>alii</strong></span> <span class='ocrx_word' id='word_1_524' title='bbox 2394 895 2702 967; x_wconf 82' lang='lat' dir='ltr'><strong>frequenter</strong></span> <span class='ocrx_word' id='word_1_525' title='bbox 2741 911 2930 966; x_wconf 85' lang='lat' dir='ltr'><strong>magna</strong></span> <span class='ocrx_word' id='word_1_526' title='bbox 2979 899 3145 952; x_wconf 86' lang='lat' dir='ltr'><strong>etiam</strong></span> <span class='ocrx_word' id='word_1_527' title='bbox 3205 897 3415 954; x_wconf 77' lang='lat' dir='ltr'><strong>emensi</strong></span> <span class='ocrx_word' id='word_1_528' title='bbox 3467 909 3595 954; x_wconf 76' lang='lat' dir='ltr'><strong>sunt</strong></span> 
     </span>
    </p>
   </div>
   <div class='ocr_carea' id='block_1_68' title="bbox 1981 987 3596 1060">
    <p class='ocr_par' dir='ltr' id='par_1_68' title="bbox 1981 987 3596 1060">
     <span class='ocr_line' id='line_1_68' title="bbox 1981 987 3596 1060; baseline 0.003 -20"><span class='ocrx_word' id='word_1_529' title='bbox 1981 989 2145 1040; x_wconf 86' lang='lat' dir='ltr'><strong>maria</strong></span> <span class='ocrx_word' id='word_1_530' title='bbox 2172 1029 2187 1051; x_wconf 93' lang='lat'><strong>,</strong></span> <span class='ocrx_word' id='word_1_531' title='bbox 2221 987 2537 1057; x_wconf 89' lang='lat' dir='ltr'><strong>longinquas</strong></span> <span class='ocrx_word' id='word_1_532' title='bbox 2565 991 3026 1060; x_wconf 88' lang='lat' dir='ltr'><strong>peregrinationes</strong></span> <span class='ocrx_word' id='word_1_533' title='bbox 3057 998 3418 1060; x_wconf 83' lang='lat' dir='ltr'><strong>susceperunt</strong></span> <span class='ocrx_word' id='word_1_534' title='bbox 3438 1033 3453 1057; x_wconf 91' lang='lat'><strong>,</strong></span> <span class='ocrx_word' id='word_1_535' title='bbox 3502 1006 3596 1060; x_wconf 88' lang='lat' dir='ltr'><strong>pe-</strong></span> 
     </span>
    </p>
   </div>
   <div class='ocr_carea' id='block_1_69' title="bbox 1978 1080 3594 1156">
    <p class='ocr_par' dir='ltr' id='par_1_69' title="bbox 1978 1080 3594 1156">
     <span class='ocr_line' id='line_1_69' title="bbox 1978 1080 3594 1156; baseline 0.006 -27"><span class='ocrx_word' id='word_1_536' title='bbox 1978 1080 2165 1133; x_wconf 90' lang='lat' dir='ltr'><strong>cunias</strong></span> <span class='ocrx_word' id='word_1_537' title='bbox 2213 1080 2624 1148; x_wconf 86' lang='lat' dir='ltr'><strong>impenderunt,</strong></span> <span class='ocrx_word' id='word_1_538' title='bbox 2675 1081 2889 1156; x_wconf 84' lang='lat' dir='ltr'><strong>labores</strong></span> <span class='ocrx_word' id='word_1_539' title='bbox 2935 1083 3174 1151; x_wconf 84' lang='lat' dir='ltr'><strong>perpessi</strong></span> <span class='ocrx_word' id='word_1_540' title='bbox 3209 1091 3369 1146; x_wconf 90' lang='lat' dir='ltr'><strong>sunt,</strong></span> <span class='ocrx_word' id='word_1_541' title='bbox 3405 1091 3460 1137; x_wconf 93' lang='lat' dir='ltr'><strong>ut</strong></span> <span class='ocrx_word' id='word_1_542' title='bbox 3486 1098 3594 1138; x_wconf 87' lang='lat' dir='ltr'><strong>me-</strong></span> 
     </span>
    </p>
   </div>
   <div class='ocr_carea' id='block_1_70' title="bbox 1979 1169 3591 1244">
    <p class='ocr_par' dir='ltr' id='par_1_70' title="bbox 1979 1169 3591 1244">
     <span class='ocr_line' id='line_1_70' title="bbox 1979 1169 3591 1244; baseline 0.001 -20"><span class='ocrx_word' id='word_1_543' title='bbox 1979 1169 2156 1224; x_wconf 87' lang='lat' dir='ltr'><strong>dicum</strong></span> <span class='ocrx_word' id='word_1_544' title='bbox 2203 1185 2382 1224; x_wconf 72' lang='lat' dir='ltr'><strong>comm</strong></span> <span class='ocrx_word' id='word_1_545' title='bbox 2405 1181 2689 1226; x_wconf 52' lang='lat' dir='ltr'><strong>instratum</strong></span> <span class='ocrx_word' id='word_1_546' title='bbox 2723 1173 2774 1226; x_wconf 89' lang='lat' dir='ltr'><strong>in</strong></span> <span class='ocrx_word' id='word_1_547' title='bbox 2805 1173 3090 1244; x_wconf 84' lang='lat' dir='ltr'><strong>peregrina</strong></span> <span class='ocrx_word' id='word_1_548' title='bbox 3123 1172 3344 1242; x_wconf 87' lang='lat' dir='ltr'><strong>regione</strong></span> <span class='ocrx_word' id='word_1_549' title='bbox 3371 1174 3591 1243; x_wconf 88' lang='lat' dir='ltr'><strong>conspi-</strong></span> 
     </span>
    </p>
   </div>
   <div class='ocr_carea' id='block_1_71' title="bbox 1976 1263 3591 1333">
    <p class='ocr_par' dir='ltr' id='par_1_71' title="bbox 1976 1263 3591 1333">
     <span class='ocr_line' id='line_1_71' title="bbox 1976 1263 3591 1333; baseline 0.002 -18"><span class='ocrx_word' id='word_1_550' title='bbox 1976 1270 2184 1324; x_wconf 85' lang='lat' dir='ltr'><strong>cerent,</strong></span> <span class='ocrx_word' id='word_1_551' title='bbox 2216 1263 2376 1333; x_wconf 89' lang='lat' dir='ltr'><strong>idque</strong></span> <span class='ocrx_word' id='word_1_552' title='bbox 2401 1279 2524 1317; x_wconf 91' lang='lat' dir='ltr'><strong>cum</strong></span> <span class='ocrx_word' id='word_1_553' title='bbox 2548 1280 2654 1318; x_wconf 91' lang='lat' dir='ltr'><strong>non</strong></span> <span class='ocrx_word' id='word_1_554' title='bbox 2683 1264 2974 1319; x_wconf 83' lang='lat' dir='ltr'><strong>admodum</strong></span> <span class='ocrx_word' id='word_1_555' title='bbox 3001 1273 3147 1320; x_wconf 89' lang='lat' dir='ltr'><strong>certa</strong></span> <span class='ocrx_word' id='word_1_556' title='bbox 3175 1276 3319 1320; x_wconf 89' lang='lat' dir='ltr'><strong>esset</strong></span> <span class='ocrx_word' id='word_1_557' title='bbox 3353 1265 3548 1321; x_wconf 89' lang='lat' dir='ltr'><strong>ﬁducia</strong></span> <span class='ocrx_word' id='word_1_558' title='bbox 3575 1307 3591 1331; x_wconf 90' lang='lat'><strong>,</strong></span> 
     </span>
    </p>
   </div>
   <div class='ocr_carea' id='block_1_72' title="bbox 1978 1355 3590 1430">
    <p class='ocr_par' dir='ltr' id='par_1_72' title="bbox 1978 1355 3590 1430">
     <span class='ocr_line' id='line_1_72' title="bbox 1978 1355 3590 1430; baseline 0.003 -25"><span class='ocrx_word' id='word_1_559' title='bbox 1978 1364 2038 1406; x_wconf 92' lang='lat' dir='ltr'><strong>ut</strong></span> <span class='ocrx_word' id='word_1_560' title='bbox 2063 1368 2281 1421; x_wconf 91' lang='lat' dir='ltr'><strong>prorsus</strong></span> <span class='ocrx_word' id='word_1_561' title='bbox 2309 1356 2499 1408; x_wconf 90' lang='lat' dir='ltr'><strong>morbo</strong></span> <span class='ocrx_word' id='word_1_562' title='bbox 2538 1355 2897 1409; x_wconf 89' lang='lat' dir='ltr'><strong>liberarentur</strong></span> <span class='ocrx_word' id='word_1_563' title='bbox 2926 1371 2939 1408; x_wconf 89' lang='lat'><strong>:</strong></span> <span class='ocrx_word' id='word_1_564' title='bbox 2975 1366 3025 1410; x_wconf 88' lang='lat' dir='ltr'><strong>at</strong></span> <span class='ocrx_word' id='word_1_565' title='bbox 3053 1364 3129 1421; x_wconf 93' lang='lat' dir='ltr'><strong>tu,</strong></span> <span class='ocrx_word' id='word_1_566' title='bbox 3159 1372 3192 1408; x_wconf 91' lang='grc' dir='ltr'><strong>ο</strong></span> <span class='ocrx_word' id='word_1_567' title='bbox 3215 1357 3432 1430; x_wconf 56' lang='lat' dir='ltr'><strong>mulier,</strong></span> <span class='ocrx_word' id='word_1_568' title='bbox 3465 1371 3590 1411; x_wconf 91' lang='lat' dir='ltr'><strong>cum</strong></span> 
     </span>
    </p>
   </div>
   <div class='ocr_carea' id='block_1_73' title="bbox 1977 1444 3590 1514">
    <p class='ocr_par' dir='ltr' id='par_1_73' title="bbox 1977 1444 3590 1514">
     <span class='ocr_line' id='line_1_73' title="bbox 1977 1444 3590 1514; baseline 0.004 -17"><span class='ocrx_word' id='word_1_569' title='bbox 1977 1459 2084 1497; x_wconf 92' lang='lat' dir='ltr'><strong>non</strong></span> <span class='ocrx_word' id='word_1_570' title='bbox 2113 1444 2188 1498; x_wconf 89' lang='lat' dir='ltr'><strong>sis</strong></span> <span class='ocrx_word' id='word_1_571' title='bbox 2217 1445 2410 1498; x_wconf 91' lang='lat' dir='ltr'><strong>initura</strong></span> <span class='ocrx_word' id='word_1_572' title='bbox 2437 1446 2822 1514; x_wconf 86' lang='lat' dir='ltr'><strong>profectionem</strong></span> <span class='ocrx_word' id='word_1_573' title='bbox 2847 1449 3259 1503; x_wconf 87' lang='lat' dir='ltr'><strong>transmarinam</strong></span> <span class='ocrx_word' id='word_1_574' title='bbox 3286 1493 3301 1514; x_wconf 96' lang='lat'><strong>,</strong></span> <span class='ocrx_word' id='word_1_575' title='bbox 3329 1465 3427 1504; x_wconf 88' lang='lat' dir='ltr'><strong>nec</strong></span> <span class='ocrx_word' id='word_1_576' title='bbox 3451 1449 3590 1504; x_wconf 87' lang='lat' dir='ltr'><strong>ultra</strong></span> 
     </span>
    </p>
   </div>
   <div class='ocr_carea' id='block_1_74' title="bbox 1978 1535 3586 1609">
    <p class='ocr_par' dir='ltr' id='par_1_74' title="bbox 1978 1535 3586 1609">
     <span class='ocr_line' id='line_1_74' title="bbox 1978 1535 3586 1609; baseline 0.005 -22"><span class='ocrx_word' id='word_1_577' title='bbox 1978 1536 2162 1603; x_wconf 67' lang='lat' dir='ltr'><strong>patriae</strong></span> <span class='ocrx_word' id='word_1_578' title='bbox 2195 1535 2328 1591; x_wconf 76' lang='lat' dir='ltr'><strong>ﬁnes</strong></span> <span class='ocrx_word' id='word_1_579' title='bbox 2357 1536 2745 1607; x_wconf 79' lang='lat' dir='ltr'><strong>demigratum,</strong></span> <span class='ocrx_word' id='word_1_580' title='bbox 2779 1553 2877 1592; x_wconf 88' lang='lat' dir='ltr'><strong>nec</strong></span> <span class='ocrx_word' id='word_1_581' title='bbox 2909 1539 3146 1593; x_wconf 88' lang='lat' dir='ltr'><strong>laborem</strong></span> <span class='ocrx_word' id='word_1_582' title='bbox 3193 1540 3428 1594; x_wconf 83' lang='lat' dir='ltr'><strong>similem</strong></span> <span class='ocrx_word' id='word_1_583' title='bbox 3462 1555 3586 1609; x_wconf 89' lang='lat' dir='ltr'><strong>pcr-</strong></span> 
     </span>
    </p>
   </div>
   <div class='ocr_carea' id='block_1_75' title="bbox 1975 1630 3590 1700">
    <p class='ocr_par' dir='ltr' id='par_1_75' title="bbox 1975 1630 3590 1700">
     <span class='ocr_line' id='line_1_75' title="bbox 1975 1630 3590 1700; baseline 0.002 -18"><span class='ocrx_word' id='word_1_584' title='bbox 1975 1643 2230 1698; x_wconf 87' lang='lat' dir='ltr'><strong>pcssura:</strong></span> <span class='ocrx_word' id='word_1_585' title='bbox 2261 1643 2313 1684; x_wconf 92' lang='lat' dir='ltr'><strong>et</strong></span> <span class='ocrx_word' id='word_1_586' title='bbox 2351 1630 2478 1700; x_wconf 91' lang='lat' dir='ltr'><strong>quid</strong></span> <span class='ocrx_word' id='word_1_587' title='bbox 2513 1630 2656 1693; x_wconf 80' lang='lat' dir='ltr'><strong>dixi,</strong></span> <span class='ocrx_word' id='word_1_588' title='bbox 2681 1633 2829 1685; x_wconf 90' lang='lat' dir='ltr'><strong>.ultra</strong></span> <span class='ocrx_word' id='word_1_589' title='bbox 2889 1633 3072 1700; x_wconf 73' lang='lat' dir='ltr'><strong>patriae</strong></span> <span class='ocrx_word' id='word_1_590' title='bbox 3118 1632 3288 1686; x_wconf 83' lang='lat' dir='ltr'><strong>lines?</strong></span> <span class='ocrx_word' id='word_1_591' title='bbox 3322 1647 3444 1686; x_wconf 90' lang='lat' dir='ltr'><strong>cum</strong></span> <span class='ocrx_word' id='word_1_592' title='bbox 3492 1647 3590 1686; x_wconf 91' lang='lat' dir='ltr'><strong>nec</strong></span> 
     </span>
    </p>
   </div>
   <div class='ocr_carea' id='block_1_76' title="bbox 1975 1720 3590 1794">
    <p class='ocr_par' dir='ltr' id='par_1_76' title="bbox 1975 1720 3590 1794">
     <span class='ocr_line' id='line_1_76' title="bbox 1975 1720 3590 1794; baseline 0.004 -22"><span class='ocrx_word' id='word_1_593' title='bbox 1975 1720 2146 1789; x_wconf 86' lang='lat' dir='ltr'><strong>ipsum</strong></span> <span class='ocrx_word' id='word_1_594' title='bbox 2175 1721 2368 1775; x_wconf 88' lang='lat' dir='ltr'><strong>domus</strong></span> <span class='ocrx_word' id='word_1_595' title='bbox 2403 1722 2565 1777; x_wconf 91' lang='lat' dir='ltr'><strong>limen</strong></span> <span class='ocrx_word' id='word_1_596' title='bbox 2596 1724 2826 1778; x_wconf 86' lang='lat' dir='ltr'><strong>transire</strong></span> <span class='ocrx_word' id='word_1_597' title='bbox 2871 1723 3103 1792; x_wconf 86' lang='lat' dir='ltr'><strong>cogaris,</strong></span> <span class='ocrx_word' id='word_1_598' title='bbox 3154 1725 3248 1779; x_wconf 90' lang='lat' dir='ltr'><strong>sed</strong></span> <span class='ocrx_word' id='word_1_599' title='bbox 3275 1727 3356 1780; x_wconf 88' lang='lat' dir='ltr'><strong>vel</strong></span> <span class='ocrx_word' id='word_1_600' title='bbox 3389 1726 3440 1778; x_wconf 91' lang='lat' dir='ltr'><strong>in</strong></span> <span class='ocrx_word' id='word_1_601' title='bbox 3471 1726 3590 1794; x_wconf 83' lang='lat' dir='ltr'><strong>ipso</strong></span> 
     </span>
    </p>
   </div>
   <div class='ocr_carea' id='block_1_77' title="bbox 1975 1809 3585 1883">
    <p class='ocr_par' dir='ltr' id='par_1_77' title="bbox 1975 1809 3585 1883">
     <span class='ocr_line' id='line_1_77' title="bbox 1975 1809 3585 1883; baseline 0.003 -19"><span class='ocrx_word' id='word_1_602' title='bbox 1975 1809 2210 1864; x_wconf 83' lang='lat' dir='ltr'><strong>thalamo</strong></span> <span class='ocrx_word' id='word_1_603' title='bbox 2249 1811 2422 1880; x_wconf 90' lang='lat' dir='ltr'><strong>possis</strong></span> <span class='ocrx_word' id='word_1_604' title='bbox 2448 1814 2737 1867; x_wconf 91' lang='lat' dir='ltr'><strong>convenire</strong></span> <span class='ocrx_word' id='word_1_605' title='bbox 2759 1812 3025 1868; x_wconf 87' lang='lat' dir='ltr'><strong>medicum</strong></span> <span class='ocrx_word' id='word_1_606' title='bbox 3057 1855 3072 1880; x_wconf 95' lang='lat'><strong>,</strong></span> <span class='ocrx_word' id='word_1_607' title='bbox 3114 1815 3354 1883; x_wconf 90' lang='lat' dir='ltr'><strong>citraque</strong></span> <span class='ocrx_word' id='word_1_608' title='bbox 3377 1815 3585 1870; x_wconf 80' lang='lat' dir='ltr'><strong>media-</strong></span> 
     </span>
    </p>
   </div>
   <div class='ocr_carea' id='block_1_78' title="bbox 1978 1903 3587 1976">
    <p class='ocr_par' dir='ltr' id='par_1_78' title="bbox 1978 1903 3587 1976">
     <span class='ocr_line' id='line_1_78' title="bbox 1978 1903 3587 1976; baseline 0.003 -22"><span class='ocrx_word' id='word_1_609' title='bbox 1978 1910 2152 1956; x_wconf 91' lang='lat' dir='ltr'><strong>torem</strong></span> <span class='ocrx_word' id='word_1_610' title='bbox 2178 1917 2298 1956; x_wconf 92' lang='lat' dir='ltr'><strong>cum</strong></span> <span class='ocrx_word' id='word_1_611' title='bbox 2334 1903 2424 1956; x_wconf 90' lang='lat' dir='ltr'><strong>illo</strong></span> <span class='ocrx_word' id='word_1_612' title='bbox 2475 1903 2706 1974; x_wconf 89' lang='lat' dir='ltr'><strong>colloqui</strong></span> <span class='ocrx_word' id='word_1_613' title='bbox 2757 1905 2825 1959; x_wconf 89' lang='lat' dir='ltr'><strong>de</strong></span> <span class='ocrx_word' id='word_1_614' title='bbox 2875 1905 3305 1976; x_wconf 89' lang='lat' dir='ltr'><strong>quibuscumque</strong></span> <span class='ocrx_word' id='word_1_615' title='bbox 3352 1907 3587 1961; x_wconf 79' lang='lat' dir='ltr'><strong>volucris</strong></span> 
     </span>
    </p>
   </div>
   <div class='ocr_carea' id='block_1_79' title="bbox 1975 1993 3587 2069">
    <p class='ocr_par' dir='ltr' id='par_1_79' title="bbox 1975 1993 3587 2069">
     <span class='ocr_line' id='line_1_79' title="bbox 1975 1993 3587 2069; baseline 0.002 -23"><span class='ocrx_word' id='word_1_616' title='bbox 1975 1993 2138 2064; x_wconf 86' lang='lat' dir='ltr'><strong>(Deus</strong></span> <span class='ocrx_word' id='word_1_617' title='bbox 2156 1994 2336 2058; x_wconf 90' lang='lat' dir='ltr'><strong>enim,</strong></span> <span class='ocrx_word' id='word_1_618' title='bbox 2367 1995 2570 2065; x_wconf 90' lang='lat' dir='ltr'><strong>inquit,</strong></span> <span class='ocrx_word' id='word_1_619' title='bbox 2625 1997 3049 2068; x_wconf 83' lang='lat' dir='ltr'><strong>appropinquans</strong></span> <span class='ocrx_word' id='word_1_620' title='bbox 3087 2014 3178 2069; x_wconf 83' lang='lat' dir='ltr'><strong>ego</strong></span> <span class='ocrx_word' id='word_1_621' title='bbox 3216 2015 3328 2051; x_wconf 88' lang='lat' dir='ltr'><strong>sum</strong></span> <span class='ocrx_word' id='word_1_622' title='bbox 3353 2040 3366 2063; x_wconf 96' lang='lat'><strong>,</strong></span> <span class='ocrx_word' id='word_1_623' title='bbox 3398 2009 3444 2050; x_wconf 88' lang='lat' dir='ltr'><strong>et</strong></span> <span class='ocrx_word' id='word_1_624' title='bbox 3485 2014 3587 2051; x_wconf 86' lang='lat' dir='ltr'><strong>non</strong></span> 
     </span>
    </p>
   </div>
   <div class='ocr_carea' id='block_1_80' title="bbox 1973 2083 3588 2156">
    <p class='ocr_par' dir='ltr' id='par_1_80' title="bbox 1973 2083 3588 2156">
     <span class='ocr_line' id='line_1_80' title="bbox 1973 2083 3588 2156; baseline 0.003 -19"><span class='ocrx_word' id='word_1_625' title='bbox 1973 2083 2114 2137; x_wconf 81' lang='lat' dir='ltr'><strong>Deus</strong></span> <span class='ocrx_word' id='word_1_626' title='bbox 2143 2085 2325 2155; x_wconf 85' lang='lat' dir='ltr'><strong>procul</strong></span> <span class='ocrx_word' id='word_1_627' title='bbox 2373 2084 2507 2154; x_wconf 82' lang='lat' dir='ltr'><strong>(Jer.</strong></span> <span class='ocrx_word' id='word_1_628' title='bbox 2533 2085 2627 2140; x_wconf 75' lang='grc'><strong>25.</strong></span> <span class='ocrx_word' id='word_1_629' title='bbox 2654 2084 2786 2156; x_wconf 71' lang='grc'><strong>25),</strong></span> <span class='ocrx_word' id='word_1_630' title='bbox 2838 2086 3025 2142; x_wconf 79' lang='lat' dir='ltr'><strong>differs</strong></span> <span class='ocrx_word' id='word_1_631' title='bbox 3070 2097 3124 2142; x_wconf 86' lang='lat' dir='ltr'><strong>et</strong></span> <span class='ocrx_word' id='word_1_632' title='bbox 3163 2087 3474 2142; x_wconf 72' lang='lat' dir='ltr'><strong>cunctaris?</strong></span> <span class='ocrx_word' id='word_1_633' title='bbox 3521 2087 3588 2146; x_wconf 84' lang='grc' dir='ltr'>Ει</span> 
     </span>
    </p>
   </div>
   <div class='ocr_carea' id='block_1_81' title="bbox 1973 2175 3588 2248">
    <p class='ocr_par' dir='ltr' id='par_1_81' title="bbox 1973 2175 3588 2248">
     <span class='ocr_line' id='line_1_81' title="bbox 1973 2175 3588 2248; baseline 0.003 -20"><span class='ocrx_word' id='word_1_634' title='bbox 1973 2191 2131 2244; x_wconf 88' lang='lat' dir='ltr'><strong>quam</strong></span> <span class='ocrx_word' id='word_1_635' title='bbox 2180 2175 2430 2230; x_wconf 85' lang='lat' dir='ltr'><strong>habitura</strong></span> <span class='ocrx_word' id='word_1_636' title='bbox 2473 2191 2534 2230; x_wconf 89' lang='lat' dir='ltr'><strong>es</strong></span> <span class='ocrx_word' id='word_1_637' title='bbox 2565 2177 3010 2231; x_wconf 85' lang='lat' dir='ltr'><strong>excusationem?</strong></span> <span class='ocrx_word' id='word_1_638' title='bbox 3035 2193 3194 2248; x_wconf 90' lang='lat' dir='ltr'><strong>quam</strong></span> <span class='ocrx_word' id='word_1_639' title='bbox 3233 2179 3588 2248; x_wconf 80' lang='lat' dir='ltr'><strong>Consequeris</strong></span> 
     </span>
    </p>
   </div>
   <div class='ocr_carea' id='block_1_82' title="bbox 1974 2266 3586 2337">
    <p class='ocr_par' dir='ltr' id='par_1_82' title="bbox 1974 2266 3586 2337">
     <span class='ocr_line' id='line_1_82' title="bbox 1974 2266 3586 2337; baseline 0.003 -21"><span class='ocrx_word' id='word_1_640' title='bbox 1974 2267 2215 2330; x_wconf 86' lang='lat' dir='ltr'><strong>veniam,</strong></span> <span class='ocrx_word' id='word_1_641' title='bbox 2270 2266 2316 2320; x_wconf 88' lang='lat' dir='ltr'><strong>si</strong></span> <span class='ocrx_word' id='word_1_642' title='bbox 2345 2282 2465 2321; x_wconf 91' lang='lat' dir='ltr'><strong>cum</strong></span> <span class='ocrx_word' id='word_1_643' title='bbox 2512 2267 2807 2336; x_wconf 88' lang='lat' dir='ltr'><strong>proclivem</strong></span> <span class='ocrx_word' id='word_1_644' title='bbox 2829 2277 2883 2321; x_wconf 91' lang='lat' dir='ltr'><strong>et</strong></span> <span class='ocrx_word' id='word_1_645' title='bbox 2915 2268 3153 2337; x_wconf 90' lang='lat' dir='ltr'><strong>undique</strong></span> <span class='ocrx_word' id='word_1_646' title='bbox 3205 2267 3414 2323; x_wconf 84' lang='lat' dir='ltr'><strong>facilem</strong></span> <span class='ocrx_word' id='word_1_647' title='bbox 3447 2269 3586 2321; x_wconf 89' lang='lat' dir='ltr'><strong>viam</strong></span> 
     </span>
    </p>
   </div>
   <div class='ocr_carea' id='block_1_83' title="bbox 1975 2357 3577 2429">
    <p class='ocr_par' dir='ltr' id='par_1_83' title="bbox 1975 2357 3577 2429">
     <span class='ocr_line' id='line_1_83' title="bbox 1975 2357 3577 2429; baseline 0 -18"><span class='ocrx_word' id='word_1_648' title='bbox 1975 2358 2222 2412; x_wconf 89' lang='lat' dir='ltr'><strong>invenire</strong></span> <span class='ocrx_word' id='word_1_649' title='bbox 2259 2359 2471 2428; x_wconf 89' lang='lat' dir='ltr'><strong>possis,</strong></span> <span class='ocrx_word' id='word_1_650' title='bbox 2518 2376 2620 2428; x_wconf 87' lang='lat' dir='ltr'><strong>qua</strong></span> <span class='ocrx_word' id='word_1_651' title='bbox 2649 2361 2717 2412; x_wconf 88' lang='lat' dir='ltr'><strong>ab</strong></span> <span class='ocrx_word' id='word_1_652' title='bbox 2746 2360 3064 2429; x_wconf 80' lang='lat' dir='ltr'><strong>urgentibus</strong></span> <span class='ocrx_word' id='word_1_653' title='bbox 3104 2357 3259 2412; x_wconf 88' lang='lat' dir='ltr'><strong>malis</strong></span> <span class='ocrx_word' id='word_1_654' title='bbox 3303 2359 3577 2424; x_wconf 88' lang='lat' dir='ltr'><strong>libereris,</strong></span> 
     </span>
    </p>
   </div>
   <div class='ocr_carea' id='block_1_84' title="bbox 1976 2449 3588 2520">
    <p class='ocr_par' dir='ltr' id='par_1_84' title="bbox 1976 2449 3588 2520">
     <span class='ocr_line' id='line_1_84' title="bbox 1976 2449 3588 2520; baseline 0.002 -19"><span class='ocrx_word' id='word_1_655' title='bbox 1976 2463 2070 2518; x_wconf 89' lang='lat' dir='ltr'><strong>per</strong></span> <span class='ocrx_word' id='word_1_656' title='bbox 2097 2450 2398 2504; x_wconf 89' lang='lat' dir='ltr'><strong>socordiam</strong></span> <span class='ocrx_word' id='word_1_657' title='bbox 2439 2458 2585 2504; x_wconf 90' lang='lat' dir='ltr'><strong>tuam</strong></span> <span class='ocrx_word' id='word_1_658' title='bbox 2621 2451 2788 2520; x_wconf 89' lang='lat' dir='ltr'><strong>ipsius</strong></span> <span class='ocrx_word' id='word_1_659' title='bbox 2842 2451 3070 2506; x_wconf 87' lang='lat' dir='ltr'><strong>salutem</strong></span> <span class='ocrx_word' id='word_1_660' title='bbox 3106 2449 3447 2518; x_wconf 83' lang='lat' dir='ltr'><strong>prodideris?</strong></span> <span class='ocrx_word' id='word_1_661' title='bbox 3493 2449 3588 2504; x_wconf 87' lang='lat' dir='ltr'><strong>llic</strong></span> 
     </span>
    </p>
   </div>
   <div class='ocr_carea' id='block_1_85' title="bbox 1974 2542 3588 2606">
    <p class='ocr_par' dir='ltr' id='par_1_85' title="bbox 1974 2542 3588 2606">
     <span class='ocr_line' id='line_1_85' title="bbox 1974 2542 3588 2606; baseline -0.001 -10"><span class='ocrx_word' id='word_1_662' title='bbox 1974 2543 2117 2596; x_wconf 87' lang='lat' dir='ltr'><strong>enim</strong></span> <span class='ocrx_word' id='word_1_663' title='bbox 2149 2542 2388 2597; x_wconf 89' lang='lat' dir='ltr'><strong>medicus</strong></span> <span class='ocrx_word' id='word_1_664' title='bbox 2422 2559 2529 2597; x_wconf 92' lang='lat' dir='ltr'><strong>non</strong></span> <span class='ocrx_word' id='word_1_665' title='bbox 2573 2545 2912 2598; x_wconf 85' lang='lat' dir='ltr'><strong>sterilitatem</strong></span> <span class='ocrx_word' id='word_1_666' title='bbox 2963 2545 3164 2606; x_wconf 90' lang='lat' dir='ltr'><strong>solum,</strong></span> <span class='ocrx_word' id='word_1_667' title='bbox 3215 2542 3309 2597; x_wconf 86' lang='lat' dir='ltr'><strong>scd</strong></span> <span class='ocrx_word' id='word_1_668' title='bbox 3341 2552 3393 2597; x_wconf 89' lang='lat' dir='ltr'><strong>et</strong></span> <span class='ocrx_word' id='word_1_669' title='bbox 3426 2557 3588 2597; x_wconf 75' lang='lat' dir='ltr'><strong>omne</strong></span> 
     </span>
    </p>
   </div>
   <div class='ocr_carea' id='block_1_86' title="bbox 1973 2633 3587 2705">
    <p class='ocr_par' dir='ltr' id='par_1_86' title="bbox 1973 2633 3587 2705">
     <span class='ocr_line' id='line_1_86' title="bbox 1973 2633 3587 2705; baseline 0 -17"><span class='ocrx_word' id='word_1_670' title='bbox 1973 2633 2286 2688; x_wconf 87' lang='lat' dir='ltr'><strong>morborum</strong></span> <span class='ocrx_word' id='word_1_671' title='bbox 2334 2651 2504 2705; x_wconf 86' lang='lat' dir='ltr'><strong>genus</strong></span> <span class='ocrx_word' id='word_1_672' title='bbox 2557 2646 2665 2689; x_wconf 93' lang='lat' dir='ltr'><strong>tum</strong></span> <span class='ocrx_word' id='word_1_673' title='bbox 2718 2636 3133 2703; x_wconf 68' lang='lat' dir='ltr'><strong>corj=oris,tum</strong></span> <span class='ocrx_word' id='word_1_674' title='bbox 3176 2634 3340 2688; x_wconf 89' lang='lat' dir='ltr'><strong>animi</strong></span> <span class='ocrx_word' id='word_1_675' title='bbox 3392 2650 3587 2690; x_wconf 76' lang='lat' dir='ltr'><strong>Sanare</strong></span> 
     </span>
    </p>
   </div>
   <div class='ocr_carea' id='block_1_87' title="bbox 1975 2725 3585 2796">
    <p class='ocr_par' dir='ltr' id='par_1_87' title="bbox 1975 2725 3585 2796">
     <span class='ocr_line' id='line_1_87' title="bbox 1975 2725 3585 2796; baseline -0.001 -15"><span class='ocrx_word' id='word_1_676' title='bbox 1975 2736 2156 2796; x_wconf 87' lang='lat' dir='ltr'><strong>potest</strong></span> <span class='ocrx_word' id='word_1_677' title='bbox 2179 2769 2192 2790; x_wconf 88' lang='lat'><strong><em>.</em></strong></span> <span class='ocrx_word' id='word_1_678' title='bbox 2228 2728 2271 2782; x_wconf 89' lang='lat' dir='ltr'><strong>si</strong></span> <span class='ocrx_word' id='word_1_679' title='bbox 2308 2729 2435 2783; x_wconf 90' lang='lat' dir='ltr'><strong>velit</strong></span> <span class='ocrx_word' id='word_1_680' title='bbox 2468 2738 2692 2786; x_wconf 92' lang='lat' dir='ltr'><strong>tantum.</strong></span> <span class='ocrx_word' id='word_1_681' title='bbox 2744 2727 2928 2796; x_wconf 82' lang='lat' dir='ltr'><strong>Neque</strong></span> <span class='ocrx_word' id='word_1_682' title='bbox 2967 2727 3018 2781; x_wconf 88' lang='lat' dir='ltr'><strong>id</strong></span> <span class='ocrx_word' id='word_1_683' title='bbox 3049 2727 3224 2781; x_wconf 87' lang='lat' dir='ltr'><strong>solum</strong></span> <span class='ocrx_word' id='word_1_684' title='bbox 3272 2725 3585 2781; x_wconf 82' lang='lat' dir='ltr'><strong>mirandum</strong></span> 
     </span>
    </p>
   </div>
   <div class='ocr_carea' id='block_1_88' title="bbox 1973 2817 3582 2888">
    <p class='ocr_par' dir='ltr' id='par_1_88' title="bbox 1973 2817 3582 2888">
     <span class='ocr_line' id='line_1_88' title="bbox 1973 2817 3582 2888; baseline 0 -16"><span class='ocrx_word' id='word_1_685' title='bbox 1973 2828 2053 2872; x_wconf 90' lang='lat' dir='ltr'><strong>est</strong></span> <span class='ocrx_word' id='word_1_686' title='bbox 2079 2862 2091 2881; x_wconf 95' lang='lat'><strong>,</strong></span> <span class='ocrx_word' id='word_1_687' title='bbox 2123 2819 2265 2888; x_wconf 87' lang='lat' dir='ltr'><strong>quod</strong></span> <span class='ocrx_word' id='word_1_688' title='bbox 2307 2820 2436 2873; x_wconf 89' lang='lat' dir='ltr'><strong>citra</strong></span> <span class='ocrx_word' id='word_1_689' title='bbox 2465 2819 2739 2884; x_wconf 86' lang='lat' dir='ltr'><strong>laborem,</strong></span> <span class='ocrx_word' id='word_1_690' title='bbox 2770 2820 2888 2872; x_wconf 82' lang='lat' dir='ltr'><strong>sine</strong></span> <span class='ocrx_word' id='word_1_691' title='bbox 2938 2819 3369 2888; x_wconf 85' lang='lat' dir='ltr'><strong>peregrinatione</strong></span> <span class='ocrx_word' id='word_1_692' title='bbox 3395 2859 3411 2882; x_wconf 95' lang='lat'><strong>,</strong></span> <span class='ocrx_word' id='word_1_693' title='bbox 3461 2817 3582 2872; x_wconf 86' lang='lat' dir='ltr'><strong>sine</strong></span> 
     </span>
    </p>
   </div>
   <div class='ocr_carea' id='block_1_89' title="bbox 1974 2909 3586 2982">
    <p class='ocr_par' dir='ltr' id='par_1_89' title="bbox 1974 2909 3586 2982">
     <span class='ocr_line' id='line_1_89' title="bbox 1974 2909 3586 2982; baseline -0.002 -18"><span class='ocrx_word' id='word_1_694' title='bbox 1974 2911 2279 2980; x_wconf 88' lang='lat' dir='ltr'><strong>impendiis,</strong></span> <span class='ocrx_word' id='word_1_695' title='bbox 2313 2914 2517 2982; x_wconf 86' lang='lat' dir='ltr'><strong>absque</strong></span> <span class='ocrx_word' id='word_1_696' title='bbox 2559 2911 3009 2966; x_wconf 47' lang='lat' dir='ltr'><strong>intercesoribus</strong></span> <span class='ocrx_word' id='word_1_697' title='bbox 3044 2911 3381 2964; x_wconf 89' lang='lat' dir='ltr'><strong>curationem</strong></span> <span class='ocrx_word' id='word_1_698' title='bbox 3429 2909 3586 2964; x_wconf 86' lang='lat' dir='ltr'><strong>adhi-</strong></span> 
     </span>
    </p>
   </div>
   <div class='ocr_carea' id='block_1_90' title="bbox 1973 3003 3584 3073">
    <p class='ocr_par' dir='ltr' id='par_1_90' title="bbox 1973 3003 3584 3073">
     <span class='ocr_line' id='line_1_90' title="bbox 1973 3003 3584 3073; baseline -0.001 -16"><span class='ocrx_word' id='word_1_699' title='bbox 1973 3003 2097 3068; x_wconf 85' lang='lat' dir='ltr'><strong>bet,</strong></span> <span class='ocrx_word' id='word_1_700' title='bbox 2133 3020 2319 3058; x_wconf 90' lang='lat' dir='ltr'><strong>verum</strong></span> <span class='ocrx_word' id='word_1_701' title='bbox 2361 3005 2523 3058; x_wconf 90' lang='lat' dir='ltr'><strong>etiam</strong></span> <span class='ocrx_word' id='word_1_702' title='bbox 2556 3005 2697 3073; x_wconf 91' lang='lat' dir='ltr'><strong>quod</strong></span> <span class='ocrx_word' id='word_1_703' title='bbox 2742 3005 2874 3057; x_wconf 87' lang='lat' dir='ltr'><strong>citra</strong></span> <span class='ocrx_word' id='word_1_704' title='bbox 2900 3003 3171 3057; x_wconf 88' lang='lat' dir='ltr'><strong>dolorem.</strong></span> <span class='ocrx_word' id='word_1_705' title='bbox 3205 3003 3392 3073; x_wconf 82' lang='lat' dir='ltr'><strong>Neque</strong></span> <span class='ocrx_word' id='word_1_706' title='bbox 3440 3003 3584 3057; x_wconf 89' lang='lat' dir='ltr'><strong>enim</strong></span> 
     </span>
    </p>
   </div>
   <div class='ocr_carea' id='block_1_91' title="bbox 1973 3091 3583 3164">
    <p class='ocr_par' dir='ltr' id='par_1_91' title="bbox 1973 3091 3583 3164">
     <span class='ocr_line' id='line_1_91' title="bbox 1973 3091 3583 3164; baseline 0.001 -19"><span class='ocrx_word' id='word_1_707' title='bbox 1973 3091 2118 3147; x_wconf 88' lang='lat' dir='ltr'><strong>ferro</strong></span> <span class='ocrx_word' id='word_1_708' title='bbox 2149 3094 2325 3164; x_wconf 83' lang='lat' dir='ltr'><strong>iguive</strong></span> <span class='ocrx_word' id='word_1_709' title='bbox 2355 3105 2510 3147; x_wconf 91' lang='lat' dir='ltr'><strong>curat</strong></span> <span class='ocrx_word' id='word_1_710' title='bbox 2541 3093 2777 3156; x_wconf 89' lang='lat' dir='ltr'><strong>malum,</strong></span> <span class='ocrx_word' id='word_1_711' title='bbox 2810 3104 2867 3148; x_wconf 90' lang='lat' dir='ltr'><strong>ut</strong></span> <span class='ocrx_word' id='word_1_712' title='bbox 2891 3095 3074 3147; x_wconf 68' lang='lat' dir='ltr'><strong>emteri</strong></span> <span class='ocrx_word' id='word_1_713' title='bbox 3108 3094 3302 3148; x_wconf 91' lang='lat' dir='ltr'><strong>medici</strong></span> <span class='ocrx_word' id='word_1_714' title='bbox 3333 3093 3538 3148; x_wconf 67' lang='lat' dir='ltr'><strong>faciunt</strong></span> <span class='ocrx_word' id='word_1_715' title='bbox 3569 3112 3583 3147; x_wconf 91' lang='lat'><strong>:</strong></span> 
     </span>
    </p>
   </div>
   <div class='ocr_carea' id='block_1_92' title="bbox 1974 3182 3581 3255">
    <p class='ocr_par' dir='ltr' id='par_1_92' title="bbox 1974 3182 3581 3255">
     <span class='ocr_line' id='line_1_92' title="bbox 1974 3182 3581 3255; baseline 0 -18"><span class='ocrx_word' id='word_1_716' title='bbox 1974 3182 2170 3238; x_wconf 74' lang='lat' dir='ltr'><strong>sufficit</strong></span> <span class='ocrx_word' id='word_1_717' title='bbox 2209 3185 2292 3239; x_wconf 85' lang='lat' dir='ltr'><strong>vel</strong></span> <span class='ocrx_word' id='word_1_718' title='bbox 2321 3183 2547 3253; x_wconf 85' lang='lat' dir='ltr'><strong>simplex</strong></span> <span class='ocrx_word' id='word_1_719' title='bbox 2577 3193 2738 3238; x_wconf 90' lang='lat' dir='ltr'><strong>nutus</strong></span> <span class='ocrx_word' id='word_1_720' title='bbox 2763 3224 2779 3248; x_wconf 93' lang='lat'><strong>,</strong></span> <span class='ocrx_word' id='word_1_721' title='bbox 2811 3198 2875 3238; x_wconf 91' lang='lat' dir='ltr'><strong>ac</strong></span> <span class='ocrx_word' id='word_1_722' title='bbox 2906 3183 3148 3252; x_wconf 86' lang='lat' dir='ltr'><strong>protinus</strong></span> <span class='ocrx_word' id='word_1_723' title='bbox 3182 3184 3361 3238; x_wconf 88' lang='lat' dir='ltr'><strong>omnis</strong></span> <span class='ocrx_word' id='word_1_724' title='bbox 3389 3199 3581 3255; x_wconf 83' lang='lat' dir='ltr'><strong>angor,</strong></span> 
     </span>
    </p>
   </div>
   <div class='ocr_carea' id='block_1_93' title="bbox 1973 3273 3581 3344">
    <p class='ocr_par' dir='ltr' id='par_1_93' title="bbox 1973 3273 3581 3344">
     <span class='ocr_line' id='line_1_93' title="bbox 1973 3273 3581 3344; baseline 0.001 -16"><span class='ocrx_word' id='word_1_725' title='bbox 1973 3275 2148 3328; x_wconf 89' lang='lat' dir='ltr'><strong>omnis</strong></span> <span class='ocrx_word' id='word_1_726' title='bbox 2168 3275 2341 3341; x_wconf 92' lang='lat' dir='ltr'><strong>dolor,</strong></span> <span class='ocrx_word' id='word_1_727' title='bbox 2365 3289 2524 3329; x_wconf 88' lang='lat' dir='ltr'><strong>oume</strong></span> <span class='ocrx_word' id='word_1_728' title='bbox 2541 3274 2741 3327; x_wconf 87' lang='lat' dir='ltr'><strong>malum</strong></span> <span class='ocrx_word' id='word_1_729' title='bbox 2760 3273 2910 3343; x_wconf 87' lang='lat' dir='ltr'><strong>fugit,</strong></span> <span class='ocrx_word' id='word_1_730' title='bbox 2931 3284 3091 3344; x_wconf 89' lang='lat' dir='ltr'><strong>atque</strong></span> <span class='ocrx_word' id='word_1_731' title='bbox 3117 3275 3418 3330; x_wconf 89' lang='lat' dir='ltr'><strong>exsulatum</strong></span> <span class='ocrx_word' id='word_1_732' title='bbox 3447 3276 3581 3330; x_wconf 89' lang='lat' dir='ltr'><strong>abit.</strong></span> 
     </span>
    </p>
   </div>
   <div class='ocr_carea' id='block_1_94' title="bbox 2044 3367 3586 3438">
    <p class='ocr_par' dir='ltr' id='par_1_94' title="bbox 2044 3367 3586 3438">
     <span class='ocr_line' id='line_1_94' title="bbox 2044 3367 3586 3438; baseline -0.001 -16"><span class='ocrx_word' id='word_1_733' title='bbox 2044 3369 2098 3422; x_wconf 76' lang='lat'><strong>2.</strong></span> <span class='ocrx_word' id='word_1_734' title='bbox 2143 3368 2218 3422; x_wconf 84' lang='lat' dir='ltr'><strong>Ne</strong></span> <span class='ocrx_word' id='word_1_735' title='bbox 2238 3378 2554 3422; x_wconf 79' lang='lat' dir='ltr'><strong>cunctentur</strong></span> <span class='ocrx_word' id='word_1_736' title='bbox 2575 3369 2754 3438; x_wconf 77' lang='lat' dir='ltr'><strong>igitur,</strong></span> <span class='ocrx_word' id='word_1_737' title='bbox 2781 3383 2915 3422; x_wconf 85' lang='lat' dir='ltr'><strong>neve</strong></span> <span class='ocrx_word' id='word_1_738' title='bbox 2949 3370 3426 3437; x_wconf 86' lang='lat' dir='ltr'><strong>procrastiuemus,</strong></span> <span class='ocrx_word' id='word_1_739' title='bbox 3456 3367 3586 3421; x_wconf 79' lang='lat' dir='ltr'><strong>licet</strong></span> 
     </span>
    </p>
   </div>
   <div class='ocr_carea' id='block_1_95' title="bbox 1977 3460 3582 3532">
    <p class='ocr_par' dir='ltr' id='par_1_95' title="bbox 1977 3460 3582 3532">
     <span class='ocr_line' id='line_1_95' title="bbox 1977 3460 3582 3532; baseline -0.001 -18"><span class='ocrx_word' id='word_1_740' title='bbox 1977 3475 2240 3532; x_wconf 78' lang='lat' dir='ltr'><strong>pauperes</strong></span> <span class='ocrx_word' id='word_1_741' title='bbox 2265 3462 2452 3526; x_wconf 88' lang='lat' dir='ltr'><strong>simus,</strong></span> <span class='ocrx_word' id='word_1_742' title='bbox 2491 3470 2546 3514; x_wconf 91' lang='lat' dir='ltr'><strong>et</strong></span> <span class='ocrx_word' id='word_1_743' title='bbox 2575 3461 2639 3514; x_wconf 86' lang='lat' dir='ltr'><strong>ad</strong></span> <span class='ocrx_word' id='word_1_744' title='bbox 2669 3471 2967 3515; x_wconf 88' lang='lat' dir='ltr'><strong>extremam</strong></span> <span class='ocrx_word' id='word_1_745' title='bbox 3016 3460 3220 3514; x_wconf 86' lang='lat' dir='ltr'><strong>redacti</strong></span> <span class='ocrx_word' id='word_1_746' title='bbox 3265 3469 3582 3529; x_wconf 66' lang='lat' dir='ltr'><strong>egestitem.</strong></span> 
     </span>
    </p>
   </div>
   <div class='ocr_carea' id='block_1_96' title="bbox 1972 3550 3582 3621">
    <p class='ocr_par' dir='ltr' id='par_1_96' title="bbox 1972 3550 3582 3621">
     <span class='ocr_line' id='line_1_96' title="bbox 1972 3550 3582 3621; baseline -0.002 -14"><span class='ocrx_word' id='word_1_747' title='bbox 1972 3551 2158 3620; x_wconf 80' lang='lat' dir='ltr'><strong>Neque</strong></span> <span class='ocrx_word' id='word_1_748' title='bbox 2186 3552 2330 3606; x_wconf 90' lang='lat' dir='ltr'><strong>enim</strong></span> <span class='ocrx_word' id='word_1_749' title='bbox 2364 3550 2450 3605; x_wconf 82' lang='lat' dir='ltr'><strong>hic</strong></span> <span class='ocrx_word' id='word_1_750' title='bbox 2479 3550 2806 3606; x_wconf 86' lang='lat' dir='ltr'><strong>numeranda</strong></span> <span class='ocrx_word' id='word_1_751' title='bbox 2839 3561 2922 3606; x_wconf 88' lang='lat' dir='ltr'><strong>est</strong></span> <span class='ocrx_word' id='word_1_752' title='bbox 2977 3551 3222 3621; x_wconf 88' lang='lat' dir='ltr'><strong>pecunia.</strong></span> <span class='ocrx_word' id='word_1_753' title='bbox 3265 3560 3325 3605; x_wconf 94' lang='lat' dir='ltr'><strong>ut</strong></span> <span class='ocrx_word' id='word_1_754' title='bbox 3348 3551 3582 3620; x_wconf 87' lang='lat' dir='ltr'><strong>in0piam</strong></span> 
     </span>
    </p>
   </div>
   <div class='ocr_carea' id='block_1_97' title="bbox 1973 3641 3584 3714">
    <p class='ocr_par' dir='ltr' id='par_1_97' title="bbox 1973 3641 3584 3714">
     <span class='ocr_line' id='line_1_97' title="bbox 1973 3641 3584 3714; baseline -0.002 -16"><span class='ocrx_word' id='word_1_755' title='bbox 1973 3643 2241 3714; x_wconf 63' lang='lat' dir='ltr'><strong>pl&quot;\iﬂl&quot;§</strong></span> <span class='ocrx_word' id='word_1_756' title='bbox 2284 3642 2600 3697; x_wconf 87' lang='lat' dir='ltr'><strong>obtendere.</strong></span> <span class='ocrx_word' id='word_1_757' title='bbox 2647 3643 2741 3696; x_wconf 88' lang='lat' dir='ltr'><strong>llic</strong></span> <span class='ocrx_word' id='word_1_758' title='bbox 2791 3641 3043 3696; x_wconf 89' lang='lat' dir='ltr'><strong>nimirum</strong></span> <span class='ocrx_word' id='word_1_759' title='bbox 3075 3641 3317 3697; x_wconf 87' lang='lat' dir='ltr'><strong>medicus</strong></span> <span class='ocrx_word' id='word_1_760' title='bbox 3342 3656 3450 3695; x_wconf 83' lang='lat' dir='ltr'><strong>non</strong></span> <span class='ocrx_word' id='word_1_761' title='bbox 3490 3655 3584 3695; x_wconf 87' lang='lat' dir='ltr'><strong>ar-</strong></span> 
     </span>
    </p>
   </div>
   <div class='ocr_carea' id='block_1_98' title="bbox 1971 3733 3586 3806">
    <p class='ocr_par' dir='ltr' id='par_1_98' title="bbox 1971 3733 3586 3806">
     <span class='ocr_line' id='line_1_98' title="bbox 1971 3733 3586 3806; baseline -0.004 -16"><span class='ocrx_word' id='word_1_762' title='bbox 1971 3746 2190 3806; x_wconf 84' lang='lat' dir='ltr'><strong>gentum</strong></span> <span class='ocrx_word' id='word_1_763' title='bbox 2225 3749 2324 3805; x_wconf 92' lang='lat' dir='ltr'><strong>pro</strong></span> <span class='ocrx_word' id='word_1_764' title='bbox 2353 3734 2602 3789; x_wconf 86' lang='lat' dir='ltr'><strong>mercede</strong></span> <span class='ocrx_word' id='word_1_765' title='bbox 2645 3736 2797 3804; x_wconf 89' lang='lat' dir='ltr'><strong>petit,</strong></span> <span class='ocrx_word' id='word_1_766' title='bbox 2843 3733 2937 3788; x_wconf 89' lang='lat' dir='ltr'><strong>sed</strong></span> <span class='ocrx_word' id='word_1_767' title='bbox 2966 3734 3252 3803; x_wconf 84' lang='lat' dir='ltr'><strong>lacrymas,</strong></span> <span class='ocrx_word' id='word_1_768' title='bbox 3295 3746 3483 3801; x_wconf 73' lang='lat' dir='ltr'><strong>[‘reces</strong></span> <span class='ocrx_word' id='word_1_769' title='bbox 3521 3745 3586 3785; x_wconf 90' lang='lat' dir='ltr'><strong>ac</strong></span> 
     </span>
    </p>
   </div>
   <div class='ocr_carea' id='block_1_99' title="bbox 1974 3821 3583 3897">
    <p class='ocr_par' dir='ltr' id='par_1_99' title="bbox 1974 3821 3583 3897">
     <span class='ocr_line' id='line_1_99' title="bbox 1974 3821 3583 3897; baseline -0.004 -16"><span class='ocrx_word' id='word_1_770' title='bbox 1974 3830 2153 3882; x_wconf 89' lang='lat' dir='ltr'><strong>ﬁdem.</strong></span> <span class='ocrx_word' id='word_1_771' title='bbox 2184 3826 2311 3882; x_wconf 72' lang='lat' dir='ltr'><strong>llmc</strong></span> <span class='ocrx_word' id='word_1_772' title='bbox 2337 3827 2379 3881; x_wconf 89' lang='lat' dir='ltr'><strong>si</strong></span> <span class='ocrx_word' id='word_1_773' title='bbox 2425 3835 2646 3897; x_wconf 81' lang='lat' dir='ltr'><strong>portans</strong></span> <span class='ocrx_word' id='word_1_774' title='bbox 2676 3825 2741 3879; x_wconf 87' lang='lat' dir='ltr'><strong>ad</strong></span> <span class='ocrx_word' id='word_1_775' title='bbox 2777 3826 2925 3878; x_wconf 90' lang='lat' dir='ltr'><strong>illum</strong></span> <span class='ocrx_word' id='word_1_776' title='bbox 2959 3824 3277 3890; x_wconf 83' lang='lat' dir='ltr'><strong>accesseris,</strong></span> <span class='ocrx_word' id='word_1_777' title='bbox 3319 3821 3583 3892; x_wconf 87' lang='lat' dir='ltr'><strong>quidquid</strong></span> 
     </span>
    </p>
   </div>
   <div class='ocr_carea' id='block_1_100' title="bbox 1971 3913 3577 3988">
    <p class='ocr_par' dir='ltr' id='par_1_100' title="bbox 1971 3913 3577 3988">
     <span class='ocr_line' id='line_1_100' title="bbox 1971 3913 3577 3988; baseline -0.004 -15"><span class='ocrx_word' id='word_1_778' title='bbox 1971 3920 2194 3974; x_wconf 91' lang='lat' dir='ltr'><strong>omnino</strong></span> <span class='ocrx_word' id='word_1_779' title='bbox 2212 3919 2497 3988; x_wconf 88' lang='lat' dir='ltr'><strong>postularis</strong></span> <span class='ocrx_word' id='word_1_780' title='bbox 2515 3919 2769 3987; x_wconf 85' lang='lat' dir='ltr'><strong>accipies,</strong></span> <span class='ocrx_word' id='word_1_781' title='bbox 2801 3916 3074 3986; x_wconf 76' lang='lat' dir='ltr'><strong>multoque</strong></span> <span class='ocrx_word' id='word_1_782' title='bbox 3100 3930 3222 3970; x_wconf 90' lang='lat' dir='ltr'><strong>cum</strong></span> <span class='ocrx_word' id='word_1_783' title='bbox 3245 3914 3439 3984; x_wconf 88' lang='lat' dir='ltr'><strong>gaudio</strong></span> <span class='ocrx_word' id='word_1_784' title='bbox 3461 3913 3577 3975; x_wconf 83' lang='lat' dir='ltr'><strong>dis-</strong></span> 
     </span>
    </p>
   </div>
   <div class='ocr_carea' id='block_1_101' title="bbox 1971 3995 3577 4074">
    <p class='ocr_par' dir='ltr' id='par_1_101' title="bbox 1971 3995 3577 4074">
     <span class='ocr_line' id='line_1_101' title="bbox 1971 3995 3577 4074; baseline -0.005 -10"><span class='ocrx_word' id='word_1_785' title='bbox 1971 4009 2151 4064; x_wconf 83' lang='lat' dir='ltr'><strong>cedes.</strong></span> <span class='ocrx_word' id='word_1_786' title='bbox 2189 4007 2242 4062; x_wconf 91' lang='lat' dir='ltr'><strong>ld</strong></span> <span class='ocrx_word' id='word_1_787' title='bbox 2271 4023 2401 4064; x_wconf 83' lang='lat' dir='ltr'><strong>sane</strong></span> <span class='ocrx_word' id='word_1_788' title='bbox 2429 4023 2552 4063; x_wconf 91' lang='lat' dir='ltr'><strong>cum</strong></span> <span class='ocrx_word' id='word_1_789' title='bbox 2587 4007 2768 4061; x_wconf 88' lang='lat' dir='ltr'><strong>multis</strong></span> <span class='ocrx_word' id='word_1_790' title='bbox 2791 4021 2861 4060; x_wconf 89' lang='lat' dir='ltr'><strong>ex</strong></span> <span class='ocrx_word' id='word_1_791' title='bbox 2891 4005 3050 4060; x_wconf 82' lang='lat' dir='ltr'><strong>rebus</strong></span> <span class='ocrx_word' id='word_1_792' title='bbox 3070 3995 3398 4074; x_wconf 61' lang='lat' dir='ltr'><strong>«ignescere</strong></span> <span class='ocrx_word' id='word_1_793' title='bbox 3432 4005 3577 4068; x_wconf 84' lang='lat' dir='ltr'><strong>licet,</strong></span> 
     </span>
    </p>
   </div>
   <div class='ocr_carea' id='block_1_102' title="bbox 1975 4097 3581 4168">
    <p class='ocr_par' dir='ltr' id='par_1_102' title="bbox 1975 4097 3581 4168">
     <span class='ocr_line' id='line_1_102' title="bbox 1975 4097 3581 4168; baseline -0.002 -16"><span class='ocrx_word' id='word_1_794' title='bbox 1975 4109 2086 4153; x_wconf 90' lang='lat' dir='ltr'><strong>tmn</strong></span> <span class='ocrx_word' id='word_1_795' title='bbox 2115 4115 2244 4153; x_wconf 89' lang='lat' dir='ltr'><strong>vero</strong></span> <span class='ocrx_word' id='word_1_796' title='bbox 2273 4099 2540 4168; x_wconf 64' lang='lat' dir='ltr'><strong>praecipue</strong></span> <span class='ocrx_word' id='word_1_797' title='bbox 2561 4114 2628 4152; x_wconf 89' lang='lat' dir='ltr'><strong>ex</strong></span> <span class='ocrx_word' id='word_1_798' title='bbox 2659 4098 2759 4152; x_wconf 90' lang='lat' dir='ltr'><strong>hac</strong></span> <span class='ocrx_word' id='word_1_799' title='bbox 2787 4097 3035 4163; x_wconf 89' lang='lat' dir='ltr'><strong>muliere,</strong></span> <span class='ocrx_word' id='word_1_800' title='bbox 3059 4111 3182 4166; x_wconf 73' lang='lat' dir='ltr'><strong>qute</strong></span> <span class='ocrx_word' id='word_1_801' title='bbox 3208 4109 3314 4149; x_wconf 91' lang='lat' dir='ltr'><strong>non</strong></span> <span class='ocrx_word' id='word_1_802' title='bbox 3343 4110 3532 4150; x_wconf 91' lang='lat' dir='ltr'><strong>aurum</strong></span> <span class='ocrx_word' id='word_1_803' title='bbox 3565 4134 3581 4158; x_wconf 84' lang='lat'><strong><em>.</em></strong></span> 
     </span>
    </p>
   </div>
   <div class='ocr_carea' id='block_1_103' title="bbox 1973 4183 3584 4260">
    <p class='ocr_par' dir='ltr' id='par_1_103' title="bbox 1973 4183 3584 4260">
     <span class='ocr_line' id='line_1_103' title="bbox 1973 4183 3584 4260; baseline -0.004 -14"><span class='ocrx_word' id='word_1_804' title='bbox 1973 4206 2080 4246; x_wconf 91' lang='lat' dir='ltr'><strong>non</strong></span> <span class='ocrx_word' id='word_1_805' title='bbox 2109 4200 2386 4260; x_wconf 84' lang='lat' dir='ltr'><strong>argentum</strong></span> <span class='ocrx_word' id='word_1_806' title='bbox 2404 4189 2668 4253; x_wconf 86' lang='lat' dir='ltr'><strong>exhibuit,</strong></span> <span class='ocrx_word' id='word_1_807' title='bbox 2699 4188 2794 4242; x_wconf 88' lang='lat' dir='ltr'><strong>sed</strong></span> <span class='ocrx_word' id='word_1_808' title='bbox 2821 4202 3031 4258; x_wconf 89' lang='lat' dir='ltr'><strong>preces,</strong></span> <span class='ocrx_word' id='word_1_809' title='bbox 3061 4185 3221 4241; x_wconf 85' lang='lat' dir='ltr'><strong>ﬁdem</strong></span> <span class='ocrx_word' id='word_1_810' title='bbox 3244 4195 3299 4240; x_wconf 90' lang='lat' dir='ltr'><strong>et</strong></span> <span class='ocrx_word' id='word_1_811' title='bbox 3321 4183 3584 4254; x_wconf 83' lang='lat' dir='ltr'><strong>lacrymas</strong></span> 
     </span>
    </p>
   </div>
   <div class='ocr_carea' id='block_1_104' title="bbox 1973 4277 3582 4352">
    <p class='ocr_par' dir='ltr' id='par_1_104' title="bbox 1973 4277 3582 4352">
     <span class='ocr_line' id='line_1_104' title="bbox 1973 4277 3582 4352; baseline -0.004 -15"><span class='ocrx_word' id='word_1_812' title='bbox 1973 4283 2191 4348; x_wconf 92' lang='lat' dir='ltr'><strong>obtulit,</strong></span> <span class='ocrx_word' id='word_1_813' title='bbox 2224 4293 2386 4352; x_wconf 91' lang='lat' dir='ltr'><strong>atque</strong></span> <span class='ocrx_word' id='word_1_814' title='bbox 2413 4282 2484 4336; x_wconf 91' lang='lat' dir='ltr'><strong>ita</strong></span> <span class='ocrx_word' id='word_1_815' title='bbox 2516 4280 2772 4352; x_wconf 88' lang='lat' dir='ltr'><strong>quidquid</strong></span> <span class='ocrx_word' id='word_1_816' title='bbox 2801 4281 3296 4350; x_wconf 85' lang='lat' dir='ltr'><strong>petiitconsequuta</strong></span> <span class='ocrx_word' id='word_1_817' title='bbox 3315 4277 3582 4332; x_wconf 88' lang='lat' dir='ltr'><strong>discessit.</strong></span> 
     </span>
    </p>
   </div>
   <div class='ocr_carea' id='block_1_105' title="bbox 1976 4367 3585 4442">
    <p class='ocr_par' dir='ltr' id='par_1_105' title="bbox 1976 4367 3585 4442">
     <span class='ocr_line' id='line_1_105' title="bbox 1976 4367 3585 4442; baseline -0.004 -14"><span class='ocrx_word' id='word_1_818' title='bbox 1976 4373 2206 4429; x_wconf 83' lang='lat' dir='ltr'><strong>Proinde</strong></span> <span class='ocrx_word' id='word_1_819' title='bbox 2233 4387 2300 4428; x_wconf 90' lang='lat' dir='ltr'><strong>ne</strong></span> <span class='ocrx_word' id='word_1_820' title='bbox 2332 4381 2582 4442; x_wconf 87' lang='lat' dir='ltr'><strong>putemus</strong></span> <span class='ocrx_word' id='word_1_821' title='bbox 2612 4373 2750 4426; x_wconf 89' lang='lat' dir='ltr'><strong>hanc</strong></span> <span class='ocrx_word' id='word_1_822' title='bbox 2791 4371 3154 4426; x_wconf 87' lang='lat' dir='ltr'><strong>narrationem</strong></span> <span class='ocrx_word' id='word_1_823' title='bbox 3178 4369 3334 4422; x_wconf 91' lang='lat' dir='ltr'><strong>uobis</strong></span> <span class='ocrx_word' id='word_1_824' title='bbox 3356 4367 3585 4437; x_wconf 82' lang='lat' dir='ltr'><strong>infrugi-</strong></span> 
     </span>
    </p>
   </div>
   <div class='ocr_carea' id='block_1_106' title="bbox 1977 4459 3588 4534">
    <p class='ocr_par' dir='ltr' id='par_1_106' title="bbox 1977 4459 3588 4534">
     <span class='ocr_line' id='line_1_106' title="bbox 1977 4459 3588 4534; baseline -0.004 -16"><span class='ocrx_word' id='word_1_825' title='bbox 1977 4463 2143 4518; x_wconf 86' lang='lat' dir='ltr'><strong>feram</strong></span> <span class='ocrx_word' id='word_1_826' title='bbox 2171 4478 2292 4519; x_wconf 89' lang='lat' dir='ltr'><strong>esse</strong></span> <span class='ocrx_word' id='word_1_827' title='bbox 2311 4505 2326 4528; x_wconf 94' lang='lat'><strong>,</strong></span> <span class='ocrx_word' id='word_1_828' title='bbox 2354 4462 2787 4534; x_wconf 85' lang='lat' dir='ltr'><strong>quandoquidem</strong></span> <span class='ocrx_word' id='word_1_829' title='bbox 2835 4461 2962 4515; x_wconf 60' lang='lat' dir='ltr'><strong>Ilaec</strong></span> <span class='ocrx_word' id='word_1_830' title='bbox 2987 4462 3180 4528; x_wconf 86' lang='lat' dir='ltr'><strong>scripta</strong></span> <span class='ocrx_word' id='word_1_831' title='bbox 3211 4469 3328 4514; x_wconf 85' lang='lat' dir='ltr'><strong>sunt</strong></span> <span class='ocrx_word' id='word_1_832' title='bbox 3370 4459 3437 4511; x_wconf 85' lang='lat' dir='ltr'><strong>ad</strong></span> <span class='ocrx_word' id='word_1_833' title='bbox 3472 4475 3588 4512; x_wconf 86' lang='lat' dir='ltr'><strong>cor-</strong></span> 
     </span>
    </p>
   </div>
   <div class='ocr_carea' id='block_1_107' title="bbox 1974 4553 3586 4627">
    <p class='ocr_par' dir='ltr' id='par_1_107' title="bbox 1974 4553 3586 4627">
     <span class='ocr_line' id='line_1_107' title="bbox 1974 4553 3586 4627; baseline -0.003 -18"><span class='ocrx_word' id='word_1_834' title='bbox 1974 4557 2255 4627; x_wconf 85' lang='lat' dir='ltr'><strong>reptiouem</strong></span> <span class='ocrx_word' id='word_1_835' title='bbox 2282 4565 2532 4622; x_wconf 85' lang='lat' dir='ltr'><strong>nostram,</strong></span> <span class='ocrx_word' id='word_1_836' title='bbox 2565 4555 2616 4607; x_wconf 86' lang='lat' dir='ltr'><strong>in</strong></span> <span class='ocrx_word' id='word_1_837' title='bbox 2643 4570 2771 4621; x_wconf 87' lang='lat' dir='ltr'><strong>quos</strong></span> <span class='ocrx_word' id='word_1_838' title='bbox 2793 4554 2926 4623; x_wconf 75' lang='lat' dir='ltr'><strong>ﬁnes</strong></span> <span class='ocrx_word' id='word_1_839' title='bbox 2944 4554 3250 4607; x_wconf 65' lang='lat' dir='ltr'><strong>seculorum</strong></span> <span class='ocrx_word' id='word_1_840' title='bbox 3275 4553 3586 4606; x_wconf 74' lang='lat' dir='ltr'><strong>devenerunt</strong></span> 
     </span>
    </p>
   </div>
   <div class='ocr_carea' id='block_1_108' title="bbox 1978 4645 3586 4719">
    <p class='ocr_par' dir='ltr' id='par_1_108' title="bbox 1978 4645 3586 4719">
     <span class='ocr_line' id='line_1_108' title="bbox 1978 4645 3586 4719; baseline -0.002 -16"><span class='ocrx_word' id='word_1_841' title='bbox 1978 4648 2054 4719; x_wconf 81' lang='grc'><strong>(1.</strong></span> <span class='ocrx_word' id='word_1_842' title='bbox 2087 4647 2206 4701; x_wconf 84' lang='lat' dir='ltr'><strong>Cor.</strong></span> <span class='ocrx_word' id='word_1_843' title='bbox 2239 4648 2325 4701; x_wconf 68' lang='lat'><strong>10.</strong></span> <span class='ocrx_word' id='word_1_844' title='bbox 2349 4647 2476 4716; x_wconf 79' lang='lat' dir='ltr'><strong>ll):</strong></span> <span class='ocrx_word' id='word_1_845' title='bbox 2509 4647 2604 4701; x_wconf 88' lang='lat' dir='ltr'><strong>sed</strong></span> <span class='ocrx_word' id='word_1_846' title='bbox 2638 4646 2896 4700; x_wconf 89' lang='lat' dir='ltr'><strong>adeamus</strong></span> <span class='ocrx_word' id='word_1_847' title='bbox 2931 4661 3051 4700; x_wconf 87' lang='lat' dir='ltr'><strong>eam</strong></span> <span class='ocrx_word' id='word_1_848' title='bbox 3073 4687 3088 4711; x_wconf 91' lang='lat'><strong>,</strong></span> <span class='ocrx_word' id='word_1_849' title='bbox 3136 4645 3410 4702; x_wconf 86' lang='lat' dir='ltr'><strong>discamus</strong></span> <span class='ocrx_word' id='word_1_850' title='bbox 3447 4659 3586 4713; x_wconf 83' lang='lat' dir='ltr'><strong>quo-</strong></span> 
     </span>
    </p>
   </div>
   <div class='ocr_carea' id='block_1_109' title="bbox 1978 4737 3582 4808">
    <p class='ocr_par' dir='ltr' id='par_1_109' title="bbox 1978 4737 3582 4808">
     <span class='ocr_line' id='line_1_109' title="bbox 1978 4737 3582 4808; baseline -0.002 -16"><span class='ocrx_word' id='word_1_851' title='bbox 1978 4738 2138 4793; x_wconf 90' lang='lat' dir='ltr'><strong>modo</strong></span> <span class='ocrx_word' id='word_1_852' title='bbox 2165 4737 2386 4792; x_wconf 85' lang='lat' dir='ltr'><strong>liberata</strong></span> <span class='ocrx_word' id='word_1_853' title='bbox 2407 4739 2476 4790; x_wconf 90' lang='lat' dir='ltr'><strong>sit</strong></span> <span class='ocrx_word' id='word_1_854' title='bbox 2505 4753 2534 4790; x_wconf 92' lang='lat' dir='ltr'><strong>a</strong></span> <span class='ocrx_word' id='word_1_855' title='bbox 2578 4737 2741 4801; x_wconf 90' lang='lat' dir='ltr'><strong>malo,</strong></span> <span class='ocrx_word' id='word_1_856' title='bbox 2766 4747 2819 4791; x_wconf 91' lang='lat' dir='ltr'><strong>et</strong></span> <span class='ocrx_word' id='word_1_857' title='bbox 2837 4737 2962 4808; x_wconf 90' lang='lat' dir='ltr'><strong>quid</strong></span> <span class='ocrx_word' id='word_1_858' title='bbox 2993 4737 3157 4808; x_wconf 82' lang='lat' dir='ltr'><strong>egerit</strong></span> <span class='ocrx_word' id='word_1_859' title='bbox 3185 4738 3582 4802; x_wconf 85' lang='lat' dir='ltr'><strong>morbolevata,</strong></span> 
     </span>
    </p>
   </div>
   <div class='ocr_carea' id='block_1_110' title="bbox 1977 4827 3587 4901">
    <p class='ocr_par' dir='ltr' id='par_1_110' title="bbox 1977 4827 3587 4901">
     <span class='ocr_line' id='line_1_110' title="bbox 1977 4827 3587 4901; baseline -0.002 -17"><span class='ocrx_word' id='word_1_860' title='bbox 1977 4839 2031 4884; x_wconf 88' lang='lat' dir='ltr'><strong>et</strong></span> <span class='ocrx_word' id='word_1_861' title='bbox 2055 4844 2161 4901; x_wconf 93' lang='lat' dir='ltr'><strong>quo</strong></span> <span class='ocrx_word' id='word_1_862' title='bbox 2183 4839 2338 4898; x_wconf 89' lang='lat' dir='ltr'><strong>pacto</strong></span> <span class='ocrx_word' id='word_1_863' title='bbox 2365 4827 2521 4883; x_wconf 88' lang='lat' dir='ltr'><strong>fuerit</strong></span> <span class='ocrx_word' id='word_1_864' title='bbox 2545 4843 2639 4883; x_wconf 89' lang='lat' dir='ltr'><strong>usa</strong></span> <span class='ocrx_word' id='word_1_865' title='bbox 2669 4843 2893 4883; x_wconf 87' lang='lat' dir='ltr'><strong>munere</strong></span> <span class='ocrx_word' id='word_1_866' title='bbox 2919 4843 2947 4879; x_wconf 91' lang='lat' dir='ltr'><strong>a</strong></span> <span class='ocrx_word' id='word_1_867' title='bbox 2982 4828 3093 4883; x_wconf 88' lang='lat' dir='ltr'><strong>Deo</strong></span> <span class='ocrx_word' id='word_1_868' title='bbox 3122 4827 3270 4881; x_wconf 87' lang='lat' dir='ltr'><strong>dato.</strong></span> <span class='ocrx_word' id='word_1_869' title='bbox 3302 4827 3469 4893; x_wconf 83' lang='lat' dir='ltr'><strong>Sedit,</strong></span> <span class='ocrx_word' id='word_1_870' title='bbox 3505 4827 3587 4881; x_wconf 85' lang='lat' dir='ltr'><strong>in-</strong></span> 
     </span>
    </p>
   </div>
   <div class='ocr_carea' id='block_1_111' title="bbox 1977 4919 3261 4993">
    <p class='ocr_par' dir='ltr' id='par_1_111' title="bbox 1977 4919 3261 4993">
     <span class='ocr_line' id='line_1_111' title="bbox 1977 4919 3261 4993; baseline 0 -18"><span class='ocrx_word' id='word_1_871' title='bbox 1977 4924 2110 4993; x_wconf 87' lang='lat' dir='ltr'><strong>quit,</strong></span> <span class='ocrx_word' id='word_1_872' title='bbox 2135 4932 2182 4975; x_wconf 86' lang='lat' dir='ltr'><strong>et</strong></span> <span class='ocrx_word' id='word_1_873' title='bbox 2211 4922 2416 4976; x_wconf 82' lang='lat' dir='ltr'><strong>lactatu&#39;t</strong></span> <span class='ocrx_word' id='word_1_874' title='bbox 2440 4921 2735 4976; x_wconf 81' lang='lat' dir='ltr'><strong>Sumuelem</strong></span> <span class='ocrx_word' id='word_1_875' title='bbox 2768 4924 2785 4988; x_wconf 90' lang='lat'><strong>(</strong></span> <span class='ocrx_word' id='word_1_876' title='bbox 2803 4921 2852 4975; x_wconf 80' lang='lat' dir='ltr'><strong>l.</strong></span> <span class='ocrx_word' id='word_1_877' title='bbox 2887 4919 2996 4991; x_wconf 83' lang='lat' dir='ltr'><strong>Reg</strong></span> <span class='ocrx_word' id='word_1_878' title='bbox 3051 4921 3105 4975; x_wconf 80' lang='lat' dir='ltr'><strong>l.</strong></span> <span class='ocrx_word' id='word_1_879' title='bbox 3141 4920 3261 4992; x_wconf 70' lang='grc'><strong>23).</strong></span> 
     </span>
    </p>
   </div>
   <div class='ocr_carea' id='block_1_112' title="bbox 2055 5011 3583 5083">
    <p class='ocr_par' dir='ltr' id='par_1_112' title="bbox 2055 5011 3583 5083">
     <span class='ocr_line' id='line_1_112' title="bbox 2055 5011 3583 5083; baseline 0 -17"><span class='ocrx_word' id='word_1_880' title='bbox 2055 5013 2259 5081; x_wconf 83' lang='lat' dir='ltr'><strong>Quanta</strong></span> <span class='ocrx_word' id='word_1_881' title='bbox 2293 5013 2472 5082; x_wconf 84' lang='lat' dir='ltr'><strong>pietate</strong></span> <span class='ocrx_word' id='word_1_882' title='bbox 2530 5029 2742 5083; x_wconf 85' lang='lat' dir='ltr'><strong>puerum</strong></span> <span class='ocrx_word' id='word_1_883' title='bbox 2789 5011 3009 5067; x_wconf 86' lang='lat' dir='ltr'><strong>Domino</strong></span> <span class='ocrx_word' id='word_1_884' title='bbox 3049 5012 3280 5067; x_wconf 75' lang='lat' dir='ltr'><strong>educavit</strong></span> <span class='ocrx_word' id='word_1_885' title='bbox 3306 5013 3583 5077; x_wconf 77' lang='lat' dir='ltr'><strong>obtulitque</strong></span> 
     </span>
    </p>
   </div>
   <div class='ocr_carea' id='block_1_113' title="bbox 1981 5105 3585 5177">
    <p class='ocr_par' dir='ltr' id='par_1_113' title="bbox 1981 5105 3585 5177">
     <span class='ocr_line' id='line_1_113' title="bbox 1981 5105 3585 5177; baseline -0.001 -19"><span class='ocrx_word' id='word_1_886' title='bbox 1981 5105 2364 5161; x_wconf 65' lang='lat' dir='ltr'><strong>Auum—Vide</strong></span> <span class='ocrx_word' id='word_1_887' title='bbox 2381 5105 2655 5177; x_wconf 89' lang='lat' dir='ltr'><strong>quomodo</strong></span> <span class='ocrx_word' id='word_1_888' title='bbox 2669 5105 3036 5174; x_wconf 85' lang='lat' dir='ltr'><strong>conspiciebat</strong></span> <span class='ocrx_word' id='word_1_889' title='bbox 3054 5105 3310 5175; x_wconf 87' lang='lat' dir='ltr'><strong>deinceps</strong></span> <span class='ocrx_word' id='word_1_890' title='bbox 3326 5105 3585 5160; x_wconf 80' lang='lat' dir='ltr'><strong>infantem</strong></span> 
     </span>
    </p>
   </div>
   <div class='ocr_carea' id='block_1_114' title="bbox 1981 5195 3587 5263">
    <p class='ocr_par' dir='ltr' id='par_1_114' title="bbox 1981 5195 3587 5263">
     <span class='ocr_line' id='line_1_114' title="bbox 1981 5195 3587 5263; baseline 0 -12"><span class='ocrx_word' id='word_1_891' title='bbox 1981 5197 2149 5263; x_wconf 89' lang='lat' dir='ltr'><strong>illum,</strong></span> <span class='ocrx_word' id='word_1_892' title='bbox 2165 5213 2270 5252; x_wconf 90' lang='lat' dir='ltr'><strong>non</strong></span> <span class='ocrx_word' id='word_1_893' title='bbox 2295 5207 2499 5252; x_wconf 90' lang='lat' dir='ltr'><strong>tantum</strong></span> <span class='ocrx_word' id='word_1_894' title='bbox 2515 5205 2574 5250; x_wconf 94' lang='lat' dir='ltr'><strong>ut</strong></span> <span class='ocrx_word' id='word_1_895' title='bbox 2591 5196 2870 5262; x_wconf 86' lang='lat' dir='ltr'><strong>infantem,</strong></span> <span class='ocrx_word' id='word_1_896' title='bbox 2889 5195 3245 5252; x_wconf 84' lang='lat' dir='ltr'><strong>verumetiam</strong></span> <span class='ocrx_word' id='word_1_897' title='bbox 3265 5203 3323 5251; x_wconf 82' lang='lat' dir='ltr'><strong>ut</strong></span> <span class='ocrx_word' id='word_1_898' title='bbox 3343 5211 3455 5250; x_wconf 87' lang='lat' dir='ltr'><strong>rem</strong></span> <span class='ocrx_word' id='word_1_899' title='bbox 3475 5196 3518 5250; x_wconf 86' lang='grc' dir='ltr'><strong>Ι)</strong></span> <span class='ocrx_word' id='word_1_900' title='bbox 3551 5210 3587 5251; x_wconf 89' lang='lat' dir='ltr'><strong>o</strong></span> 
     </span>
    </p>
   </div>
   <div class='ocr_carea' id='block_1_115' title="bbox 1980 5287 3591 5358">
    <p class='ocr_par' dir='ltr' id='par_1_115' title="bbox 1980 5287 3591 5358">
     <span class='ocr_line' id='line_1_115' title="bbox 1980 5287 3591 5358; baseline 0 -16"><span class='ocrx_word' id='word_1_901' title='bbox 1980 5297 2349 5343; x_wconf 83' lang='lat' dir='ltr'><strong>Consecratam</strong></span> <span class='ocrx_word' id='word_1_902' title='bbox 2385 5304 2399 5341; x_wconf 92' lang='lat'>:</span> <span class='ocrx_word' id='word_1_903' title='bbox 2425 5303 2601 5357; x_wconf 85' lang='lat' dir='ltr'><strong>eoque</strong></span> <span class='ocrx_word' id='word_1_904' title='bbox 2631 5289 2788 5342; x_wconf 89' lang='lat' dir='ltr'><strong>matri</strong></span> <span class='ocrx_word' id='word_1_905' title='bbox 2821 5289 3070 5358; x_wconf 70' lang='lat' dir='ltr'><strong>genuinus</strong></span> <span class='ocrx_word' id='word_1_906' title='bbox 3100 5288 3301 5343; x_wconf 76' lang='lat' dir='ltr'><strong>artioris</strong></span> <span class='ocrx_word' id='word_1_907' title='bbox 3342 5287 3591 5342; x_wconf 88' lang='lat' dir='ltr'><strong>stimulus</strong></span> 
     </span>
    </p>
   </div>
   <div class='ocr_carea' id='block_1_116' title="bbox 1985 5380 3589 5450">
    <p class='ocr_par' dir='ltr' id='par_1_116' title="bbox 1985 5380 3589 5450">
     <span class='ocr_line' id='line_1_116' title="bbox 1985 5380 3589 5450; baseline 0 -17"><span class='ocrx_word' id='word_1_908' title='bbox 1985 5382 2176 5433; x_wconf 88' lang='lat' dir='ltr'><strong>insitus</strong></span> <span class='ocrx_word' id='word_1_909' title='bbox 2199 5389 2302 5440; x_wconf 86' lang='lat' dir='ltr'><strong>est.</strong></span> <span class='ocrx_word' id='word_1_910' title='bbox 2327 5381 2463 5434; x_wconf 90' lang='lat' dir='ltr'><strong>alter</strong></span> <span class='ocrx_word' id='word_1_911' title='bbox 2490 5396 2517 5432; x_wconf 87' lang='lat' dir='ltr'><strong>a</strong></span> <span class='ocrx_word' id='word_1_912' title='bbox 2552 5390 2765 5446; x_wconf 87' lang='lat' dir='ltr'><strong>natura,</strong></span> <span class='ocrx_word' id='word_1_913' title='bbox 2787 5380 2926 5434; x_wconf 88' lang='lat' dir='ltr'><strong>alter</strong></span> <span class='ocrx_word' id='word_1_914' title='bbox 2947 5396 2974 5430; x_wconf 90' lang='lat' dir='ltr'><strong>a</strong></span> <span class='ocrx_word' id='word_1_915' title='bbox 3001 5381 3194 5450; x_wconf 89' lang='lat' dir='ltr'><strong>gratia.</strong></span> <span class='ocrx_word' id='word_1_916' title='bbox 3231 5381 3305 5433; x_wconf 75' lang='lat' dir='ltr'><strong>Ac</strong></span> <span class='ocrx_word' id='word_1_917' title='bbox 3335 5395 3453 5434; x_wconf 82' lang='lat' dir='ltr'><strong>mea</strong></span> <span class='ocrx_word' id='word_1_918' title='bbox 3470 5383 3589 5448; x_wconf 58' lang='lat' dir='ltr'><strong>qui-</strong></span> 
     </span>
    </p>
   </div>
   <div class='ocr_carea' id='block_1_117' title="bbox 1983 5471 3589 5540">
    <p class='ocr_par' dir='ltr' id='par_1_117' title="bbox 1983 5471 3589 5540">
     <span class='ocr_line' id='line_1_117' title="bbox 1983 5471 3589 5540; baseline -0.001 -14"><span class='ocrx_word' id='word_1_919' title='bbox 1983 5471 2104 5526; x_wconf 87' lang='lat' dir='ltr'><strong>dem</strong></span> <span class='ocrx_word' id='word_1_920' title='bbox 2138 5473 2425 5536; x_wconf 83' lang='lat' dir='ltr'><strong>sententia,</strong></span> <span class='ocrx_word' id='word_1_921' title='bbox 2464 5473 2626 5526; x_wconf 86' lang='lat' dir='ltr'><strong>etiam</strong></span> <span class='ocrx_word' id='word_1_922' title='bbox 2661 5472 3011 5527; x_wconf 83' lang='lat' dir='ltr'><strong>reverebalur</strong></span> <span class='ocrx_word' id='word_1_923' title='bbox 3040 5486 3264 5540; x_wconf 88' lang='lat' dir='ltr'><strong>puerum</strong></span> <span class='ocrx_word' id='word_1_924' title='bbox 3297 5485 3449 5524; x_wconf 90' lang='lat' dir='ltr'><strong>suum</strong></span> <span class='ocrx_word' id='word_1_925' title='bbox 3473 5513 3486 5534; x_wconf 94' lang='lat'><strong>,</strong></span> <span class='ocrx_word' id='word_1_926' title='bbox 3537 5481 3589 5525; x_wconf 77' lang='lat' dir='ltr'><strong>et</strong></span> 
     </span>
    </p>
   </div>
   <div class='ocr_carea' id='block_1_118' title="bbox 1985 5562 3590 5632">
    <p class='ocr_par' dir='ltr' id='par_1_118' title="bbox 1985 5562 3590 5632">
     <span class='ocr_line' id='line_1_118' title="bbox 1985 5562 3590 5632; baseline -0.002 -16"><span class='ocrx_word' id='word_1_927' title='bbox 1985 5563 2197 5617; x_wconf 89' lang='lat' dir='ltr'><strong>merito.</strong></span> <span class='ocrx_word' id='word_1_928' title='bbox 2250 5563 2459 5616; x_wconf 81' lang='lat' dir='ltr'><strong>Etenim</strong></span> <span class='ocrx_word' id='word_1_929' title='bbox 2502 5563 2545 5616; x_wconf 87' lang='lat' dir='ltr'><strong>si</strong></span> <span class='ocrx_word' id='word_1_930' title='bbox 2594 5563 2682 5631; x_wconf 92' lang='lat' dir='ltr'><strong>qui</strong></span> <span class='ocrx_word' id='word_1_931' title='bbox 2725 5563 2932 5632; x_wconf 87' lang='lat' dir='ltr'><strong>phialas</strong></span> <span class='ocrx_word' id='word_1_932' title='bbox 2977 5563 3233 5631; x_wconf 87' lang='lat' dir='ltr'><strong>poculave</strong></span> <span class='ocrx_word' id='word_1_933' title='bbox 3277 5578 3441 5618; x_wconf 89' lang='lat' dir='ltr'><strong>aurea</strong></span> <span class='ocrx_word' id='word_1_934' title='bbox 3485 5562 3590 5617; x_wconf 87' lang='lat' dir='ltr'><strong>Deo</strong></span> 
     </span>
    </p>
   </div>
   <div class='ocr_carea' id='block_1_119' title="bbox 1985 5651 3588 5722">
    <p class='ocr_par' dir='ltr' id='par_1_119' title="bbox 1985 5651 3588 5722">
     <span class='ocr_line' id='line_1_119' title="bbox 1985 5651 3588 5722; baseline -0.002 -15"><span class='ocrx_word' id='word_1_935' title='bbox 1985 5653 2209 5707; x_wconf 88' lang='lat' dir='ltr'><strong>dicaturi</strong></span> <span class='ocrx_word' id='word_1_936' title='bbox 2239 5664 2384 5718; x_wconf 91' lang='lat' dir='ltr'><strong>sunt,</strong></span> <span class='ocrx_word' id='word_1_937' title='bbox 2417 5663 2763 5722; x_wconf 84' lang='lat' dir='ltr'><strong>posteaquam</strong></span> <span class='ocrx_word' id='word_1_938' title='bbox 2793 5669 2852 5707; x_wconf 88' lang='lat' dir='ltr'><strong>ea</strong></span> <span class='ocrx_word' id='word_1_939' title='bbox 2877 5651 3242 5720; x_wconf 78' lang='lat' dir='ltr'><strong>jamconfecta</strong></span> <span class='ocrx_word' id='word_1_940' title='bbox 3262 5655 3588 5722; x_wconf 70' lang='lat' dir='ltr'><strong>acceperint,</strong></span> 
     </span>
    </p>
   </div>
   <div class='ocr_carea' id='block_1_120' title="bbox 1986 5745 3585 5815">
    <p class='ocr_par' dir='ltr' id='par_1_120' title="bbox 1986 5745 3585 5815">
     <span class='ocr_line' id='line_1_120' title="bbox 1986 5745 3585 5815; baseline -0.001 -15"><span class='ocrx_word' id='word_1_941' title='bbox 1986 5747 2238 5815; x_wconf 87' lang='lat' dir='ltr'><strong>domique</strong></span> <span class='ocrx_word' id='word_1_942' title='bbox 2264 5747 2623 5814; x_wconf 87' lang='lat' dir='ltr'><strong>reposuerint,</strong></span> <span class='ocrx_word' id='word_1_943' title='bbox 2658 5759 2762 5799; x_wconf 91' lang='lat' dir='ltr'><strong>non</strong></span> <span class='ocrx_word' id='word_1_944' title='bbox 2809 5761 2870 5799; x_wconf 88' lang='lat' dir='ltr'><strong>ea</strong></span> <span class='ocrx_word' id='word_1_945' title='bbox 2911 5747 3061 5815; x_wconf 83' lang='lat' dir='ltr'><strong>quasi</strong></span> <span class='ocrx_word' id='word_1_946' title='bbox 3097 5747 3318 5814; x_wconf 53' lang='lat' dir='ltr'><strong>profana</strong></span> <span class='ocrx_word' id='word_1_947' title='bbox 3351 5760 3474 5799; x_wconf 84' lang='lat' dir='ltr'><strong>vasa</strong></span> <span class='ocrx_word' id='word_1_948' title='bbox 3508 5745 3585 5798; x_wconf 81' lang='lat' dir='ltr'><strong>in-</strong></span> 
     </span>
    </p>
   </div>
   <div class='ocr_carea' id='block_1_121' title="bbox 1990 5835 3585 5908">
    <p class='ocr_par' dir='ltr' id='par_1_121' title="bbox 1990 5835 3585 5908">
     <span class='ocr_line' id='line_1_121' title="bbox 1990 5835 3585 5908; baseline -0.001 -16"><span class='ocrx_word' id='word_1_949' title='bbox 1990 5843 2236 5904; x_wconf 86' lang='lat' dir='ltr'><strong>tuentur,</strong></span> <span class='ocrx_word' id='word_1_950' title='bbox 2267 5835 2360 5893; x_wconf 85' lang='lat' dir='ltr'><strong>sed</strong></span> <span class='ocrx_word' id='word_1_951' title='bbox 2387 5846 2658 5908; x_wconf 79' lang='lat' dir='ltr'><strong>tamquam</strong></span> <span class='ocrx_word' id='word_1_952' title='bbox 2691 5837 2797 5890; x_wconf 87' lang='lat' dir='ltr'><strong>Deo</strong></span> <span class='ocrx_word' id='word_1_953' title='bbox 2825 5851 2997 5903; x_wconf 86' lang='lat' dir='ltr'><strong>sacra,</strong></span> <span class='ocrx_word' id='word_1_954' title='bbox 3053 5852 3152 5890; x_wconf 75' lang='lat' dir='ltr'><strong>nec</strong></span> <span class='ocrx_word' id='word_1_955' title='bbox 3191 5845 3387 5891; x_wconf 83' lang='lat' dir='ltr'><strong>audent</strong></span> <span class='ocrx_word' id='word_1_956' title='bbox 3418 5851 3481 5890; x_wconf 86' lang='lat' dir='ltr'><strong>ea</strong></span> <span class='ocrx_word' id='word_1_957' title='bbox 3513 5847 3585 5890; x_wconf 85' lang='lat' dir='ltr'><strong>to-</strong></span> 
     </span>
    </p>
   </div>
  </div>
