4066 6428
536 394 644 453 055

540 522 693 565 mere
712 505 951 575 citraque
971 513 1184 557 causam
1215 501 1497 571 attingere,
1526 500 1661 553 sicut
1688 505 1880 552 cetera
1908 512 1922 548 :
1964 491 2132 551 multo

542 606 711 669 magis
741 597 854 651 hate
876 594 1068 649 mulier
1082 592 1242 649 simili
1263 593 1443 647 animo
1463 589 1772 646 attendebat
1798 589 1863 642 ad
1888 600 2132 657 puerum,

543 695 704 746 etiam
734 683 1040 758 priusquam
1071 686 1218 740 illum
1252 687 1302 740 in
1333 685 1585 754 templum
1620 682 1896 736 induceret
1923 698 1935 734 :
1967 690 2018 735 et
2049 680 2134 734 di-

542 781 738 851 ligebat
764 781 1056 850 impensius
1079 779 1266 843 illium,
1296 789 1347 832 et
1365 777 1584 832 curabat
1617 784 1888 844 tamquam
1916 774 2026 829 Deo
2050 773 2136 827 «li-

537 884 735 934 catum.
754 874 1064 930 existimans
1079 889 1138 929 se
1149 887 1244 942 per
1262 871 1405 926 illum
1420 869 1804 927 sanctificatum
1819 867 1904 935 iri,
1922 868 2136 940 quando

538 967 733 1022 domus
749 966 915 1038 ipsius
925 967 1038 1038 jam
1059 975 1173 1020 erat
1199 964 1339 1020 facta
1367 965 1644 1034 templum,
1675 975 1727 1018 ιιι
1754 979 1874 1035 qum
1897 962 2134 1036 prophe-

544 1067 652 1110 tam
678 1071 740 1112 ac
761 1055 1091 1112 sacerdotem
1120 1055 1257 1110 intra
1280 1069 1340 1110 se
1361 1055 1680 1110 contineret.
1707 1053 1824 1109 Non
1846 1054 2019 1109 solum
2035 1069 2136 1108 au-

540 1159 647 1203 tem
675 1161 739 1201 ex
770 1161 835 1200 eo
860 1146 1002 1216 quod
1035 1147 1181 1200 illum
1211 1146 1320 1201 Deo
1351 1146 1658 1214 spopondit,
1685 1146 2035 1202 verumetiam
2064 1159 2134 1201 ex

541 1236 643 1291 hoc
657 1237 796 1299 quod
807 1252 919 1292 non
935 1252 1061 1291 ausa
1076 1238 1141 1292 sit
1164 1237 1458 1293 ascendere
1476 1237 1528 1291 in
1549 1237 1806 1306 templum
1827 1236 2134 1307 priusquam

541 1326 866 1382 ablactasset
908 1327 1186 1392 infantem,
1229 1328 1344 1398 ejus
1373 1327 1623 1397 pietatem
1657 1329 1778 1382 licet
1806 1328 2130 1397 perspicere.

541 1420 628 1474 Ait
647 1421 782 1474 enim
803 1421 910 1474 circ
929 1438 1023 1476 suo
1047 1437 1068 1477 :
1099 1419 1222 1475 Non
1250 1423 1520 1476 ascendam
1551 1420 1720 1475 donec
1739 1421 1980 1476 ascendat
2007 1435 2135 1490 puer

540 1529 741 1567 mecum
760 1529 779 1568 :
801 1529 915 1566 cum
941 1524 1106 1567 autent
1127 1513 1446 1587 ablactaceno
1469 1513 1639 1578 illum,
1675 1513 1921 1580 oﬂ’eretur
1939 1515 1992 1568 in
2009 1529 2134 1568 con-

541 1614 714 1673 spectu
741 1601 963 1668 Domini,
997 1613 1043 1658 et
1067 1603 1253 1659 sedebit
1278 1604 1384 1658 illic
1411 1605 1463 1658 in
1481 1608 1644 1660 aerum
1674 1606 1750 1676 (l.
1777 1604 1904 1677 Reg.
1931 1607 1984 1661 1.

551 1692 737 1747 Vidcu’
757 1698 781 1745 γ
807 1691 922 1747 Non
955 1693 1292 1748 existimabat
1312 1707 1434 1751 esse
1460 1703 1630 1750 tutum
1656 1696 1748 1750 illo
1767 1695 1917 1749 domi
1943 1696 2134 1750 relicto

539 1783 836 1838 ascendere
859 1784 910 1838 in
949 1786 1203 1854 templum
1223 1826 1236 1850 ,
1267 1785 1411 1856 quod
1438 1800 1558 1840 cum
1587 1787 1884 1854 accepisset
1909 1787 2160 1854 donum,'

544 1888 651 1949 non
668 1873 959 1929 suStineret
983 1872 1186 1944 absque
1213 1875 1356 1930 dono
1377 1888 1712 1946 comparere.
1737 1875 1943 1934 Rursus
1961 1879 2135 1935 addu-

541 1971 630 2019 ctu
651 1963 765 2029 illo,
796 1979 860 2020 ac
888 1979 1010 2020 mox
1039 1976 1276 2036 recepto,
1297 1967 1629 2025 descendere
1656 1971 1944 2026 verebatur
1971 1989 1985 2026 :
2014 1972 2140 2030 ideo

543 2061 695 2109 tanto
722 2063 962 2125 tempore
987 2055 1277 2124 remansit,
1326 2066 1385 2113 ut
1427 2072 1547 2114 cum
1592 2060 1736 2115 dono
1779 2073 2135 2132 compareret.

547 2142 780 2196 Adduxit
804 2155 951 2214 ergo,
992 2157 1057 2199 ac
1082 2147 1315 2214 reliquit,
1354 2161 1453 2203 nec
1482 2164 1615 2218 puer
1645 2165 1674 2203 a
1707 2167 1936 2206 mamma
1967 2154 2141 2208 divul-

544 2249 638 2291 sus
665 2238 890 2292 moleste
917 2235 1056 2304 tulit,
1085 2238 1210 2294 licet
1233 2242 1415 2296 sciatis
1455 2257 1614 2313 quam
1639 2244 1849 2299 soleant
1875 2245 2137 2316 indignari

546 2328 694 2399 pueri
717 2332 923 2400 (mones
943 2343 971 2385 ει
998 2332 1135 2387 lacte
1159 2328 1499 2403 depelluntur
1522 2335 1599 2406 (α)
1629 2353 1644 2391 :
1672 2348 1854 2392 verum
1895 2348 1996 2392 nec
2023 2337 2139 2407 ipse

545 2435 681 2491 puer
709 2435 851 2489 :egre
878 2421 998 2475 tulit
1041 2435 1071 2476 a
1118 2432 1288 2478 matre
1330 2423 1589 2490 divulsus,
1635 2426 1728 2484 sed
1756 2424 2136 2485 adDominnm

546 2511 802 2580 respexit,
833 2511 921 2582 qui
950 2512 1116 2582 ipsam
1146 2510 1371 2569 matrem
1400 2514 1632 2582 fecerat;
1672 2530 1772 2573 nec
1821 2517 1937 2588 ipsa
1968 2528 2142 2575 mater

545 2601 717 2656 doluit
736 2617 764 2657 a
793 2615 963 2673 puero
992 2605 1253 2674 seiuncta,
1283 2606 1405 2676 quia
1429 2605 1723 2663 naturalem
1752 2609 1999 2664 aﬂeetum
2016 2611 2142 2665 vicit

549 2690 913 2750 interveniens
936 2691 1124 2765 gratia,
1150 2706 1204 2750 et
1233 2709 1458 2768 uterque
1488 2713 1546 2753 se
1575 2713 1696 2753 cum
1747 2701 1918 2755 altero
1963 2702 2142 2758 vivere

548 2782 914 2838 existimabat.
947 2783 1405 2853 Quemadmodum
1437 2791 1623 2843 eodem
1657 2791 1707 2843 in
1733 2791 1852 2846 loco
1885 2790 1986 2846 lixa
2018 2793 2141 2849 vitis

549 2870 604 2927 in
625 2873 841 2944 longum
871 2872 1114 2946 producit
1145 2878 1390 2946 palmites
1415 2921 1430 2940 .
1463 2890 1516 2935 ct
1539 2898 1636 2935 uva
1663 2885 1832 2938 multo
1859 2885 2142 2941 intervallo

549 2961 809 3034 pendens,
841 2965 1006 3023 radici
1038 2963 1206 3025 lueret
1235 2985 1249 3024 :
1284 2971 1466 3027 itidem
1504 2982 1559 3028 et
1591 2975 1642 3028 in
1677 2973 1776 3030 bac
1819 2975 2016 3032 accidit
2067 2977 2144 3033 τε»

549 3056 716 3121 mina,
743 3065 864 3127 qua:
892 3058 946 3113 in
973 3057 1106 3116 urbe
1129 3076 1356 3118 manens
1383 3079 1552 3134 usque
1578 3066 1642 3121 ad
1668 3069 1925 3137 templum
1951 3079 2142 3125 exten-

550 3139 630 3202 dit
649 3158 805 3204 suum
827 3149 1122 3220 palmitem,
1150 3164 1312 3226 atque
1339 3155 1448 3212 illic
1473 3173 1628 3213 uvam
1657 3159 1936 3230 suspendit
1966 3175 2144 3219 matu-

553 3255 669 3295 ram
699 3258 714 3295 ε
749 3255 849 3298 nec
873 3243 1210 3300 intervallum
1241 3249 1366 3302 illud
1399 3249 1566 3305 ullum
1595 3252 2144 3324 attulitimpedimcu-

553 3337 667 3385 tum
694 3372 712 3398 ,
741 3345 864 3388 cum
892 3335 1089 3392 caritas
1116 3353 1234 3407 qua:
1270 3341 1562 3396 secundum
1595 3342 1764 3398 Deum
1785 3352 1890 3410 est,
1923 3362 2146 3415 puerum

554 3425 708 3480 matri
724 3429 1019 3497 copularet.
1034 3429 1364 3506 Quamquam
1386 3437 1526 3494 enim
1551 3449 1680 3493 artas
1698 3446 1813 3496 erat
1839 3441 2143 3510 immatura,

553 3515 720 3571 virtus
771 3529 948 3576 tamen
998 3521 1183 3580 aderat
1233 3537 1482 3584 matura:
1523 3532 2045 3608 ascendentibusque
2091 3537 2143 3591 in

553 3607 818 3697 templum
841 3615 1091 3672 omnibus
1136 3609 1318 3675 multa:
1368 3623 1640 3695 religionis
1679 3630 1932 3700 magister
1961 3607 2146 3689 factus

552 3711 656 3757 est.
682 3703 813 3758 Nam
858 3702 932 3760 illi
958 3703 1083 3763 dum
1130 3711 1462 3781 inquirerent
1503 3716 1881 3792 discerentquc
1927 3724 2144 3781 modum

552 3795 809 3850 natalium
841 3796 1003 3866 illius,
1026 3802 1240 3859 abunde
1266 3821 1515 3878 magnum
1542 3811 1791 3868 solatium
1814 3815 2150 3886 accipiebant

550 3885 665 3980 spei
687 3901 806 3955 qum
831 3898 918 3943 est
930 3905 1055 3967 erga
1077 3892 1267 3950 Deum.
1291 3895 1475 3968 Neque
1494 3900 1797 3973 quisquam,
1824 3885 1945 3962 viso
1957 3922 2145 3980 puero,

551 3979 744 4058 tacitus
781 3980 1164 4056 descendebat,
1210 3991 1304 4046 sed
1330 3989 1529 4050 omnes
1543 3997 1917 4068 gloriﬁeabant
1946 4001 2096 4060 illum

550 4085 584 4123 a
611 4087 718 4141 quo
747 4084 946 4142 prmter
968 4092 1120 4147 spem
1146 4080 1303 4161 datus
1321 4096 1460 4155 erat.
1493 4088 1641 4146 llanc
1667 4092 1737 4147 ob
1765 4108 1983 4151 causam
2003 4095 2147 4156 Deus

549 4161 765 4255 distulit
793 4175 1027 4250 partum,
1058 4179 1116 4228 ut
1136 4170 1274 4229 banc
1303 4189 1522 4255 augeret
1563 4184 1911 4253 voluptatem,
1939 4197 1997 4243 ut
2024 4205 2146 4245 mu-

555 4252 742 4308 tierent
767 4256 1018 4313 redderet
1043 4253 1413 4328 illustriorem.
1436 4268 1568 4326 Nam
1595 4252 1917 4347 quicumque
1936 4274 2147 4336 calami-

546 4346 868 4439 tatemcjus
918 4365 1199 4425 noverant,
1252 4359 1288 4413 li
1335 4369 1499 4418 testes
1530 4363 1650 4421 facti
1695 4346 1880 4439 gratia:
1935 4362 2150 4433 [λείπει

551 4437 694 4533 good
724 4438 884 4510 longo
913 4452 1154 4516 tempore
1180 4452 1377 4506 mansit
1401 4453 1452 4508 in
1480 4437 1730 4527 orbitate,
1753 4461 1950 4533 eil‘ecit,
1998 4475 2055 4523 ut
2094 4481 2150 4526 et

546 4527 667 4602 ipsa
695 4533 885 4600 multis
902 4547 1053 4609 esset
1083 4540 1276 4606 notior,
1302 4552 1352 4614 et
1376 4545 1444 4599 ab
1475 4550 1723 4607 omnibus
1751 4555 1905 4612 beata
1936 4527 2148 4630 uprmdi-

550 4627 1070 4720 arcturi-essetque
1115 4629 1167 4682 in
1201 4632 1592 4696 admiratione:
1619 4641 1851 4718 bincque
1900 4627 2098 4709 factum
2127 4696 2142 4720 ,

645 4724 740 4780 per
762 4711 911 4767 illam
937 4714 1046 4784 Deo
1066 4721 1267 4786 gratias
1295 4738 1514 4790 agerent
1547 4745 1706 4798 quam
1734 4711 1968 4803 plurimi.
2022 4711 2148 4802 llaec

557 4798 679 4853 ideo
710 4801 918 4870 loquor,
961 4816 1018 4860 ut
1043 4810 1251 4865 etiamsi
1281 4830 1377 4869 nos
1422 4816 1649 4876 feminas
1692 4798 1907 4884 sanctas
1936 4798 2149 4889 noveri;

557 4907 679 4945 nuis
701 4892 754 4945 in
784 4891 1010 4953 orbitate
1037 4911 1126 4954 aut
1160 4903 1210 4957 in
1239 4905 1340 4958 alia
1363 4922 1600 4966 mrumna
1629 4914 1908 4986 degentes,
1944 4939 2011 4979 ne
2030 4942 2146 4981 mo-

551 4987 693 5042 leste
712 4987 970 5075 feramus,
1000 5007 1134 5048 uere
1174 4997 1531 5070 indignemur,
1583 5022 1682 5062 nec
1721 5009 1964 5070 dicamus
2006 5021 2144 5088 apud

557 5077 848 5178 nosipsosl:
880 5079 1057 5149 Quare
1085 5085 1226 5140 Dens
1254 5088 1498 5160 despexit
1545 5098 1822 5155 mulierem
1854 5113 1998 5161 tanta
2032 5077 2144 5178 pie-

551 5177 668 5224 tate
691 5170 991 5238 prmditam,
1023 5190 1124 5230 nec
1166 5177 1314 5235 dedit
1359 5185 1602 5251 prolem?
1641 5189 1824 5263 Neque
1853 5197 1998 5254 enim
2033 5170 2144 5255 ista

555 5271 681 5315 sum
709 5262 1046 5334 negligentis,
1078 5270 1172 5324 sed
1197 5271 1299 5327 hoc
1317 5275 1471 5330 nobis
1495 5262 1749 5349 expedire
1763 5290 1955 5346 melius
1972 5292 2146 5348 scien-

557 5352 625 5404 tis
655 5367 757 5421 qua
782 5369 813 5405 ιι
837 5356 1036 5424 ιιοδὶιιδί
1068 5361 1286 5416 scimus.
1318 5367 1572 5425 Ascendit
1605 5373 1761 5443 igitur
1784 5379 1833 5433 in
1859 5385 2140 5454 templum,

555 5451 609 5494 et
635 5456 831 5511 agnum
859 5446 1064 5504 induxit
1098 5451 1148 5507 in
1174 5456 1313 5510 ovile
1335 5472 1397 5512 ac
1428 5461 1648 5519 vitulum
1675 5470 1925 5534 perduxit
1957 5446 2024 5530 ad
2052 5446 2142 5531 ar;

554 5542 813 5600 mentum,
841 5547 890 5590 et
922 5539 973 5592 in
1003 5552 1212 5609 pratum
1226 5546 1866 5630 deduxitrosamaspinis
1896 5565 2141 5636 liberam,

557 5642 759 5696 rosam,
785 5630 1021 5702 inquam,
1044 5652 1161 5707 qua:
1188 5657 1478 5713 numquam
1508 5656 1809 5724 marcescit,
1865 5661 1959 5716 sed
1987 5630 2143 5720 ﬂoret

557 5763 809 5889 Ct(ﬁgitur
835 5769 985 5823 multa
1016 5773 1249 5840 deerant,
1290 5795 1403 5845 quae
1422 5784 1680 5855 desumpta
1701 5807 1814 5852 sum
1839 5815 1901 5855 ex
1927 5801 2139 5858 Colbcrt.

1282 390 1340 446 S.
1380 385 1656 446 JOANNIS
1677 375 2155 441 CIIRYSOSTOHI
2195 376 2519 440 ARCHIEP.
2558 383 3093 447 CONSTANTINOP.

2241 509 2523 568 perpetuo,
2553 503 2780 571 qumque
2807 502 2974 570 possit
3015 502 3084 558 ad
3126 508 3302 574 ipsum
3331 519 3501 577 usque
3525 507 3724 565 cadum
3748 526 3839 568 ex-

2243 590 2413 655 tendi,
2438 591 2591 660 cujus
2621 590 2911 662 fragrantia
2937 595 2990 648 in
3016 593 3340 652 hodiernum
3371 612 3542 669 usque
3566 599 3720 655 diem
3743 615 3835 669 po-

2242 682 2448 736 tiuntur
2471 697 2662 739 omnes
2696 685 2786 754 qui
2835 693 3097 740 terrarum
3133 688 3369 744 incolunt
3403 689 3613 746 orbem.
3639 690 3843 750 Tantus

2241 785 2504 828 annorum
2525 791 2783 831 numerus
2813 778 3090 846 prmteriit,
3139 789 3193 834 et
3249 790 3430 837 tamen
3456 782 3675 838 virtutis
3702 783 3844 840 illius

2241 865 2530 936 fragrantia
2559 881 2776 940 semper
2799 871 3059 941 augescit,
3086 886 3187 926 nec
3238 882 3382 928 tanta
3422 877 3686 946 temporis
3726 893 3842 934 ma-

2241 956 2522 1028 gnitudine
2537 957 2685 1014 facta
2714 968 2800 1014 est
2827 960 3145 1032 languidior.
3178 961 3320 1018 Talis
3349 964 3495 1019 enim
3527 975 3612 1022 est
3659 983 3839 1024 rerum

2243 1048 2604 1117 spiritualium
2632 1060 2849 1106 natura.

2314 1141 2366 1196 ὅ.
2392 1139 2732 1212 Comparatur
2755 1145 2921 1198 Anna
2944 1145 3256 1214 sacri/icium
3279 1163 3395 1202 cum
3406 1149 3662 1218 sacriﬁcio
3677 1167 3845 1206 socero

2241 1231 2375 1287 dotis
2393 1242 2442 1287 et
2459 1233 2721 1303 sacriﬁcio
2734 1232 2973 1290 Abrahae.
3009 1236 3173 1291 Anna:
3197 1239 3444 1294 modestia
3475 1249 3521 1295 ct
3541 1251 3723 1300 aratas
3735 1259 3848 1298 ant-

2242 1341 2376 1381 nnts.
2393 1356 2465 1368 -
2478 1327 2738 1383 Ascendit
2759 1328 2919 1398 igitur
2934 1329 3252 1400 prteclarum
3280 1329 3410 1387 illud
3427 1347 3644 1402 germen
3664 1343 3846 1390 trans.

2243 1425 2512 1494 plantam,
2529 1423 3048 1495 etquemadmodum
3075 1423 3322 1480 industrii
3344 1425 3594 1496 agricolas
3613 1429 3848 1498 primum

2242 1532 2427 1573 semen
2456 1518 2508 1571 in
2541 1527 2741 1572 terram
2770 1515 3064 1591 deponunt,
3089 1518 3352 1587 cupressi,
3375 1528 3469 1573 aut
3492 1519 3722 1575 aliarum
3755 1535 3849 1575 ar-
3924 1587 3935 1596 _

2244 1608 2739 1674 borum‘imilium,
2771 1607 2986 1677 deinde,
3019 1608 3108 1662 ubi
3129 1620 3530 1678 conspexerunt
3567 1624 3599 1664 a
3637 1611 3852 1668 semine

2245 1700 2439 1756 factam
2465 1700 2741 1768 arborem,
2775 1716 2882 1756 non
2927 1701 3239 1772 relinquunt
3262 1701 3316 1756 in
3343 1701 3537 1758 eadem
3567 1713 3731 1769 terra,
3752 1704 3850 1761 sed

2244 1792 2368 1848 inde
2395 1793 2664 1849 revulsam
2686 1793 2738 1848 in
2769 1793 2912 1848 aliud
2941 1793 3274 1851 transferunt
3293 1795 3493 1863 solum,
3530 1806 3589 1851 ut
3613 1807 3758 1852 terra
3789 1799 3843 1853 in

2244 1899 2434 1940 recens
2463 1886 2672 1957 gremio
2694 1898 2795 1942 suo
2818 1895 3101 1954 exceptam
3123 1886 3263 1942 illius
3294 1886 3553 1953 radicem,
3585 1904 3778 1958 puram
3793 1898 3853 1947 et

2245 1971 2510 2049 integram
2537 1962 2832 2034 vim‘suam
2863 1977 3098 2049 proferat
3123 1980 3193 2035 ad
3224 1994 3346 2037 eam
3371 1981 3621 2038 alendam
3653 2000 3666 2036 :
3695 1984 3776 2039 sic
3796 1994 3852 2040 et

2246 2069 2362 2124 inec
2389 2071 2513 2127 fecit
2539 2069 2755 2137 mulier,
2776 2087 2898 2142 qua:
2924 2083 3154 2142 puerum
3180 2084 3379 2144 praeter
3402 2089 3554 2144 spem
3581 2076 3853 2146 prosemi-

2248 2173 2432 2218 natum
2461 2163 2514 2218 in
2546 2173 2701 2219 utero
2741 2178 2771 2216 a
2817 2161 2979 2220 domo
3028 2166 3317 2233 transtulit,
3380 2176 3435 2222 et
3487 2170 3543 2223 in
3589 2170 3853 2238 templum

2247 2253 2686 2327 transpiantavit,
2729 2255 2819 2310 ubi
2867 2264 3138 2326 perpetua:
3163 2266 3290 2313 sunt
3335 2257 3562 2314 fontium
3587 2259 3856 2316 scatebre

2245 2356 2300 2402 et
2325 2347 2663 2418 irrigationes
2715 2348 3058 2418 spirituales,
3115 2358 3174 2405 ut
3223 2349 3407 2406 videre
3461 2351 3674 2407 licuerit
3718 2352 3852 2409 illud

2247 2436 2622 2510 propheticum
2649 2441 2702 2496 in
2731 2442 2835 2497 illis
2862 2443 3091 2515 impleri,
3117 2443 3260 2514 quod
3295 2445 3460 2501 David
3486 2445 3643 2512 dixit,
3673 2446 3746 2500 ita
3763 2461 3855 2502 ca-

2248 2544 2384 2585 nens
2411 2546 2425 2584 :
2457 2530 2648 2587 Beatus
2666 2534 2743 2588 vir
2766 2534 2856 2603 qui
2882 2549 2987 2591 non
3031 2535 3308 2591 ambulauit
3335 2535 3389 2590 in
3427 2538 3644 2591 consilio
3672 2537 3857 2610 impio-

2246 2639 2382 2691 rum,
2399 2629 2527 2686 etin
2554 2627 2635 2681 via
2655 2635 2974 2698 peccatorum
2998 2643 3102 2684 non
3115 2629 3272 2695 stetit,
3295 2637 3340 2684 et
3364 2645 3521 2700 super
3543 2630 3851 2686 cathedram

2251 2718 2553 2786 pestilentiae
2576 2734 2677 2772 non
2702 2720 2872 2775 sedit:
2899 2719 2990 2775 sed
3008 2721 3060 2774 in
3089 2721 3198 2793 lege
3223 2718 3431 2776 Domini
3457 2723 3692 2776 voluntas
3716 2723 3850 2792 ejus,

2248 2820 2294 2863 et
2323 2810 2378 2862 in
2405 2806 2514 2880 lege
2532 2804 2644 2881 ejus
2681 2807 3028 2861 meditabitur
3061 2809 3148 2863 die
3181 2825 3245 2862 ac
3282 2822 3434 2866 nocte
3474 2829 3493 2867 :
3521 2824 3571 2868 et
3595 2815 3689 2868 erit
3715 2825 3852 2868 tam-

2248 2915 2402 2974 quam
2435 2904 2632 2974 lignum
2655 2900 2794 2976 quod
2814 2903 3100 2974 plantation
3125 2911 3199 2960 est
3231 2921 3375 2960 secus
3403 2905 3651 2961 decursus
3691 2921 3856 2975 aqua-

2248 3012 2387 3058 rum,
2418 2995 2557 3067 quod
2587 2997 2810 3066 fructum
2830 3011 2980 3050 suum
2996 2995 3137 3050 dabit
3155 2997 3211 3050 in
3237 3006 3464 3067 tempore
3485 3015 3579 3054 suo
3602 2997 3780 3071 (Psal.
3800 2999 3853 3053 l.

2253 3087 2278 3142 l
2314 3117 2344 3128 -
2367 3086 2448 3158 3).
2487 3086 2672 3158 Neqtte
2719 3087 2865 3141 enim
2906 3097 3028 3157 post
3053 3087 3273 3143 malitia:
3292 3090 3682 3158 experientiam
3711 3089 3858 3144 venit

2252 3178 2320 3234 ad
2351 3178 2570 3234 malitia:
2601 3178 2981 3234 remissionem
3002 3181 3125 3247 ,sed
3140 3181 3208 3236 ad
3227 3180 3360 3251 ipsis
3375 3180 3669 3236 cunabulis
3690 3181 3860 3235 virtu-

2253 3275 2367 3327 tem
2391 3271 2555 3342 eleg-it
2580 3285 2596 3336 ;
2646 3285 2750 3326 non
2785 3268 2975 3326 babuit
3000 3271 3335 3326 consortium
3359 3284 3483 3326 cum
3509 3272 3860 3328 censeas-itus

2254 3361 2521 3432 iniquitati
2547 3362 2816 3429 obnOxils,
2849 3375 3024 3432 neque
3053 3362 3490 3418 communionem
3513 3362 3703 3431 habuit
3733 3376 3861 3418 eum

2252 3451 2644 3509 cunventiculis
2664 3453 2938 3524 impietate
2963 3453 3134 3524 plenis
3157 3471 3172 3508 :
3203 3453 3488 3525 scdprima
3515 3453 3700 3510 statim
3730 3469 3866 3524 pne-

2254 3543 2377 3598 ritia
2405 3559 2435 3598 a
2458 3559 2687 3598 mamma
2716 3546 2902 3600 matris
2923 3546 3072 3602 venit
3093 3546 3161 3600 ad
3188 3558 3475 3601 mammam
3493 3545 3862 3616 spirituaiem.

2257 3635 2326 3690 Et
2354 3635 2806 3710 quemadmodum
2835 3637 3000 3694 arbor
3023 3647 3281 3709 perpetua
3311 3637 3627 3709 irrigatione
3657 3639 3710 3693 in
3748 3653 3866 3694 ma-

2254 3749 2412 3804 gnam
2471 3736 2734 3791 excrescit
2784 3731 3274 3815 altitudinemasie
3316 3741 3371 3788 et
3421 3731 3509 3787 hic
3550 3733 3864 3788 divinorum

2256 3824 2589 3896 eloquiorum
2639 3826 2882 3882 doctrina
2932 3827 3149 3884 assidue
3192 3823 3480 3902 irrigatus,
3529 3821 3596 3883 ad
3646 3826 3866 3884 virtutis

2255 3916 2526 3988 fastigium
2573 3919 2839 3988 pervenit.
2897 3920 3012 3989 Age
3056 3919 3337 3976 videamus
3385 3920 3660 3990 quomddo
3711 3921 3864 3976 illum

2255 4012 2505 4081 plantarit
2527 4028 2542 4075 ;
2571 4011 2840 4067 sectemur
2852 4013 3152 4078 mulierem,
3169 4014 3330 4069 simul
3345 4028 3469 4068 cum
3490 4001 3578 4082 illa
3598 4016 3864 4086 templum

2254 4102 2634 4173 ingrcdiumur.
2648 4105 2904 4169 Ascendit,
2928 4104 3123 4176 inquit,
3150 4121 3268 4160 cum
3286 4105 3377 4161 illo
3403 4107 3458 4161 in
3475 4105 3651 4162 Selom
3674 4109 3691 4140 ⁸
3716 4109 3771 4162 in
3791 4109 3867 4164 Ii-

2255 4195 2362 4250 tqu
2377 4196 2562 4250 trienni
2576 4194 2624 4269 (l
2636 4238 2652 4254 .
2664 4191 2788 4269 Reg.
2810 4196 2861 4255 t.
2873 4196 3124 4269 21).Jam
3142 4199 3414 4271 geminum
3430 4198 3863 4258 fitsacrilicimn:

2254 4299 2310 4342 et
2334 4299 2453 4343 erat
2479 4287 2675 4344 vitulus
2707 4287 2795 4344 hic
2821 4289 3171 4356 irrationalis,
3205 4290 3294 4346 ille
3321 4285 3639 4358 rationalis;
3690 4304 3750 4351 et
3797 4295 3861 4350 il-

2255 4377 2365 4435 lum
2393 4380 2609 4451 quidem
2637 4382 2891 4438 sacerdos
2920 4383 3238 4453 immolavit,
3273 4381 3417 4441 hunc
3447 4375 3576 4442 verb
3592 4385 3862 4444 dedicavit

2255 4473 2480 4539 mulier;
2510 4483 2730 4546 eratque
2756 4474 2996 4532 mulieris
3021 4476 3236 4532 victima
3266 4477 3457 4534 melior
3475 4477 3634 4549 quam
3661 4479 3864 4550 hostia,

2255 4581 2416 4636 quam
2441 4566 2638 4622 obtulit
2677 4562 2957 4626 sacerdos.
2989 4568 3115 4625 llaec
3143 4585 3366 4626 suorum
3397 4563 3670 4628 viscerum
3720 4573 3864 4632 facta

2255 4665 2339 4712 est
2358 4657 2718 4714 saccrdotissa
2743 4675 2760 4725 ;
2795 4657 2998 4715 imitata
3024 4669 3109 4716 est
3139 4661 3499 4732 patriarcliam
3530 4659 3812 4738 Abraham
3847 4711 3863 4733 ,

2255 4751 2484 4819 cumque
2511 4750 2604 4804 illo
2631 4761 2904 4818 certamen
2934 4753 3192 4822 suscepit.
3218 4740 3326 4810 Sed
3352 4754 3442 4808 ille
3457 4743 3677 4823 quidem
3692 4757 3864 4814 lilium

2257 4849 2530 4908 receptum
2562 4840 2775 4896 reduxit
2829 4843 2897 4898 de
2954 4852 3172 4910 monte;
3202 4829 3321 4902 ἥώο
3370 4861 3499 4901 vero
3547 4847 3770 4918 reliquit
3812 4851 3865 4904 in

2258 4931 2482 5001 templo,
2538 4942 2594 4988 ut
2645 4934 2752 4989 illic
2775 4947 3036 5006 perpetuo
3067 4946 3328 4996 maneret.
3378 4938 3518 5007 Quin
3551 4942 3730 5011 potius
3774 4943 3867 5005 ille

2255 5037 2466 5092 quoque
2485 5033 2652 5078 totum
2669 5025 2935 5082 dedicavit
2958 5042 2972 5082 :
3001 5044 3134 5087 eave
3151 5032 3293 5086 enim
3313 5025 3440 5087 illud
3462 5042 3696 5104 spectes,
3716 5029 3863 5105 quod

2258 5130 2359 5197 non
2389 5118 2604 5183 occidit,
2633 5119 2726 5176 sed
2760 5119 2904 5189 quod
2949 5123 3131 5177 animo
3170 5132 3340 5178 totum
3389 5127 3616 5197 peregit.
3667 5126 3862 5186 Vidisti

2257 5192 2508 5264 feminam
2532 5224 2655 5263 cum
2688 5212 2807 5266 viro
2836 5211 3240 5269 decertantem?
3265 5215 3443 5271 vidisti
3475 5218 3606 5273 nihil
3650 5235 3681 5274 a
3723 5237 3861 5278 sex

2255 5300 2505 5365 vetitam,
2559 5305 2846 5372 quominus
2890 5307 3238 5364 aemularetur
3289 5310 3691 5378 patriarcbam?
3753 5314 3862 5372 Sed

2256 5391 2553 5460 videamus,
2589 5398 2858 5465 quomodo
2885 5399 3033 5454 illttm
3081 5403 3428 5457 consecrarit.
3469 5405 3630 5471 Adiit,
3685 5410 3863 5479 inquit

2253 5483 2528 5552 Scriptura
2552 5527 2568 5549 ,
2616 5491 2960 5555 sacerdotem,
3009 5509 3070 5545 ac
3095 5491 3225 5547 dixit
3263 5493 3383 5549 illi:
3415 5491 3478 5548 In
3506 5514 3604 5566 me,
3654 5502 3872 5558 domine

2253 5573 2415 5646 (Ibid.
2435 5593 2482 5631 υ.
2501 5577 2618 5647 26).
2640 5581 2775 5650 Quid
2801 5583 3018 5639 tandem
3050 5596 3133 5640 est
3157 5586 3308 5649 illud,
3335 5585 3400 5641 In
3427 5590 3548 5644 me?
3574 5594 3858 5662 Ausculta,

2255 5669 2444 5738 inquit,
2487 5671 2775 5742 diligenter
2799 5692 2919 5748 qua:
2946 5679 3153 5750 loquar.
3171 5680 3438 5750 Queniam
3464 5687 3689 5738 multum
3711 5698 3855 5745 lem-

2255 5763 2398 5822 Doris
2420 5763 2530 5833 jam
2564 5765 2964 5838 intercesserat,
2997 5763 3177 5829 studet
3219 5773 3305 5830 illa
3344 5792 3465 5848 qua:
3513 5778 3661 5848 prius
3711 5782 3859 5838 dicta

2320 5882 2334 5911 θ
2371 5879 2501 5930 Colb.
2528 5892 2675 5946 unus,
2697 5884 2859 5949 Silam,
2887 5894 2936 5938 et
2959 5893 3028 5943 ste
3053 5895 3198 5944 etiam
3219 5895 3383 5953 supra.
