4066 6426
228 323 332 376 Βῗὶἲ

230 444 441 494 inerant
462 447 516 492 tn
549 437 860 494 memoriam
884 448 1161 498 revue..re,
1193 435 1419 503 ideoque
1445 432 1608 488 dicit:
1642 431 1706 486 In
1731 447 1830 495 me,

1476 313 1561 370 DE
1602 311 1787 371 ANNA
1827 313 2058 370 SERth
2134 317 2219 372 Ill.

3449 330 3553 386 ('33

1948 429 2014 486 Et
2057 435 2188 488 sit-ut
2227 446 2364 492 terra
2405 439 2614 511 pinguis
2651 455 2714 499 ac
2751 442 2962 512 fertilis,
3010 455 3296 518 postquam
3337 463 3549 521 accepit

228 529 604 596 donsinentisit
632 530 803 582 animo
825 537 911 580 tua
942 543 960 582 :
995 543 1086 596 ego
1115 542 1227 579 sum
1258 525 1440 578 mulier
1471 540 1586 594 qua
1629 525 1836 578 constiti
1941 527 2168 588 semina.
2198 531 2427 583 ostendit
2463 532 2618 587 nobis
2642 544 2928 590 vernantes
2953 546 3164 606 segetes
3195 554 3209 591 :
3241 539 3321 594 sic
3339 551 3394 594 et
3419 556 3544 595 mu-

229 625 279 678 δη
302 636 575 695 conspectu
618 635 703 677 tuo
743 623 1021 690 deprecans
1063 620 1339 676 Dominum
1383 637 1474 688 pro
1516 637 1672 688 puero
1713 620 1827 672 hoc.

229 714 409 782 EJudt
454 731 624 788 preces
672 717 742 768 ad
783 714 1080 780 Dominum,
1133 725 1178 766 et
1209 714 1298 766 ille
1343 713 1480 766 dedit
1531 713 1657 764 mihi
1704 713 1828 777 peti-

226 808 435 869 tionem,
490 823 644 875 quant
692 806 920 875 petebam
976 805 1041 858 ab
1069 821 1144 859 eo.
1166 803 1236 857 Et
1267 822 1358 874 ego
1394 805 1657 857 commodo
1683 805 1827 856 illum

226 895 448 949 Domino
475 938 493 961 ,
554 906 610 949 ut
657 897 842 952 serviat
899 894 1118 948 Domino
1152 936 1165 958 ,
1226 895 1460 950 omnibus
1509 894 1683 949 diebus
1713 904 1828 948 vttte

221 1002 331 1040 sua:
375 987 452 1059 (Ι.
480 987 603 1060 Reg.
638 991 686 1042 Ι.
735 989 830 1042 27.
873 987 988 1058 28).
1051 987 1166 1041 Non
1213 987 1384 1054 dixit,
1439 987 1552 1057 Ego
1587 1002 1704 1041 sum
1737 987 1826 1040 illa

221 1078 439 1144 mulier,
466 1081 552 1134 cui
577 1088 630 1134 tu
656 1079 1015 1149 exprobrasti,
1039 1093 1196 1149 quam
1222 1079 1522 1134 maledictis
1545 1079 1821 1148 impetisti,

220 1183 384 1239 quam
415 1172 562 1225 velut
581 1171 926 1226 temulentam
953 1180 1009 1227 et
1031 1172 1234 1226 ebriam
1253 1171 1487 1225 derisisti
1509 1185 1525 1234 ;
1550 1170 1670 1224 ideo
1685 1169 1825 1222 Dt-us

223 1261 320 1316 tibi
352 1261 648 1317 declarabit
676 1278 764 1317 me
790 1279 893 1317 non
923 1279 1044 1319 esse
1065 1263 1416 1329 vinolentam,
1448 1273 1499 1318 te
1541 1278 1670 1317 vero
1713 1261 1821 1315 cri-

219 1367 344 1407 men
374 1353 477 1408 hoc
507 1363 706 1409 temere
727 1355 856 1409 mihi
889 1355 1195 1425 impegisse.
1215 1355 1355 1409 Nihil
1379 1355 1683 1424 ltujusmodi
1704 1370 1823 1410 rem

216 1443 410 1499 borum
439 1460 752 1516 asperorum
784 1447 939 1512 dixit,
969 1447 1062 1502 sed
1081 1447 1246 1501 multa
1267 1463 1390 1502 cum
1413 1447 1821 1503 mansuetudine

216 1534 493 1606 loquitur:
524 1537 650 1592 licet
677 1538 900 1593 haberet
946 1554 1124 1594 rerum
1171 1536 1424 1593 e'veutuni
1456 1538 1554 1592 sibi
1585 1539 1819 1606 patroci-

216 1639 462 1693 nantem,
490 1641 553 1681 ac
573 1627 694 1696 jure
721 1638 904 1698 posset
933 1629 1270 1697 exprobrare
1297 1627 1746 1699 sacerdoti,quod
1766 1629 1818 1683 id

217 1717 483 1786 temporis
509 1717 676 1786 ipsam
711 1727 916 1774 temere
943 1721 1080 1774 citra
1106 1734 1324 1773 causam
1372 1719 1670 1775 incusasset
1692 1737 1707 1775 :
1732 1722 1815 1775 ui-

213 1809 288 1864 hil
315 1809 504 1864 horum
536 1810 680 1878 facit,
705 1811 800 1866 sed
833 1820 1040 1867 tantum
1071 1825 1459 1866 commemorat
1487 1812 1581 1868 Dei
1608 1827 1733 1883 erga
1757 1827 1816 1867 se

207 1901 643 1958 beneﬁcentiam.
692 1902 987 1959 Considera
1019 1918 1147 1958 vero
1171 1912 1382 1974 gratum
1409 1919 1470 1958 ac
1495 1904 1814 1974 prudentem

205 1993 422 2048 ancillze
450 1995 712 2050 animum.
743 1993 877 2050 Cum
903 1993 1256 2063 al‘ﬂigerctur,
1280 1995 1479 2049 nemini
1513 2009 1664 2050 suam
1686 2011 1813 2065 ape-

205 2087 318 2141 ruit
342 2085 725 2152 calamitatem,
754 2102 854 2142 nec
877 2085 1142 2142 sacerdoti
1166 2086 1333 2141 dixit:
1354 2085 1618 2142 Emulam
1639 2086 1813 2143 habeo

207 2180 523 2245 mulierem,
553 2195 674 2251 qua:
700 2177 835 2236 mihi
865 2179 1201 2249 exprobrans
1219 2179 1645 2249 conviciausquc
1668 2179 1804 2233 cho-

203 2286 325 2325 rum
357 2270 517 2325 babet
546 2271 840 2327 liberorum
870 2289 886 2326 :
913 2286 1016 2343 ego
1041 2286 1172 2326 vero
1197 2287 1318 2342 quas
1340 2272 1807 2328 mansuetudinem

198 2361 347 2426 colo,
377 2361 444 2416 ad
475 2361 618 2417 hunc
639 2377 808 2432 usque
828 2362 971 2418 diem
997 2363 1236 2417 nondum
1264 2363 1414 2434 potui
1446 2363 1560 2419 lteri
1592 2374 1764 2418 mater
1788 2381 1803 2429 ;

197 2451 298 2508 sed
333 2453 476 2509 Deus
513 2454 775 2510 conclusit
811 2456 1022 2512 vulvam
1069 2469 1245 2510 meam
1267 2497 1282 2521 ,
1329 2469 1559 2525 cumque
1602 2456 1808 2511 videret

194 2535 548 2601 aﬂlictionem
577 2561 774 2616 meam,
821 2562 928 2603 non
971 2557 1056 2604 est
1099 2549 1370 2604 misertus.
1417 2548 1560 2604 Nihil
1613 2550 1804 2606 horum

191 2637 336 2691 dixit
361 2652 376 2693 :
406 2637 502 2693 sed
529 2653 825 2710 suppresso
851 2638 1170 2695 calamitatis
1197 2655 1400 2712 genere
1423 2682 1436 2705 ,
1487 2650 1691 2696 tantum
1727 2643 1805 2694 in-

191 2728 401 2784 dicavit
430 2745 490 2785 se
510 2730 692 2785 animo
717 2731 843 2802 angi
870 2730 1083 2796 dicens,
1136 2731 1324 2786 Mulier
1349 2733 1404 2786 in
1442 2732 1576 2786 duro
1600 2732 1682 2786 die
1710 2749 1803 2802 ego

189 2835 310 2874 sum
343 2819 521 2887 (Ibid.
554 2835 604 2874 υ.
637 2823 765 2891 15),
791 2838 858 2876 ne
885 2823 1015 2877 illud
1046 2824 1264 2892 quidem
1303 2823 1530 2890 dictura,
1566 2826 1670 2879 nisi
1715 2841 1802 2879 sa-

188 2911 390 2967 cerdos
418 2910 522 2967 huc
541 2911 913 2982 compulisset,
946 2915 1228 2982 suspicans
1250 2929 1368 2970 eam
1395 2930 1516 2971 esse
1535 2917 1800 2971 temulen-

189 3014 326 3060 tam.
359 3007 430 3062 At
458 3014 809 3078 posteaquam
856 3005 910 3064 id
951 3008 1143 3062 vulnus
1190 3007 1439 3074 sustulit,
1485 3008 1596 3063 Deo
1635 3007 1800 3063 dante

185 3096 338 3168 quod
366 3098 687 3168 postularat,
720 3109 830 3153 tum
853 3099 1072 3154 demum
1108 3100 1199 3154 Dei
1226 3100 1640 3156 beneﬁcentiam
1669 3116 1796 3171 ape-

191 3191 264 3244 rit
285 3190 580 3255 sacerdoti,
611 3192 840 3260 cupiens
868 3191 1017 3245 illum
1053 3191 1104 3245 in
1133 3192 1354 3262 agendis
1379 3193 1565 3262 gratiis
1595 3193 1795 3249 habere

181 3292 525 3350 consortem,
556 3283 1016 3355 quemadmodum
1059 3285 1206 3354 prius
1253 3277 1517 3341 habuerat
1565 3288 1618 3341 in
1669 3302 1794 3357 pre-

180 3374 401 3438 cando;
424 3374 607 3444 aitque
637 3389 659 3427 :
690 3373 797 3430 Pro
817 3392 974 3448 puero
998 3383 1092 3430 hoc
1118 3377 1382 3446 precabar,
1408 3379 1644 3448 deditque
1668 3379 1795 3434 mihi

182 3464 440 3521 Dominus
468 3467 762 3537 petitionem
816 3485 977 3523 nteant
996 3509 1011 3537 ,
1043 3486 1196 3540 quam
1231 3469 1473 3542 petebant
1509 3471 1572 3524 ab
1611 3489 1690 3527 eo.
1724 3471 1794 3526 Et

179 3576 322 3613 nunc
345 3560 614 3614 commodo
639 3577 753 3615 eum
779 3560 1022 3617 Domino.
1056 3562 1193 3619 Vide
1220 3580 1379 3635 quam
1407 3565 1478 3619 sit
1521 3565 1789 3622 modesta.

178 3651 260 3708 Ne
281 3665 462 3723 putes,
493 3653 692 3724 inquit,
723 3670 807 3710 me
837 3671 1085 3726 magnam
1127 3672 1239 3712 rem
1283 3668 1375 3713 aut
1419 3658 1789 3714 admirandam

179 3743 383 3809 facere,
415 3746 557 3815 quod
593 3745 852 3804 inlantem
883 3747 1078 3804 dedico
1109 3765 1125 3804 :
1159 3765 1264 3804 non
1309 3765 1411 3821 ego
1455 3751 1616 3820 hujus
1660 3751 1788 3832 boni

177 3836 365 3906 operis
389 3849 508 3891 sum
535 3848 747 3902 auctor,
782 3839 876 3894 sed
905 3840 1154 3910 persolvo
1177 3842 1440 3897 debitum.
1475 3842 1785 3913 Depositum

176 3928 322 3983 enim
344 3930 549 3999 accepi,
581 3939 637 3986 et
685 3932 786 3986 hoc
817 3933 864 3988 ei
895 3936 1119 3989 restituo
1149 3933 1240 4004 qui
1265 3935 1434 3992 dedit.
1463 3937 1640 4008 Atque
1669 3936 1788 3992 lucc

176 4021 307 4076 dum
336 4021 594 4093 loquitur,
631 4023 863 4094 seipsatn
885 4042 1102 4097 quoque
1126 4027 1393 4082 dedicavit
1417 4043 1540 4083 cum
1569 4044 1736 4098 puero
1766 4071 1781 4095 ,

174 4115 330 4185 quasi
368 4124 560 4172 catena
589 4117 819 4187 quadam
851 4129 1056 4174 natura:
1085 4117 1278 4175 allecto
1321 4112 1553 4191 seipsam
1581 4121 1784 4191 templo

174 4210 425 4284 alligans.

247 4303 305 4360 4.
347 4302 563 4358 Etenim
592 4303 637 4358 si
663 4303 751 4358 ubi
776 4313 860 4360 est
892 4303 1178 4359 thesaurus
1204 4304 1457 4370 hominis,
1486 4306 1600 4362 illic
1624 4316 1785 4363 estet

173 4407 272 4448 cor
290 4393 409 4464 ejus
438 4393 653 4462 (Matth.
684 4393 738 4450 ϐ.
764 4394 856 4450 2|.
893 4393 1020 4449 Luc.
1046 4394 1132 4450 12.
1162 4396 1278 4462 5i),
1301 4397 1472 4452 multo
1499 4399 1670 4470 magis
1691 4400 1780 4456 ubi

174 4498 314 4556 puer
351 4483 614 4549 mulieris,
657 4485 728 4540 ibi
773 4494 830 4540 et
871 4500 1025 4540 mens
1054 4486 1197 4541 illius
1225 4497 1361 4554 erat,
1404 4497 1565 4558 atque
1596 4500 1780 4544 uterus

173 4577 321 4633 illius
341 4591 558 4631 rursum
590 4577 912 4645 implebatur
937 4576 1332 4633 benedictione.
1359 4577 1490 4633 Nam
1518 4580 1778 4634 simulat-

169 4683 278 4738 que
300 4667 532 4733 dixerat,
560 4679 934 4740 oraveratque,
961 4670 1083 4725 audi
1107 4671 1234 4741 quid
1257 4671 1506 4741 loquatur
1529 4677 1780 4729 sacerdos

171 4757 391 4813 Eleans:
411 4775 428 4812 ε
460 4758 658 4813 Reddat
679 4759 770 4813 tibi
791 4759 1040 4815 Dominus
1056 4777 1223 4816 semen
1252 4761 1468 4817 alterum
1487 4779 1550 4817 ea:
1570 4765 1781 4824 muliere

168 4850 290 4915 ista,
342 4865 438 4918 pro
474 4851 816 4917 commodata,
861 4853 1000 4922 quod
1046 4853 1268 4910 Domino
1315 4858 1648 4912 commodasti
1695 4859 1774 4929 (l.

134 4946 140 4952 ”
173 4943 302 5015 Reg.
331 4940 384 4998 2.
413 4941 530 5014 20).
559 4943 712 4999 Initio
732 4959 838 4998 non
856 4944 1086 5013 dixerat,
1110 4945 1314 5002 Reddat
1340 4949 1428 5002 tibi
1452 4968 1465 5003 :
1493 4950 1587 5005 sed
1603 4951 1730 5021 quid
1753 4951 1777 5004 ?

171 5034 270 5090 Det
301 5035 391 5090 tibi
417 5035 666 5092 Dominus
708 5036 954 5108 quidquid
997 5037 1274 5107 postularis
1319 5039 1503 5110 (Ibid.
1553 5043 1603 5096 1.
1635 5041 1774 5112 17).

168 5125 373 5184 Verum
393 5135 738 5198 posteaquam
767 5129 854 5184 illa
888 5129 1053 5184 Deum
1085 5129 1283 5187 fecerat
1312 5131 1633 5200 debitorem,
1665 5137 1776 5192 ait:

170 5220 379 5276 Reddat
407 5221 518 5288 tibi,
554 5221 748 5276 bonam
769 5221 838 5277 de
864 5221 1057 5278 futuris
1084 5238 1235 5292 spem
1269 5224 1534 5295 prtebens.
1561 5225 1773 5282 Etenim

164 5313 210 5368 si
247 5311 398 5368 dedit
423 5327 547 5367 cum
593 5313 722 5369 nihil
769 5312 1014 5378 deberet,
1065 5316 1232 5370 multo
1261 5316 1432 5386 magis
1467 5317 1776 5375 redditurus

165 5413 253 5460 est
294 5413 577 5477 postquam
617 5407 844 5477 accepit.
878 5407 942 5462 Et
970 5407 1055 5462 hic
1081 5423 1211 5478 ergo
1244 5411 1449 5478 primus
1476 5425 1543 5465 ex
1585 5426 1778 5482 preca-

169 5500 350 5561 tione,
379 5505 434 5550 (ιι
464 5505 585 5566 post
614 5498 754 5553 hunc
781 5499 964 5554 caueri
993 5515 1058 5553 ex
1106 5499 1479 5557 benedictione
1504 5502 1776 5559 duxerunt

162 5591 453 5659 originem,
479 5597 621 5645 totus
653 5601 832 5647 autem
877 5591 1122 5649 mulieris
1163 5592 1368 5649 fructus
1405 5596 1772 5654 sanctiﬁcatus

165 5690 272 5737 est.
324 5683 500 5751 Atque
539 5681 627 5738 hic
667 5684 1056 5756 primogenitus
1083 5685 1300 5741 femina:
1327 5687 1510 5742 virtuti
1541 5687 1774 5745 debeba-

165 5780 259 5828 tur
278 5791 297 5836 t
317 5775 459 5832 alter
473 5789 602 5833 vero
629 5777 870 5835 mulieris
896 5793 960 5836 ac
986 5777 1284 5836 sacerdotis
1306 5789 1423 5838 erat
1444 5780 1771 5839 communis.

1939 619 2037 672 lier
2065 620 2196 682 hzcc,
2228 625 2634 691 quoniamcum
2666 626 2770 682 [ide
2795 629 3013 700 excepit
3037 631 3198 685 verba
3224 632 3542 700 sacerdotis,
3624 692 3631 696 ,

1935 711 2068 765 alias-
2099 713 2253 768 nobis
2285 717 2432 769 lmltts
2463 719 2642 787 spicas
2674 719 2946 788 produxit,
2979 731 3330 794 veteremque
3374 724 3545 780 male-

1935 804 2227 861 dictiunem
2259 808 2390 862 Erae
2411 811 2655 875 mutavit,
2687 814 2898 881 pariens
2927 830 2991 870 ex
3023 817 3335 885 precatione
3356 833 3420 872 ae
3444 818 3545 874 be-

1936 899 2258 956 nedictione.
2303 901 2368 955 Et
2399 914 2451 955 tu
2485 904 2662 972 igitur,
2691 919 2725 958 ο
2765 905 2979 974 mulier,
3005 908 3143 964 hanc
3178 909 3457 978 :emulare,
3489 918 3549 967 et

1934 987 1977 1041 si
2000 989 2198 1046 sterilis
2230 990 2414 1056 fueris,
2451 993 2612 1049 talem
2665 997 3026 1063 precationem
3053 999 3270 1063 exhibe,
3298 999 3544 1055 sacerdo-

1936 1089 2042 1135 tem
2077 1097 2315 1150 at-cerse,
2363 1095 2421 1138 ut
2451 1095 2626 1140 tecum
2669 1088 3084 1158 suscipiatapud
3121 1089 3287 1144 Deum
3317 1090 3543 1163 legatio-

1934 1188 2078 1226 nem.
2127 1173 2360 1230 Omniuo
2408 1178 2451 1230 si
2484 1193 2606 1232 cum
2650 1176 2943 1233 llde‘vcrha
2975 1183 3253 1250 cxcoperis
3281 1223 3293 1244 ,
3329 1193 3539 1251 patrum

1931 1262 2235 1319 benedictio
2265 1266 2319 1320 in
2364 1266 2592 1322 fructum
2623 1270 2789 1324 exibit
2824 1271 3136 1339 praeclarum
3159 1288 3222 1327 ac
3246 1259 3537 1328 maturum.

1927 1354 2082 1420 Quod
2115 1358 2157 1411 si
2191 1367 2365 1413 mater
2405 1359 2591 1426 lueris,
2635 1361 2700 1415 ad
2733 1361 2890 1432 hujus
2913 1363 3220 1432 exemplum
3275 1378 3535 1420 conseera

1931 1447 2096 1501 lilium
2125 1459 2275 1506 tuum
2310 1452 2438 1507 Deo.
2468 1453 2560 1511 llla
2584 1453 2636 1507 in
2667 1454 2923 1526 templum
2953 1454 3196 1522 adduxit,
3222 1465 3276 1510 tu
3309 1457 3534 1528 teipsant

1935 1543 2142 1613 regium
2176 1547 2430 1615 templum
2461 1545 2646 1602 redde.
2670 1545 2920 1610 Membra,
2952 1549 3142 1619 inquit,
3171 1559 3338 1604 vestra
3352 1565 3539 1618 corpus

1926 1635 2118 1690 Christi
2143 1647 2284 1705 sunt,
2314 1655 2375 1693 ac
2405 1641 2647 1711 templum
2676 1643 2843 1694 sancti
2869 1641 3120 1712 Spiritus,
3150 1641 3240 1710 qui
3264 1651 3338 1695 cst
3358 1641 3412 1694 in
3441 1655 3534 1695 vo-

1925 1728 2000 1782 bis
2025 1729 2105 1799 (1.
2129 1730 2247 1785 Cor.
2280 1731 2333 1786 6.
2367 1731 2481 1804 l9).
2521 1734 2599 1788 Ac
2636 1749 2822 1790 rursus
2856 1752 2868 1788 :
2896 1733 3227 1802 Inhabitabo,
3260 1733 3453 1806 inquit,
3480 1735 3534 1788 in

1923 1820 2079 1882 vobis,
2113 1831 2161 1876 et
2186 1822 2512 1878 inambulabo
2535 1823 2612 1896 (2.
2640 1825 2758 1878 Cor.
2787 1825 2840 1881 6.
2872 1825 2983 1897 16).
3018 1828 3214 1880 Annon
3237 1825 3531 1882 absurdum

1921 1923 2003 1968 est
2030 1930 2128 1968 nos
2158 1914 2377 1969 domum
2411 1927 2675 1981 veterem,
2707 1920 2919 1973 ruinam
2951 1919 3290 1974 minitantem
3318 1919 3528 1985 fulcire,

1924 2009 2176 2076 pecunias
2218 2011 2609 2079 impendentes,
2650 2013 2828 2067 fabros
2869 2022 3234 2079 accersentes,
3291 2024 3348 2068 ct
3396 2011 3527 2068 nihil

1920 2114 2026 2153 non
2055 2098 2338 2166 facientes,
2370 2101 2589 2157 domum
2635 2112 2814 2158 autem
2863 2103 2956 2159 Del
2997 2109 3147 2175 (nam
3199 2102 3292 2162 Dei
3335 2104 3530 2160 domus

1918 2204 2038 2246 esse
2060 2190 2218 2246 debet
2243 2192 2604 2249 adolescentis
2630 2193 2832 2264 anima)
2861 2211 2929 2251 ne
2959 2196 3165 2268 vulgari
3195 2195 3413 2265 quidem
3439 2196 3524 2251 di-

1916 2284 2066 2353 gnari
2097 2297 2224 2338 cura
2250 2283 2276 2338 ἳ
2306 2284 2441 2341 Vide
2473 2301 2541 2342 ne
2567 2287 2709 2342 idem
2734 2287 2942 2353 audias,
2972 2288 3117 2359 quod
3147 2289 3278 2344 olim
3303 2288 3526 2344 audiere

1914 2373 2103 2430 ludati.
2137 2375 2270 2432 Nam
2303 2377 2377 2432 illi
2401 2387 2751 2450 posteaquam
2781 2395 2807 2433 a
2832 2382 3140 2452 captivitate
3166 2381 3366 2437 reversi
3392 2391 3527 2436 tem-

1916 2467 2061 2535 plum
2106 2469 2383 2525 materiale
2427 2471 2728 2541 neglectum
2777 2472 3050 2540 viderunt,
3093 2483 3148 2530 et
3195 2473 3341 2528 ardes
3395 2487 3521 2534 suas

1912 2573 2265 2628 exornarunt,
2308 2563 2446 2619 adeo
2475 2565 2642 2621 Deum
2674 2577 3088 2637 exasperarunt,
3121 2577 3178 2622 ut
3208 2581 3315 2622 non
3345 2567 3521 2622 solum

1909 2655 2150 2710 mitteret
2173 2657 2253 2710 eis
2280 2655 2618 2725 prophetam,
2665 2659 2754 2728 qui
2787 2657 2980 2714 famem
3016 2660 3374 2720 minitaretur,
3407 2672 3519 2711 ma-

1906 2760 2176 2817 gnamque
2201 2763 2378 2803 rerum
2401 2751 2826 2805 necessariarum
2852 2751 3131 2821 penuriam
3157 2792 3172 2818 ,
3228 2751 3322 2806 sed
3383 2749 3522 2806 hanc

1906 2839 2070 2893 etiam
2118 2842 2558 2896 comminationis
2586 2859 2809 2898 causam
2837 2845 3182 2915 eloqucrctur
3213 2866 3225 2900 :
3271 2843 3370 2898 Vos
3399 2845 3488 2914 qui
3505 2874 3518 2883 -

1907 2933 2022 2984 dem
2050 2931 2287 2986 habitatis
2309 2933 2363 2987 in
2385 2932 2619 2988 domibus
2649 2932 2899 3005 laqueatis
2929 2952 2946 2988 :
2983 2936 3166 2989 domus
3192 2946 3363 2990 autem
3405 2952 3518 2989 mea

1905 3021 2104 3078 deserta
2128 3037 2200 3079 est
2225 3024 2378 3096 (Agg.
2410 3027 2461 3080 1.
2494 3027 2576 3097 4).
2603 3027 2755 3092 Quod
2789 3027 2832 3079 si
2857 3027 2999 3080 illius
3031 3029 3212 3096 templi
3238 3029 3515 3098 neglectus

1905 3127 2108 3172 tantam
2154 3117 2406 3172 excitavit
2453 3119 2586 3173 iram
2620 3117 2886 3183 Numinis,
2925 3118 3097 3175 multo
3134 3120 3306 3189 magis
3355 3118 3514 3189 hujus

1904 3210 2088 3278 templi
2117 3208 2391 3279 neglectus
2414 3210 2479 3264 ad
2499 3210 2827 3265 iracundiam
2843 3210 3154 3279 provocabit
3178 3211 3465 3266 Dominum
3495 3227 3508 3265 :

1901 3302 2166 3373 siquidem
2221 3302 2324 3357 hoc
2379 3303 2635 3373 templum
2689 3313 2839 3358 tanto
2883 3313 2966 3359 est
3021 3305 3114 3359 illo
3169 3304 3508 3365 honoratius.

1899 3405 2104 3464 quanto
2144 3397 2299 3464 plura
2346 3397 2506 3451 habet
2534 3396 2905 3450 sanctintouize
2930 3396 3194 3468 symbola.
3225 3396 3374 3452 Cave
3406 3397 3506 3468 igi-

1899 3487 2061 3557 gitur,
2090 3503 2158 3542 ne
2187 3487 2444 3557 templum
2477 3487 2573 3542 Dei
2601 3487 2686 3543 Ωιι
2713 3487 2971 3558 spelunca
3003 3489 3272 3544 latronum
3304 3529 3319 3552 ,
3353 3503 3424 3543 ne
3451 3497 3506 3544 ct

1898 3579 2123 3633 alteram
2151 3577 2337 3634 audias
2365 3578 2821 3648 objurgationem,
2853 3595 2958 3649 qua
2989 3579 3234 3634 Christus
3255 3579 3507 3650 objurga-

1898 3670 1973 3724 vit
1996 3669 2234 3734 Judatos,
2278 3670 2501 3726 dicens:
2533 3669 2729 3724 Domus
2761 3668 2931 3724 Patris
2963 3672 3082 3736 mei,
3117 3671 3298 3725 donius
3324 3687 3506 3739 preca-

1895 3764 2047 3818 tionis
2073 3773 2146 3816 est
2176 3778 2194 3816 :
2222 3779 2308 3817 vos
2329 3774 2503 3817 autem
2541 3763 2728 3832 fecistis
2755 3779 2866 3817 eam
2908 3764 3206 3834 speluncam
3243 3766 3501 3818 latronum

1896 3853 2116 3925 (Matth.
2143 3854 2236 3909 2i.
2267 3855 2355 3910 l3.
2397 3852 2524 3907 Luc.
2558 3853 2646 3910 l9.
2690 3853 2804 3923 i6).
2837 3853 2944 3911 Sed
2976 3854 3247 3925 quomodo
3277 3854 3332 3908 lit
3379 3870 3502 3924 spe-

1893 3947 2048 4002 lunca
2077 3945 2344 4001 latronum
2371 3946 2394 3996 i
2419 3943 2552 4000 Cum
2583 3946 2818 4016 patimur
2857 3945 3148 4002 illiberales
3184 3961 3250 4001 ac
3280 3946 3503 4001 serviles

1892 4040 2357 4110 concupiscentias
2388 4037 2775 4110 libidinemque
2828 4039 3050 4108 intrare,
3101 4039 3397 4110 sedemque
3436 4039 3498 4093 ll-

1890 4147 2020 4203 gere
2051 4135 2104 4188 in
2145 4132 2669 4188 adolescentulorum
2697 4131 2912 4187 animis.
2942 4132 3100 4188 Tales
3127 4134 3270 4187 enim
3299 4133 3502 4204 c03ita-

1893 4225 2069 4280 tiones
2095 4224 2508 4295 perniciosiores
2537 4234 2664 4280 sunt
2692 4226 3013 4294 latronibus,
3051 4242 3173 4296 qua:
3201 4242 3495 4297 puerorum

1890 4319 2276 4390 ingenuitatem
2311 4328 2525 4374 vertunt
2565 4319 2618 4373 iu
2668 4319 3006 4387 servitutem,
3039 4321 3295 4389 ipsosque
3325 4321 3498 4376 brutis

1887 4411 2271 4480 cupiditatibus
2309 4410 2513 4466 dedunt
2552 4410 2814 4480 captivos,
2845 4411 3081 4482 undique
3122 4411 3498 4467 coul‘odicntes

1891 4503 2031 4570 illos,
2066 4519 2129 4558 ac
2148 4512 2383 4558 mentem
2408 4501 2623 4557 illorum
2643 4501 2824 4556 multis
2851 4501 3136 4571 implentes
3161 4501 3495 4558 vulneribus.

1887 4597 2230 4666 Quapropter
2271 4595 2386 4650 hate
2425 4595 2665 4665 quotidie
2703 4593 3070 4664 dispiciamus,
3103 4604 3158 4648 et
3190 4595 3367 4649 verbis
3398 4610 3500 4664 pro

1887 4691 2088 4744 scutica
2121 4700 2352 4755 utentes,
2382 4703 2573 4743 omnes
2613 4687 2663 4742 id
2700 4702 2872 4757 genus
2917 4686 3142 4742 allectus
3183 4686 3254 4740 ah
3283 4687 3497 4742 illorum

1887 4781 2084 4836 animis
2129 4782 2484 4851 depellamus,
2515 4797 2624 4851 quo
2652 4779 2906 4836 videlicet
2936 4780 3033 4837 lilii
3072 4780 3353 4837 nobiscum
3393 4796 3498 4837 cac-

1884 4876 2038 4931 lestis
2067 4875 2298 4931 civitatis
2338 4877 2552 4930 vah-aut
2585 4889 2708 4930 esse
2736 4875 3045 4946 participes,
3089 4884 3145 4931 et
3183 4877 3496 4931 universum

1887 4968 2088 5023 cultum
2121 4969 2210 5038 qui
2254 4968 2562 5023 celebratur
2593 4967 2701 5024 illic
2743 4969 2847 5025 rite
2877 4983 3155 5040 peragere.
3193 4969 3388 5024 Annon
3419 4968 3496 5023 vi-

1885 5063 2024 5118 detis
2077 5061 2411 5132 t‘requcuter,
2463 5062 2608 5133 quod
2658 5063 2748 5134 qui
2784 5063 2836 5118 in
2889 5061 3114 5118 urbibus
3163 5071 3494 5128 versantur,

1889 5170 2085 5224 pueros
2111 5171 2282 5225 nuper
2307 5169 2337 5210 a
2369 5155 2508 5210 lacte
2537 5154 2793 5225 depulsos
2822 5153 3213 5225 thallophoros.
3242 5165 3336 5208 aut
3365 5169 3499 5225 ago-

1887 5247 2158 5315 nothetas,
2178 5257 2267 5302 aut
2292 5247 2645 5318 certaminum
2674 5246 2957 5318 praefectos
2989 5249 3032 5315 ί,
3056 5257 3146 5302 aut
3167 5247 3496 5304 chorearum

1887 5340 2172 5408 magistros
2211 5339 2456 5395 faciunt?
2498 5339 2657 5409 Idem,
2686 5348 2740 5394 et
2780 5353 2881 5394 uos
2924 5339 3199 5406 faciamus,
3248 5355 3278 5393 a
3310 5341 3500 5410 primis

1886 5432 2069 5486 statim
2102 5432 2258 5486 anuis
2287 5431 2604 5487 inducamus
2630 5447 2725 5486 eos
2742 5431 2810 5487 ad
2830 5431 3172 5503 disciplinam
3199 5433 3496 5488 caelestem.

1888 5525 2166 5596 Siquidem
2197 5523 2314 5579 haec
2340 5534 2575 5587 terrena,
2625 5540 2749 5579 cum
2777 5524 3108 5596 impendium
3139 5523 3498 5589 adieratJru-

1885 5626 2034 5671 ctum
2069 5624 2246 5670 tamen
2276 5615 2479 5670 nullum
2511 5613 2691 5671 habet.

1951 5733 1967 5764 ι
1991 5725 2275 5781 Colhertinl
2315 5725 2521 5788 addunt,
2544 5720 3063 5788 etugymnastqrchos
3081 5722 3183 5781 (ιαὶ
3204 5718 3504 5788 repastinati-

1885 5766 2149 5857 milia
2157 5766 2567 5849 ’ἑίἰῖιᾶῑὶἒξῗίιί
2574 5766 2742 5834 una
2749 5766 2853 5833 ζ’ἒῐ
2862 5766 3039 5834 solidi
3172 5766 3500 5832 tamenn.
