4066 6428
559 337 660 394 ὃέἱθ
1233 324 1291 378 S.
1332 315 1613 378 JOANNIS
1636 302 2105 371 CHRYSOSTOSII
2150 298 2467 355 ARClllEP.
2505 290 3042 354 CONSTANTINOP.
3756 279 3858 335 ϐω

637 457 689 511 5.
733 447 1016 516 Disciplina
1067 438 1251 496 cclesti
1295 431 1555 490 imbuendi
1601 429 1833 500 juvenes.
1884 449 1953 461 —-
1995 415 2146 516 Nam2

566 505 748 620 quaiso
761 555 831 608 te,
849 505 966 611 quis
980 537 1182 592 fructus
1204 524 1508 598 essepossit
1533 539 1564 578 e
1592 517 1827 620 popula-ri
1849 510 2106 620 applausu
2131 505 2155 558 ?

565 601 734 698 Simul
756 601 1060 701 utvespera
1087 640 1184 681 nos
1211 619 1505 692 occuparit,
1543 612 1686 668 illico
1708 603 1923 680 plmsus
1952 601 2041 656 ille
2067 606 2151 651 to-

567 743 756 798 tnsqne
797 700 1055 779 tumultus
1101 709 1414 772 emareescit
1451 723 1464 760 :
1511 717 1575 758 ac
1603 701 1735 757 festo
1771 700 2007 767 peracto,
2038 703 2159 758 pcr-

568 782 694 876 inde
740 815 891 888 quasi
921 814 974 867 in
1015 805 1237 865 somniis
1266 798 1460 856 fuerint
1489 790 1758 854 deliciati,
1786 787 1857 842 ita
1885 782 2032 839 omni
2058 792 2156 832 vo-

569 887 771 982 luptate
795 901 1036 962 destituti
1061 896 1400 955 consistunt;
1433 902 1532 943 nec
1555 901 1587 940 a
1614 893 1838 944 corona,
1861 889 1962 931 nec
1987 888 2016 927 a
2045 887 2159 926 ma-

569 970 761 1070 griil'rca
789 1004 956 1057 veste,
989 1005 1087 1046 nec
1110 1002 1140 1042 a
1161 985 1371 1054 reliquo
1400 980 1536 1034 fastu
1564 973 1815 1029 universo
1842 970 2158 1032 conceptam

571 1051 918 1161 zolnptatem,
945 1083 990 1137 si
1029 1051 1294 1149 quaerant,
1318 1068 1560 1126 invenire
1579 1065 1778 1124 valent,
1801 1056 1943 1129 quod
1979 1051 2157 1108 omnia

574 1185 661 1237 illa
683 1179 870 1251 quovis
886 1180 1049 1230 vento
1067 1168 1298 1226 celerius
1327 1163 1762 1234 praatercurrant.

648 1240 891 1329 Felicitas
930 1268 1045 1322 vitae
1088 1262 1318 1318 ualeatis.
1350 1251 1705 1325 Abnegationis
1749 1244 1887 1300 modi
1916 1240 2060 1296 varii.
2089 1269 2161 1280 —

573 1366 842 1420 tia-terum
882 1359 937 1414 in
966 1354 1164 1412 cmicsti
1195 1352 1302 1406 vita
1332 1345 1509 1401 omnia
1550 1353 1704 1396 secus
1742 1336 1941 1390 habent
1974 1350 1988 1386 :
2029 1331 2160 1384 citra

583 1461 876 1527 impensam
911 1452 1116 1506 lucrum
1163 1440 1407 1498 adferunt
1436 1445 1489 1492 et
1527 1433 1803 1502 copiosum
1852 1436 1907 1481 et
1945 1421 2158 1478 stabile.

741 1545 848 1601 illic
875 1557 979 1597 non
1010 1535 1250 1592 homines
1277 1529 1411 1585 ebrii
1433 1570 1445 1592 ,
1473 1523 1568 1582 sed
1599 1520 1912 1592 angelorum
1938 1512 2164 1606 populus

579 1602 772 1712 iugiter
807 1629 1074 1705 applaudit
1103 1641 1218 1682 rem
1246 1619 1470 1693 gerenti.
1492 1615 1600 1674 Sed
1624 1609 1750 1683 quid
1775 1608 1909 1673 dixi,
1934 1602 2154 1673 angelo.

582 1697 700 1788 inin
742 1697 1011 1800 populus?
1053 1721 1168 1791 lapse
1194 1716 1502 1786 angelorum
1537 1705 1793 1762 Dominus
1817 1697 2075 1759 laudabit,
2111 1701 2168 1748 et

583 1793 949 1896 comprobabit
978 1810 1261 1881 illquui
1288 1822 1414 1862 vero
1441 1821 1469 1858 a
1498 1803 1607 1859 Deo
1641 1797 1904 1858 laudatur,
1933 1805 2039 1846 non
2062 1793 2168 1843 uno

585 1883 820 1975 alterrove
856 1913 964 1977 die,
1007 1915 1100 1963 aut
1143 1904 1300 1960 tertio
1321 1943 1336 1967 ,
1368 1897 1461 1953 sed
1494 1905 1546 1950 in
1587 1901 1850 1948 aeternum
1880 1883 2171 1953 triumphat

579 2003 695 2066 illic
719 2017 934 2079 gestans
961 2012 1238 2060 coronam,
1269 2007 1367 2048 nec
1397 2000 1648 2058 umquam
1677 1989 1838 2051 caput
1872 1975 2001 2032 illud
2025 1973 2172 2029 vide-

589 2105 670 2158 bis
696 2065 761 2157 e2
784 2098 1038 2154 nudatum
1066 2089 1230 2162 gloria
1262 2104 1275 2140 :
1305 2098 1475 2152 neque
1506 2079 1651 2135 enim
1677 2075 1817 2130 illius
1843 2065 2171 2126 celebritatis

589 2207 798 2264 tempus
833 2188 999 2246 certis
1037 2160 1226 2239 diebus
1254 2177 1720 2240 circumscriptum
1748 2174 1850 2228 est,
1880 2160 1973 2216 sed
2006 2171 2173 2227 usque

588 2287 654 2341 ad
703 2247 869 2339 interi
914 2275 1094 2334 szeculi
1147 2266 1604 2328 immortalitatem
1650 2254 1980 2315 extenditur.
2042 2247 2175 2303 Huic

589 2377 751 2434 cultui
778 2383 1063 2441 numquam
1091 2371 1370 2436 paupertas
1406 2371 1526 2413 esse
1570 2350 1744 2424 possit
1772 2342 2173 2441 impedimento,

590 2481 776 2522 verum
815 2472 870 2518 et
915 2431 1136 2532 pauperi
1185 2431 1310 2508 licet
1357 2448 1458 2503 hoc
1499 2441 1776 2499 celebrare
1820 2435 2036 2496 festum,
2068 2431 2177 2484 imo

589 2559 812 2631 pauperi
856 2523 1106 2612 maxime,
1153 2545 1350 2617 quippe
1388 2539 1480 2611 qui
1529 2536 1595 2590 ab
1623 2531 1769 2589 omni
1816 2526 1998 2583 mundi
2040 2523 2178 2578 fastu

592 2616 925 2721 strepituque
954 2644 1021 2697 sit
1066 2616 1204 2694 liber
1234 2653 1249 2690 :
1279 2645 1456 2704 neque
1484 2628 1627 2684 enim
1652 2637 1788 2693 opus
1815 2629 1897 2676 est
1929 2616 2179 2689 pecunia-

593 2716 726 2802 rum-
741 2737 1022 2810 impendiis
1037 2741 1092 2790 et
1118 2727 1411 2802 opulentia,
1431 2722 1525 2778 sed
1546 2720 1725 2774 animo
1743 2729 1899 2787 puro,
1922 2726 1985 2766 ac
1999 2716 2178 2765 mente

592 2836 792 2893 sobria.
969 2827 1111 2883 enim
1137 2801 1219 2879 est
1243 2835 1361 2891 qure
1392 2815 1531 2872 illius
1561 2811 1682 2867 vitze
1709 2817 1886 2864 vestes
1910 2805 2039 2859 texit
2064 2801 2180 2856 ani-

593 2944 717 2992 mae,
748 2927 862 2981 haec
898 2935 1018 2992 qua:
1044 2929 1273 2973 coronas
1303 2908 1470 2966 nectit
1497 2921 1510 2960 :
1539 2919 1659 3006 quae
1689 2900 1790 2956 nisi
1816 2897 2026 2952 virtutis
2054 2893 2178 2949 offl-

597 3020 697 3074 ciis
724 3015 884 3072 fuerit
910 2984 1188 3069 exornata,
1212 3002 1338 3058 nulli
1366 2998 1482 3054 usui
1505 2984 1608 3052 erit
1634 2992 1750 3047 auri
1777 3002 1968 3059 magna
1991 2984 2178 3055 copia;

594 3111 734 3166 sicut
763 3123 795 3164 e
817 3105 1032 3161 diverso
1059 3113 1160 3155 nec
1198 3095 1396 3152 damno
1424 3089 1530 3146 erit
1559 3092 1867 3156 paupertas,
1896 3079 1940 3134 si
1966 3075 2179 3132 divitias

595 3164 742 3256 intus
772 3195 962 3251 habeat
992 3187 1274 3260 repositas.
1308 3181 1458 3237 Hanc
1482 3175 1850 3234 celebritatem
1877 3184 1983 3223 non
2024 3164 2183 3220 modo

585 3287 818 3344 masculi
858 3284 1032 3347 liberi,
1066 3279 1160 3338 sed
1197 3286 1252 3334 et
1285 3274 1406 3330 filia
1448 3270 1605 3328 nobis
1632 3266 1909 3323 celebrent
1955 3279 1969 3314 :
2011 3271 2184 3340 neque

595 3383 760 3447 enim,
789 3373 1238 3451 quemadmodum
1279 3369 1335 3425 iu
1361 3375 1582 3423 externa
1609 3353 2073 3416 administratione
2099 3349 2181 3405 vi-

595 3476 671 3532 ris
713 3483 915 3530 tantum
956 3471 1277 3539 imperatum
1309 3469 1391 3518 est
1420 3459 1524 3515 hoc
1557 3456 1751 3512 festum
1785 3464 1962 3524 agere,
1994 3459 2181 3502 verum

595 3578 649 3623 et
679 3566 903 3624 feminas
947 3559 1075 3617 illud
1102 3555 1291 3627 recipit
1314 3553 1582 3609 theatrum
1604 3589 1620 3615 ,
1644 3556 1699 3602 et
1721 3558 1881 3602 senes
1903 3583 1920 3611 ,
1953 3549 2008 3598 et
2026 3539 2182 3610 juve-

598 3672 714 3722 nes,
743 3666 797 3713 et
821 3667 1006 3712 servos
1026 3660 1082 3706 et
1110 3651 1389 3719 ingenuos.
1418 3643 1520 3699 Ubi
1542 3640 1687 3696 enim
1713 3635 1877 3693 animi
1897 3643 2182 3704 spectacu-

600 3753 711 3808 lum
736 3757 820 3805 est
842 3790 857 3815 ,
886 3747 958 3802 ibi
985 3759 1091 3799 non
1121 3755 1300 3803 sexus,
1333 3752 1438 3792 non
1459 3745 1613 3799 mtas,
1643 3745 1747 3785 non
1772 3727 2002 3799 dignitas
2024 3723 2187 3792 hujus

597 3841 802 3906 saeculi,
832 3813 940 3893 non
971 3833 1115 3890 aliud
1145 3821 1728 3902 quidquam‘impedire
1772 3824 1967 3889 potest.
2003 3813 2188 3882 quue

597 3949 694 3989 vos
722 3903 910 3987 omnes
934 3926 1223 3991 exhortor,
1255 3929 1313 3975 ut
1351 3936 1380 3972 a
1411 3918 1609 3972 teneris
1647 3911 1829 3968 statim
1859 3908 2020 3963 annis
2048 3913 2103 3958 et
2129 3903 2189 3956 fi-

597 4027 700 4082 lius
730 4033 784 4080 et
815 4022 951 4077 filias
987 4013 1290 4086 huiusmodi
1337 4005 1699 4066 functionibus
1723 4001 1950 4066 dedatis,
1982 4007 2037 4053 et
2067 3996 2188 4051 huic

603 4117 722 4170 titze
761 4113 1004 4169 instituto
1048 4111 1409 4175 congruentes
1447 4098 1660 4155 divitias
1702 4095 1780 4150 eis
1824 4089 2055 4155 addatis,
2080 4103 2186 4142 non

601 4219 793 4262 aurum
823 4200 1179 4263 defodientes,
1217 4210 1324 4250 non
1351 4199 1629 4261 argentum
1654 4191 2059 4256 congregantes,
2093 4177 2189 4234 sed

605 4295 944 4359 modestiam,
984 4289 1352 4350 sobrietatem,
1388 4298 1451 4339 ac
1484 4279 1786 4352 pudicitiam
1811 4316 1826 4342 ,
1854 4274 2192 4344 reliquasque

603 4388 826 4442 virtutes
837 4396 1026 4438 omnes
1049 4380 1102 4435 in
1121 4377 1314 4434 animis
1335 4389 1519 4431 eorum
1545 4377 1890 4441 reponentes.
1917 4364 2028 4421 llos
2048 4364 2189 4420 enim

602 4487 849 4550 sumptus
869 4473 1034 4546 exigit
1062 4471 1152 4526 illa
1182 4469 1400 4524 functio.
1426 4464 1481 4520 Si
1511 4462 1651 4517 hanc
1677 4461 1835 4531 igitur
1860 4455 2188 4528 opulentiam

605 4543 927 4628 tum-nobis,
956 4543 1069 4618 tum
1095 4561 1216 4616 filiis
1239 4555 1636 4628 collegerimus,
1658 4561 1715 4606 et
1743 4551 1793 4604 in
1817 4547 2068 4620 prasenti
2088 4543 2191 4598 vita

607 4660 836 4715 multum
871 4651 1173 4725 splendoris
1217 4661 1629 4717 consequemur,
1663 4652 1718 4699 et
1763 4643 1816 4696 in
1863 4640 2036 4693 futura
2088 4637 2193 4691 vita

609 4751 821 4805 beatam
863 4745 1005 4801 illam
1058 4755 1246 4797 vocem
1286 4737 1587 4800 audiemus,
1633 4747 1731 4803 per
1755 4744 1914 4802 quam
1954 4727 2198 4784 Christus

610 4854 801 4897 omnes
829 4837 916 4909 qui
956 4836 1128 4906 ipsum
1165 4828 1396 4888 confessi
1434 4826 1654 4889 fuerint,
1695 4837 1794 4878 suo
1813 4830 1974 4876 ornat
1993 4833 2200 4889 praeco-

618 4930 726 4986 nio.
750 4927 1029 4984 Confessio
1043 4932 1221 4979 autem
1244 4937 1350 4977 non
1368 4927 1571 4975 tantum
1592 4916 1650 4970 fit
1670 4929 1765 4985 per
1782 4911 1981 4985 fidem,.
2011 4925 2198 4966 verum

615 5023 778 5080 etiam
825 5033 920 5091 per
963 5029 1125 5088 opera
1151 5055 1168 5082 ,
1198 5013 1332 5070 adeo
1360 5019 1420 5069 ut
1445 5009 1492 5066 si
1522 5009 1635 5064 haec
1664 5006 1878 5071 absint,
1925 5005 2200 5060 veniamus

614 5115 665 5170 iu
693 5110 987 5184 periculum
1009 5149 1025 5175 ,
1058 5122 1126 5162 ne
1151 5121 1272 5161 cum
1313 5098 1697 5173 abnegantibus
1737 5111 1923 5168 ptenas
1967 5095 2197 5149 luamus.

610 5205 793 5277 Neque
819 5200 960 5258 enim
992 5212 1131 5254 unus
1155 5204 1239 5253 est
1262 5193 1556 5265 abnegandi
1585 5190 1772 5247 modus
1797 5231 1812 5256 ,
1842 5187 1936 5243 sed
1966 5185 2118 5242 multi
2145 5193 2201 5240 et

607 5298 767 5366 varii,
813 5307 949 5364 quos
991 5290 1186 5346 Paulus
1229 5287 1386 5344 nobis
1415 5285 1745 5349 describens,
1797 5282 1866 5336 ita
1914 5278 2196 5348 loquitur:

615 5391 931 5459 Proﬁtentur
971 5400 1026 5441 se
1065 5399 1211 5438 nosse
1262 5380 1444 5442 Deum,
1470 5377 1560 5431 sed
1598 5376 1743 5444 factis
1784 5381 1968 5444 negant
1999 5368 2120 5442 (Tit.
2146 5370 2198 5425 Ι.

617 5485 728 5555 i6);
758 5488 814 5537 et
845 5492 1053 5542 rursus,
1087 5475 1149 5530 Si
1172 5475 1284 5544 quis
1312 5487 1542 5537 suorum,
1581 5480 1629 5524 et
1657 5467 1873 5522 maxime
1899 5464 2203 5520 domestico-

615 5553 728 5630 runt
755 5586 932 5627 curam
977 5584 1077 5622 non
1117 5567 1281 5629 habet,
1323 5564 1474 5634 ﬁdem
1519 5561 1802 5632 abnegavit,
1833 5567 1878 5612 et
1903 5565 1974 5612 est
2002 5553 2200 5624 inﬁdeli

616 5665 832 5723 deterior
857 5663 937 5730 (l.
981 5659 1113 5714 Tim.
1158 5660 1211 5715 5.
1243 5654 1322 5728 2).
1351 5654 1420 5711 Et
1443 5655 1659 5717 iterum,
1692 5649 1874 5722 Fugite
1911 5646 2196 5711 avaritiam,

615 5772 731 5827 qua'
777 5763 851 5812 est
877 5753 1127 5807 idolorum
1155 5749 1321 5804 cultus
1343 5744 1557 5817 (Coloss.
1583 5744 1637 5800 3.
1666 5742 1741 5815 5).
1772 5741 1905 5799 Cum
1934 5739 2094 5810 igitur
2124 5743 2203 5792 tot

2267 409 2376 465 sint
2419 406 2719 479 abnegandi
2756 403 2947 471 modi,
2976 396 3319 456 manifestum
3356 400 3439 451 est
3469 391 3700 448 totidem
3745 403 3859 444 esse

2261 501 2572 569 confitendi,
2604 514 2669 555 ac
2709 495 2880 552 multo
2914 494 3076 551 etiam
3110 492 3331 561 plures;
3381 487 3580 558 quibus
3612 482 3861 540 omnibus

2263 594 2504 650 confiteri
2535 589 2867 655 studeamus,
2887 595 2948 642 ut
2975 597 3029 641 et
3056 585 3157 655 ipsi
3189 583 3241 638 in
3269 581 3419 638 curiis
3445 578 3718 634 honorem
3739 588 3864 630 eon-

2263 700 2591 755 sequamur,
2638 680 2808 753 gratia
2861 685 2916 733 et
2957 675 3200 732 bonitate
3250 670 3466 728 Domini
3521 668 3696 724 nostri
3742 666 3865 722 Iesu

2262 778 2484 843 Christi,
2516 792 2612 846 per
2636 788 2796 845 quem
2817 780 2870 828 et
2899 785 3020 826 cum
3046 782 3154 840 quo
3173 766 3320 822 Patri
3343 763 3536 835 gloria,
3567 759 3731 817 simul
3748 773 3867 816 cun

2263 881 2450 926 sancto
2472 868 2697 938 Spiritu,
2727 879 2871 922 nunc
2899 871 2953 920 et
2981 874 3220 931 semper,
3250 866 3306 915 et
3333 856 3389 912 in
3414 855 3614 912 saecula
3643 850 3872 910 saeculo-

2263 979 2400 1019 rum.
2435 963 2631 1017 Amen.

2885 1085 3118 1146 SERMO
3154 1083 3246 1142 Π.

2265 1211 2346 1266 Ad
2383 1225 2468 1265 eos
2511 1207 2598 1276 qui
2643 1206 2853 1262 collecta
2897 1203 3075 1257 relicta
3117 1198 3188 1253 ad
3230 1197 3427 1252 theatra
3466 1192 3755 1248 ascendam
3781 1205 3803 1243 :
3829 1198 3877 1243 et

2337 1302 2474 1374 quod
2499 1319 2601 1356 non
2629 1299 2795 1355 solum
2833 1297 3010 1352 utilius
3038 1295 3104 1348 sit
3132 1294 3186 1346 in
3222 1289 3435 1347 ecclesia
3463 1286 3657 1342 versari
3681 1328 3695 1349 ,
3722 1299 3878 1354 mm

2336 1398 2393 1452 in
2416 1392 2645 1458 theatris,
2673 1391 2763 1445 sed
2795 1389 2946 1442 etiam
2961 1383 3245 1457 jucundius
3267 1397 3285 1434 :
3313 1388 3362 1435 et
3389 1377 3703 1433 de’sccunda
3732 1384 3880 1444 parte

2340 1490 2646 1564 precationis
2669 1487 2834 1541 Amice
2860 1501 2878 1540 :
2905 1482 3137 1556 quodque
3171 1479 3512 1533 indesinenter
3555 1483 3601 1528 et
3643 1472 3697 1525 in
3737 1468 3880 1524 omni

2339 1560 2450 1638 loco
2477 1579 2675 1653 precari
2703 1585 2962 1648 oporteat,
2996 1574 3072 1629 vel
3103 1572 3158 1627 in
3186 1572 3321 1642 foro,
3350 1568 3428 1623 vel
3462 1568 3514 1621 in
3544 1566 3627 1619 via
3655 1607 3670 1627 ,
3714 1562 3795 1615 vel
3828 1560 3882 1612 in

2341 1677 2492 1730 lecto.

2347 1788 2397 1843 ι.
2438 1782 2593 1840 Haud
2632 1783 2778 1846 scio,
2824 1778 3019 1851 quibus
3061 1775 3243 1831 verbis
3288 1772 3516 1828 debeam
3566 1769 3644 1822 uti
3694 1763 3884 1821 hodie.

2273 1878 2408 1934 Cum
2439 1876 2580 1931 enim
2610 1873 2818 1927 videam
2847 1869 3104 1925 collectas
3132 1879 3322 1938 parum
3367 1860 3730 1938 frequentari,
3753 1871 3886 1927 pro-

2277 1969 2467 2041 phetas
2495 1965 2635 2021 affici
2682 1961 3006 2018 contumelia
3031 2000 3049 2027 ,
3093 1936 3367 2028 apostolos
3411 1952 3658 2024 despici,
3703 1936 3889 2020 patre

2276 2059 2570 2126 contemni,
2607 2067 2836 2125 eamque
2859 2049 3242 2109 contumeliam
3262 2089 3278 2114 ,
3310 2061 3414 2117 qua
3439 2043 3582 2100 servi
3611 2050 3888 2112 appetun-

2281 2164 2404 2218 tur,
2436 2151 2504 2205 ad
2554 2149 2727 2220 ipsum
2771 2158 2957 2200 eorum
3007 2140 3290 2196 Dominum
3335 2132 3708 2206 pertransire,
3755 2130 3893 2185 libet

2278 2243 2494 2316 quidem
2523 2253 2800 2303 accusare,
2831 2234 2928 2292 sed
2957 2248 3050 2290 eos
3076 2232 3168 2304 qui
3192 2227 3588 2285 accusationem
3619 2223 3763 2280 hanc
3791 2237 3893 2276 au-

2282 2313 2403 2393 dire
2433 2334 2694 2391 deberent
2722 2344 2828 2386 non
2858 2327 2947 2383 hic
2971 2324 3130 2381 video
3160 2340 3174 2379 :
3200 2335 3294 2378 vos
3318 2319 3419 2376 soli
3439 2317 3665 2381 adestis,
3691 2313 3896 2386 quibus

2281 2432 2384 2487 hac
2410 2425 2777 2484 admonitione
2818 2420 2953 2478 nihil
2990 2433 3126 2490 opus
3159 2424 3261 2472 est.
3294 2413 3682 2470 Verumtamen
3716 2421 3788 2463 ne
3813 2407 3897 2460 sic

2281 2521 2499 2595 quidem
2530 2515 2795 2573 silendum
2825 2523 2907 2568 est
2937 2511 3092 2567 nobis
3129 2526 3142 2563 :
3181 2522 3308 2563 nam
3338 2514 3393 2562 et
3434 2501 3892 2573 indignationem,

2283 2629 2444 2686 quam
2487 2610 2644 2668 nobis
2689 2614 3017 2670 moverunt,
3061 2599 3464 2671 mitigabimus,
3505 2607 3724 2664 unaque
3765 2607 3896 2649 eum

2283 2706 2461 2762 verbis
2489 2702 2767 2773 ejiciemus
2793 2715 2808 2752 :
2839 2705 2894 2753 et
2932 2695 3055 2751 illos
3094 2693 3241 2763 ipsos
3265 2689 3332 2745 ad
3363 2687 3617 2745 ruborem
3643 2699 3709 2739 ac
3737 2697 3898 2738 vere-

2282 2796 2532 2855 cundiam
2559 2791 2976 2862 compellemus,
3008 2794 3087 2841 tot
3125 2784 3180 2840 in
3217 2795 3315 2839 eos
3353 2774 3761 2835 accusatoribus
3792 2777 3897 2830 iin-

2283 2889 2482 2953 missis,
2507 2894 2636 2957 quot
2656 2895 2801 2938 nunc
2838 2878 3113 2935 auditores
3147 2873 3302 2931 estis.
3330 2870 3388 2927 Si
3416 2869 3563 2926 enim
3590 2867 3894 2931 venissent,

2284 2991 2498 3038 nostras
2522 2977 2697 3034 solum
2723 2970 3124 3044 obiurgationes
3153 2964 3401 3022 audirent
3429 2979 3444 3016 :
3475 2973 3621 3016 nunc
3653 2957 3893 3029 fugitan-

2288 3083 2369 3130 tes
2395 3078 2637 3127 nostram
2664 3065 3110 3134 increpationem,
3147 3056 3339 3113 eadem
3366 3054 3481 3110 haec
3505 3067 3536 3106 a
3562 3049 3716 3106 vobis
3740 3047 3899 3104 audi-

2288 3166 2392 3221 turi
2420 3171 2546 3220 sunt
2573 3158 2773 3215 omnia.
2802 3156 2892 3212 Sic
2916 3161 2973 3210 et
2997 3151 3155 3207 amici
3193 3147 3438 3204 faciunt:
3471 3154 3758 3216 postquam
3786 3156 3900 3198 non
3993 3189 4000 3206 ,

2290 3259 2613 3314 invenerunt
2629 3249 2957 3322 quibuscum
3005 3241 3350 3314 expostulare
3373 3237 3648 3304 volebant,
3679 3235 3899 3289 illorum

2290 3349 2494 3402 amicos
2519 3316 2716 3398 adeunt
2739 3380 2756 3408 ,
2784 3336 2876 3410 qui
2903 3335 3045 3391 dicta
3073 3346 3169 3388 sua
3197 3329 3264 3386 ad
3293 3329 3413 3385 illos
3453 3316 3714 3383 referant.
3748 3323 3902 3380 Idem

2287 3439 2449 3496 etiam
2477 3436 2620 3491 Deus
2646 3431 2772 3488 fecit
2797 3447 2811 3484 :
2839 3426 3056 3485 omissis
3099 3424 3166 3480 iis
3211 3421 3302 3493 qui
3347 3421 3399 3475 iu
3431 3433 3492 3474 se
3517 3413 3904 3488 peccaverant,

2290 3538 2557 3591 insontem
2597 3526 2885 3586 Jeremiam
2934 3519 3206 3592 appellat,
3246 3516 3432 3571 dicens
3477 3529 3492 3567 :
3541 3510 3723 3565 Viden’
3764 3509 3897 3580 quid

2290 3629 2415 3683 mihi
2445 3624 2618 3698 fecerit
2641 3620 2886 3690 insipiens
2915 3607 3028 3685 [ilia
3050 3612 3193 3667 Iuda
3224 3607 3370 3682 (Jer.
3399 3607 3456 3662 3.
3483 3604 3550 3677 6)
3575 3604 3599 3658 ?
3626 3603 3744 3660 [lac
3768 3617 3908 3659 sane

2290 3720 2358 3776 de
2381 3695 2540 3774 causa
2564 3728 2663 3770 nos
2696 3723 2908 3783 quoque
2931 3707 3052 3762 illos
3073 3701 3399 3766 accusando,
3420 3714 3518 3754 vos
3541 3695 3905 3767 alloquimur,

2292 3822 2350 3868 ut
2396 3812 2522 3866 hinc
2567 3803 2791 3879 profecti
2834 3801 2929 3857 eos
2965 3797 3269 3868 eorrigatis.
3319 3793 3454 3863 Quis
3498 3791 3647 3846 enim
3692 3800 3908 3845 tantum

2293 3906 2593 3975 neglectum
2615 3896 2792 3954 ferat?
2820 3892 2998 3950 Semel
3021 3891 3074 3945 in
3102 3884 3436 3944 hebdomada
3461 3883 3548 3939 hic
3566 3883 3904 3953 colligimur,

2294 4006 2349 4054 et
2391 4010 2460 4050 ne
2503 3994 2604 4047 hac
2644 3987 2861 4061 quidem
2900 3985 2989 4040 die
3031 3981 3320 4039 saeculares
3366 3991 3526 4033 curas
3567 3975 3908 4048 posthabere

2292 4089 2598 4145 sustinent:
2628 4091 2684 4137 et
2710 4081 2753 4136 si
2800 4079 2922 4150 quis
2966 4075 3021 4132 id
3049 4075 3270 4145 objiciat
3291 4113 3308 4140 ,
3349 4071 3494 4127 illico
3523 4078 3906 4142 paupertatem

2293 4183 2616 4250 praetexunt,
2645 4189 2708 4229 ac
2732 4170 2906 4227 victus
2932 4166 3150 4240 parandi
3186 4164 3584 4230 necessitatem,
3612 4171 3909 4232 urgentes-

2293 4286 2400 4342 quc
2452 4268 2834 4337 occupationes
2863 4302 2878 4327 ,
2930 4260 3298 4317 defensionem
3361 4255 3671 4312 adferentes
3714 4255 3910 4325 quavis

2295 4363 2636 4419 accusatione
2663 4356 2990 4428 graviorem.
3031 4349 3169 4419 Quid
3197 4349 3339 4404 enim
3383 4348 3487 4402 hoc
3525 4347 3647 4417 ipso
3675 4347 3912 4403 crimine

2298 4457 2449 4528 pejus
2479 4468 2600 4510 esse
2621 4458 2820 4522 potest,
2850 4462 2971 4503 cum
3002 4442 3204 4514 aliquid
3233 4440 3378 4498 aliud
3406 4455 3566 4512 quam
3593 4438 3787 4495 divina
3818 4455 3912 4495 ne-

2297 4548 2440 4620 gotia
2471 4545 2640 4616 magis
2672 4555 2869 4612 urgens
2895 4537 3051 4594 nobis
3076 4535 3310 4601 videtur,
3339 4533 3616 4603 magisque
3645 4546 3909 4588 necessa-

2299 4638 2481 4696 rium?
2520 4635 2660 4693 Sane
2687 4631 2896 4688 etiamsi
2937 4627 3168 4684 maxime
3207 4639 3392 4680 verum
3434 4624 3538 4678 hoc
3575 4631 3759 4688 esset,
3795 4622 3914 4678 hac

2303 4734 2414 4803 ipsa
2440 4727 2683 4784 defensio
2708 4731 2854 4780 esset
2877 4719 3172 4786 accusatio,
3200 4726 3258 4772 ut
3284 4715 3394 4771 dixi
3425 4732 3439 4770 :
3471 4721 3530 4769 ut
3558 4723 3744 4768 autem
3774 4715 3913 4769 scia-

2303 4827 2371 4905 tis
2393 4824 2546 4878 istam
2574 4818 2937 4876 causationem
2959 4826 3081 4870 esse
3099 4827 3164 4867 ac
3185 4817 3501 4882 praetextum
3526 4805 3593 4863 ad
3619 4809 3911 4878 segnitiem

2307 4897 2621 4988 tegendam,
2650 4909 2739 4966 vel
2773 4921 2861 4963 me
2891 4912 3102 4962 tacente
3130 4901 3322 4958 tertius
3348 4898 3545 4955 abhinc
3569 4897 3690 4953 dies
3718 4911 3915 4954 mnes

2307 5011 2428 5067 talia
2476 5003 2828 5063 obtendentes
2878 4997 3203 5068 redarguet,
3252 5007 3376 5048 cum
3420 4989 3611 5047 civitas
3657 4989 3914 5046 universa

2306 5099 2616 5176 migraverit
2643 5096 2709 5152 ad
2735 5093 2970 5158 Circum,
3006 5098 3062 5146 et
3091 5087 3286 5144 domus
3311 5100 3373 5142 ae
3399 5084 3518 5141 fora
3545 5081 3740 5138 nefarii
3769 5081 3915 5138 illius

2307 5174 2598 5268 spectaculi
2623 5188 2794 5261 gsatia
2815 5191 3069 5242 evacuata
3097 5178 3317 5236 fuerint.
3343 5177 3408 5233 Et
3432 5174 3520 5230 hic
3539 5189 3610 5230 ne
3634 5175 3913 5246 pracipes

2307 5265 2523 5363 quidem
2569 5280 2810 5338 ecclesia:
2851 5277 2968 5333 loca
3010 5271 3085 5344 (a)
3113 5268 3371 5363 compleri
3397 5265 3644 5322 videmus
3674 5282 3693 5322 :
3720 5274 3775 5319 at
3808 5265 3918 5321 illis

2309 5355 2415 5436 rion
2445 5374 2607 5432 modo
2630 5372 2841 5432 Circus,
2864 5365 2958 5422 sed
2980 5371 3035 5420 et
3056 5358 3338 5417 cenacula
3361 5365 3418 5412 et
3443 5355 3641 5411 domus
3666 5365 3726 5411 et
3749 5365 3913 5423 tecta,

2308 5480 2364 5527 et
2386 5470 2611 5538 abrupta
2641 5462 2758 5518 loca
2790 5459 3042 5530 pleraque
3069 5458 3402 5521 occupantur
3433 5464 3448 5501 :
3479 5455 3535 5501 at
3561 5461 3744 5517 neque
3780 5461 3916 5518 μυ-

2310 5572 2523 5635 pertus,
2566 5569 2741 5627 neque
2779 5547 3059 5620 occupatio
3082 5586 3099 5614 ,
3142 5556 3315 5614 neque
3351 5539 3605 5596 debilitas
3643 5539 3916 5609 corporis,

2314 5669 2740 5807 μὲιρωιξέάρνα
2785 5664 2892 5718 loca
2927 5656 3148 5715 ecclesia
3187 5661 3328 5710 vocat
3367 5661 3538 5717 partes
3572 5646 3925 5700 sacerdotum
