4066 6448
168 457 279 515 639

233 583 295 631 ε’.
323 576 484 632 Ποῖον
507 576 616 650 7&9
645 575 714 632 ἀν
740 573 950 646 γένοιτο
982 574 1173 645 κέρδος
1199 574 1399 647 ἐκ⁴τῆς
1428 575 1543 630 τῶν
1570 577 1633 647 δή
1643 593 1762 647 μων

162 659 478 732 εὐφημίαςς
513 660 637 714 εἰπέ
661 650 772 729 μὸι.
805 659 920 729 Τῆς
937 658 1178 729 ἑσπέρας
1211 658 1322 730 γάρ
1345 659 1762 730 καταλαϐούσης

163 743 413 807 εὖθέωςό
434 743 629 816 κρότος
656 744 866 806 ἐκεῖνος
896 743 991 796 καὶ
1011 743 1039 794 6
1071 740 1304 817 θόρυϐος
1324 742 1472 807 ἄπας
1501 742 1761 814 μαραίνε-

159 841 274 888 ται,
307 826 403 879 καὶ
436 824 815 897 παρελθούσης
845 826 947 896 τῆς
970 825 1353 902 πανηγύρεως,
1384 822 1576 896 ὥσπερ
1619 824 1756 895 ὄναρ

157 910 568 979 τρυφήσαντες,
599 907 776 973 οὕτως
809 908 1010 981 ἔρημοι
1040 909 1222 978 πάσης
1274 903 1634 963 καθίστανται
1669 908 1759 960 εύ-

159 990 462 1061 φροσύνης,
485 992 580 1044 καὶ⁸
599 991 726 1045 οὔτε
759 992 860 1062 τὴν
902 992 1012 1045 ἀπὸ
1048 993 1143 1045 τοῦ
1174 992 1466 1062 στεφάνου,
1504 990 1628 1046 οὔτε
1659 989 1758 1060 τὴν

158 1074 271 1128 ἀπὸ
301 1075 403 1144 τῆς
427 1076 624 1146 στολῆς
651 1076 753 1146 τῆς
782 1075 1044 1146 λαμπρᾶς
1076 1075 1172 1130 καὶ
1209 1076 1310 1146 τῆς
1346 1075 1516 1147 ἄλλης
1547 1091 1756 1144 φαντα-

161 1157 286 1222 σίας
313 1159 531 1229 ἀπάσης
561 1159 830 1228 εὐθυμίαν
858 1157 1221 1228 ἐγγινομένην
1253 1159 1440 1222 αὐτοῖς
1464 1156 1755 1230 ζητοῦντες

156 1241 341 1312 εὑρεῖν
377 1240 612 1295 δύναιντ’
648 1240 736 1305 ἃν,
771 1241 975 1311 ἀνέμου
1010 1241 1210 1306 παντὸς
1245 1240 1546 1313 ταχύτερον
1571 1256 1754 1310 παρα-

155 1322 478 1395 δραμόντων
509 1324 1022 1388 αὐτοὺς.ἀπάντων.

239 1472 302 1526 Ἥ
353 1473 412 1525 δὲ
465 1473 572 1526 τῶν
615 1473 868 1544 οὐρανῶν
916 1476 1166 1528 πολιτεία
1197 1469 1508 1530 τούναντίον
1556 1474 1704 1529 ἀπαν
1736 1487 1752 1504 ⁸

155 1559 326 1628 χωρὶς
360 1557 608 1626 δαπάνης
639 1557 776 1611 πολὺ
825 1557 985 1629 φέρει
1018 1558 1080 1611 τὸ
1109 1557 1301 1630 κέρδος
1331 1559 1464 1630 ἡμῖν
1508 1558 1606 1613 καὶ
1654 1558 1754 1630 μό-

153 1657 334 1712 νιμον.
394 1642 468 1694 οὐ
529 1641 641 1712 γὰρ
692 1640 976 1711 ἂνθρωποι
1041 1641 1337 1712 μεθύοντες
1365 1681 1380 1705 ,
1449 1641 1588 1698 ἀλλά
1641 1641 1753 1696 τῶν

153 1725 404 1792 ἀγγέλων
447 1724 475 1776 6
512 1723 686 1794 δῆμος
740 1725 831 1778 τὸν
873 1727 992 1777 ἐκεῖ
1034 1724 1455 1794 πολιτευόμενον
1495 1722 1756 1796 κροτοῦσι

148 1809 439 1882 διηνεκῶς.
500 1808 611 1864 Καὶ
660 1807 712 1862 τί
744 1806 891 1875 λέγω
943 1807 1053 1863 τῶν
1116 1807 1366 1876 ἀγγέλων
1410 1807 1505 1862 τὸν
1541 1808 1752 1878 δῆμονς

149 1894 324 1956 Αὐτὸς
355 1892 521 1947 αὑτὸν
554 1894 583 1946 6
612 1891 720 1945 τῶν
769 1891 1020 1961 ἀγγέλων
1047 1891 1328 1962 Δεσπότης
1351 1891 1631 1945 ἐπαινέσει
1659 1891 1754 1945 καὶ

150 1976 496 2043 ἀποδέξεται.
535 1977 594 2029 '0
618 1975 676 2029 δὲ
723 1977 876 2047 παρὰ
911 1974 1007 2029 τοῦ
1053 1972 1192 2028 Θεοῦ
1221 1973 1640 2043 ἐπαινούμενος,
1687 1973 1752 2027 ού

154 2061 310 2133 μίαν.
337 2061 462 2114 οὑδέ
507 2060 625 2124 δύο,
661 2061 757 2113 καὶ
801 2061 953 2131 τρεῖς
987 2058 1225 2130 ἡμέρας,
1263 2057 1400 2114 ἀλλά
1428 2057 1516 2132 διά
1547 2056 1753 2120 παντὸς

148 2143 247 2200 τοῦ
277 2143 476 2208 αίῶνος
507 2143 780 2218 πομπεύει
810 2141 1264 2217 στεφανηφορῶν,
1289 2141 1385 2195 καὶ
1413 2141 1629 2210 γυμνὴν
1651 2140 1754 2195 οὐκ

148 2225 386 2284 ἄν’ποτε
422 2227 553 2291 ίδοις
598 2227 698 2298 τῆς
733 2223 894 2296 δόξης
942 2225 1174 2294 ἐκείνης.
1218 2224 1319 2296 τὴν
1362 2224 1458 2278 τοῦ
1505 2221 1749 2278 τοιούτου

149 2312 433 2383 κεφαλήν·
464 2311 526 2363 οὺ
589 2311 701 2380 γάρ
735 2309 1075 2380 ὡρισμέναις
1107 2309 1350 2380 ἡμέραις
1393 2309 1422 2362 6
1463 2308 1563 2380 τῆς
1610 2321 1752 2361 πανο

147 2395 406 2468 ηγύρεως
455 2393 662 2464 ταύτης
686 2393 1131 2464 περιγέγραπται
1186 2392 1401 2463 χρόνος,
1442 2391 1579 2446 ἀλλά
1615 2390 1752 2463 πρὸς

144 2480 247 2551 τὴν
275 2476 600 2532 ἀθανασίαν’
624 2475 734 2529 τῶν
785 2475 1095 2546 μελλόντων
1149 2475 1481 2530 ἐκτείνεται.
1529 2473 1752 2544 Ταύτης

142 2562 244 2630 τῆς
272 2559 618 2631 λειτου’ργίας
641 2559 742 2610 οὐκ
769 2558 835 2612 ἀν
874 2558 1252 2631 ποτεδγένοιτο
1284 2557 1450 2612 πενία
1497 2555 1747 2627 κώλυμα,

143 2644 283 2700 ἀλλά
317 2630 546 2696 δυνατὸν
576 2641 673 2696 καὶ
725 2641 818 2693 τὸν
852 2641 1064 2712 πένητα
1106 2630 1500 2712 λειτουργῆσαι
1546 2640 1750 2710 ταύτην

141 2730 244 2799 τὴν
271 2724 646 2796 λειτουργίαν,
672 2723 768 2777 καὶ
801 2723 1040 2794 μάλιστα
1063 2723 1156 2777 τὸν
1179 2724 1411 2794 πένητα,
1443 2724 1540 2778 ἆτε
1567 2725 1750 2795 πάσης

144 2808 571 2880 ἀπηλλαγμένον
605 2806 909 2876 φαντασίας
935 2806 1198 2878 βιωτικῆς
1221 2823 1235 2838 ο
1272 2807 1334 2860 ού
1372 2807 1483 2878 γὰρ
1502 2806 1749 2878 δαπάνης

146 2892 452 2965 χρημάτων
494 2891 589 2944 καὶ
617 2891 963 2962 περιουσίας.
994 2891 1132 2945 ἀλλά
1171 2891 1354 2962 ψυχῆς
1383 2890 1465 2945 δεῖ
1499 2890 1750 2962 καθαρᾶς

145 2979 237 3033 καὶ
252 2974 644 3050 σωφρονούσης
671 2975 933 3039 διανοίας.
961 2973 1096 3028 Ἀπὸ
1119 2978 1326 3047 ταύτης
1349 2977 1446 3030 καὶ
1471 2977 1541 3030 τά
1558 2976 1750 3047 ἱμάτια

101 3127 109 3134 ,
144 3064 241 3133 τῆς
275 3058 556 3122 πολιτείας
585 3057 802 3130 ἐκείνης
831 3058 1118 3126 ὑφαίνεται
1147 3061 1214 3129 τῇ
1254 3057 1427 3129 ψυχῇ,
1453 3058 1546 3112 καὶ
1564 3059 1593 3110 ό
1625 3057 1749 3112 ne.

145 3161 312 3215 φανος
329 3140 486 3216 [729]
508 3141 792 3195 πλέκεται·
809 3139 953 3194 ὥστε
970 3139 1037 3194 ἂν
1053 3142 1130 3212 μὴ
1143 3144 1257 3204 τοῖς
1271 3141 1372 3211 τῆς
1386 3136 1636 3214 ἀρετῆςῇ
1651 3156 1746 3194 κε-

145 3225 472 3299 κοσμημένη
490 3223 939 3296 κατορθώμασιν,
961 3224 1116 3279 οὐδὲν
1132 3224 1324 3294 ὄφελος
1350 3225 1489 3296 αὐτῇ
1520 3224 1747 3297 χρυσίου

145 3298 377 3366 πολλοῦ·
409 3298 601 3379 ῶσπερ
634 3304 728 3362 οὖν
769 3308 894 3362 οὐδὲ
925 3307 1126 3378 βλάϐος
1174 3308 1330 3362 ἔσται
1384 3308 1612 3373 πενίας,
1649 3308 1748 3362 ἐάν

144 3395 234 3450 τὸν
260 3392 475 3447 ἔνδοθεν
503 3391 603 3463 ῑχῃ
638 3389 872 3445 πλοῦτον
901 3392 1356 3462 ἐναποκείμενον.
1395 3391 1618 3462 Ταύτην
1647 3391 1748 3463 τὴν

144 3476 488 3549 λειτουργίαν
513 3475 588 3547 μὴ
621 3475 784 3546 μόνον
815 3474 1044 3548 ἄρρενες
1073 3475 1283 3539 παῖδες,
1301 3476 1442 3530 ἀλλά
1467 3477 1565 3529 καὶ
1585 3476 1751 3545 θυγα-

143 3563 298 3633 τέρες
341 3561 475 3632 ἡμῖν
497 3557 992 3629 λειτουργείτωσαν
1013 3575 1027 3589 ο
1057 3559 1120 3611 οὐ
1154 3558 1266 3630 γὰρ
1295 3558 1488 3632 ὥσπερ
1520 3560 1615 3613 ἐπὶ
1648 3560 1749 3631 τῆς

142 3642 344 3710 ἔξωθεν
377 3639 658 3705 πολιτείας
685 3641 916 3713 ἀνδράσι
969 3641 1132 3712 μόνον
1177 3642 1353 3696 ταῦτα
1404 3642 1747 3714 λειτουργεῖν

142 3727 522 3790 ἐπιτέτακται,
557 3723 696 3778 ἀλλά
723 3725 820 3778 καὶ
871 3727 1141 3794 γυναῖκας
1187 3727 1368 3780 ἐκεῖνο
1410 3726 1473 3780 τὸ
1519 3725 1749 3797 θέατρον

140 3809 386 3881 δέχεται,
417 3807 513 3862 καὶ
541 3807 830 3879 γέροντας,
880 3810 977 3862 καὶ
1022 3808 1200 3873 νέους,
1244 3809 1342 3863 καὶ
1374 3807 1618 3873 δούλους,
1653 3809 1750 3862 καὶ

139 3891 486 3962 ἐλευθέρους.
534 3890 713 3944 Ὅπου
759 3890 870 3962 7&9
907 3889 1090 3964 ψυχῆς
1121 3894 1274 3945 ἐστιν
1302 3893 1338 3963 ἡ
1365 3891 1651 3959 ἐπίδειξις,
1684 3892 1746 3946 οὐ

141 3973 331 4050 φύσις,
362 3975 464 4045 οὐχ
512 3972 726 4042 ἡλικία,
775 3973 876 4026 οὐκ
905 3971 1128 4046 ἀξίωμα
1157 3973 1440 4045 βιωτικδν,
1471 3975 1574 4030 οὐκ
1618 3974 1750 4030 ἀλλο

137 4058 296 4114 οὐδὲν
325 4056 643 4130 ἐμποδίζειν
675 4056 915 4127 πέφυκε.
972 4056 1072 4111 Διά
1117 4056 1184 4128 δὴ
1212 4056 1396 4122 τοῦτο,
1436 4058 1750 4131 παρακαλῶ

140 4143 353 4206 πάντας
381 4141 552 4212 ὑμᾶς,
575 4141 641 4195 ἐκ
671 4139 898 4212 πρώτης
929 4140 1146 4211 ἡλικίας
1173 4141 1448 4198 ἐκδιδόναι
1474 4144 1573 4198 καὶ
1597 4145 1749 4209 υίοὺς

143 4228 242 4282 καὶ
272 4225 588 4297 θυγατέρας
621 4227 744 4290 ταῖς
789 4224 1078 4289 τοιαύταις
1106 4225 1502 4299 λειτουργίαις,
1530 4229 1626 4283 καὶ
1653 4229 1750 4284 τὸν

139 4313 209 4385 τῇ
225 4307 455 4383 τοιαύτῃ
471 4308 720 4380 πολιτείᾳ
752 4307 1071 4380 ἁρμόζοντα
1087 4311 1556 4382 προαποτίθεσθαι
1578 4311 1747 4367 πλοῦ·

137 4411 235 4450 τον
267 4394 478 4458 αὐτοῖς,
513 4392 576 4446 οὐ
597 4393 823 4464 χρυσίον
844 4390 1303 4463 κατορύττοντας,
1335 4395 1458 4449 ούδέ
1483 4395 1750 4469 ἀργύριον

141 4475 530 4544 συλλέγοντας.
566 4473 685 4530 ἀλλ’
711 4474 1046 4536 ἐπιείκειαν,
1086 4475 1448 4548 σωφροσύνην
1471 4516 1488 4542 ,
1547 4477 1750 4550 σεμνό-

136 4576 304 4630 τητα,
333 4559 436 4628 τὴν
465 4558 638 4629 ἀλλην
666 4558 888 4613 ἃπασαν
917 4558 1120 4630 ἀρετήν
1137 4559 1632 4632 ἐναποτιθεμένους
1653 4562 1751 4620 αὐ-

137 4640 253 4696 τῶν
283 4643 350 4714 τῇ
381 4640 552 4713 ψυχῇ.
577 4640 799 4713 Ταύτης
825 4641 937 4711 γὰρ
961 4643 1137 4697 δεῖται
1159 4643 1260 4713 τῆς
1282 4641 1530 4714 δαπάνης
1561 4644 1747 4718 ἐκείνη

139 4726 176 4795 ἡ
209 4723 545 4796 λειτουργία.
587 4726 686 4778 ‘Av
729 4723 937 4796 ταύτην
975 4721 1071 4780 οῦν
1102 4725 1199 4778 καὶ
1237 4725 1454 4789 ἑαυτοῖς
1493 4727 1588 4780 καὶ
1634 4729 1750 4792 τοῖς

139 4807 382 4871 παιδίοις
440 4807 789 4880 συλλέξωμεν
847 4808 939 4881 τὴν
972 4809 1263 4881 εὐπορίαν,
1319 4811 1416 4863 καὶ
1462 4811 1609 4864 κατά
1655 4811 1750 4867 τὸν

137 4890 394 4962 παρόντα
434 4889 551 4962 βίον
599 4892 804 4964 πολλῆς
832 4891 1264 4965 ἀπολαυσόμεθα
1293 4894 1392 4965 τῆς
1425 4893 1750 4968 λαμπρότη-

135 4991 258 5038 τος,
293 4974 391 5028 καὶ
437 4974 580 5028 κατά
631 4975 732 5048 τήν
782 4975 1086 5046 μέλλουσαν
1125 4975 1274 5047 ζωὴν
1320 4977 1423 5047 τῆς
1452 4973 1454 4976 ’
1466 4979 1750 5051 μακαρίας

137 5057 363 5129 ἐκείνης
391 5058 744 5131 ἀκουσόμεθα
771 5061 978 5132 φωνῆς,
995 5060 1064 5118 δι’
1081 5062 1149 5132 ἡν
1183 5061 1436 5128 ἃπαντας
1465 5064 1593 5128 τοὺς
1618 5067 1750 5134 ὀμο-

137 5142 487 5215 λογήσαντας
503 5144 670 5198 αὑτὸν
703 5145 733 5198 6
766 5145 1003 5219 Χριστὸς
1019 5146 1413 5219 ἀνακηρύττει.
1453 5147 1748 5220 ὐμολογία

133 5226 326 5310 δέονέιχ
353 5228 388 5299 ἡ
429 5226 520 5280 διά
552 5228 652 5299 τῆς
695 5228 934 5291 πίστεως
967 5229 1131 5301 μόνον
1177 5231 1330 5284 ἐστὶν
1351 5272 1366 5295 ,
1418 5231 1556 5287 ἀλλά
1581 5235 1676 5288 καὶ
1710 5236 1747 5310 ἡ

136 5309 230 5366 διὰ
258 5310 372 5364 τῶν
409 5310 612 5383 ἐργων,
653 5311 730 5377 ὡς
757 5313 855 5368 ἐὰν
888 5313 965 5386 μὴ
1020 5315 1116 5368 καὶ
1166 5316 1306 5393 αύτὴ
1353 5321 1527 5390 παρῇ,
1564 5309 1746 5374 κινδυὲ

135 5393 375 5478 νεύομεν
423 5393 564 5478 μετά
591 5394 701 5448 τῶν
732 5397 1088 5468 ἀρνουμένων
1129 5399 1479 5463 κολάζεσθαι.
1520 5402 1597 5455 Οὐ
1634 5403 1748 5478 7&9

133 5471 222 5541 εἷς
239 5477 528 5549 ἀρνήσεώς
559 5478 677 5533 ἐστι
699 5479 922 5550 τρόπος,
950 5481 1091 5536 ἀλλά
1129 5483 1319 5539 πολλοὶ
1348 5487 1442 5540 καὶ
1465 5471 1744 5558 διάφοροί,

133 5559 234 5624 οὓς
262 5561 294 5614 6
319 5560 538 5646 Παῦλος
567 5564 703 5634 ἡμῖν
744 5565 1086 5637 ὑπογράφων
1132 5567 1307 5646 οὕτως
1356 5569 1544 5640 ἔλεγε·
1595 5571 1748 5627 Θεὸν

132 5643 556 5716 ὁμολογοῦσιν
577 5647 823 5713 εἰδέναι,
869 5649 996 5717 τοῖς
1033 5649 1102 5705 δέ
1142 5643 1343 5722 ἔργοις
1373 5654 1705 5722 ἀρνοῦνται
1727 5674 1742 5689 ·

134 5729 234 5783 καὶ
259 5729 445 5784 πάλιν·
483 5733 550 5786 Εἰ
571 5730 639 5786 δέ
665 5748 756 5798 τις
801 5730 922 5786 τῶν
961 5733 1150 5800 ἰδίων,
1190 5735 1289 5790 καί
1325 5737 1596 5808 μάλιστα
1627 5739 1746 5796 τῶν

133 5813 381 5870 οἰκείων
402 5815 478 5871 οὐ
498 5815 763 5885 προνοεῖ,
787 5815 904 5885 τὴν
921 5818 1136 5873 πίστιν
1152 5819 1428 5891 ἤρνηται.
1447 5825 1546 5879 καί
1568 5826 1745 5882 ἐστιν

132 5897 406 5958 ἀπίστου
450 5899 690 5967 χείρων·
721 5899 815 5955 καὶ
850 5900 1032 5956 πάλινο
1068 5905 1324 5975 φεύγετε
1367 5906 1482 5976 τὴν
1522 5912 1742 5965 πλεον-

1449 455 1538 512 DE
1576 453 1758 512 ANNA
1808 452 2044 511 SERMO
2084 453 2166 510 IV.

3359 458 3472 512 6150

1864 573 2058 638 εεΙαν,
2075 570 2208 639 ἥτις
2219 567 2394 624 ἐστίν
2406 566 2888 636 εἰδωλολατρεία.
2906 565 3062 621 Ἐπεὶ
3074 559 3167 621 οῦν
3183 566 3468 639 ἀρνήσεως

1858 654 2107 710 τοσοῦτοι
2133 653 2351 719 τρόποι,
2384 651 2608 725 εὔδηλον
2639 653 2722 706 δτι
2749 651 2842 706 καὶ
2875 648 3169 722 ὁμολογίας
3190 649 3465 715 τοσοῦτοι,

1859 739 1954 793 καὶ
1979 736 2160 807 πολλῷ
2177 736 2400 800 πλείους
2413 751 2428 766 ·
2446 735 2542 800 οὓς
2565 735 2632 807 δὴ
2651 737 2863 798 πάντας
2880 734 3216 805 ὁμολογῆσαι
3235 731 3470 788 σπονδά-

1860 838 2066 892 σωμεν,
2125 821 2214 874 ἵνα
2257 819 2356 873 καὶ⁹
2403 818 2560 873 αὐτοὶ
2597 820 2699 890 τῆς
2746 819 2806 871 ἐν
2848 820 2965 882 τοῖς
3006 819 3260 890 οὐρανοῖς
3295 818 3467 890 τιμῆς

1857 904 2299 975 ἀπολαύσωμεν,
2347 904 2536 975 χάριτι
2572 902 2668 957 καὶ
2697 900 3084 975 φιλανθρωπία
3118 900 3215 954 τοῦ
3249 903 3463 973 Κυρίου

1857 990 2016 1062 ἡμῶν
2054 991 2232 1060 Ἰησοῦ
2265 989 2533 1061 Χριστοῦ,
2559 987 2628 1042 δι’
2655 980 2720 1041 οῦ
2738 1026 2754 1050 ,
2798 990 2897 1040 καὶ
2935 987 3058 1057 μεθ’
3085 977 3149 1040 οὗ
3175 985 3260 1058 τῷ
3284 986 3466 1056 Πατρὶ

1857 1075 1890 1145 ἡ
1923 1074 2072 1140 δόξα,
2102 1073 2220 1144 ἀμα
2239 1071 2319 1142 τῷ
2344 1071 2487 1142 ἀγίῳ
2513 1070 2819 1141 Πνεύματι,
2849 1067 2946 1125 νῦν
2978 1070 3073 1124 καὶ
3105 1068 3216 1136 ἀεὶ,
3258 1069 3354 1124 καὶ
3380 1070 3464 1134 εἰς

1854 1157 1982 1221 τοὺς
2014 1156 2222 1217 αἰῶνας
2244 1156 2352 1210 τῶν
2374 1154 2610 1210 αἰώνων.
2657 1154 2854 1226 ’Δμὴν.

2500 1344 2722 1399 ΛΟΓΟΣ
2747 1347 2823 1401 A'.

1853 1450 2012 1519 Πρὸς
2070 1451 2216 1517 τοὺς
2263 1449 2372 1516 τὰς
2402 1448 2696 1515 συνάξεις
2733 1449 3326 1519 καταλιμπάνω-τας,
3362 1450 3465 1505 καί

1926 1524 2013 1588 εἰς
2067 1521 2140 1575 τὰ
2165 1521 2385 1608 θέατρα
2409 1520 2876 1608 ἀναςαίςοζτας,
2909 1521 3027 1608 καὶ
3045 1519 3136 1574 ὅτι
3163 1523 3255 1600 οὐ.
3265 1521 3470 1608 μόνον

1924 1588 2346 1661 χρησιμωτέρα
2385 1589 2497 1655 τῆς
2537 1589 2607 1643 ἐν
2631 1588 2902 1657 θεάτροις
2932 1602 2959 1631 ι
2989 1588 3292 1661 διαγωγῆς·
3323 1592 3362 1658 ἠ
3392 1590 3468 1644 ἐν

1921 1661 2228 1728 ἐκκλησίᾳ
2260 1660 2552 1729 διατριϐὴ,
2579 1659 2742 1714 ἀλλὰ
2765 1660 2865 1714 καί
2890 1658 3107 1728 ἡδίων·
3142 1661 3244 1714 καί
3276 1661 3369 1726 εἷς
3398 1677 3464 1715 τε

1923 1730 2042 1799 τὴν
2078 1729 2371 1798 δευτέραν
2387 1729 2580 1798 ῥῆσιν
2598 1729 2711 1796 τῆς
2735 1729 2929 1798 εὐχῆς
2962 1729 3074 1798 τῆς
3096 1731 3337 1798 Ἅννης.
3359 1732 3460 1784 καί

1921 1803 2012 1866 είς
2055 1801 2122 1854 τὸ
2151 1799 2282 1870 δεῖν
2315 1799 2970 1870 συνεχῶςῇεῦχεσθαι,
3015 1799 3115 1854 καί
3160 1802 3233 1854 ἐν
3275 1801 3459 1855 παντί

1924 1864 2105 1937 τόπῳ,
2141 1869 2260 1924 κᾶν
2285 1888 2358 1924 εν
2382 1864 2770 1941 ἀτύρᾷήῶμεὶ,
2798 1871 2922 1924 κᾶν
2946 1871 3019 1925 ἐν
3040 1870 3179 1936 ὀδῷ,
3212 1871 3332 1925 κᾶν
3358 1871 3460 1926 ἐπὶ

1924 1942 2168 1997 κλίνης.

1924 1959 2028 1997 και
2151 1980 2168 1995 .

1917 2051 1988 2099 α’.
2015 1959 2277 2099 οῖδα
2307 2043 2485 2108 ποίοις
2515 2045 2794 2116 χρήσομαι
2831 2044 3013 2114 λόγοις
3046 2047 3312 2118 σήμερον.
3346 2045 3460 2100 Καὶ

1806 2170 1809 2173 ι
1850 2137 1958 2211 γὰρ
1980 2137 2124 2209 δρῶν
2155 2136 2256 2201 τάς
2276 2136 2529 2202 συνάξεις
2558 2136 2984 2208 ἐλαττουμένας,
3002 2139 3290 2210 προφήτας
3310 2137 3462 2211 ὑϐρι-

1849 2220 2482 2292 ζομένους,ἀποστόλους
2510 2220 2996 2294 ὑπερορωμένους,
3024 2223 3274 2295 πατέρας
3298 2238 3462 2276 κατα-

1849 2305 2276 2376 φρονουμένους,
2309 2303 2400 2358 διά
2430 2303 2542 2359 τῶν
2575 2303 2782 2359 δούλων
2802 2305 2885 2370 είς
2917 2304 3010 2360 τδν
3039 2306 3324 2377 Δεσπότην
3341 2306 3461 2360 δια-

1849 2386 2150 2460 ϐαίνουσαν
2180 2386 2282 2459 τὴν
2316 2385 2497 2458 ὕϐριν,
2540 2387 2805 2459 βούλομαι
2839 2388 2941 2460 μὲν
2974 2388 3298 2459 ἐγκαλέσαι,
3331 2391 3460 2448 τοὺς

1849 2456 1999 2543 [7501
2031 2470 2088 2526 δέ
2114 2456 2435 2540 ὀφείλοντας
2468 2456 2826 2544 ἀκοῦσαιτῆς
2841 2456 3199 2544 κατηγορίας
3227 2473 3328 2545 οὐχ
3347 2473 3462 2545 δρῶ

1851 2555 2150 2627 παρόντας,
2169 2554 2285 2609 ἀλλ’
2307 2555 2456 2627 ὑμᾶς
2470 2555 2599 2617 τοὺς
2623 2556 2778 2611 οὐδὲν
2804 2555 3102 2629 δεομένους
3133 2557 3235 2628 τῆς
3253 2571 3459 2630 παραι-

1847 2639 1905 2693 νέ
1913 2656 2050 2703 σεως
2066 2637 2276 2710 ταύτης
2293 2639 2505 2712 καὶτῆς
2521 2640 2830 2706 νουθεσίας.
2845 2641 2997 2715 Πλὴν
3013 2641 3130 2697 ἀλλ’
3142 2640 3264 2697 οὐδὲ
3285 2639 3461 2704 οὕτως

1850 2722 2108 2793 σιγητέον
2149 2725 2314 2797 ἡμῖν·
2354 2742 2455 2796 την
2482 2742 2542 2779 τε
2581 2723 2691 2797 7&9
2719 2725 2918 2799 ὀδύνην
2962 2727 3064 2798 τὴν
3100 2726 3191 2781 ἐπ’
3223 2725 3460 2789 ἐκείνοις

1845 2805 2174 2861 διαπνεῦσαι
2222 2807 2420 2880 μικρὸν
2451 2809 2954 2882 παρασκευάσομεν
2981 2811 3064 2874 εἰς
3092 2809 3162 2864 τά
3209 2808 3338 2876 ἐξω,
3368 2807 3460 2863 διά

1845 2890 1956 2942 τῶν
1986 2889 2252 2962 ῥημάτων
2274 2891 2633 2958 ἐκϐάλλοντες
2661 2892 2854 2967 αὐτὴν,
2888 2891 3087 2957 αὐτούς
3126 2909 3184 2946 τε
3211 2891 3459 2954 ἐκείνους

1845 2971 2199 3043 αἰσχύνεσθαι
2220 2975 2315 3027 καὶ
2335 2975 2596 3047 ἐρυθριᾷν
2613 2977 2933 3049 ποιήσομεν,
2959 2975 3248 3040 τοσούτους
3271 2975 3461 3036 αὐτοῖς

1845 3055 2151 3125 ἐπαφέντες
2166 3055 2531 3128 κατηγόρους,
2544 3060 2671 3123 τοὺς
2690 3058 2989 3124 ἀκούοντας
3011 3060 3262 3122 ἃπαντας
3286 3059 3456 3130 ὑμᾶς.

1846 3139 1909 3192 Εἰ
1942 3137 2042 3210 μὲν
2062 3137 2439 3210 γὰρ’ἐνταῦθα
2474 3143 2861 3213 παρεγένοντο,
2892 3143 3053 3215 ἡμῶν
3090 3141 3253 3214 μόνον
3282 3144 3459 3196 ἐπιτι-

1849 3221 2077 3292 μώντων
2096 3221 2340 3292 ἡκουσαν
2372 3221 2438 3276 ἀν
2454 3239 2468 3252 ·
2493 3222 2591 3278 νῦν
2615 3223 2674 3276 δέ
2698 3224 2994 3295 φεύγοντες
3017 3225 3117 3296 τὴν
3145 3228 3278 3297 παρ’
3294 3223 3459 3297 ἡμῶν

1845 3306 2190 3376 ἐπιτίμησιν,
2246 3307 2379 3377 παρ’
2433 3306 2590 3377 ὑμῶν
2642 3307 2815 3362 ταῦτα
2871 3309 3199 3363 ἀκούσονται
3255 3309 3456 3364 πάντα.

1845 3385 2004 3442 Οὕτω
2031 3377 2291 3457 καῖᾧῖλοι
2316 3388 2565 3443 ποιοῦσιν
2581 3406 2593 3418 ·
2621 3390 2841 3447 ἐπειδὰν
2861 3392 2990 3458 τοὺς
3018 3391 3358 3457 ὑπευθύνους
3384 3393 3460 3464 μὴ

1843 3470 2072 3543 εὕρωσι,
2124 3474 2240 3536 τοῖς
2297 3472 2526 3527 ἐκείνων
2577 3474 2974 3546 ἐντυγχάνουσι
3037 3475 3212 3546 φίλοις
3243 3516 3258 3538 ,
3312 3475 3460 3530 ὥστε

1844 3552 2183 3618 ἀπελθόντας
2234 3555 2412 3609 εἰπεῖν
2457 3555 2527 3609 τά
2559 3557 2852 3629 εἰρημένα.
2897 3558 3071 3613 Τούτο
3108 3559 3205 3614 καὶ
3250 3562 3281 3614 6
3323 3560 3460 3624 Θεδς

1845 3637 2106 3708 ἐποίησε⁶
2137 3638 2271 3701 τοὺς
2301 3637 2412 3709 7&9
2441 3638 2522 3703 εἰς
2546 3639 2712 3694 αὐτὸν
2741 3642 3140 3713 ἡμαρτηκότας
3177 3643 3462 3714 ἀφεὶς,τῷ

1848 3719 2016 3799 μηδὲν
2043 3720 2331 3792 ἠδικηκότι
2364 3723 2791 3794 κατεντυγχάνει
2819 3723 2900 3796 τῷ
2944 3723 3209 3799 Ἱερεμίᾳ,
3243 3725 3421 3796 λέγων
3440 3743 3456 3759 ο

1839 3798 2013 3870 Εἶδες
2046 3804 2102 3858 τί
2127 3803 2386 3871 ἐποίησέ
2398 3822 2503 3874 μοι
2524 3805 2565 3874 ἠ
2592 3805 2897 3875 ἀσύνετος
2920 3798 3190 3879 θυγάτηρ
3219 3809 3458 3876 Ἰούδα;

1845 3885 2039 3970 Διά-δὴ
2067 3885 2229 3970 τρῦτο
2257 3888 2354 3941 καὶ
2378 3889 2544 3958 ἡμεῖς
2576 3889 2708 3960 ὑμῖν
2747 3891 3296 3966 ὑπερεντυγχάνομεν
3335 3896 3460 3949 κατ’

1845 3968 2104 4034 ἐκείνων,
2140 3971 2227 4024 ἴνα
2251 3970 2584 4036 ἀπελθόντες
2610 3971 2949 4046 διορθώσητε
2970 3975 3191 4041 αὐτούς.
3222 3977 3319 4043 Τίς
3350 3977 3459 4051 7&9

1845 4051 1914 4106 ἀν
1958 4053 2159 4126 ἐνέγκῃ
2188 4054 2291 4126 τήν
2334 4053 2638 4125 ὀλιγωρίαν
2665 4055 2765 4128 τὴν
2795 4059 3113 4131 τοσαύτην;
3145 4059 3339 4132 Ἂπαξ
3359 4062 3460 4132 τῆς

1846 4135 2143 4207 ἑϐδομάδος
2198 4136 2435 4192 ἐνταῦθα
2490 4137 2870 4211 συλλεγόμεθα
2889 4182 2907 4208 ,
2952 4143 3050 4197 καὶ
3093 4143 3216 4198 οὺδέ
3250 4147 3461 4214 ταύτην

1845 4217 2132 4289 ἀνέχονται
2147 4219 2246 4292 τὴν
2274 4219 2492 4294 ἡμέραν
2517 4221 2628 4275 τῶν
2650 4221 2922 4292 βιωτικῶν
2939 4226 3222 4299 ὑπερορᾷν
3240 4228 3462 4300 φροντί-

1844 4301 1950 4356 δων
1975 4301 2126 4385 ’κάν
2154 4303 2363 4376 ἐγκαλῇ
2414 4321 2523 4372 τις,
2576 4305 2783 4371 εὐθέως
2811 4308 3006 4363 πενίαν
3039 4311 3460 4385 προϐάλλονται,

1846 4387 1943 4437 καὶ
1969 4384 2070 4458 τὴν
2092 4385 2401 4455 ἀναγκαίαν
2435 4389 2665 4460 τροφήν,
2698 4391 2795 4448 καὶ
2814 4390 3074 4464 ἀσχολίας
3088 4384 3461 4466 κατεπειγού-

1848 4483 1969 4557 σας,
2022 4467 2731 4557 ἀπολογίαν-,κατηγορίαςΔ
2772 4473 2996 4547 ἀπάσης
3060 4477 3462 4557 χαλεπωτέραν

1850 4549 2271 4622 μελετήσαντες.
2310 4553 2376 4607 Τί
2406 4555 2516 4632 7&9
2546 4554 2614 4610 ἀν
2633 4554 2840 4629 ταύτης
2866 4558 2966 4627 τῆς
3000 4560 3339 4632 κατηγορίας
3357 4549 3462 4630 γέρ-

1847 4634 1978 4688 νοιτ’
2013 4634 2082 4689 ἀν
2104 4638 2308 4707 χεῖρον,
2328 4637 2445 4692 ἀλλ’
2473 4637 2658 4710 ἡδταν
2679 4638 2790 4693 τῶν
2815 4639 2912 4693 τοῦ
2941 4641 3080 4697 Θεοῦ
3116 4645 3461 4716 πραγμάτων

1846 4715 2034 4790 ἕτερον
2065 4719 2495 4792 ἀναγκαιότερον
2529 4721 2660 4792 ὑμῖν
2692 4739 2746 4776 τι
2773 4723 3036 4795 φαίνηται
3065 4727 3161 4780 καὶ
3198 4715 3456 4783 κατεπεῖ-

1845 4815 1944 4868 γον
1972 4801 2175 4869 μάλλον
2196 4819 2211 4869 ;
2234 4803 2491 4859 Μάλιστα
2524 4805 2624 4876 μέν
2650 4800 2748 4862 οῦν
2774 4808 2825 4860 εί
2841 4807 2938 4861 καὶ
2958 4807 3118 4864 τοῦτο
3136 4804 3206 4883 ῆν
3228 4810 3456 4884 ἀληθὲς,

1846 4885 2157 4957 κατηγορία
2197 4888 2230 4959 ἡ
2264 4887 2533 4958 ἀπολογία
2573 4885 2663 4962 ἦν,
2704 4889 2900 4963 ὥσπερ
2924 4890 3084 4964 ἔφην.
3112 4892 3234 4953 Ἵνα
3259 4894 3318 4954 δὲ
3353 4895 3458 4965 μάο

1846 4968 2002 5037 θητε,
2017 4969 2104 5023 ὅτι
2119 4969 2404 5028 καὶταῦτα
2419 4972 2623 5044 σκῆψις
2647 4973 2745 5030 καὶ
2764 4975 3037 5048 πρόφασις
3057 4977 3156 5030 καὶ
3176 4977 3460 5049 ῥᾳθυμίας

1845 5051 1965 5105 ἐστὶ
2017 5053 2526 5126 παραπετάσματα,
2558 5057 2714 5117 οὐδὲν
2758 5057 2897 5130 ἐμοῦ
2939 5058 3216 5129 λέγοντος,
3253 5061 3288 5132 ἡ
3318 5061 3459 5132 μετά

1844 5133 1946 5207 τὴν
1977 5133 2170 5208 αὔριον
2213 5137 2415 5203 αὐτοὺς
2455 5139 2668 5210 ἐλέγξει
2716 5141 2928 5206 πάντας
2971 5142 3161 5219 ἡμέρα
3207 5145 3338 5214 τοὺς
3385 5145 3460 5201 τά

1831 5219 2076 5274 ’τοιαῦτα
2117 5221 2647 5295 προφασιζομένους,
2676 5224 2805 5280 ὅταν
2833 5228 2985 5285 πᾶσα
3054 5229 3088 5301 ἡ
3133 5227 3289 5295 πόλις
3318 5229 3458 5301 πρὸς

1845 5304 1939 5359 τὸν
1994 5306 2331 5378 ίππόδρομον
2362 5312 2630 5383 μεταστῇ,
2664 5311 2761 5365 καὶ
2792 5312 2992 5380 οἰκίαι,
3022 5313 3119 5366 καὶ
3148 5315 3350 5386 ἀγοραὶ
3374 5317 3459 5380 εἰς

1845 5388 1946 5461 τὴν
1996 5393 2316 5464 παράνομον
2373 5393 2611 5466 θεωρίαν
2661 5396 2978 5452 ηνωθῶσιν
3037 5397 3279 5471 ἐκείνην.
3343 5399 3457 5453 Καὶ

1846 5473 2084 5529 ἐνταῦθα
2114 5475 2217 5547 μὲν
2268 5477 2392 5532 οὐδὲ
2449 5478 2542 5534 τὸν
2583 5478 2776 5551 κύριον
2819 5479 2923 5551 τῆς
2955 5481 3257 5554 ἐκκλησίας
3287 5481 3456 5537 τόπον

1845 5554 2227 5629 πληρούμενον
2259 5559 2410 5614 ἐστιν
2442 5562 2574 5616 ἰδεῖν
2601 5577 2616 5591 '
2642 5563 2761 5617 ἐκεῖ
2791 5563 2847 5618 δέ
2877 5564 2940 5618 ού
2967 5564 3062 5618 τὸν
3111 5563 3457 5637 ἱππόδρομον

1849 5639 2033 5711 μόνον,
2082 5641 2222 5697 ἀλλά
2254 5644 2350 5698 καὶ
2387 5643 2641 5716 ὑπερῷα,
2693 5647 2790 5702 καὶ
2837 5647 3042 5713 οἰκίας,
3077 5649 3175 5704 καὶ
3198 5646 3453 5719 δώματα,

1845 5724 1940 5778 καὶ
1968 5726 2270 5797 κρημνοὺς,
2300 5727 2396 5781 καὶ
2419 5727 2647 5800 μυρίους
2666 5729 2891 5803 ἐτέρους
2925 5730 3136 5788 ἀνωθεν
3166 5731 3456 5811 καταλαμη

1917 5915 1942 5946 ⁸
1965 5915 2091 5982 Reg.
2115 5918 2181 5975 είς
2197 5917 2388 5983 θέατρα.
