4066 6426
249 554 363 597 non
384 540 585 613 pedum
613 537 914 600 infirmitas,
939 551 1044 591 non
1071 533 1213 589 aliud
1236 532 1524 604 quidquam
1551 530 1653 584 tale
1676 542 1854 583 remeo

249 644 407 690 ratur
442 634 736 697 insaniam,
768 630 913 686 nulla
946 627 1238 685 retinacula
1266 641 1373 680 non
1398 624 1850 692 abrumpentem:

251 722 351 780 sed
377 722 630 779 homines
654 722 808 777 senio
832 719 1063 776 confecti
1088 759 1104 787 ,
1132 715 1423 787 juvenibus
1464 729 1528 769 ac
1555 712 1856 783 vigentibus

252 813 465 869 avidius
486 813 613 869 illuc
628 820 978 877 concurrunt,
995 810 1247 865 canitiem
1268 820 1420 862 suam
1436 804 1851 861 dedecorautes:

250 913 468 962 a'tatem
508 913 818 977 provectam
850 902 1193 959 traducentes
1212 942 1227 965 ,
1258 908 1314 955 et
1348 905 1680 955 senectutem
1713 911 1855 966 pra:-

251 996 447 1055 beutes
475 996 847 1055 deridendam.
889 997 957 1053 Et
995 996 1099 1050 huc
1124 993 1339 1065 quidem
1376 992 1689 1057 venientes,
1729 1005 1853 1047 cum

252 1088 471 1146 fastidio
498 1106 564 1146 ac
605 1090 851 1146 molestia
881 1102 1164 1144 sermones
1192 1086 1405 1143 divinos
1430 1087 1447 1119 ⁸
1477 1085 1721 1151 audiunt,
1752 1099 1853 1141 an-

250 1178 459 1251 gustias
476 1221 493 1246 ,
521 1189 713 1237 :estmn
730 1220 745 1245 ,
776 1188 833 1235 et
856 1178 1264 1237 sulfocationem
1304 1177 1604 1246 similiaque
1628 1192 1856 1233 causan-

244 1280 341 1328 tes
358 1289 383 1329 :
408 1281 464 1330 at
505 1272 616 1329 illic
638 1272 766 1328 dum
794 1280 851 1329 et
886 1272 1057 1328 solem
1094 1270 1240 1327 nudo
1258 1269 1438 1339 capite
1463 1269 1763 1341 excipiunt,
1800 1277 1858 1325 et

248 1362 659 1434 proculcantur,
676 1361 1092 1434 protruduntur,
1114 1376 1303 1432 magna
1326 1360 1377 1415 vi
1400 1360 1853 1431 comprimuntur,

251 1460 314 1510 et
336 1451 537 1509 inﬁnita
559 1452 661 1509 alia
690 1451 961 1524 patiuntur
982 1451 1339 1516 incommoda,
1369 1466 1476 1507 non
1504 1467 1661 1509 secus
1688 1467 1850 1523 quam

252 1543 313 1598 in
342 1557 558 1601 ammno
600 1554 756 1613 prato
776 1541 1029 1602 deliciari
1063 1543 1164 1598 sibi
1212 1541 1481 1598 videntur.
1529 1542 1656 1599 ldco
1700 1542 1856 1599 nobis

251 1634 503 1691 civitates
517 1643 793 1704 corrupta:
820 1642 984 1699 sunt,
1013 1634 1138 1704 quis
1181 1634 1412 1705 improbi
1438 1633 1735 1705 iuventutis
1760 1635 1855 1691 do-

252 1736 457 1784 ctores.
486 1727 607 1794 Quo
629 1727 773 1783 enim
802 1734 960 1797 pacto
985 1726 1190 1797 poteris
1215 1726 1633 1793 adolescentem,
1660 1727 1858 1784 lascive

253 1834 324 1875 ac
349 1828 544 1889 praeter
564 1818 819 1875 decorum
852 1832 914 1874 se
948 1825 1245 1889 gerentem,
1274 1817 1340 1874 ad
1366 1817 1689 1874 modestiam
1732 1825 1859 1881 red-

252 1910 438 1981 igere,
483 1924 606 1966 eum
646 1911 760 1980 ipse
797 1910 850 1964 in
872 1909 1067 1965 canitie
1095 1916 1205 1965 tam
1245 1908 1552 1977 juveniliter
1581 1918 1633 1966 te
1657 1924 1853 1981 geras;

250 2014 381 2057 cum
407 2000 523 2071 ipse
551 2010 675 2071 post
718 2008 799 2056 tot
829 2011 1132 2071 temporum
1173 2000 1440 2057 curricula
1485 1999 1735 2056 satietate
1769 2000 1857 2054 in-

246 2090 557 2147 suavissimi
599 2091 741 2146 illius
779 2091 1067 2161 spectaculi
1113 2090 1352 2146 nondum
1399 2092 1674 2161 capiaris?
1717 2106 1857 2161 quo-

253 2184 420 2241 tnodo
465 2186 666 2254 poteris
698 2184 790 2239 lilii
821 2199 1000 2240 mores
1027 2200 1375 2255 componere,
1422 2185 1696 2254 quomodo
1738 2200 1853 2239 sero

252 2290 380 2331 vum
423 2285 732 2345 peccantem
777 2276 1060 2346 castigare,
1106 2276 1377 2346 quomodo
1419 2275 1647 2329 alterum
1691 2273 1860 2345 negli-

254 2376 470 2435 gentem
490 2381 757 2432 mouere,
783 2382 904 2421 cum
936 2366 1051 2436 ipse
1093 2367 1173 2421 sic
1212 2368 1264 2421 in
1296 2375 1536 2436 extrema
1576 2374 1858 2423 senectute

248 2456 531 2527 ineptias?
578 2458 642 2513 Et
669 2457 715 2513 si
743 2457 963 2528 quidem
992 2472 1021 2510 a
1045 2456 1244 2528 juvene
1269 2472 1433 2512 senex
1475 2457 1855 2513 contumeliam

252 2548 507 2619 patiatur,
539 2547 685 2604 illico
712 2555 926 2603 atatem
952 2548 1000 2603 ei
1037 2548 1242 2619 objicit,
1270 2558 1325 2604 et
1349 2559 1635 2604 sexcentos
1658 2548 1858 2618 reperit

244 2639 345 2711 qui
373 2653 477 2693 una
500 2638 945 2694 stomacbeutur:
976 2648 1031 2694 at
1056 2640 1272 2711 quando
1315 2654 1452 2710 opus
1480 2649 1563 2695 est
1597 2639 1855 2711 juvenem

254 2730 324 2786 ad
350 2730 670 2800 probitatem
697 2731 987 2799 reducere,
1015 2746 1181 2803 seque
1206 2731 1285 2788 illi
1310 2732 1523 2789 virtutis
1560 2747 1659 2791 ceu
1700 2748 1859 2806 regu-

250 2822 361 2878 lam
401 2821 699 2888 exhibere,
745 2828 857 2877 tum
904 2823 1044 2877 nulla
1085 2823 1260 2879 aetatis
1298 2823 1475 2890 ratio,
1516 2824 1610 2880 sed
1650 2827 1857 2895 majone

253 2928 415 2983 quam
441 2913 542 2983 ipsi
569 2913 774 2977 insania
798 2913 864 2969 ad
908 2914 1087 2969 illicita
1128 2914 1220 2969 illa
1247 2917 1548 2985 spectacula
1588 2915 1851 2971 feruntur.

254 3003 383 3061 lites
410 3013 589 3060 autem
613 3004 756 3069 dico,
786 3020 1056 3075 senesque
1082 3015 1263 3078 tango,
1294 3021 1401 3062 non
1432 3007 1579 3079 quod
1612 3008 1855 3078 juniores

252 3109 283 3149 a
323 3108 464 3150 noxa
504 3092 778 3149 absolvam
819 3104 872 3151 et
908 3096 1178 3156 crimine.
1221 3097 1317 3152 sed
1361 3107 1417 3153 ut
1457 3098 1557 3153 hos
1599 3113 1697 3169 per
1734 3100 1854 3156 illos

252 3184 614 3240 commonitos
655 3183 900 3240 habeam.
941 3184 1075 3241 Nam
1115 3186 1161 3242 si
1201 3201 1360 3244 senes
1400 3188 1500 3244 hoc
1540 3189 1719 3246 facere
1744 3205 1852 3247 non

241 3274 473 3341 debent,
502 3274 672 3329 multo
705 3276 875 3346 magis
915 3292 984 3332 ne
1016 3277 1247 3347 juvenes
1285 3278 1524 3349 quidem.
1554 3282 1669 3337 lllie
1706 3282 1851 3338 enim

251 3365 426 3435 major
451 3364 654 3420 derisio
678 3380 744 3421 ac
780 3366 1093 3436 turpitudo;
1138 3369 1224 3424 hic
1257 3380 1435 3426 autem
1465 3380 1615 3427 tanto
1638 3373 1854 3444 gravior

248 3457 543 3529 pernicies,
570 3457 991 3530 profundiusque
1022 3462 1396 3531 praecipitium,
1425 3476 1626 3534 quanto
1654 3481 1852 3522 concu-

250 3549 529 3620 piscentia:
560 3550 732 3618 major
758 3551 840 3604 vis
864 3550 917 3606 iu
951 3551 1270 3621 juvenibus,
1302 3565 1611 3626 quantoque
1636 3557 1849 3613 llamma

251 3642 394 3697 inest
420 3641 813 3709 vehementior,
841 3658 962 3711 qua:
1005 3644 1242 3700 incendit
1266 3647 1469 3714 omnia,
1499 3649 1545 3703 si
1576 3649 1659 3705 vel
1691 3650 1850 3705 mini-

243 3748 398 3786 mum
426 3732 495 3786 sit
527 3740 680 3789 nacta
709 3731 970 3790 fomitem.
1014 3735 1315 3792 Proclivior
1347 3740 1497 3794 enim
1538 3738 1605 3795 ad
1644 3756 1845 3797 concu-

240 3824 540 3896 piscentias
566 3836 649 3882 est
678 3827 954 3897 juventus,
978 3829 1163 3901 eisque
1185 3831 1342 3903 longe
1370 3831 1581 3889 facilius
1602 3834 1842 3903 capitur;

247 3916 369 3972 ideo
394 3917 599 3988 majore
626 3934 760 3991 opus
807 3919 965 3976 habet
1003 3923 1265 3991 custodia,
1310 3925 1520 3982 acriore
1554 3925 1729 3992 freno,
1759 3937 1845 3981 tu-

247 4008 386 4064 tiore
411 4008 708 4067 munitione
735 4020 895 4083 atque
922 4013 1222 4071 obstaculo.

314 4100 369 4156 2.
417 4099 782 4158 Detrimentum
824 4106 965 4173 quod
1007 4123 1034 4161 e
1075 4110 1377 4179 spectaculis
1420 4112 1583 4167 oritur
1629 4114 1845 4169 multum

243 4195 435 4250 excedit
477 4197 787 4268 voluptatem
840 4200 960 4254 inde
999 4212 1277 4274 acceptam.
1328 4204 1496 4272 Quam
1539 4208 1735 4262 diuersa
1778 4210 1844 4263 sit

236 4286 447 4341 uirtutis
477 4296 524 4342 et
546 4288 654 4342 vitii
675 4289 926 4359 uoluptas.
948 4321 1020 4332 —
1045 4292 1154 4349 Nec
1185 4295 1314 4349 mihi
1357 4296 1483 4352 illttd
1522 4298 1766 4367 objicias,
1808 4316 1843 4356 0

244 4379 404 4446 bone,
441 4378 582 4452 quod
608 4381 934 4451 voluptatem
965 4384 1157 4441 habeat
1185 4386 1285 4442 hoc
1313 4390 1676 4458 spectaculum
1702 4406 1717 4457 ;
1746 4392 1841 4448 sed

246 4467 349 4524 hoc
390 4472 562 4538 potius
596 4471 751 4539 doce,
792 4488 861 4527 an
898 4474 1103 4529 nullum
1146 4475 1261 4530 haec
1297 4480 1543 4549 voluptas
1585 4482 1840 4538 damnum

239 4559 447 4615 afferat.
496 4560 647 4629 Quod
688 4562 831 4619 enim
874 4580 940 4620 ne
986 4581 1108 4621 cum
1148 4568 1420 4638 voluptate
1462 4571 1677 4641 quidem
1727 4574 1842 4630 Itagc

239 4663 330 4703 res
367 4650 648 4719 conjuncta
678 4653 766 4717 sit,
813 4653 936 4709 hinc
963 4656 1054 4710 tibi
1099 4661 1436 4727 perspicuum
1476 4678 1596 4717 esse
1634 4675 1835 4732 potest.

228 4741 373 4797 Cum
403 4759 431 4796 a
459 4743 789 4800 circensibus
831 4750 1115 4804 reverteris
1134 4792 1149 4815 ,
1178 4767 1398 4811 occurre
1428 4756 1505 4809 eis
1534 4757 1623 4825 qui
1650 4756 1718 4811 ab
1742 4773 1837 4813 ec-

229 4834 400 4889 clesia
428 4835 673 4901 redeunt,
709 4846 762 4891 et
798 4840 1077 4895 Considera
1119 4842 1437 4913 diligenter,
1475 4858 1593 4902 uter
1620 4848 1835 4903 tandem

235 4924 441 4993 majore
476 4928 747 4996 voluptate
790 4930 1093 4999 perfruatur
1120 4953 1130 4984 :
1162 4934 1277 4989 isne
1303 4937 1392 5006 qui
1434 4938 1710 5007 prophetis
1740 4957 1836 4995 au-

234 5017 383 5085 tlitis,
427 5027 479 5072 et
511 5020 884 5077 benedictione
909 5064 927 5092 ι
967 5040 1027 5077 ac
1067 5025 1325 5081 doctrinm
1353 5029 1527 5085 fructu
1557 5043 1832 5103 percepto,

232 5110 501 5179 simulque
528 5112 696 5166 Deum
726 5128 821 5180 pro
845 5116 956 5169 suis
981 5119 1213 5185 peccatis
1251 5119 1589 5187 deprecatus,
1630 5134 1681 5179 et
1705 5140 1835 5180 cou-

231 5206 455 5260 scientia
486 5206 815 5275 aliquantum
845 5220 1138 5264 e..onerata
1164 5252 1176 5274 ,
1227 5227 1327 5266 nec
1352 5214 1505 5283 Culpa
1538 5216 1643 5269 ulla
1671 5218 1832 5272 simili

232 5296 335 5349 sibi
359 5296 607 5352 conscius
632 5313 735 5351 :au
762 5308 817 5353 tu
839 5300 929 5369 qui
958 5312 1181 5357 matrem
1205 5303 1512 5372 deseruisti,
1539 5310 1832 5378 prophetas

229 5387 627 5457 contempsisti,
656 5389 820 5445 Deum
852 5391 1072 5446 effecisti
1100 5397 1447 5461 contumelia,
1471 5414 1591 5453 cum
1617 5401 1831 5458 diabolo

229 5477 459 5532 choreas
499 5480 732 5545 duxisti,
777 5466 1223 5557 tnaledicentibus
1268 5488 1405 5542 inter
1444 5504 1503 5544 se
1548 5506 1610 5546 ac
1648 5495 1830 5548 eonvi-

227 5567 495 5623 eiautibus
519 5585 677 5625 aures
705 5574 1002 5640 prmbuisu,
1030 5578 1287 5646 temporis
1312 5578 1543 5650 denique
1566 5582 1825 5652 jacturam

222 5659 443 5727 .feeizti;
490 5679 586 5718 nec
632 5667 906 5735 Spirituale
956 5672 1035 5724 vel
1082 5672 1338 5728 sarculare
1395 5677 1559 5732 ullum
1621 5680 1826 5736 lucrum

286 5842 309 5873 ⁸
437 5842 569 5893 Colit.
598 5856 752 5908 unus;
780 5846 942 5898 Morel.
971 5858 1151 5909 autent,
1179 5848 1366 5904 divinas
1390 5854 1681 5916 Scripturus.

1515 415 1606 472 DE
1647 412 1833 470 ΑΝΝΑ
1868 407 2110 469 εεῐιιω
2148 407 2239 466 Ν.

1966 527 2091 584 inde
2141 527 2358 584 domum
2397 528 2663 600 reportes.
2719 530 2905 603 Itaque
2943 532 3031 588 vel
3068 529 3360 603 voluptatis
3400 534 3571 603 gratia

1964 620 2053 675 hic
2075 621 2267 676 adesse
2291 629 2527 690 oportet.
2562 618 2675 677 Illic
2714 621 2860 677 enim
2907 621 3166 678 continuo
3204 621 3449 694 sequitur
3478 624 3575 680 da-

1963 713 2167 767 mnatio
2189 711 2334 777 facti,
2365 713 2696 769 conscientia
2718 715 3045 781 accusatrix,
3077 715 3391 784 panitentia
3412 714 3486 771 ob
3506 731 3570 773 ea

1964 822 2085 878 quze
2110 808 2472 878 contigerunt,
2508 806 2743 863 dedecus
2762 816 2819 865 et
2841 807 3214 879 opprobrium,
3251 818 3310 866 ut
3330 809 3415 866 vix
3441 824 3574 867 ocu-

1964 904 2047 959 los
2070 904 2318 960 attollere
2359 905 2564 961 audeas
2591 922 2606 960 :
2647 904 2739 960 hic
2767 904 2884 961 vice
2909 919 3065 960 versa
3090 905 3270 959 omnia
3298 906 3574 961 contrario

1964 996 2127 1052 modo
2164 1011 2225 1052 se
2258 997 2478 1062 habent,
2506 996 2698 1053 fiducia
2721 1005 2777 1054 et
2803 998 2915 1054 oris
2941 997 3186 1064 libertas,
3226 1006 3282 1054 et
3307 1012 3433 1055 cum
3455 1014 3576 1054 om-

1964 1089 2124 1145 nibus
2151 1089 2398 1161 loquendi
2441 1090 2666 1146 facultas
2704 1088 2776 1146 de
2810 1089 3063 1147 omnibus
3099 1104 3223 1162 quae
3260 1088 3351 1146 hic
3389 1088 3575 1154 audita

1965 1188 2110 1235 sunt.
2140 1180 2366 1249 Quando
2397 1181 2559 1252 igitur
2583 1182 2637 1236 in
2663 1181 2838 1236 forum
2866 1191 2918 1238 te
2945 1181 3261 1246 contuleris,
3287 1188 3345 1238 et
3368 1179 3575 1238 videris

1965 1281 2156 1327 omnes
2168 1271 2243 1327 ad
2267 1271 2620 1342 spectandum
2650 1286 2997 1340 concurrere,
3025 1280 3082 1327 tu
3105 1271 3174 1327 ad
3207 1270 3492 1329 ecclesiam
3517 1280 3575 1327 te

1965 1365 2251 1421 confestim
2286 1366 2535 1438 recipito,
2580 1374 2638 1424 et
2678 1368 2732 1422 in
2772 1380 2837 1423 ea
2877 1364 3150 1436 paulisper
3180 1374 3572 1434 commoratus,

1966 1464 2223 1529 perpetua
2251 1457 2416 1515 divini
2440 1457 2585 1514 verbi
2612 1456 2889 1528 voluptate
2913 1454 3114 1512 tmere.
3143 1454 3202 1511 Si
3225 1454 3371 1516 enim
3391 1452 3574 1511 turbs:

1966 1553 2171 1624 impetu
2219 1552 2526 1609 abstractus
2568 1552 2699 1607 illuc
2743 1549 3057 1623 perveneris
3100 1546 3252 1606 brevi
3300 1546 3577 1618 voluptate

1965 1646 2222 1703 delinitus
2245 1686 2261 1712 ,
2306 1644 2449 1701 male
2480 1642 2703 1700 habebis
2746 1657 2844 1713 per
2888 1650 3054 1697 totam
3082 1647 3400 1711 sequentem
3425 1637 3573 1694 diem

1965 1747 2130 1810 atque
2154 1738 2320 1793 etiam
2344 1736 2528 1807 plures
2547 1736 2825 1806 deinceps,
2855 1743 3004 1791 tuum
3038 1733 3207 1805 ipsius
3242 1733 3443 1795 factum
3468 1729 3573 1786 da-

1968 1844 2200 1886 mnans:
2230 1828 2375 1899 quod
2400 1827 2446 1885 si
2478 1827 2750 1899 paulisper
2789 1834 2842 1881 te
2866 1824 3197 1890 cobibueris,
3227 1823 3490 1894 integram
3517 1830 3576 1877 et

1965 1937 2209 1981 securam
2261 1922 2318 1978 in
2365 1920 2629 1991 reliquum
2685 1918 2796 1975 diei
2843 1919 3172 1988 voluptatem
3221 1914 3465 1971 habebis.
3514 1913 3574 1970 ιιι

1965 2017 2110 2072 enim
2139 2030 2246 2070 non
2271 2013 2360 2068 hic
2405 2021 2632 2076 tantum.
2673 2010 2768 2068 sed
2807 2010 2970 2066 etiam
3013 2012 3065 2069 in
3106 2008 3227 2063 aliis
3268 2006 3432 2062 rebus
3472 2019 3573 2060 usu

1967 2109 2153 2162 venire
2191 2106 2371 2160 solet:
2402 2103 2590 2159 vitium
2626 2102 2772 2157 enim
2812 2108 3244 2157 momentaneam
3288 2096 3451 2151 habet
3478 2111 3572 2148 vu-

1960 2200 2263 2271 luptatem,
2295 2198 2550 2254 dolorem
2592 2210 2723 2251 vero
2764 2205 3124 2267 perpetuum;
3170 2195 3342 2246 virtus
3381 2198 3570 2245 contra

1964 2292 2204 2349 laborem
2236 2290 2477 2355 brevem,
2512 2288 2744 2344 fructum
2768 2300 2899 2343 vero
2938 2299 3061 2341 eum
3101 2282 3374 2338 hilaritate
3415 2279 3573 2337 inde-

1964 2387 2249 2442 sinentem'.
2281 2383 2443 2449 Verbi
2472 2385 2681 2455 gratia,
2721 2389 2973 2453 precatus
3011 2389 3098 2436 est
3138 2378 3334 2449 aliquis
3378 2377 3571 2443 Deum,

1956 2479 2235 2551 ‘lacrymas
2272 2476 2432 2546 fudit,
2463 2476 2678 2534 modico
2717 2484 2961 2547 tempore
3001 2475 3141 2528 inter
3179 2469 3443 2528 orandum
3468 2469 3573 2531 do.-

1966 2572 2064 2628 luit
2086 2588 2101 2639 ;
2130 2571 2270 2628 alius
2292 2578 2402 2625 tota
2423 2570 2514 2626 die
2538 2584 2600 2626 se
2620 2568 2930 2631 oblectavit.
2953 2564 3149 2623 deinde
3168 2564 3570 2634 eleemosyuam

1956 2664 2134 2730 dedit,
2161 2663 2445 2734 jejunavit,
2473 2660 2619 2717 aliud
2660 2661 2860 2733 aliquid
2900 2658 3025 2716 boui
3065 2656 3214 2724 fecit,
3255 2664 3349 2711 aut
3377 2663 3571 2711 contu-

1967 2756 2184 2813 meliam
2225 2768 2416 2826 passus
2455 2768 2562 2817 non
2601 2752 2830 2825 regessit
2866 2751 3110 2811 convicia
3150 2767 3163 2802 :
3200 2749 3246 2803 is
3286 2756 3571 2818 postquam

1965 2851 2127 2906 unico
2166 2849 2425 2920 temporis
2470 2854 2747 2904 momento
2785 2844 3097 2917 perduravit
3145 2850 3202 2897 et
3241 2842 3375 2896 iram
3417 2854 3571 2894 com-

1965 2942 2183 3013 pressit.
2226 2940 2487 2996 memoria
2526 2947 2675 2995 recte
2712 2937 2976 2996 factorum
3018 2934 3236 2990 assidue
3270 2931 3471 3004 gaudet
3508 2944 3573 2985 ac

1964 3034 2196 3089 laetatur.
2228 3034 2299 3089 At
2331 3033 2384 3088 iu
2408 3030 2552 3088 vitiis
2586 3030 2918 3086 contrarium
2944 3026 3176 3084 accidit:
3202 3025 3382 3080 intulit
3418 3022 3569 3097 quis-

1965 3127 2107 3197 piam
2136 3125 2386 3195 injuriam
2420 3130 2517 3179 aut
2554 3121 2742 3179 retulit
2774 3138 2787 3175 :
2827 3118 3026 3177 deinde
3065 3118 3287 3175 domum
3318 3128 3570 3171 reversus

1961 3220 2168 3277 srrodit
2200 3233 2295 3275 cor
2316 3233 2500 3284 suum,
2522 3217 2652 3273 dum
2678 3213 2838 3272 verba
2878 3229 2974 3271 sua
2999 3219 3234 3283 reputat,
3263 3225 3383 3281 qua:
3410 3208 3570 3264 toties

1960 3329 2125 3387 grave
2164 3313 2396 3369 attulere
2432 3284 2711 3366 damnum.
2767 3308 3109 3377 Quapropter
3147 3303 3192 3359 si
3238 3302 3568 3373 voluptatem

1961 3407 2222 3473 sectaris,
2265 3404 2457 3478 Fugite
2497 3403 2752 3478 juuem’les
2802 3399 3239 3470 concupiscentias
3282 3398 3384 3469 (2.
3430 3396 3564 3453 Tim.

1958 3501 2015 3556 2.
2056 3499 2168 3573 22)
2193 3542 2208 3567 ,
2250 3508 2306 3556 et
2349 3498 2761 3571 temperantiam
2808 3505 3101 3563 exerceto,
3141 3492 3342 3550 divinis
3387 3490 3570 3548 verbis

1951 3602 2196 3650 attentus
2219 3602 2355 3649 esto.
2399 3591 2527 3648 llaec
2554 3591 2677 3647 ideo
2696 3590 2850 3646 vobis
2887 3588 3138 3653 dicimus,
3163 3596 3223 3642 ut
3244 3600 3342 3642 vos
3372 3584 3565 3642 eadem

1959 3686 2064 3742 illis
2102 3685 2354 3751 dicendo,
2396 3694 2453 3741 et
2493 3684 2688 3740 talibus
2725 3681 2906 3740 verbis
2943 3678 3312 3745 obtundendo,
3349 3678 3551 3735 abstra

1952 3777 2099 3834 ‘batis
2133 3793 2227 3834 eos
2264 3777 2335 3833 ab
2372 3777 2518 3832 omni
2558 3776 2701 3833 mala
2737 3773 3147 3840 consuetudine,
3193 3781 3361 3843 utque
3384 3772 3564 3827 omnia

1956 3871 2185 3926 rationis
2224 3870 2404 3940 potius
2441 3870 2609 3925 ductu
2636 3877 2797 3941 agant
2838 3864 3227 3939 persuadentis.
3272 3864 3563 3921 flaminum

1956 3967 2103 4020 enim
2145 3963 2236 4033 qui
2282 3972 2486 4018 temere
2525 3970 2581 4018 et
2622 3962 2742 4015 sine
2787 3960 2997 4015 ratione
3041 3956 3290 4013 feruntur
3330 3971 3400 4012 ne
3436 3955 3563 4012 dili-

1955 4059 2135 4130 gentia
2160 4055 2379 4133 quidem
2408 4054 2685 4127 probanda
2709 4063 2792 4109 est
2827 4073 2841 4109 :
2886 4052 2938 4108 id
2970 4054 3112 4123 quod
3144 4052 3227 4107 vel
3254 4068 3321 4108 ex
3351 4068 3415 4109 ea
3441 4067 3565 4123 qtue

1956 4156 2121 4210 instat
2164 4152 2390 4208 collecta
2434 4151 2565 4205 satis
2610 4147 2913 4218 apparebit.
2963 4146 3097 4202 Dum
3136 4146 3280 4203 enim
3320 4156 3561 4202 sanctam

1955 4251 2303 4308 Pentecostes
2342 4243 2710 4300 celebritatem
2766 4255 3024 4313 agemus,
3071 4249 3216 4296 tanta
3276 4252 3565 4298 concurret

1955 4342 2260 4408 multitudo,
2285 4351 2343 4397 ut
2364 4354 2556 4411 magna
2593 4339 2683 4395 hic
2720 4339 2961 4395 locorum
2983 4337 3229 4409 angustia
3260 4335 3559 4393 laboretur.

1953 4436 2063 4493 Nec
2112 4445 2291 4490 tamen
2338 4432 2480 4488 hunc
2528 4439 2853 4507 conventum
2900 4428 3081 4501 magni
3127 4428 3287 4493 facio,
3318 4428 3564 4497 quando-

1952 4528 2172 4600 quidem
2220 4526 2389 4597 magis
2439 4540 2505 4580 ex
2551 4540 2705 4581 more
2751 4523 2847 4592 fit,
2878 4539 3043 4595 quam
3088 4523 3366 4593 religionis
3407 4538 3558 4593 ergo.

1954 4619 2093 4689 Quid
2126 4619 2287 4690 igitur
2316 4618 2425 4673 illis
2451 4619 2705 4674 miserius
2728 4658 2744 4683 ,
2777 4632 3005 4687 quorum
3035 4625 3090 4671 et
3116 4616 3443 4686 negligentia
3478 4625 3558 4670 tot

1948 4712 2148 4768 referta
2198 4720 2280 4767 est
2319 4712 2671 4775 criminibus,
2716 4718 2772 4764 et
2798 4708 3075 4779 diligentia
3109 4710 3311 4763 nullam
3343 4709 3557 4765 Iaudem

1949 4803 2332 4876 promeretur?
2378 4803 2633 4873 Quisquis
2678 4801 2822 4857 enim
2866 4801 2983 4855 zelo
3039 4800 3253 4868 pietatis
3298 4798 3366 4854 ad
3417 4803 3561 4857 hunc

1948 4910 2150 4955 emtum
2189 4892 2369 4954 sobrie
2403 4897 2702 4965 cupideque
2740 4886 2971 4962 accedit,
3004 4893 3121 4951 sine
3150 4893 3553 4949 intermissione

1949 4993 2052 5049 hoc
2084 4992 2261 5047 facere
2304 4991 2485 5058 debet,
2517 5002 2572 5045 et
2602 5006 2709 5045 non
2742 5005 2865 5048 cum
2896 4988 3023 5056 illis,
3058 4989 3147 5058 qui
3195 4989 3245 5042 in
3279 4987 3416 5042 festo
3448 4996 3558 5041 tan-

1949 5097 2060 5142 tum
2094 5086 2403 5152 conﬂuunt,
2449 5084 2708 5140 accedere
2732 5124 2746 5149 ,
2776 5091 2831 5139 et
2868 5098 2990 5139 cum
3038 5082 3141 5137 illis
3172 5082 3425 5138 recedere
3448 5122 3462 5147 ,
3499 5088 3559 5136 ut

1946 5180 2035 5250 qui
2070 5190 2272 5234 temere
2306 5176 2526 5245 pecudis
2561 5177 2613 5231 in
2647 5190 2855 5231 morem
2886 5173 3201 5229 abducatur.

2017 5273 2073 5328 5.
2117 5271 2380 5342 Equidem
2417 5278 2656 5341 poteram
2690 5269 2789 5326 hoc
2818 5268 3099 5325 exordium
3141 5270 3408 5325 sermonis
3437 5269 3554 5325 diu-

1947 5365 2051 5419 tius
2091 5365 2423 5429 extendere;
2465 5378 2650 5419 verum
2681 5364 2933 5434 quoniam
2973 5364 3086 5419 seio
3132 5378 3231 5418 vos
3271 5362 3404 5418 citra
3450 5379 3553 5419 nu-

1944 5466 2109 5513 stram
2158 5458 2531 5525 munitionem,
2579 5466 2639 5511 ut
2682 5458 2833 5512 vobis
2882 5456 3099 5528 dignum
3147 5466 3224 5510 est
3274 5456 3549 5521 facientes,

1942 5552 2096 5622 plura
2125 5553 2287 5606 etiam
2317 5552 2590 5617 dicturos,
2627 5566 2785 5621 quant
2817 5552 2959 5606 dicta
2988 5562 3136 5619 sunt,
3182 5568 3250 5606 ne
3294 5551 3551 5607 molestus

1940 5643 2041 5698 sim
2070 5643 2278 5697 illorum
2302 5643 2761 5709 objurgatiouibus
2787 5644 3141 5706 immorando,
3168 5644 3369 5713 reliqua
3397 5645 3554 5700 vobis

1940 5738 2118 5790 omnia
2138 5739 2509 5803 committens,
2528 5740 2596 5795 ad
2618 5737 2829 5791 solitam
2861 5737 3162 5792 doctrinam
3195 5748 3249 5793 et
3277 5738 3340 5793 ad
3376 5738 3546 5793 histo-

1946 5831 2078 5883 riam
2110 5831 2175 5885 de
2202 5830 2351 5884 Anna
2383 5840 2643 5885 revertor.
2674 5830 2859 5901 Neque
2889 5832 3177 5898 miremini,
3204 5831 3342 5900 quod
3369 5831 3546 5888 adhuc

3424 6116 3463 6156 δι
