4066 6428
540 384 646 446 663

1262 374 1321 435 Β.
1358 371 1633 433 JOANNIS
1660 360 2133 427 οηιιγεοδτοιιι
2169 360 2488 421 ARCHIEP.
2525 363 3064 427 CONSTANTINOP.

3702 365 3804 424 σει

519 496 576 553 in
618 497 808 554 eodem
836 501 1150 568 argumento
1179 491 1494 548 hazreatuus.
1543 487 1662 543 Non
1702 485 1844 541 enim
1888 493 2107 552 possum
2298 478 2374 549 'l).
2407 478 2484 534 De
2528 479 2622 534 Dei
2666 488 2848 535 autem
2890 478 3058 549 gloria
3103 491 3210 533 non
3263 476 3360 568 sic,
3400 487 3457 531 at
3490 480 3803 548 quomodo?

523 589 802 644 mulierem
833 566 969 640 hanc
996 600 1058 638 es
1090 569 1272 639 animo
1297 596 1418 636 meo
1462 580 1721 640 eximere,
1766 589 1934 644 usque
1973 571 2110 626 adeo
2225 567 2438 625 Verbum
2455 580 2619 625 autem
2641 569 2737 625 Dei
2761 572 2814 625 iu
2832 579 3074 628 curuum
3101 578 3268 624 manet
3285 566 3440 642 (Isai.
3485 569 3580 625 ιο.
3613 570 3697 640 8).
3750 569 3803 624 id

524 683 750 736 formam
770 676 963 733 anima:
988 677 1103 746 ejus
1127 691 1191 730 ac
1216 671 1662 746 pulchritudinem
1688 666 1942 720 admiror.
1969 664 2106 718 Amo

518 773 662 828 enim
692 769 876 824 oculos
922 783 1210 838 numquam
1244 780 1349 818 non
1396 763 1534 816 inter
1575 755 1897 828 precandum
1928 754 2102 823 lacry-

524 873 754 929 mantes,
784 871 839 916 et
863 876 926 916 os
951 861 1193 930 labiaque
1222 872 1323 911 non
1352 852 1621 909 accersitis
1651 850 1783 903 fucis
1813 846 2104 909 rubricata,

520 954 616 1010 sed
643 955 831 1026 gratiis
864 954 975 1008 Deo
1002 951 1222 1022 agendis
1249 958 1432 1004 ornata
1455 989 1469 1012 ,
1501 946 1674 1016 qualia
1704 952 1855 998 erant
1883 939 2106 1011 hujusce

521 1045 765 1100 mulieris
795 1085 812 1109 ,
861 1043 1012 1112 cujus
1061 1037 1452 1110 philosOphiam
1502 1045 1777 1104 tantopere
1822 1031 2102 1086 admiror:

518 1137 762 1192 admiror
783 1145 959 1189 autem
998 1132 1205 1203 magis,
1245 1129 1386 1200 quod
1420 1129 1610 1183 mulier
1652 1141 1772 1180 cum
1816 1132 1996 1188 esset,
2037 1120 2104 1175 ad

521 1230 663 1282 hunc
689 1227 905 1283 modum
937 1223 1309 1298 philosophata
1335 1231 1454 1285 est;
1487 1220 1699 1285 mulier,
1722 1220 1960 1289 inquam,
1987 1230 2106 1286 quae

519 1319 743 1373 multum
789 1325 844 1373 et
889 1332 919 1370 a
964 1316 1144 1371 multis
1187 1315 1325 1369 male
1363 1312 1531 1368 audit.
1564 1313 1604 1365 A
1631 1309 1870 1375 muliere,
1914 1306 2102 1376 inquit,

517 1410 720 1464 initium
765 1408 956 1478 peccati
977 1447 992 1470 .
1025 1424 1114 1479 per
1152 1424 1266 1461 eam
1306 1422 1475 1463 omnes
1513 1405 1663 1458 morti
1692 1401 1894 1456 obnoxii
1929 1414 2105 1454 suetus

524 1500 710 1571 (Eccli.
735 1501 827 1557 25.
854 1500 946 1572 53)
975 1519 990 1556 :
1017 1510 1067 1555 et
1100 1502 1286 1555 iterum
1312 1517 1326 1552 :
1354 1498 1520 1553 Pam
1542 1507 1613 1551 est
1637 1494 1865 1566 qualibet
1888 1493 2104 1558 tmlitia,

517 1592 565 1645 si
593 1591 661 1644 ad
690 1591 912 1644 mulieris
939 1589 1183 1643 malitiam
1222 1592 1513 1660 conferatur
1551 1586 1728 1659 (Ibid.
1757 1602 1805 1640 υ.
1861 1583 1933 1639 36
1953 1583 1998 1655 ).
2037 1581 2106 1636 Et

520 1683 716 1738 Paulus
741 1682 888 1746 dicit,
919 1682 1084 1735 Adam
1112 1682 1244 1736 enim
1273 1698 1373 1736 non
1399 1691 1470 1735 est
1497 1681 1754 1751 deceptus.
1796 1678 1978 1732 mulier
2004 1693 2103 1729 au-

521 1783 621 1827 tem
647 1772 856 1839 decepta
894 1773 1164 1826 constituta
1204 1779 1277 1825 est
1313 1772 1365 1825 in
1410 1770 1822 1840 praevaricatione
1849 1767 1942 1840 (l.
1968 1766 2101 1820 Tim.

518 1863 574 1917 2.
605 1864 718 1934 Η).
747 1862 860 1920 Hoc
878 1872 961 1919 est
981 1878 1076 1940 cur
1101 1863 1246 1918 illam
1271 1861 1502 1917 maxime
1521 1861 1774 1925 admirer,
1800 1858 1939 1929 quod
1967 1858 2105 1912 hanc

521 1951 949 2008 criminationem
977 1952 1192 2008 diluerit
1211 1994 1226 2017 ,
1255 1951 1396 2024 quod
1428 1951 1564 2007 hanc
1588 1951 1981 2008 accusationem
2012 1963 2104 2005 re-

518 2043 734 2122 iecerit,
760 2044 904 2116 quod
932 2059 1054 2099 cum
1092 2053 1239 2099 esset
1266 2059 1332 2099 ex
1359 2044 1608 2101 incusato
1637 2057 1790 2108 sexu,
1821 2040 2105 2110 opprobria

521 2135 622 2188 ista
648 2135 828 2190 omnia
863 2134 1199 2200 diseusserit,
1228 2150 1399 2205 reque
1416 2134 1531 2204 ipsa
1560 2133 1823 2195 docuerit,
1855 2131 1973 2186 illas
1998 2145 2104 2186 non

520 2223 657 2278 tales
679 2233 866 2278 natura
893 2224 1078 2290 fuisse,
1100 2225 1194 2280 sed
1218 2224 1487 2279 voluntate
1512 2225 1828 2293 pr0priaque
1854 2223 2101 2292 segnitie,

520 2319 577 2366 et
607 2311 730 2368 huic
756 2328 968 2386 quoque
995 2315 1147 2370 sexui
1175 2313 1243 2368 ad
1264 2312 1474 2370 virtutis
1499 2311 1764 2382 fastigium
1792 2311 1955 2366 licere
1983 2325 2105 2380 per-

521 2405 749 2475 tingere.
782 2405 1188 2462 Contentiosum
1229 2405 1372 2460 enim
1403 2412 1484 2460 est
1527 2404 1629 2460 hoc
1667 2403 1864 2458 animal
1892 2411 1946 2458 ct
1974 2417 2103 2472 pro-

523 2506 728 2549 tervum
747 2535 764 2560 ,
791 2506 846 2550 et
873 2496 917 2550 si
947 2495 1013 2550 ad
1040 2494 1297 2551 malitiam
1324 2493 1589 2554 declinet.
1621 2507 1812 2562 magna
1841 2493 1978 2549 mala
2012 2507 2106 2563 pa-

519 2593 668 2653 trat;
711 2587 756 2641 si
782 2587 850 2642 ad
881 2587 1130 2642 virtutem
1173 2601 1233 2643 se
1273 2587 1541 2656 applicet,
1572 2585 1748 2640 anima
1788 2586 1946 2640 citius
1985 2600 2105 2640 eam

518 2675 809 2744 destituat,
839 2692 1002 2748 quam
1033 2677 1364 2747 propositum
1389 2684 1579 2731 mutet.

590 2763 882 2837 Espouitur
916 2767 1078 2822 Anne
1116 2768 1299 2821 oratio.
1321 2767 1484 2822 —lta
1524 2767 1682 2836 igitur
1731 2769 1846 2822 hare
1889 2781 2101 2839 quoque

519 2862 765 2915 naturam
804 2870 958 2912 suam
997 2856 1288 2926 superavit,
1332 2857 1701 2912 necessitatem
1749 2859 2009 2928 pervicit,
2049 2866 2106 2915 et

517 2945 832 3003 assiduitate
870 2947 1119 3017 precandi
1163 2948 1334 3003 vulvae
1361 2949 1530 3005 sterili
1573 2949 1740 3005 tilium
1776 2951 2097 3022 impetravit.

518 3037 857 3108 Quapropter
891 3051 1103 3100 rursum
1148 3038 1215 3094 ad
1256 3053 1445 3109 preces
1485 3039 1761 3111 confugit,
1793 3043 1954 3097 etiam
1983 3050 2106 3113 post

522 3129 866 3200 impetratam
892 3131 1119 3201 gratiam
1147 3131 1214 3188 ad
1250 3131 1392 3188 hunc
1431 3133 1646 3189 modum
1677 3133 1902 3204 loquens
1926 3152 1942 3188 :
1964 3133 2103 3192 Con-

521 3219 782 3287 ﬁrmsttuu
803 3229 878 3275 est
900 3237 990 3276 cor
1013 3238 1180 3278 meum
1207 3223 1260 3277 in
1283 3222 1523 3292 Domino,
1545 3225 1820 3280 exaltatum
1845 3235 1921 3282 est
1946 3242 2107 3282 cornu

520 3326 690 3365 meum
714 3310 770 3368 iu
798 3310 907 3366 Deo
932 3329 1060 3373 um.
1104 3313 1247 3382 Quid
1281 3315 1579 3386 signiﬁcent
1604 3316 1720 3372 lucc
1748 3318 1908 3373 verba
1926 3359 1941 3383 ,
1967 3317 2105 3374 Cou-

522 3401 782 3470 ρηιιοιιιιιι
825 3411 899 3456 est
937 3418 1025 3457 cor
1059 3418 1224 3458 meum
1262 3405 1316 3459 in
1348 3403 1589 3472 Domino,
1630 3422 1802 3478 nuper
1838 3425 1928 3465 me
1963 3409 2105 3481 apud

520 3490 798 3547 caritatem
820 3503 1050 3549 vestram
1072 3495 1388 3552 disseruisse
1414 3498 1561 3553 scitis
1580 3496 1680 3569 (o):
1698 3510 1942 3570 superest
1964 3516 2108 3558 nunc

523 3589 585 3634 ut
606 3595 671 3637 ea
695 3596 814 3652 quze
848 3582 1106 3655 deinceps
1137 3597 1466 3657 sequuntur,
1510 3588 1941 3660 interpretemur.
1969 3593 2106 3650 Cum

520 3670 666 3734 enim
691 3671 944 3739 dixisset,
982 3674 1348 3745 Coulirmatum
1374 3688 1448 3733 est
1473 3695 1562 3734 eor
1584 3696 1749 3736 meum
1771 3682 1825 3736 iu
1849 3680 2072 3738 Domino
2087 3724 2106 3751 ,

525 3776 650 3833 mox
679 3763 952 3832 subiunxit
973 3783 987 3817 :
1009 3764 1305 3824 [Imitatum
1324 3779 1398 3823 est
1420 3785 1576 3824 cornu
1595 3786 1761 3824 meum
1777 3771 1832 3826 iu
1846 3770 1956 3827 Deo
1997 3787 2112 3829 meo

531 3853 606 3923 (ι.
650 3853 776 3925 Reg.
807 3854 864 3908 2.
898 3856 968 3925 Ι).
997 3855 1132 3925 Qttid
1161 3868 1265 3925 est,
1295 3858 1464 3914 Cornu
1492 3861 1696 3916 unum!
1722 3861 1932 3918 Etenim
1958 3863 2110 3921 Scri-

527 3951 679 4016 ptura
709 3945 810 3998 hac
838 3943 1074 4002 dictione
1096 3963 1241 4018 sepe
1266 3947 1342 4003 uti
1366 3950 1539 4016 solet;
1571 3951 1709 4006 sicut
1728 3953 1942 4022 quando
1959 3953 2108 4024 dicit,

531 4030 825 4087 Exultat-tu
853 4044 926 4090 est
949 4050 1108 4092 contu
1126 4036 1421 4110 ajusU’sal.
1441 4039 1528 4094 Ἠ.
1559 4041 1669 4110 11),
1694 4053 1748 4097 et
1773 4062 1785 4098 :
1815 4043 2109 4115 Exultant»;

529 4132 604 4178 est
631 4139 789 4178 cornu
814 4126 992 4180 christi
1021 4128 1131 4197 ejus
1160 4127 1236 4200 (ι.
1267 4129 1392 4202 Reg.
1419 4130 1474 4185 2.
1508 4132 1616 4202 l0).
1644 4134 1780 4202 Quid
1808 4136 1967 4206 igitur
1993 4146 2111 4194 tau-

527 4228 652 4273 uem
677 4232 846 4279 cornu
877 4221 1150 4276 nominati
1173 4221 1496 4290 Potentiam,
1516 4226 1759 4296 gloriam,
1788 4228 2108 4300 claritatem,

528 4323 558 4361 a
611 4307 780 4364 brutis
822 4310 1182 4366 animantibus
1220 4311 1359 4369 hanc
1395 4314 1758 4386 metaphoram
1804 4327 2109 4377 mutuatus:

530 4413 654 4454 nam
679 4398 820 4455 Dens
847 4403 1148 4458 ornamenti
1175 4418 1240 4460 ac
1265 4404 1356 4461 teli
1386 4405 1502 4462 vice
1524 4421 1723 4463 cornua
1752 4409 1856 4464 illis
1885 4410 2111 4481 addidit,

528 4491 722 4559 quibus
762 4492 973 4548 amissis
1005 4495 1328 4564 przrcipuam
1361 4497 1550 4552 virium
1589 4509 1796 4570 partem
1823 4503 2110 4559 amittunt:

519 4592 588 4656 et
614 4584 752 4659 sicut
781 4585 1001 4641 inermis
1027 4587 1183 4643 miles
1200 4629 1215 4651 ,
1247 4589 1318 4643 ita
1346 4599 1401 4645 et
1431 4599 1614 4646 taurus
1639 4592 1839 4664 absque
1861 4597 2115 4654 cornibus

538 4672 786 4750 perfacile
811 4675 1036 4744 capitur.
1069 4675 1211 4736 Nihil
1239 4677 1397 4748 igitur
1422 4680 1565 4736 aliud
1589 4681 1720 4738 dicit
1747 4681 1864 4741 bare
1889 4687 2112 4755 mulier,

533 4780 712 4829 quam,
742 4764 980 4819 Exaltata
1002 4774 1084 4822 est
1101 4765 1270 4838 gloria
1299 4784 1436 4825 mea.
1461 4770 1529 4825 Et
1551 4773 1819 4841 quomodo
1841 4777 2072 4837 exaltata
2091 4777 2117 4831 τ

539 4861 603 4912 in
633 4855 744 4911 Deo
771 4873 912 4923 meo,
957 4857 1148 4928 inquit.
1180 4858 1305 4914 Ideo
1346 4861 1400 4916 iu
1430 4869 1541 4915 tutu
1565 4871 1648 4918 est
1678 4862 1793 4920 haec
1820 4865 2115 4936 celsitudo,

537 4959 736 5020 utqute
786 4949 992 5005 firmam
1036 4958 1197 5023 atque
1241 4950 1570 5010 immobilem
1618 4954 1853 5013 radicem
1903 4957 2116 5016 habeat.

535 5039 714 5095 Gloria
758 5043 900 5095 enim
942 5056 1061 5112 quze
1105 5049 1191 5098 est
1229 5042 1300 5099 ab
1338 5043 1664 5110 hominibus,
1709 5048 2120 5119 gloriﬁcautium

537 5131 791 5185 vilitatem
825 5131 1059 5187 imitatur
1080 5173 1096 5199 ,
1141 5133 1284 5191 unde
1314 5133 1373 5190 tit
1400 5145 1460 5191 ut
1486 5137 1639 5196 facile
1665 5140 2036 5210 subvertatur;
2065 5155 2122 5202 at

539 5238 646 5277 non
666 5222 746 5276 sic
767 5221 858 5278 Dei
880 5222 1178 5291 gloria,sed
1201 5227 1490 5282 immobilis
1508 5241 1688 5287 manet
1708 5233 1759 5288 in
1780 5245 2120 5306 perpetuum.

541 5318 714 5384 Atque
743 5313 858 5370 hanc
889 5323 1112 5379 utraque
1157 5319 1417 5390 propheta
1462 5320 1777 5391 declarans,
1827 5334 1935 5382 tam
1983 5327 2125 5387 illius

540 5405 896 5472 debilitatem.
943 5422 1104 5477 quam
1152 5395 1307 5480 hujus
1353 5410 1682 5480 firmitatem,
1727 5417 1804 5470 sic
1852 5410 2120 5489 loquitur:

545 5495 725 5550 (limis
748 5514 867 5552 caro
892 5499 1081 5567 {mm
1103 5540 1119 5564 ,
1159 5511 1205 5554 et
1233 5502 1398 5555 omnis
1422 5501 1589 5573 gloria
1617 5502 1831 5564 hominis
1865 5516 2124 5576 tanquam

544 5587 638 5654 ﬂos
665 5587 806 5653 (Qui.
827 5583 1047 5642 Exstruit
1073 5592 1281 5659 (reuma,
1315 5601 1360 5644 et
1385 5591 1482 5660 ﬂos
1508 5592 1620 5662 ejus
1641 5592 1826 5648 decidit
1854 5595 2005 5656 (laci.
2029 5598 2120 5654 40.

607 5719 978 5796 (ςλξςιίιιρλμε
1012 5723 1062 5772 in
1097 5735 1194 5786 quo
1233 5724 1336 5776 hac
1380 5723 1762 5789 ettplicabantur,
1800 5728 1884 5794 qui
1927 5739 2127 5796 quartus

545 5790 670 5844 erat,
695 5783 943 5835 inmddil;

2211 662 2353 731 quod
2371 664 2453 718 vel
2481 665 2533 718 in
2556 664 2656 719 hac
2675 664 2900 719 muliere
2929 673 3096 734 patet.
3128 662 3301 734 [teges
3321 661 3463 718 enim
3484 673 3538 719 et
3557 661 3728 718 duces
3750 672 3803 718 et

2211 754 2472 826 dynastis,
2497 757 2586 824 qui
2615 755 2748 810 nihil
2772 770 2877 810 non
2905 763 3198 822 tentarunt,
3223 764 3281 810 ut
3303 755 3661 811 immortalem
3684 767 3806 824 post

2210 859 2271 901 se
2301 846 2666 914 relinquerent
2711 846 3026 901 memoriam
3051 886 3068 913 ,
3112 845 3360 916 sepulcra
3387 845 3490 901 sibi
3520 844 3803 916 splendida

2210 935 2716 1003 exaedificaverunt,
2773 947 2826 992 et
2875 945 3080 992 statuas
3134 947 3296 1007 atque
3346 935 3551 1006 efﬁgies
3607 936 3803 990 multas

2213 1027 2394 1082 multis
2421 1029 2473 1081 in
2504 1029 2634 1082 locis
2667 1038 2981 1097 posuerunt,
3013 1034 3068 1085 et
3097 1043 3274 1084 rerum
3303 1039 3579 1099 gestarum
3608 1045 3802 1084 monu-

2212 1125 2393 1172 menta
2439 1117 2718 1172 innumera
2765 1117 3138 1186 reliquerunt,
3187 1133 3329 1173 nunc
3376 1125 3623 1174 tacentur
3652 1128 3710 1173 et
3737 1133 3806 1174 ne
3845 1191 3850 1194 .

2210 1210 2426 1264 nomine
2449 1209 2664 1278 quidem
2695 1209 2804 1264 noti
2849 1219 3012 1265 sunt:
3038 1209 3153 1265 hac
3179 1222 3356 1268 autem
3385 1213 3578 1268 mulier
3607 1212 3804 1282 ubique

2207 1303 2443 1371 gentium
2469 1317 2610 1356 nunc
2633 1301 2963 1369 celebratur;
2991 1313 3045 1359 et
3072 1303 3187 1358 sive
3233 1306 3286 1359 in
3331 1302 3605 1376 Scythiam
3641 1304 3804 1375 proti-

2207 1395 2429 1450 cisearis
2453 1435 2467 1459 ,
2499 1396 2614 1451 sive
2641 1395 2694 1449 in
2724 1394 3015 1467 Egyptum
3040 1436 3057 1463 ,
3104 1398 3218 1452 sive
3247 1397 3301 1452 in
3329 1396 3557 1464 Indiam,
3588 1397 3706 1453 sive
3733 1397 3802 1451 ad

2210 1483 2358 1552 ipsos
2381 1484 2528 1538 orbis
2553 1483 2833 1548 terminos,
2851 1499 3040 1540 omnes
3067 1484 3253 1543 audies
3277 1494 3424 1556 gesta
3451 1485 3569 1555 ejus
3599 1485 3802 1542 decan-

2209 1583 2383 1630 tantes
2405 1593 2421 1630 :
2442 1575 2674 1646 denique
2683 1586 2958 1646 ,quautum
2986 1585 3246 1637 terrarum
3272 1592 3310 1632 a
3331 1578 3446 1633 sole
3473 1579 3802 1646 illustratur,

2210 1675 2378 1722 totum
2429 1667 2531 1720 hoc
2576 1667 2728 1725 Anna
2758 1681 2852 1722 sua
2881 1666 3048 1738 gloria
3076 1677 3325 1738 occupat.
3352 1668 3463 1724 Nec
3491 1669 3595 1724 huc
3621 1669 3803 1732 solum

2207 1758 2562 1813 admiratione
2587 1758 2806 1830 dignum
2833 1769 2913 1815 est
2934 1800 2952 1826 ,
2987 1760 3130 1831 quod
3161 1761 3361 1831 ubique
3390 1771 3658 1817 terrarum
3683 1761 3804 1818 hac

2209 1849 2407 1903 mulier
2430 1850 2675 1915 canitur;
2724 1849 2818 1904 sed
2862 1849 3004 1920 quod
3039 1850 3352 1920 sapientiam
3379 1851 3497 1922 ejus
3519 1866 3585 1906 ac
3616 1852 3804 1922 longa-

2209 1939 2504 1993 uimitatem
2537 1946 2590 1993 et
2618 1939 2951 1993 tolerantiam
2982 1954 3172 1996 omnes
3201 1949 3397 1996 norunt
3417 1983 3433 2002 .
3465 1942 3518 1996 in
3544 1941 3758 2012 oppidis
3781 1980 3802 2006 ,

2209 2030 2261 2083 iu
2285 2030 2454 2100 agris,
2482 2031 2534 2084 in
2563 2030 2831 2098 domibus,
2860 2031 2913 2086 in
2941 2033 3153 2095 castris,
3183 2033 3234 2087 in
3266 2034 3509 2098 navibus,
3541 2034 3595 2088 in
3620 2032 3802 2090 offici-

2209 2119 2313 2185 nis,
2341 2120 2571 2190 denique
2615 2135 2874 2192 nusquam
2920 2137 3026 2177 non
3057 2123 3246 2179 laudes
3268 2124 3386 2192 ejus
3413 2124 3617 2181 audies.
3649 2125 3800 2193 Quo-

2210 2211 2307 2266 ties
2345 2213 2489 2266 enim
2533 2213 2736 2267 clarum
2785 2213 3014 2284 aliquem
3065 2215 3292 2271 reddere
3339 2215 3450 2271 Dro
3499 2218 3803 2286 placuerit,

2208 2303 2418 2358 etiamsi
2465 2317 2610 2358 mors
2660 2305 2998 2372 interveniat,
3021 2315 3113 2360 aut
3159 2305 3434 2376 longitudo
3471 2319 3802 2376 temporum,

2207 2404 2298 2451 aut
2322 2395 2533 2466 quidvis
2557 2395 2700 2451 aliud
2726 2437 2741 2462 ,
2772 2405 2951 2452 manet
2976 2405 3151 2452 tamen
3179 2398 3346 2468 gloria
3373 2398 3514 2454 illius
3537 2408 3809 2470 perpetuo

2207 2485 2409 2542 ﬂorens
2431 2528 2446 2552 ,
2492 2497 2546 2542 et
2593 2488 2889 2543 claritatem
2917 2488 3035 2559 ejus
3073 2489 3361 2546 obscurare
3391 2493 3586 2561 poterit
3615 2507 3800 2546 nemo.

2209 2578 2359 2634 lianc
2382 2580 2451 2635 ob
2472 2595 2586 2635 rem
2614 2589 2670 2635 et
2698 2581 2810 2650 ipsa
2836 2580 3090 2637 erudiens
3115 2581 3408 2649 auditores,
3431 2583 3573 2653 quod
3596 2597 3704 2642 non
3729 2583 3802 2638 sit

2208 2672 2620 2744 confugiendum
2659 2673 2725 2728 ad
2755 2673 2870 2729 haec
2905 2671 3045 2728 fluxa
3066 2713 3083 2740 ,
3127 2674 3220 2730 sed
3247 2675 3316 2730 ad
3339 2690 3464 2731 eum
3489 2689 3518 2727 a
3547 2690 3656 2746 quo
3679 2690 3799 2734 ocr—

2210 2765 2414 2819 ttssima
2447 2765 2584 2820 bona
2610 2779 2922 2834 speramus,
2952 2774 3227 2821 auctorem
3257 2765 3418 2836 hujus
3445 2766 3632 2837 gloria:
3662 2765 3802 2821 iudi-

2207 2864 2316 2911 cat.
2345 2854 2479 2911 Cnm
2518 2855 2660 2911 enim
2691 2855 2944 2921 dixisset,
2976 2854 3344 2926 Conﬁrmatum
3376 2866 3452 2910 est
3502 2873 3591 2912 cor
3632 2873 3802 2910 meum

2205 2947 2260 3000 in
2287 2944 2541 3011 Domino,
2573 2945 2883 3015 subjunsit,
2917 2944 3212 3001 Exultant»
3239 2955 3310 3001 est
3333 2962 3494 3001 carust
3531 2961 3705 3001 meum
3738 2950 3801 3003 ira

2208 3038 2319 3094 Deo
2347 3039 2731 3109 nteo:duplicia
2762 3037 2923 3094 nobis
2947 3038 3034 3094 his
3059 3037 3236 3095 verbis
3263 3037 3614 3094 subindieans
3635 3037 3799 3101 bona,

2207 3149 2329 3203 qua:
2355 3149 2460 3187 non
2491 3143 2695 3188 temere
2721 3131 2880 3187 simul
2911 3130 3004 3186 uni
3031 3130 3366 3202 contingunt.
3393 3129 3528 3185 Nam
3553 3138 3612 3185 et
3634 3143 3664 3183 a
3697 3127 3801 3183 flu-

2210 3223 2465 3288 minibus,
2497 3223 2670 3294 inquit
2689 3264 2705 3288 ,
2735 3222 2960 3279 liberata
2987 3236 3132 3290 sum,
3163 3219 3508 3294 ignominiam
3537 3219 3804 3292 deposui,

2210 3317 2556 3372 securitatem
2607 3323 2768 3386 atque
2812 3313 3074 3370 honorem
3118 3321 3448 3383 consequuta
3489 3327 3647 3390 sum.
3672 3309 3804 3366 Rrec

2209 3415 2387 3462 autem
2411 3414 2640 3477 utraque
2659 3419 2767 3460 non
2793 3403 2948 3460 facile
2969 3403 3209 3460 invenias
3223 3402 3278 3458 in
3299 3417 3465 3458 unum
3484 3401 3801 3458 convenire.

2209 3496 2358 3552 Multi
2388 3496 2532 3553 enim
2560 3511 2592 3565 a
2618 3493 2876 3565 periculis
2917 3493 3240 3560 liberantur,
3285 3494 3571 3565 gloriosam
3619 3502 3805 3547 tam

2209 3587 2374 3642 vitam
2401 3601 2509 3641 non
2553 3586 2754 3643 habent
2780 3601 2800 3639 :
2821 3583 2915 3640 alii
2957 3591 3146 3640 contra
3171 3582 3339 3655 gloria
3364 3581 3580 3654 quidem
3606 3590 3661 3638 et
3685 3581 3806 3646 ela-

2211 3677 2371 3732 ritate
2397 3675 2667 3740 fruuntur,
2699 3675 2948 3747 periculis
2971 3683 3152 3732 tamen
3177 3673 3261 3733 ob
3278 3677 3416 3730 hanc
3441 3673 3665 3745 gloriam
3691 3687 3802 3728 non

2211 3778 2417 3824 carent.
2442 3767 2604 3825 Verbi
2629 3768 2827 3840 gratia,
2845 3766 2999 3823 multi
3018 3781 3164 3838 sepe
3178 3767 3230 3822 in
3249 3780 3527 3823 carcerem
3543 3765 3803 3834 coniecti,

2213 3859 2434 3914 adulteri
2455 3900 2472 3925 ,
2499 3860 2719 3916 veneﬁci
2737 3903 2755 3926 ,
2781 3859 3148 3930 sepulcrorum
3174 3857 3506 3930 perfossum
3523 3898 3541 3924 ,
3573 3856 3804 3928 aliisque

2215 3949 2478 4006 similibus
2510 3951 2822 4006 criminibus
2860 3951 3077 4007 obnoxii
3099 3992 3115 4018 ,
3151 3950 3347 4007 deinde
3386 3949 3611 4020 jubente
3655 3948 3804 4020 regia

2213 4041 2497 4098 clementia
2523 4042 2727 4097 dimissi
2756 4051 2881 4098 sunt
2909 4041 3035 4098 inde
3056 4059 3071 4096 :
3095 4042 3150 4097 bi
3175 4057 3206 4098 a
3232 4057 3391 4113 pteua
3416 4041 3634 4114 quidem
3664 4040 3804 4098 libr-

2213 4133 2312 4186 rati
2339 4143 2460 4186 sunt
2482 4175 2497 4194 .
2526 4143 2777 4189 e'elerum
2827 4134 3019 4203 probra
3057 4150 3151 4188 sua
3190 4148 3298 4189 non
3324 4133 3712 4202 aboleret-unt,
3747 4144 3808 4190 rt

2213 4221 2448 4280 dedecus
2468 4236 2566 4280 eos
2589 4239 2879 4295 numquam
2905 4239 3015 4282 non
3043 4225 3408 4297 consequitur.
3438 4225 3543 4280 Alii
3575 4225 3674 4281 viri
3703 4226 3808 4281 mi-

2215 4313 2398 4371 litares
2446 4329 2512 4370 ac
2562 4315 2852 4386 generosi,
2906 4317 3250 4387 conspicuam
3301 4325 3462 4388 atque
3511 4315 3809 4387 gloriosam

2215 4404 2426 4461 vivendi
2453 4406 2714 4462 rationem
2741 4407 2992 4476 amplexi,
3010 4407 3216 4464 bellicis
3241 4407 3491 4478 periculis
3517 4421 3638 4462 sese
3662 4407 3812 4479 objio

2215 4498 2451 4564 cientes,
2492 4498 2654 4553 multa
2696 4512 2840 4568 stupe
2869 4498 3086 4553 vulnera
3116 4498 3383 4568 accipiunt
3403 4537 3421 4561 ,
3449 4505 3507 4552 et
3532 4508 3813 4570 postremo

2219 4587 2499 4642 immatura
2552 4598 2723 4644 morte
2763 4587 3117 4644 absumuntur
3138 4607 3155 4645 :
3177 4599 3336 4660 atque
3366 4587 3419 4643 bi
3464 4603 3572 4658 pra:
3613 4588 3810 4659 gloria:

2217 4693 2402 4749 amore
2426 4681 2712 4737 securitate
2740 4695 2800 4736 se
2829 4680 2928 4752 ipsi
2962 4681 3256 4750 privarunt.

2289 4773 2344 4828 4.
2375 4771 2512 4829 Huic
2538 4787 2665 4828 vero
2709 4773 2916 4829 mulieri
2963 4772 3079 4827 haec
3105 4782 3330 4843 utraque
3354 4769 3721 4841 contigerunt,
3756 4779 3820 4826 ut

2219 4878 2338 4934 quae
2362 4872 2419 4917 et
2444 4862 2729 4918 securitate
2763 4862 2920 4918 simul
2967 4872 3022 4918 et
3048 4862 3217 4932 gloria
3248 4863 3411 4932 potita
3440 4871 3541 4918 est.
3573 4861 3719 4917 Idem
3759 4873 3821 4916 et

2223 4954 2393 5010 tribus
2421 4953 2527 5008 illis
2548 4953 2943 5024 puerisaccidit
2964 4953 3127 5023 (Dan.
3157 4953 3215 5022 3)
3248 4973 3262 5008 :
3291 4967 3414 5008 nam
3436 4963 3495 5008 et
3513 4953 3818 5022 periculum

2221 5057 2508 5105 evaserunt
2535 5064 2567 5104 e
2589 5062 2719 5120 rogo
2745 5047 2976 5113 liberati,
3004 5056 3060 5102 et
3087 5046 3319 5103 illustres
3345 5052 3472 5102 sunt
3494 5045 3642 5114 facti,
3670 5047 3820 5116 quod

2222 5139 2611 5210 supernaturali
2633 5139 2794 5195 modo
2820 5137 2976 5209 hujus
3001 5138 3252 5195 elementi
3282 5138 3574 5207 potentiam
3591 5151 3824 5210 supera-

2224 5236 2445 5289 vissent.
2466 5233 2546 5289 Ad
2568 5233 2710 5290 hunc
2725 5247 2856 5288 sane
2879 5233 3096 5289 modum
3113 5233 3204 5288 Dei
3223 5232 3480 5289 beneﬁcia
3497 5247 3559 5288 se
3580 5232 3814 5292 habent:

2226 5326 2383 5381 simul
2412 5327 2555 5381 enim
2582 5335 2636 5382 et
2657 5333 2824 5380 tutam
2846 5335 2901 5380 et
2928 5324 3190 5381 illustrem
3219 5323 3442 5396 largitur
3465 5326 3658 5400 vitam,
3674 5325 3821 5395 quid

2227 5416 2440 5484 quidem
2466 5425 2755 5486 utrumque
2784 5415 2898 5471 hac
2919 5415 3033 5486 ipsa
3072 5415 3302 5472 inuuens
3327 5415 3538 5476 dicebat
3569 5414 3827 5484 :Couﬁr-

2229 5519 2422 5562 mutuus
2448 5517 2523 5563 est
2550 5524 2640 5562 cur
2680 5509 2928 5570 ιιιειιιιιὶιι
2956 5506 3199 5567 θοιιιῦιιο.
3239 5509 3524 5563 culleum
3557 5519 3633 5564 at
3651 5525 3826 5570 corrui

2230 5616 2396 5654 meum
2437 5599 2489 5653 in
2516 5598 2624 5655 Deo
2651 5615 2780 5655 meo.
2807 5598 2917 5655 Nec
2939 5600 3254 5671 simpliciter
3279 5598 3434 5657 dixit.
3459 5593 3526 5651 ιη
3556 5595 3686 5661 Deo,
3711 5599 3835 5656 sed.

2235 5689 2302 5745 Ιιι
2331 5690 2436 5744 Deo
2464 5707 2592 5755 meo,
2644 5690 2743 5746 sibi
2789 5689 2890 5759 ipsi
2919 5705 3184 5760 usurpans
3226 5704 3371 5755 eum,
3415 5691 3506 5760 qui
3564 5691 3660 5748 toti
3707 5692 3829 5746 orbi

2232 5792 2505 5847 terrarum
2544 5781 2845 5840 communis
2888 5791 2990 5843 est.
3023 5781 3136 5838 iloc
3171 5789 3350 5838 autem
3395 5779 3526 5840 fecit
3551 5796 3658 5840 uon
3681 5778 3839 5838 illius
