4066 6436
227 562 538 626 dominium
585 565 856 618 minuens,
886 547 982 604 sed
1025 559 1182 601 suum
1227 554 1471 598 amorem
1501 535 1745 593 indicans
1777 546 1843 586 ac

235 662 449 717 fovens.
475 655 566 712 Sic
609 650 756 705 enim
794 653 1064 699 amatores
1106 637 1327 694 solent:
1363 647 1468 688 non
1517 629 1696 685 ferunt
1740 639 1847 678 una

235 767 364 810 cum
396 746 580 804 multis
608 753 812 803 amare,
859 733 954 789 sed
979 731 1234 788 eximium
1275 721 1560 796 quemdam
1585 734 1652 774 ac
1677 730 1849 786 pecu-

236 846 429 902 liarem
479 849 719 891 amorem
766 844 877 901 ριιίε
921 841 981 880 se
1025 825 1166 879 ferre
1191 819 1399 875 volunt.
1447 812 1542 870 Sic
1579 819 1637 865 et
1680 805 1844 864 David

233 898 472 996 dicebat,
505 933 665 987 Dens,
695 898 833 978 Deus
862 934 1023 982 meus,
1051 916 1119 968 ad
1142 924 1189 967 te
1211 925 1359 964 ntaue
1376 905 1528 978 vigilo
1553 901 1723 973 (Psai.

235 989 640 1098 iinNominata
667 1015 813 1072 enim
839 1005 1111 1066 communi
1138 1003 1258 1074 ejus
1276 996 1665 1098 dominatione,
1694 989 1846 1098 addi-

232 1080 320 1174 dit
343 1130 462 1171 eam
502 1126 607 1182 qua
654 1102 998 1178 peculiariter
1021 1104 1332 1152 sanctorum
1361 1087 1620 1144 Dominus
1648 1091 1750 1138 est.

236 1172 477 1268 rursum,
513 1172 837 1256 ὗσαι-πως.
883 1190 1086 1246 intende
1115 1189 1167 1241 in
1195 1200 1307 1248 me;
1335 1196 1495 1252 quare
1535 1172 1848 1244 dereliquisti

235 1319 326 1356 me
345 1296 518 1370 (Psal.
548 1293 642 1349 21.
683 1289 781 1363 l)?
811 1288 877 1341 Et
904 1298 1138 1345 rursum,
1169 1277 1352 1331 Dicam
1397 1271 1525 1333 Deo,
1579 1269 1848 1323 Protectar

236 1364 384 1446 usus
407 1403 458 1441 es
489 1381 661 1456 (Psal.
686 1378 777 1435 90.
796 1376 857 1448 2)
881 1397 896 1432 :
919 1375 1111 1429 anima:
1131 1370 1276 1425 enim
1304 1364 1561 1420 ferventis
1579 1371 1849 1414 accensze-

235 1497 348 1553 que
393 1447 662 1532 desiderio
690 1478 816 1524 sunt
840 1447 977 1522 hmo
1022 1463 1204 1518 verba.
1238 1457 1385 1553 Idem
1413 1463 1468 1508 et
1495 1451 1626 1506 tha'c
1657 1447 1849 1502 mulier

238 1545 369 1628 fecit
416 1564 684 1621 Cmterum
713 1557 958 1614 homines
988 1553 1057 1608 ita
1089 1552 1262 1605 facere
1292 1545 1426 1601 nihil
1455 1545 1685 1599 mirum:
1723 1551 1847 1594 cum

238 1676 375 1718 vero
415 1659 584 1714 Deum
632 1653 735 1708 hoc
783 1651 958 1719 ipsum
1007 1644 1182 1698 facere
1233 1637 1450 1701 videris,
1505 1645 1616 1688 tum
1658 1628 1850 1685 merito

240 1747 593 1820 oltstupelias.
624 1735 1088 1814 Quemadmodum
1113 1734 1256 1787 enim
1279 1728 1333 1783 hi
1361 1742 1469 1781 non
1491 1730 1850 1779 iii-commune

241 1842 393 1898 illum
442 1839 718 1898 invocant,
761 1829 1037 1900 proprium
1098 1821 1362 1883 iaciendo,
1393 1832 1550 1872 suum
1576 1829 1702 1871 eum
1728 1825 1851 1900 esse

242 1935 432 1992 volunt
467 1952 481 1988 :
513 1931 584 1985 ita
609 1937 669 1983 et
715 1897 827 1995 ipse
868 1897 975 1976 non
1003 1918 1180 1974 solum
1206 1912 1564 1968 communiter
1593 1922 1695 1962 una
1726 1897 1848 1961 cum

241 2025 367 2081 aliis
389 2036 578 2079 eorum
623 2017 787 2072 etiam
834 2013 1006 2067 Deum
1034 2023 1092 2063 se
1137 2004 1435 2075 pt-olltetur,
1477 1999 1572 2054 sed
1599 1996 1852 2068 privatim

243 2119 506 2188 ipsorum.
535 2111 873 2180 Quapropter
900 2102 1133 2164 dicebat,
1161 2097 1273 2170 Ego
1297 2111 1408 2151 sum
1431 2092 1569 2147 Deus
1593 2089 1854 2144 Abraham

244 2185 294 2267 et
330 2208 481 2264 hanc
500 2214 548 2260 et
576 2201 740 2258 Iacob
771 2198 964 2269 (Ea'od.
988 2196 1042 2249 3.
1067 2191 1127 2264 ὃ)
1159 2210 1174 2244 z
1209 2205 1314 2245 non
1344 2185 1669 2244 contrahens
1694 2197 1854 2237 suum

245 2299 561 2372 imperium,
593 2293 688 2350 sed
715 2289 1012 2346 extendens
1041 2283 1253 2355 potius;
1285 2295 1392 2336 non
1418 2279 1561 2332 enim
1584 2285 1692 2362 tam
1710 2273 1854 2330 mul-

247 2358 478 2448 titudine
527 2358 885 2446 subditorum,
923 2393 1083 2448 quam
1128 2389 1314 2430 eorum
1345 2372 1542 2425 virtute
1591 2358 1858 2422 monstrat

248 2483 536 2554 imperium
579 2493 776 2542 suum;
828 2488 1002 2543 neque
1041 2479 1244 2524 tantum
1295 2465 1434 2519 Deus
1474 2460 1612 2522 cazli.
1657 2468 1854 2524 terrm,

246 2547 416 2630 maris
441 2581 498 2627 et
537 2585 724 2626 eorum
753 2581 873 2635 quae
917 2566 968 2618 in
1017 2561 1098 2616 eis
1140 2566 1266 2612 sunt
1312 2551 1568 2624 appellari
1615 2547 1811 2620 gaudet
1839 2586 1854 2611 ,

247 2673 507 2735 quantum
537 2661 584 2716 si
607 2660 750 2715 Deus
776 2655 1048 2711 Abraham
1080 2664 1134 2706 et
1163 2649 1309 2702 Isaac
1339 2654 1394 2701 ct
1419 2643 1586 2699 Jacob
1613 2650 1854 2694 vocetur.

248 2730 321 2813 ﬁt
347 2752 492 2824 quod
533 2751 587 2805 in
617 2747 926 2804 hominibus
965 2757 1070 2799 non
1115 2740 1374 2804 solemus,
1423 2734 1476 2789 in
1519 2733 1629 2788 Deo
1673 2730 1860 2785 videre

252 2822 402 2902 licet.
441 2841 681 2912 Exempli
711 2853 873 2894 causa
905 2858 918 2892 :
945 2833 1088 2905 apud
1117 2829 1366 2885 homines
1388 2843 1418 2881 a
1449 2825 1683 2882 dominis
1707 2822 1859 2877 servi

252 2935 674 3008 appellationem
701 2937 940 2992 sumunt,
990 2935 1045 2982 et
1073 2925 1364 3000 itavomnes
1410 2933 1476 2973 ex
1503 2931 1653 2972 more
1681 2913 1858 2982 loqui-

253 3005 377 3085 mur
410 3046 424 3082 :
461 3025 551 3079 Ille
581 3023 666 3078 vel
711 3021 801 3077 ille
843 3026 1159 3090 procurator
1187 3020 1282 3067 aut
1307 3010 1648 3078 dispensator
1679 3005 1857 3070 illius,

254 3118 341 3172 vel
371 3115 514 3170 illius
541 3111 694 3166 ducis
712 3119 767 3165 et
793 3106 1031 3180 praefecti
1061 3119 1075 3154 :
1111 3117 1270 3157 nemo
1293 3107 1474 3154 autem
1499 3095 1576 3150 sic
1601 3093 1857 3164 loquitur.

257 3209 354 3265 Ille
383 3207 469 3262 vel
493 3205 583 3260 ille
600 3201 893 3273 praefectus
912 3200 1060 3257 illius
1077 3193 1440 3266 procuratoris
1467 3197 1558 3244 aut
1577 3188 1864 3256 dispensa-

257 3300 391 3355 toris
422 3319 436 3354 :
464 3296 558 3352 sed
590 3295 830 3349 minores
871 3308 902 3344 ει
932 3287 1228 3358 majoribus
1257 3296 1474 3351 semper
1509 3278 1862 3334 dcnominare

256 3387 658 3444 consuevimus.
691 3383 770 3438 De
809 3382 919 3436 Deo
945 3387 1126 3434 autem
1165 3385 1351 3430 contra
1398 3371 1456 3425 tit
1491 3391 1504 3426 :
1533 3383 1642 3424 non
1687 3365 1862 3421 solum

258 3481 408 3538 enim
439 3477 710 3535 Abraham
754 3474 848 3529 Dei
879 3487 1020 3535 esse,
1069 3469 1163 3524 sed
1193 3468 1336 3522 Deus
1379 3463 1540 3519 etiam
1572 3456 1863 3515 Abrabami

259 3572 488 3636 dicitur,
520 3576 681 3638 atque
713 3567 781 3619 ita
821 3563 1080 3618 Dominus
1118 3575 1146 3613 a
1190 3570 1350 3613 servo
1393 3554 1717 3610 nominatur.
1753 3549 1868 3604 Hoc

260 3665 408 3720 idem
450 3661 611 3733 igitur
658 3667 714 3715 et
755 3658 953 3713 Paulus
999 3667 1119 3708 cum
1164 3649 1554 3710 admiraretur,
1603 3641 1864 3699 dicebat:

264 3755 605 3823 Quamobrem
644 3768 747 3806 non
794 3747 1042 3803 erubescit
1097 3743 1234 3799 Deus
1279 3741 1446 3796 vocari
1473 3739 1610 3793 Deus
1639 3738 1868 3808 ipsorum

264 3849 453 3922 (Hebr.
501 3847 587 3902 ll.
636 3842 748 3916 l6).
799 3841 915 3897 Non
962 3837 1249 3900 erubescit,
1299 3831 1489 3904 inquit,
1543 3829 1798 3884 Dominus
1836 3840 1869 3879 a

263 3916 438 3999 servis
464 3937 884 4010 appellationem
915 3945 1149 3986 sumere.
1195 3927 1373 3994 Quare
1422 3938 1529 3978 non
1558 3916 1870 3976 erubescit?

265 4031 352 4087 die
378 4009 666 4085 rationem.
698 4025 959 4079 Nimirum
988 4030 1046 4075 ut
1071 4028 1126 4074 et
1150 4033 1248 4072 nos
1275 4031 1400 4072 eum
1421 4014 1707 4067 imitemur.
1737 4009 1873 4076 Quia

267 4120 490 4190 hospites
515 4126 678 4180 erant,
713 4114 903 4184 inquit,
934 4122 981 4167 et
1024 4113 1232 4165 aduente
1259 4106 1420 4180 (Ibid.
1455 4121 1500 4159 υ.
1554 4104 1667 4174 15).
1712 4099 1874 4169 Atqui

267 4211 352 4266 vel
381 4210 453 4264 ob
475 4211 580 4264 hoc
601 4209 774 4279 ipsum
802 4205 1124 4260 erubescere
1151 4199 1432 4269 Oportebat
1466 4215 1479 4251 :
1510 4197 1704 4264 hospes
1727 4192 1872 4247 enim

271 4303 393 4358 vilis
422 4312 476 4358 et
501 4298 931 4356 contemnendus
961 4309 1082 4351 esse
1113 4295 1340 4348 videtur.
1362 4291 1432 4345 At
1459 4289 1537 4343 illi
1567 4285 1736 4341 sancti
1765 4298 1871 4337 non

272 4408 340 4450 eo
362 4392 525 4448 modo
575 4390 819 4458 hospites
846 4397 1020 4452 erant,
1048 4400 1157 4456 quo
1206 4398 1305 4438 nos
1346 4391 1617 4454 putamus,
1646 4377 1740 4431 sed
1771 4377 1878 4430 alio

272 4483 506 4555 quodam
553 4481 774 4535 minimc
802 4479 1027 4548 vulgari.
1059 4475 1168 4532 Nos
1209 4475 1450 4544 hosliites
1477 4486 1572 4528 eos
1605 4469 1880 4539 appellare

276 4572 538 4636 solemus,
572 4573 660 4640 qui
692 4569 880 4623 relicta
911 4582 1004 4622 sua
1036 4567 1204 4637 patria
1237 4565 1290 4618 in
1336 4563 1565 4619 alienam
1607 4560 1880 4630 regionem

279 4665 599 4736 perveniunt
624 4685 636 4717 ;
663 4662 734 4716 illi
763 4676 893 4716 vero
921 4676 1028 4715 non
1059 4661 1126 4713 ita
1154 4667 1309 4714 erant
1337 4657 1594 4726 hospites,
1625 4653 1718 4708 sed
1740 4650 1884 4722 quod

278 4755 465 4810 orbem
511 4753 826 4807 universum
873 4750 1236 4820 despicerent,
1281 4757 1337 4804 et
1383 4761 1603 4816 parvam
1637 4748 1888 4813 putarent

278 4860 400 4901 esse
429 4853 650 4905 terram,
674 4843 740 4898 ad
756 4843 1028 4898 omlestem
1052 4841 1193 4895 illam
1213 4839 1483 4897 civitatem
1502 4836 1884 4905 respiciebant,

281 4950 388 4990 non
417 4936 744 5005 arrogantia,
785 4934 883 4990 sed
910 4931 1350 5004 magnanimitate
1376 4945 1390 4997 ;
1421 4945 1526 4985 non
1561 4927 1846 4984 insolentia
1868 4967 1884 4994 ,

281 5030 378 5083 sed
418 5039 640 5098 propter
665 5029 943 5098 sapientia:
969 5025 1228 5083 studium.
1259 5025 1549 5094 Postquam
1581 5024 1723 5078 enim
1756 5036 1888 5075 con—

284 5119 525 5191 templati
557 5127 681 5174 sunt
726 5129 937 5174 terrena
969 5118 1251 5185 universa,
1296 5127 1352 5172 et
1394 5116 1892 5171 animadverterunt

287 5209 431 5267 fluxa
459 5227 578 5267 esse
601 5220 659 5266 et
685 5211 956 5275 mortalia,
987 5226 1088 5266 nec
1116 5210 1404 5283 quidquam
1439 5210 1523 5265 hic
1553 5209 1761 5264 firmum
1801 5216 1895 5262 aut

288 5306 502 5370 stabile,
549 5320 655 5358 non
700 5305 942 5371 divitias,
976 5320 1081 5358 non
1126 5303 1455 5374 potentiam,
1488 5317 1593 5356 non
1625 5302 1848 5371 gloriam
1873 5341 1891 5368 ,

291 5413 398 5451 non
430 5397 592 5449 vitam
641 5396 830 5464 ipsam,
858 5397 950 5450 sed
996 5397 1204 5465 singula
1255 5396 1414 5449 linem
1466 5394 1684 5457 habere,
1732 5402 1783 5446 et
1827 5392 1894 5446 ad

292 5504 448 5543 suum
491 5488 740 5558 quodque
784 5503 1072 5556 properare
1119 5489 1404 5541 terminum
1444 5486 1718 5542 :cmlestia
1768 5501 1897 5539 vero

292 5595 402 5637 non
423 5581 570 5645 talia,
591 5581 682 5635 sed
710 5580 912 5635 infinita
937 5582 1382 5650 immortaliaque.
1401 5582 1705 5634 maluerunt
1725 5580 1898 5647 hospi-

293 5680 381 5731 tes
407 5685 528 5726 esse
572 5673 624 5724 in
656 5673 819 5726 rebus
848 5671 1004 5726 ﬂuxis
1035 5682 1090 5727 et
1132 5670 1655 5741 prmterlabentibus,
1691 5681 1744 5724 ut
1776 5686 1899 5739 per-

300 5772 578 5820 manentes
607 5764 724 5817 illas
756 5765 968 5834 assequi
994 5774 1230 5834 possent.
1263 5761 1514 5830 Hospites
1543 5764 1701 5832 igitur
1723 5772 1896 5827 erant,

301 5870 410 5911 non
446 5853 586 5928 quod
616 5856 838 5925 patriam
871 5871 974 5911 non
1006 5855 1288 5924 haberent,
1321 5853 1414 5910 sed
1444 5852 1585 5924 quod
1611 5855 1896 5926 sempiter-

1538 422 1626 479 ΒΕ
1663 417 1850 477 ANNA
1877 413 2113 474 SERIO
2151 415 2238 472 IV.

1954 546 2081 587 nam
2106 531 2253 587 illam
2274 532 2502 603 patriam
2522 528 2917 589 desiderarent.
2946 527 3104 597 Quod
3123 527 3344 603 quidem
3365 540 3420 586 et
3447 535 3564 603 Ipse

1951 622 2304 692 significando
2345 623 2557 678 dicebat
2591 639 2604 677 :
2640 622 2744 689 Qui
2778 631 2946 676 autem
2987 620 3114 677 talia
3140 623 3436 690 loquuntur,
3466 641 3560 694 pa-

1956 713 2108 767 triens
2133 729 2189 766 se
2207 713 2466 785 requirere
2482 713 2758 766 ostendunt
2790 711 2975 782 (Hebr.
3009 714 3100 768 Η.
3147 712 3364 784 “48).
3391 713 3560 781 Quam

1958 805 2207 875 patriam,
2233 805 2508 860 obsecto?
2535 820 2663 858 num
2704 805 2937 874 priorem
2965 805 3108 861 illam
3137 820 3299 877 quam
3331 805 3569 877 relique-

1958 897 2128 953 runt?
2154 898 2391 962 Minime,
2419 898 2592 967 inquit
2620 917 2635 954 :
2668 898 2732 954 Si
2773 899 2907 952 enim
2949 899 3092 954 illius
3124 897 3522 953 recordabantur
3543 939 3560 965 ,

1939 989 2213 1062 (integrant
2237 990 2309 1042 eis
2333 998 2443 1042 erat
2471 989 2562 1042 illo
2586 991 2753 1043 redire
2781 1002 2802 1045 :
2827 1005 2963 1044 nunc
2991 999 3159 1046 autem
3185 989 3444 1044 meliorem
3471 990 3564 1044 de-

1953 1079 2203 1144 siderant,
2230 1078 2326 1133 hoc
2343 1089 2422 1144 est
2446 1079 2712 1143 releuetis,
2737 1081 2887 1152 cujus
2909 1081 3084 1151 opifex
3108 1088 3160 1134 et
3188 1089 3387 1134 ereum
3421 1077 3569 1132 Deus

1954 1181 2048 1228 est.
2083 1170 2207 1225 Ideo
2229 1187 2333 1226 non
2351 1171 2595 1227 erubescit
2614 1169 2758 1227 Deus
2775 1172 2946 1228 vocati
2975 1169 3119 1227 Deus
3143 1171 3375 1242 ipsorum
3400 1168 3563 1242 (ibid.

1957 1279 2007 1319 s.
2040 1263 2153 1333 10).

2029 1356 2086 1412 5.
2115 1354 2331 1410 Assidue
2351 1355 2558 1428 precari
2595 1353 2851 1422 debemus,
2877 1363 2926 1409 et
2961 1355 3216 1410 oratione
3239 1354 3441 1409 crebras
3470 1370 3564 1410 tre-

1954 1448 2107 1520 go:iis
2156 1449 2473 1519 interponere
2493 1465 2516 1505 :
2539 1451 2636 1503 hoc
2669 1448 3011 1515 conﬁrmetur
3049 1447 3295 1517 exemplis
3333 1455 3382 1500 et
3429 1462 3572 1501 eom-

1956 1541 2311 1612 parationibus
2355 1558 2472 1596 cum
2512 1556 2576 1596 es
2602 1539 2821 1610 prandio
2863 1549 2972 1594 tum
2997 1555 3026 1593 e
3053 1538 3317 1607 fabrorum
3345 1536 3568 1606 artiﬁcio

1959 1633 2235 1696 deductis;
2297 1630 2512 1699 alfectus
2563 1631 2824 1702 pra'eipua
2884 1646 3004 1700 pars
3053 1629 3314 1685 orationis.
3345 1656 3420 1670 —
3459 1625 3570 1684 Hos

1960 1727 2125 1797 igitur
2181 1740 2281 1782 nos
2349 1739 2566 1796 quoque
2637 1723 2948 1788 imitemur;
2992 1721 3363 1791 despiciamus
3425 1734 3568 1789 prm-

1961 1819 2161 1883 sentia,
2204 1817 2653 1886 concupiscamus
2691 1814 2871 1870 futura
2902 1822 3162 1870 :utamur
3207 1811 3310 1867 hac
3346 1809 3574 1866 muliere

1963 1909 2236 1980 magistra,
2271 1918 2326 1963 et
2354 1907 2421 1961 ad
2454 1906 2622 1961 Deum
2663 1919 2880 1974 semper
2917 1902 3311 1973 confugiamus,
3359 1900 3429 1955 ab
3455 1900 3571 1956 illo-

1963 2017 2070 2072 que
2089 2000 2269 2055 omnia
2294 2000 2668 2070 deposcamus.
2693 1997 2832 2052 Nihil
2853 1998 3001 2053 enim
3016 1993 3570 2067 precationitequale:

1963 2110 2030 2152 ea
2059 2096 2260 2165 quippe
2288 2103 2376 2150 est
2402 2107 2526 2163 qum
2568 2107 2638 2150 es
2667 2089 3089 2161 impossibilibus
3120 2086 3397 2158 possibilia
3424 2085 3573 2151 facit,

1971 2202 2038 2245 es
2065 2185 2375 2242 diflleilibus
2401 2184 2599 2250 facilia,
2623 2193 2682 2239 et
2701 2200 2769 2239 ex
2799 2182 3057 2237 tortuosis
3085 2187 3251 2235 recta.
3277 2177 3427 2232 llanc
3447 2177 3578 2232 bea-

1968 2289 2056 2334 tus
2081 2292 2298 2350 quoque
2337 2277 2509 2332 David
2540 2275 2832 2332 adhibebat
2860 2291 2881 2339 ;
2913 2274 3139 2343 ideoque
3167 2270 3380 2327 dicebat
3418 2288 3434 2325 :
3475 2270 3578 2325 Se-

1968 2371 2095 2442 μία
2118 2373 2171 2425 iu
2191 2370 2276 2424 die
2297 2369 2506 2424 laudari
2527 2377 2574 2422 te
2593 2377 2800 2438 propter
2809 2366 3012 2437 judicia
3026 2363 3242 2435 justitic
3266 2370 3369 2416 tua
3401 2359 3576 2428 (Pani.

1957 2463 2094 2521 .ll8.
2139 2462 2286 2531 164).
2330 2461 2484 2530 Quod
2512 2461 2557 2515 si
2589 2475 2709 2524 res,
2752 2458 2976 2512 inlinitis
2999 2457 3145 2512 curis
3187 2456 3492 2519 immersus,
3523 2461 3579 2507 et

1964 2556 2024 2612 in
2053 2565 2164 2612 tam
2180 2557 2327 2610 varia
2342 2555 2652 2616 distractus,
2671 2551 2833 2606 toties
2857 2551 2910 2603 in
2924 2549 3021 2604 die
3034 2546 3353 2619 precabatur
3374 2545 3542 2599 Deum
3560 2563 3574 2599 :

1972 2662 2135 2718 quam
2160 2645 2534 2701 defensionem
2561 2653 2657 2698 aut
2682 2643 2894 2698 veniam
2919 2641 3119 2695 habere
3143 2638 3440 2708 poterimus
3456 2649 3578 2701 nos,

1971 2739 2062 2810 qui
2114 2738 2165 2792 in
2195 2746 2347 2792 tanto
2385 2737 2499 2791 otio
2535 2733 2803 2804 degimus,
2831 2747 2933 2788 nec
2962 2741 3138 2786 tamen
3171 2729 3322 2784 illum
3365 2726 3580 2783 assidue

1970 2844 2212 2895 oramus,
2244 2829 2404 2898 idque
2429 2841 2556 2881 cum
2586 2825 2712 2881 inde
2744 2833 2923 2879 tantus
2952 2821 3159 2877 fructus
3180 2821 3249 2874 sit
3275 2817 3431 2873 nobis
3455 2830 3582 2887 pro-

1974 2919 2276 2975 venturus?
2302 2917 2636 2987 Impossibile
2655 2915 2822 2980 enim,
2851 2911 3184 2982 impossibile
3208 2918 3312 2974 est,
3338 2908 3580 2977 inquam,

1975 3011 2250 3066 hominem
2277 3024 2381 3079 qua
2408 3007 2565 3064 decet
2591 3007 2870 3062 alacritate
2900 3010 3233 3074 precantem,
3267 3008 3324 3054 et
3361 2996 3581 3054 assiduo

1971 3103 2146 3158 Deum
2189 3109 2458 3164 orantem,
2493 3112 2745 3168 umquam
2795 3097 2847 3148 in
2894 3099 3173 3163 peccatum
3223 3088 3479 3144 incidere.
3524 3085 3580 3141 Id

1973 3209 2077 3264 qua
2107 3193 2317 3248 ratione
2340 3190 2450 3252 llat,
2475 3189 2588 3260 jam
2609 3188 2851 3243 dicturus
2875 3200 3019 3239 sum.
3041 3182 3142 3250 Qui
3167 3191 3406 3237 mentem
3424 3192 3578 3233 suam

1973 3284 2242 3349 accendit,
2265 3293 2320 3339 et
2345 3283 2583 3336 animum
2601 3280 2779 3336 erexit
2803 3288 2964 3347 atque
2985 3274 3055 3330 ad
3083 3272 3318 3330 ctelestia
3343 3279 3582 3326 transtu~

1978 3379 2058 3442 Iit,
2092 3387 2148 3432 et
2187 3378 2259 3430 ita
2286 3375 2580 3431 Dominum
2622 3387 2781 3428 suum
2819 3369 3107 3433 invocavit,
3141 3364 3485 3438 peccatisquo
3524 3361 3581 3418 in

1976 3475 2296 3527 memmtam
2320 3468 2578 3534 reductis,
2621 3465 2693 3523 dc
2735 3479 2926 3520 eorum
2963 3460 3285 3518 remissione
3320 3470 3450 3512 uim
3490 3453 3584 3510 illo

1977 3564 2319 3633 cullequutus
2344 3569 2449 3622 est,
2488 3560 2782 3614 obsecrans
2825 3566 2884 3610 ut
2933 3555 3173 3624 placatus
3216 3565 3280 3604 ac
3321 3546 3585 3619 propitius

1978 3656 2079 3711 sibi
2104 3671 2226 3712 esse
2250 3654 2521 3724 dignetur,
2546 3652 2592 3707 is
2611 3658 2737 3722 post
2764 3649 2900 3703 tales
2913 3647 3186 3702 orationes
3208 3656 3427 3699 omnem
3446 3653 3587 3710 prtu-

1980 3747 2152 3803 scntis
2181 3747 2304 3801 vita:
2331 3760 2516 3800 curam
2542 3743 2748 3809 abiicit,
2774 3755 2871 3810 spe
2907 3737 3152 3808 erigitur,
3178 3749 3243 3789 ac
3272 3747 3434 3802 supra
3457 3745 3584 3810 om-

1981 3856 2080 3895 nes
2118 3839 2380 3894 humanas
2404 3835 2715 3892 ali'ectiones
2744 3831 3056 3896 extollitur;
3083 3838 3134 3886 et
3165 3826 3278 3883 sive
3310 3823 3584 3880 inimicum

1979 3943 2108 4006 post
2137 3932 2502 4003 precationem
2546 3928 2761 3990 viderit,
2801 3927 2911 3995 jam
2953 3939 3060 3979 non
3092 3931 3364 3990 tamquam
3409 3917 3592 3974 inimi-

1983 4041 2105 4080 cum
2134 4023 2361 4093 aspiciet
2391 4043 2404 4079 :
2437 4022 2552 4076 sive
2576 4020 2857 4074 mulierem
2883 4017 3198 4080 formosam,
3227 4014 3347 4083 ejus
3369 4021 3592 4081 aspectu

1985 4131 2096 4172 non
2127 4114 2421 4184 frangetur,
2450 4113 2677 4166 durante
2719 4109 2896 4162 adhuc
2939 4107 3062 4178 igne
3101 4120 3198 4176 per
3228 4102 3594 4174 precationem

1988 4210 2134 4265 intus
2163 4220 2394 4263 accenso
2429 4212 2483 4259 ct
2504 4219 2723 4258 omnem
2753 4199 3045 4254 absurdam
3084 4198 3465 4269 cogitationem
3491 4193 3595 4259 de,-

1981 4304 2246 4376 pelleute.
2278 4301 2386 4358 Sed
2412 4301 2665 4371 quoniam
2695 4299 2942 4354 homines
2967 4311 3095 4352 cum
3123 4295 3310 4353 simus,
3348 4290 3502 4346 facile
3526 4287 3596 4344 ad

1985 4393 2614 4467 scgnitiemrelahimur,
2664 4397 2852 4447 exacta
2902 4403 3004 4441 una
3037 4385 3272 4440 alterave
3302 4390 3394 4436 aut
3437 4379 3598 4437 tertia

1994 4499 2117 4561 post
2146 4488 2511 4557 precationem
2547 4483 2699 4547 hora,
2733 4482 2821 4535 ubi
2850 4478 3088 4533 senseris
3118 4475 3402 4545 pristinum
3452 4471 3600 4527 illum

1997 4581 2266 4637 fervorem
2312 4577 2566 4646 paulatim
2596 4575 2903 4645 frigescere,
2939 4584 3159 4623 recurre
3185 4564 3503 4636 quantocius
3533 4563 3600 4616 ad

1998 4690 2207 4744 preces,
2243 4671 2726 4741 frigt-scrntemque
2765 4672 3000 4718 mentem
3034 4673 3223 4714 rursus
3256 4654 3512 4711 accende.
3548 4653 3602 4707 id

1991 4769 2042 4823 si
2075 4783 2172 4837 per
2199 4774 2364 4819 totam
2401 4763 2541 4816 diem
2572 4759 2784 4819 feceris,
2813 4771 2911 4826 per
2936 4751 3211 4809 intervalla
3242 4749 3450 4806 crebris
3479 4763 3599 4817 pre-

1998 4860 2300 4918 cationibus
2330 4867 2381 4910 te
2405 4856 2579 4925 ipsum
2607 4850 2927 4912 accendens,
2954 4862 3059 4902 non
3087 4845 3240 4900 dabis
3263 4842 3604 4898 occasionem

2000 4952 2216 5010 diabolo
2260 4957 2352 5003 aut
2397 4947 2562 5001 ullum
2595 4943 2660 4997 ad
2713 4951 2832 4997 tuas
2875 4939 3232 5010 cogitationes
3280 4935 3504 4989 aditum.
3540 4932 3609 4986 Et

2000 5039 2454 5116 quemadmodum
2482 5038 2534 5090 in
2554 5032 2867 5105 apparando
2890 5027 3137 5100 prandio,
3160 5041 3284 5083 cum
3312 5033 3441 5096 potu
3464 5040 3601 5093 opus

2002 5146 2106 5203 est,
2134 5136 2178 5191 si
2205 5148 2342 5204 aqua
2375 5129 2548 5187 calida
2599 5127 2870 5196 frigescat,
2905 5121 2971 5178 ad
3001 5120 3177 5176 focum
3204 5117 3479 5174 admotam
3521 5130 3608 5169 ca‘

2005 5233 2283 5290 lefacimns
2308 5227 2388 5297 (a)
2412 5247 2424 5282 :
2445 5226 2517 5280 ita
2537 5232 2592 5278 et
2622 5222 2708 5275 hic
2738 5216 3037 5274 faciendum
3062 5223 3165 5280 est,
3201 5222 3260 5267 et
3278 5225 3339 5265 os
3367 5219 3611 5264 nostrum

2001 5325 2069 5379 ad
2104 5321 2444 5394 precationes
2473 5315 2624 5386 quasi
2653 5313 2719 5367 ad
2745 5325 2944 5382 prunas
2975 5303 3392 5368 admovendum,
3423 5310 3480 5355 ut
3509 5298 3612 5355 hoc

1989 5425 2164 5487 pacto
2197 5427 2349 5468 mens
2392 5409 2458 5464 ad
2491 5408 2745 5478 pietatem
2777 5415 2990 5457 rursum
3039 5395 3367 5452 accendatur
3434 5391 3615 5446 imite-

2009 5525 2128 5563 mur
2176 5507 2336 5561 etiam
2387 5503 2568 5556 fabros
2616 5493 2990 5552 cmmentarios
3040 5508 3052 5544 :
3107 5487 3160 5541 hi
3210 5485 3352 5542 enim
3405 5481 3617 5551 quoties

2010 5599 2275 5655 lateritius
2326 5595 2501 5664 paries
2542 5585 2961 5643 cxiedilieandus
3005 5588 3110 5646 est,
3154 5579 3227 5632 ob
3273 5574 3618 5645 fragilitatem

2075 5735 2147 5795 (a)
2179 5740 2250 5782 De
2295 5737 2409 5795 potu
2452 5735 2590 5788 aqua?
2623 5719 2794 5795 calida
2831 5720 2879 5767 in
2912 5715 3128 5795 Samiam
3160 5711 3464 5795 moittionﬂn
3509 5702 3625 5795 lae-il

2009 5769 2249 5850 Jtlgiiitti’su
2273 5769 2409 5841 limi.“
2429 5769 2830 5847 cuit-ivtt‘rypltutte
2860 5795 2904 5842 ιι.
2931 5780 3056 5835 ﬁlii;
3085 5777 3161 5825 hic
3184 5780 3348 5822 autem
3371 5769 3433 5818 de
3453 5769 3622 5832 quoti-

2014 5861 2155 5912 diana
2175 5870 2263 5907 usu
2291 5855 2464 5915 agitur.
