4066 6430
501 415 608 474 667

1283 404 1338 460 S.
1379 400 1657 460 JOANNIS
1693 390 2174 456 CIIRYSOSTOH
2210 391 2526 452 ARClilEP.
2569 385 3104 454 CONSTANTINOP.

3692 394 3802 454 668

498 525 742 584 materia
784 540 908 581 eum
937 521 1108 592 longis
1136 519 1300 590 lignis
1328 519 1619 589 stringunt,
1653 515 1814 586 idque
1841 528 1947 567 non
1994 525 2091 579 per
2205 520 2260 566 et
2287 511 2498 568 victima
2532 529 2548 565 :
2579 523 2634 568 tu
2665 513 2781 582 ipse
2808 522 2864 570 et
2902 513 3092 581 altare,
3119 520 3174 568 et
3199 509 3470 575 sacerdos.
3496 519 3552 568 et
3577 513 3797 569 victima

499 619 658 690 longa
685 614 984 675 interstitia.
1016 610 1108 665 sed
1135 625 1234 681 per
1277 607 1507 673 modica,
1538 616 1595 661 ut
1633 617 1916 673 compages
1955 602 2089 655 late-

502 725 623 764 rum
669 706 832 761 tutior
859 703 930 757 sit
967 701 1042 757 ob
1080 702 1346 772 lignorum
1392 697 1768 768 frequentiam.
1797 693 1940 748 Idem
1973 693 2086 760 ipse

498 811 709 869 quoque
738 795 920 860 facito,
951 802 1006 848 et
1033 794 1172 848 sicut
1193 791 1267 846 illi
1293 788 1632 859 ligaminibus
1659 784 1850 856 ligneis
1881 782 1980 856 (a),
2013 782 2082 835 ita

498 902 553 944 tu
582 888 930 944 saecularibus
970 885 1198 956 negotiis
1225 882 1561 953 precationes
1585 880 1802 934 crebras
1841 876 2086 946 interpo-

497 993 653 1045 nens,
680 980 845 1033 vitam
877 987 1022 1033 tuam
1047 976 1148 1030 hoc
1175 984 1336 1044 pacto
1363 972 1591 1025 munias.
1618 968 1768 1036 Quod
1799 968 1843 1021 si
1865 965 2081 1030 feceris,

494 1072 706 1128 etiamsi
734 1071 976 1141 plurima:
1009 1061 1256 1138 procellae
1283 1065 1554 1135 ingruant,
1583 1062 1697 1116 sive
1724 1060 2043 1115 tentationes
2063 1097 2078 1123 ,

503 1167 617 1221 sive
639 1164 927 1226 maestitiae,
956 1164 1069 1217 sive
1089 1158 1438 1230 cogitationes
1457 1155 1723 1219 molestae,
1744 1153 1857 1209 sive
1873 1149 2084 1221 quidvis

495 1256 663 1321 aliud,
695 1253 824 1309 nihil
851 1252 1084 1322 dejicere
1131 1251 1324 1321 poterit
1349 1249 1566 1303 domum
1595 1255 1701 1300 tam
1728 1242 1931 1300 crebris
1959 1256 2082 1311 pre-

498 1350 804 1404 cationibus
846 1345 1065 1415 ligatam
1093 1353 1251 1411 atque
1286 1340 1567 1394 munitam.
1617 1338 1790 1400 Dices,
1820 1333 1921 1399 Qui
1967 1331 2082 1386 fieri

493 1447 669 1510 potest
699 1445 758 1492 ut
785 1437 947 1491 homo
972 1433 1262 1514 smcplaris,
1292 1429 1592 1486 forensibus
1613 1426 1838 1496 negotiis
1863 1423 2075 1489 afﬁxus,

493 1531 663 1585 tribus
694 1529 841 1583 horis
866 1526 970 1582 diei
1019 1532 1287 1594 precetur,
1327 1531 1384 1581 et
1428 1521 1494 1575 ad
1537 1518 1820 1574 ecclesiam
1863 1515 2080 1570 currat?

498 1623 700 1687 Potest,
733 1628 788 1675 et
815 1618 967 1672 facile
994 1624 1078 1672 est
1109 1631 1124 1681 ;
1151 1615 1274 1670 licet
1293 1616 1437 1669 enim
1459 1613 1525 1667 ad
1547 1611 1832 1667 ecclesiam
1861 1623 2080 1664 currere

494 1727 603 1766 non
632 1712 700 1765 sit
741 1708 1106 1772 commodum,
1156 1713 1328 1775 potest
1377 1705 1503 1759 inibi
1553 1704 1605 1757 in
1641 1687 1769 1756 ’foro
1812 1701 2080 1769 curizeqne

493 1801 758 1858 vestibulo
807 1800 1016 1856 haerens
1046 1795 1391 1853 nihilominus
1420 1796 1624 1864 precari
1657 1813 1669 1848 :
1697 1792 1764 1847 ad
1808 1791 1910 1847 hoc
1935 1791 2077 1845 enim

491 1903 671 1950 mente
699 1894 867 1965 magis
893 1905 1028 1962 opus
1054 1899 1136 1946 est
1162 1904 1320 1960 quam
1351 1902 1502 1952 voce,
1525 1885 1689 1941 animi
1734 1883 2078 1939 contentione

491 1986 659 2056 magis
700 2000 858 2055 quam
903 1993 1157 2038 manuum
1203 1978 1562 2036 extensione:
1610 1991 1710 2032 nec
1761 1984 1868 2029 tam
1915 1973 2078 2029 refert

485 2092 599 2148 quo
624 2074 864 2147 corporis
886 2072 1072 2129 habitu
1103 2069 1156 2127 id
1183 2068 1370 2137 facias,
1395 2082 1554 2140 quam
1595 2081 1703 2138 quo
1726 2065 1918 2121 animm
1943 2063 2076 2118 aﬂ'e-

486 2174 577 2227 dtu
612 2185 626 2220 :
656 2164 1085 2236 quandoquidem
1126 2171 1182 2218 et
1224 2162 1338 2232 ipsa
1383 2161 1536 2216 Anna
1567 2173 1674 2213 non
1704 2156 1773 2212 ob
1809 2156 2076 2212 iutensam

487 2260 947 2322 vaciferationem,
992 2256 1086 2312 sed
1131 2255 1203 2310 ob
1248 2254 1518 2309 internum
1565 2249 1743 2306 cordis
1785 2248 2074 2303 clamorem

486 2349 731 2406 eaaudita
760 2356 861 2404 est.
895 2347 1034 2402 Dicit
1059 2345 1201 2402 enim
1231 2341 1524 2413 Scriptura,
1577 2338 1690 2394 Vox
1711 2339 1822 2409 ejus
1853 2353 1954 2399 non
1980 2352 2075 2391 att-

487 2439 737 2502 diebalur,
779 2448 826 2493 et
856 2435 1108 2491 Dominus
1146 2433 1401 2489 exaudiuit
1451 2447 1564 2486 eam
1607 2430 1685 2500 (Ι.
1730 2427 1858 2500 Reg.
1895 2427 1946 2482 Ι.
1981 2426 2070 2481 13.

485 2531 613 2600 19).
665 2529 777 2584 Hoc
804 2535 860 2584 et
907 2527 1000 2581 alii
1049 2525 1200 2580 multi
1248 2537 1392 2593 saepe
1437 2523 1696 2584 fecerunt,
1724 2527 1780 2574 et
1806 2518 2073 2572 clamante

483 2622 628 2676 inus
658 2619 992 2691 magistratu,
1037 2616 1296 2681 minante,
1325 2621 1665 2682 exasperato,
1695 2609 1924 2675 furente,
1970 2607 2070 2677 ipsi

481 2721 583 2783 pro
611 2711 810 2767 foribus
852 2710 1016 2766 curia!
1045 2715 1282 2770 stantes,
1317 2711 1599 2775 postquam
1627 2717 1688 2757 se
1728 2714 1884 2756 sacro
1911 2697 2066 2768 signo

488 2803 808 2866 munissent,
839 2809 895 2856 et
921 2812 1088 2870 pauca
1126 2797 1179 2852 in
1208 2795 1389 2851 animo
1415 2793 1635 2864 precati,
1666 2791 1976 2859 introgressi
2001 2789 2069 2844 ad

481 2907 606 2948 eum
638 2900 974 2947 mutaverunt
999 2889 1294 2953 hominem,
1324 2901 1389 2942 ac
1412 2885 1805 2954 mitigaverunt,
1831 2891 1886 2937 et
1919 2896 2080 2949 man:

480 2993 693 3040 suetum
718 2998 785 3039 ex
812 2995 1006 3053 aspero
1033 2979 1379 3036 reddiderunt
1408 2994 1423 3032 :
1449 2990 1624 3047 neque
1649 2975 1752 3030 illis
1777 2983 1870 3028 aut
1894 2973 2064 3042 locus,

480 3082 573 3131 aut
597 3082 828 3146 tempus,
851 3080 945 3128 aut
965 3070 1237 3128 silentium
1266 3067 1334 3126 ad
1366 3065 1689 3140 precandum
1715 3063 1810 3119 fuit
1840 3063 2066 3140 impedi-

481 3176 686 3223 mento.

550 3258 605 3312 6.
638 3257 751 3313 llnc
776 3255 937 3311 etiam
969 3264 1025 3310 tu
1071 3253 1230 3310 facito
1259 3273 1273 3310 :
1303 3250 1592 3324 ingemisce
1630 3264 1834 3316 nutare,
1863 3247 1918 3304 in
1946 3262 2063 3304 me-

480 3347 704 3404 moriam
754 3361 947 3403 revoca
994 3355 1079 3400 tua
1111 3343 1347 3416 peccata,
1391 3342 1606 3413 suspice
1651 3341 1706 3397 in
1735 3340 1950 3408 caelum,
1977 3338 2068 3396 dic

478 3437 536 3493 ia
561 3445 762 3500 mente,
793 3434 1039 3491 Miserere
1068 3435 1186 3499 arei,
1223 3433 1383 3499 Deus,
1413 3442 1469 3489 et
1494 3433 1770 3489 absolvistl
1797 3432 2062 3503 precatio-

476 3541 623 3582 nem.
650 3525 751 3594 Qui
774 3525 918 3582 enim
938 3524 1091 3593 dicit,
1118 3523 1380 3589 Miserere,
1406 3523 1793 3580 confessionem
1813 3521 1991 3589 offert,
2009 3531 2066 3578 et

480 3627 758 3687 peccatum
776 3632 939 3688 suum
968 3615 1209 3687 agnoscit
1240 3635 1255 3672 :
1286 3615 1552 3687 lapsorum
1577 3614 1721 3671 enim
1749 3623 1833 3670 est
1853 3613 2064 3670 miseri-

474 3707 712 3763 cordiam
743 3709 1034 3778 requirere.
1064 3706 1166 3776 Qui
1191 3707 1340 3772 dicit,
1376 3707 1620 3763 Miserere
1640 3708 1759 3774 etei,
1781 3707 2060 3762 remissio-

477 3812 606 3853 nem
649 3796 965 3853 delictorum
1009 3798 1218 3868 accepit
1262 3818 1276 3854 :
1319 3797 1408 3867 qui
1456 3799 1600 3853 enim
1644 3797 2064 3854 misericordiam

474 3897 838 3961 consequutus
856 3898 960 3957 est,
991 3905 1098 3945 non
1123 3891 1359 3960 punitur.
1385 3889 1488 3958 Qui
1507 3889 1655 3956 dicit,
1683 3889 1924 3945 liserere
1940 3890 2062 3958 mei,

475 3974 699 4055 regnum
741 3982 996 4038 caelorum
1046 3982 1277 4038 obtinuit
1307 4003 1322 4039 :
1349 3974 1514 4054 quem
1542 3981 1686 4038 enim
1730 3981 1869 4038 Deus
1898 3982 2063 4040 mise-

474 4084 647 4143 ratur,
666 4088 775 4131 non
799 4089 831 4129 a
858 4089 1015 4146 pana
1033 4073 1206 4130 solum
1230 4075 1436 4143 liberat,
1462 4073 1558 4130 sed
1584 4075 1880 4130 futurorum
1901 4075 2062 4131 etiam

478 4164 741 4221 bonorum
766 4165 1106 4236 possessione
1131 4163 1398 4237 dignatur.
2047 4171 2051 4175 '

549 4252 740 4310 Procul
760 4271 794 4309 α
821 4255 1005 4324 ιεπιριο
1032 4255 1257 4323 habitare
1283 4252 1349 4311 nrt
1376 4264 1573 4311 mea
1602 4271 1703 4310 non
1727 4255 2058 4322 accedentes;

476 4346 663 4418 ubique
687 4361 837 4400 orare
856 4361 1140 4415 possumus.
1155 4345 1318 4401 —Ne
1339 4345 1499 4417 igitur
1518 4346 1893 4411 excusationes
1913 4361 2062 4416 qua:-

478 4450 661 4492 ramus
704 4435 932 4506 dicendo
985 4451 1091 4491 non
1144 4451 1266 4492 esse
1333 4437 1685 4507 propinquam
1739 4436 2062 4507 precationis

475 4526 644 4583 adem
676 4547 689 4583 :
717 4542 816 4583 nos
859 4528 1001 4584 enim
1048 4528 1211 4599 ipsos,
1251 4529 1296 4584 si
1337 4529 1501 4585 sobrii
1547 4529 1826 4595 fuerimus,
1865 4530 2058 4600 templa

477 4617 574 4673 Dei
621 4615 748 4671 facit
795 4618 962 4688 gratia
1005 4618 1254 4688 Spiritus,
1286 4628 1343 4674 ut
1393 4635 1580 4690 magna
1629 4619 1868 4691 undique
1909 4621 2062 4676 nobis

478 4709 730 4780 necandi
762 4708 983 4765 facultas
1030 4711 1187 4765 adsit.
1228 4705 1412 4781 Neque
1458 4713 1599 4766 enim
1630 4712 1752 4766 talis
1791 4721 1875 4768 est
1918 4712 2060 4783 apud

479 4813 580 4855 nos
605 4798 818 4855 divinus
840 4801 1038 4867 cultus,
1065 4803 1239 4872 qualis
1264 4801 1531 4871 quondam
1555 4803 1696 4875 apud
1714 4802 1927 4860 Judr'eos
1947 4813 2062 4860 erat

477 4892 705 4948 tnultum
731 4891 934 4948 habens
961 4892 1292 4948 sensibilium
1319 4894 1764 4962 ceremoniarum,
1793 4893 2064 4966 multaque

476 4983 787 5053 operatione
833 4982 1096 5055 indigens.
1143 4983 1256 5040 Illic
1289 4996 1625 5056 precaturum
1675 4987 1957 5056 oportebat
1995 4987 2062 5044 ad

475 5074 730 5144 templum
755 5075 1066 5144 ascendere,
1095 5082 1357 5132 turturem
1385 5093 1588 5144 emere,
1619 5079 1759 5150 ligna
1802 5088 1857 5134 et
1885 5078 2061 5150 ignem

477 5163 545 5218 ad
571 5177 761 5220 manus
789 5164 1005 5232 habere,
1033 5176 1248 5236 arrepto
1268 5167 1442 5222 cultro
1460 5167 1612 5223 altari
1633 5171 1904 5234 assistere,
1932 5169 2064 5225 alia-

472 5273 580 5328 que
618 5259 780 5314 multa
825 5269 1091 5332 przecepta
1144 5259 1402 5332 perficere
1433 5278 1448 5316 :
1476 5260 1562 5318 hic
1607 5261 1736 5318 nihil
1782 5262 1906 5325 tale,
1954 5263 2051 5320 sed

477 5349 803 5423 ubicumque
830 5349 1018 5421 fueris,
1048 5361 1247 5425 prcsto
1273 5351 1368 5409 tibi
1385 5363 1466 5410 est
1490 5361 1546 5409 et
1573 5353 1758 5421 altare,
1787 5363 1843 5411 et
1867 5353 2060 5423 culter,

537 5524 760 5604 tam!!!
1305 5527 1876 5604 ωυειει.ριι›ι›ωγιψιεν
1892 5537 1950 5604 κει
1967 5543 2062 5604 sm

475 5588 758 5638 tcuituonio
791 5595 976 5638 tanttun
1001 5588 1290 5655 Hei-onymi,
1321 5591 1412 5641 sed
1437 5588 1586 5640 etiam
1603 5589 1830 5653 exempto
1853 5592 2062 5655 quodam

477 5659 542 5715 ea
564 5649 824 5702 ruderum
838 5652 993 5715 petito
1419 5653 1466 5703 in
1491 5652 1613 5701 libro
1636 5651 1948 5715 Antiquitatis
1969 5666 2062 5704 ex-

475 5712 688 5774 planata:
733 5721 790 5763 es
838 5711 1172 5784 schematum
1191 5713 1460 5775 “lustrate,
1482 5720 1614 5764 Tum.
1638 5711 1778 5779 3..p.'
1795 5714 1908 5775 3m,
1930 5727 2062 5778 φη.

479 5778 530 5827 nl
550 5770 713 5834 fallor,
726 5773 854 5824 lectu
869 5773 1014 5838 digna
1030 5783 1162 5825 sunt.

2197 620 2277 660 es.
2311 605 2642 677 Ubicumque
2670 607 2812 662 enim
2843 606 3030 672 fueris,
3070 615 3233 676 potes
3277 605 3484 678 erigere
3523 604 3719 668 altare.
3749 605 3798 663 si

2196 697 2432 753 sobriam
2477 698 2638 754 modo
2679 698 3004 753 voluntatem
3053 697 3270 762 afferas,
3299 712 3399 752 nec
3425 705 3476 752 te
3520 706 3616 751 aut
3644 697 3799 754 locus

2195 801 2289 847 aut
2317 799 2531 862 tempus
2577 790 2816 862 impedit,
2860 790 2953 861 sed
2982 789 3192 846 etiamsi
3219 804 3321 845 nec
3362 805 3536 860 genua
3563 789 3753 845 ﬂectas
3777 829 3793 854 ,

2197 898 2296 939 nec
2339 892 2526 954 pectus
2555 883 2768 950 tundas,
2806 898 2906 939 nec
2934 897 3126 938 manus
3165 882 3233 938 ad
3262 882 3454 938 aetum
3502 881 3717 948 tendas,
3749 881 3796 936 si

2190 984 2427 1032 mentem
2468 974 2643 1031 solum
2671 975 2873 1032 aﬂeras
2914 969 3190 1037 fervidam,
3222 973 3356 1028 nihil
3382 973 3476 1028 tibi
3502 974 3569 1028 ad
3600 988 3793 1044 preca-

2194 1069 2391 1122 tionem
2419 1066 2611 1122 deerit.
2659 1067 2810 1123 Licet
2839 1068 2999 1122 etiam
3029 1065 3238 1122 mulieri
3263 1065 3439 1121 colum
3467 1065 3672 1120 tenenti
3698 1075 3794 1119 aut

2189 1157 2350 1212 telam
2380 1158 2579 1214 terenti
2623 1165 2807 1212 mente
2847 1157 3120 1226 suspicere
3150 1155 3204 1211 in
3253 1155 3465 1222 caelum,
3492 1165 3548 1210 et
3575 1153 3790 1209 ardenti

2187 1255 2406 1318 pectore
2433 1246 2616 1302 Deum‘
2631 1247 2882 1302 invocare
2913 1265 2929 1302 :
2961 1246 3084 1302 licet
3109 1247 3270 1301 etiam
3301 1245 3416 1302 viro
3442 1245 3497 1301 in
3522 1244 3644 1301 foro
3668 1259 3793 1300 ver-

2186 1339 2326 1394 santi
2363 1347 2456 1394 aut
2498 1339 2602 1396 iter
2629 1324 2845 1394 facienti
2883 1345 3086 1393 attente
3113 1337 3320 1410 precari
3351 1353 3367 1392 :
3396 1337 3556 1393 alteri
3600 1336 3788 1392 itidem

2187 1430 2239 1483 in
2266 1430 2478 1485 officina
2507 1429 2714 1485 sedenti
2757 1444 2823 1484 ac
2845 1429 2992 1484 coria
3035 1429 3210 1484 suenti
3239 1428 3472 1483 animam
3501 1427 3570 1482 ad
3596 1427 3786 1483 Domi-

2185 1539 2314 1578 num
2345 1524 2552 1593 erigere
2580 1539 2595 1575 :
2625 1522 2750 1578 licet
2775 1536 2934 1576 servo
2959 1521 3262 1588 obsonanti,
3291 1535 3357 1576 ac
3381 1535 3596 1576 sursum
3625 1519 3790 1575 deor-

2184 1631 2304 1686 sum
2337 1609 2638 1679 cursitanti,
2668 1613 2751 1669 vel
2781 1613 2835 1669 in
2865 1614 3039 1669 culina
3064 1612 3408 1679 ministranti,
3439 1612 3484 1667 si
3514 1627 3623 1689 qon
3655 1611 3785 1667 licet

2183 1707 2331 1762 adire
2354 1705 2660 1772 ecclesiam,
2683 1704 3047 1775 precationem
3069 1704 3326 1759 intentam
3346 1718 3410 1760 ex
3433 1703 3542 1758 imo
3563 1712 3790 1774 pectore

2182 1799 2342 1856 ciere.
2388 1798 2502 1854 Non
2554 1797 2718 1868 pudet
2765 1797 2866 1853 loci
2909 1797 3076 1852 Deum
3106 1813 3121 1851 :
3149 1811 3314 1852 unum
3345 1797 3600 1867 postulat,
3627 1811 3786 1851 men-

2183 1899 2288 1945 tem
2317 1888 2611 1944 ferventem
2631 1880 2983 1957 animamque
2995 1885 3312 1942 modestam.
3341 1887 3409 1942 Et
3427 1895 3488 1942 ut
3507 1888 3651 1942 scias
3671 1903 3783 1942 non

2186 1979 2366 2052 habitu
2396 1986 2491 2033 aut
2533 1977 2770 2034 locorum
2819 1986 3189 2048 temporumve
3232 1977 3630 2046 opportunitate
3656 1991 3785 2033 esse

2180 2069 2335 2139 opus,
2369 2067 2463 2124 sed
2507 2069 2690 2123 animo
2739 2068 2909 2138 probo
2945 2083 3008 2121 ac
3039 2067 3204 2138 vigili,
3251 2067 3446 2123 Paulus
3472 2068 3697 2138 supinus
3723 2069 3781 2124 in

2179 2176 2396 2219 carcere
2419 2161 2624 2232 jacens,
2652 2175 2757 2214 non
2788 2169 3001 2215 erectus
3026 2168 3177 2215 stans
3204 2159 3226 2230 (
3251 2174 3424 2230 neque
3447 2160 3593 2214 enim
3621 2175 3779 2215 com-

2179 2269 2274 2324 pes
2316 2254 2490 2324 lignea
2535 2251 2924 2322 permittebat),
2969 2251 3219 2320 quoniam
3265 2265 3454 2322 magna
3502 2250 3782 2306 alacritate

2177 2341 2494 2412 precabatur
2515 2341 2721 2411 iacens,
2752 2353 3023 2396 carcerem
3067 2340 3353 2405 concussit,
3396 2338 3618 2410 ejusque
3650 2338 3776 2394 fun-

2173 2434 2422 2498 damenta
2451 2431 2761 2498 commovit,
2791 2441 2847 2489 et
2887 2431 3161 2488 custodem
3208 2432 3415 2498 terruit,
3442 2446 3507 2488 ac
3533 2449 3661 2488 mox
3687 2433 3777 2488 in-

2175 2529 2385 2583 itiatum
2412 2527 2480 2584 ad
2505 2527 2759 2600 mysteria
2785 2540 2935 2582 sacra
2962 2524 3207 2596 perduxit
3230 2524 3365 2597 (Act.
3395 2524 3508 2595 16).
3539 2524 3774 2580 Rursum

2175 2618 2434 2674 Ezechias
2459 2619 2550 2674 ille
2571 2633 2677 2673 non
2708 2627 2922 2674 erectus
2947 2626 3097 2672 stans
3120 2632 3294 2688 neque
3320 2616 3544 2687 genibus
3571 2615 3725 2672 ﬂexis
3752 2658 3768 2681 ,

2177 2711 2275 2768 sed
2304 2710 2528 2781 supinus
2557 2711 2610 2768 in
2637 2710 2776 2765 lecto
2793 2708 2996 2764 cubans
3015 2706 3085 2763 ob
3113 2707 3498 2773 inrmitatem,
3523 2722 3680 2763 versa
3703 2707 3770 2761 ad

2172 2805 2432 2875 parietem
2454 2802 2607 2867 facie,
2627 2802 2878 2873 quoniam
2907 2799 3160 2856 ardenter
3176 2808 3230 2854 et
3247 2797 3564 2869 temperanti
3588 2798 3772 2855 animo

2172 2896 2338 2952 Dirum
2365 2894 2651 2961 invocavit,
2682 2894 3004 2949 sententiam
3032 2890 3294 2946 adversus
3321 2904 3383 2946 se
3411 2889 3579 2945 latam
3606 2905 3770 2946 revo-

2170 2988 2331 3055 cavit,
2357 3001 2601 3057 magnam
2623 2985 2723 3040 sibi
2744 2983 2968 3056 gratiam
2989 2981 3312 3058 epnciliavit,
3337 2991 3391 3036 et
3415 2980 3468 3036 in
3485 2980 3769 3051 pristinam

2169 3077 2449 3135 restitutus
2470 3084 2556 3133 est
2578 3075 2861 3131 sanitatem
2887 3074 2967 3144 (4.
3017 3071 3144 3142 Reg.
3180 3071 3295 3142 ΞΟ).
3322 3071 3432 3127 Nec
3449 3058 3624 3127 solum
3650 3087 3770 3126 ma-

2169 3169 2289 3239 gnis
2323 3177 2378 3223 et
2417 3165 2616 3244 sanctis
2653 3163 2783 3220 viris
2809 3163 2913 3219 hoc
2935 3161 3225 3233 contigisse
3249 3161 3461 3227 videas,
3489 3160 3584 3222 sed
3611 3160 3770 3216 ntalis

2169 3260 2352 3317 etiam.
2380 3257 2512 3313 Nam
2540 3267 2597 3313 et
2636 3256 2773 3312 latro
2801 3255 2912 3322 ille,
2962 3269 3070 3310 non
3113 3263 3264 3310 stans
3291 3255 3344 3309 in
3385 3254 3645 3320 oratorio,
3675 3265 3769 3311 aut

2167 3365 2341 3422 genua
2367 3347 2608 3414 ﬂectens,
2635 3347 2730 3402 sed
2760 3345 2814 3401 in
2856 3359 3018 3400 cruce
3041 3343 3334 3411 distensus,
3380 3343 3562 3412 paucis
3586 3342 3769 3401 verbis

2173 3457 2397 3515 regnum
2424 3440 2678 3495 calorum
2709 3436 3018 3508 impetravit
3045 3434 3197 3507 (Lac.
3226 3435 3317 3492 2‘5.
3353 3433 3446 3491 Β.
3471 3433 3566 3508 l3)
3590 3452 3603 3490 :
3625 3436 3767 3491 alius

2167 3535 2222 3590 in
2253 3533 2426 3589 lacum
2451 3544 2728 3588 caenosum
2771 3529 3071 3598 coniectus,
3097 3527 3235 3582 alius
3259 3517 3315 3581 fn
3345 3523 3550 3580 foveam
3576 3523 3768 3581 bestiis

2166 3627 2409 3698 obiectus
2433 3665 2449 3690 ,
2496 3624 2635 3679 alius
2681 3621 2786 3677 ceti
2835 3620 2958 3676 alvo
3005 3620 3314 3686 concinam,
3365 3618 3610 3673 invocato
3653 3617 3768 3674 Deo

2167 3718 2308 3774 mala
2340 3715 2589 3772 instantia
2612 3747 2615 3750 -
2636 3713 3024 3778 discusserunt,
3068 3710 3410 3781 divinamque
3437 3710 3539 3766 sibi
3579 3709 3767 3767 conci-

2167 3805 2365 3868 liarunt
2389 3807 2838 3867 benevolentiam.
2874 3806 2989 3861 Hoc
3014 3819 3267 3862 sermone
3292 3803 3480 3861 hortor
3504 3812 3563 3861 ut
3585 3805 3766 3861 conti-

2167 3919 2272 3960 nue
2293 3900 2644 3971 frequentetis
2665 3897 2943 3964 ecclesias,
2964 3904 3017 3953 el
3043 3895 3192 3952 domi
3219 3910 3342 3951 cum
3365 3909 3556 3966 magna
3581 3895 3768 3966 quiete

2169 3990 2460 4062 precemini
2487 4006 2583 4061 per
2607 3989 2800 4054 otium,
2827 4001 2998 4058 genua
3024 3985 3322 4051 ﬂecwntcs,
3350 3999 3651 4055 manusque
3675 3993 3766 4042 at-

2168 4083 2450 4139 tollentes:
2470 4079 2614 4152 quod
2635 4079 2679 4134 si
2703 4087 2917 4148 tempus
2939 4085 3030 4132 aut
3054 4076 3208 4132 locus
3227 4088 3326 4131 nos
3354 4075 3406 4130 in
3423 4074 3767 4133 multitudine

2167 4172 2441 4230 hominum
2486 4149 2850 4239 deprehendat
2869 4207 2889 4237 ,
2921 4181 3028 4223 non
3073 4174 3160 4223 est
3185 4164 3258 4221 ob
3291 4165 3396 4222 hoc
3418 4181 3449 4221 a
3487 4166 3764 4222 consuetis

2165 4263 2501 4322 orationibus
2527 4261 2872 4327 cessandum,
2899 4259 2994 4316 sed
3023 4259 3096 4315 ita
3125 4269 3184 4315 ut
3210 4267 3442 4315 vestram
3479 4259 3761 4315 caritatem

2166 4342 2371 4416 monui.
2394 4351 2685 4424 precamini
2703 4360 2758 4408 et
2779 4352 3024 4406 invocate
3046 4350 3238 4416 Deum,
3259 4349 3392 4404 certi
3415 4349 3766 4407 nihilominus

2169 4447 2257 4502 tali
2287 4445 2598 4520 precatione
2617 4452 2796 4514 optata
2823 4455 2919 4498 vos
2938 4441 3338 4512 impetraturos.
3363 4438 3480 4495 Non
3502 4439 3620 4496 ham
3640 4441 3766 4497 ideo

2170 4540 2277 4596 dixi
2305 4549 2364 4595 ut
2386 4536 2722 4610 applaudatis
2749 4543 2802 4592 et
2845 4533 3092 4596 laudetis,
3117 4529 3212 4588 sed
3255 4539 3306 4586 et
3334 4545 3498 4602 opere
3525 4547 3588 4588 ea
3621 4548 3764 4602 pne-

2171 4632 2344 4700 stetis,
2373 4639 2541 4702 utque
2567 4638 2675 4685 tam
2705 4635 3023 4683 nocturnum
3051 4637 3210 4694 quam
3248 4621 3497 4678 diurnum
3545 4632 3603 4678 et
3627 4637 3761 4693 ope-

2167 4721 2318 4779 randi
2347 4732 2558 4792 tempus
2583 4719 2724 4774 votis
2751 4731 2817 4774 ae
2859 4714 3256 4788 precationibus
3279 4713 3576 4783 occupetis.
3605 4712 3764 4779 ριωά

2165 4811 2211 4867 si
2243 4827 2334 4867 res
2357 4821 2570 4866 nostras
2594 4809 2675 4864 sic
2700 4805 3144 4877 disposuerimus,
3171 4811 3229 4859 et
3250 4812 3571 4874 praesentem
3598 4802 3764 4858 vitam

2169 4911 2282 4958 tuto
2311 4901 2703 4970 transigemus,
2749 4906 2805 4953 et
2843 4895 3058 4954 caleste
3103 4907 3326 4965 regnum
3363 4905 3717 4962 assequemur
3747 4908 3764 4948 :

2165 5008 2276 5066 quo
2321 4992 2477 5048 nobis
2503 4988 2751 5046 omnibus
2782 4986 3062 5058 pervenire
3090 4984 3264 5051 detur,
3307 4981 3476 5066 gratia
3519 4989 3576 5037 et
3607 4981 3769 5039 beni-

2165 5063 2368 5157 gnitate
2392 5083 2600 5140 Domini
2646 5078 2815 5136 nostri
2843 5078 2971 5135 Iesu
2995 5075 3218 5144 Christi,
3250 5091 3346 5146 per
3370 5063 3531 5146 quc
3558 5083 3615 5130 et
3635 5093 3771 5134 t'lltlt

2166 5192 2273 5250 quo
2303 5176 2444 5232 Patri
2473 5174 2665 5245 gloria,
2693 5169 2850 5227 simul
2891 5183 3015 5226 cum
3056 5176 3244 5223 sancto
3287 5167 3511 5236 Spiritu,
3537 5174 3771 5225 nuucet

2167 5283 2401 5341 semper,
2423 5275 2479 5324 et
2503 5264 2558 5321 in
2582 5263 2776 5320 saeuis
2805 5260 3147 5318 mulorum.
3175 5257 3370 5315 Amen.
3769 5273 3786 5286 π
