4066 6444
294 343 402 399 067

293 465 458 532 τικάς
504 464 733 539 πράξεις
789 465 1033 528 ἁπάσας,
1080 464 1336 536 καθάπερ
1397 465 1734 534 ἱμαντώσεσί
1792 479 1906 516 τισι

295 553 493 621 ξύλων,
518 559 586 627 τῇ
620 555 872 626 συνεχείᾳ
917 554 1028 608 τῶν
1059 553 1237 624 εὐχῶν
1265 553 1676 624 διαλαμϐάνων,
1714 553 1906 608 πάντα·

293 650 388 703 θέν
414 665 512 702 σου
541 648 888 720 περίφραξον
914 647 1014 718 τὴν
1044 647 1209 719 ζωήν.
1235 649 1333 702 "Av
1359 647 1541 700 τοίνυν
1557 647 1701 699 οὕτω
1721 648 1904 716 ποιῇς,

293 743 400 796 κᾶν
436 741 623 814 μυρίοι
641 738 952 795 πνεύσωσιν
983 741 1176 811 ἀνεμοι
1201 740 1411 802 λοιπὸν,
1443 740 1546 794 κάν
1577 740 1893 810 πειρασμοέ

292 836 396 888 κάν
430 833 683 904 ἀθυμίαι,
711 833 816 887 κάν
851 833 1104 904 λογισμοί
1145 850 1290 896 τινες
1336 833 1542 902 ἀηδεῖς,
1578 832 1684 886 κᾶν
1717 832 1902 885 ὁτιοῦν

289 923 492 996 ἐπέλθῃ
553 923 748 987 δεινὸν,
780 923 841 977 οὐ
874 924 1166 994 δυνήσεται
1214 923 1546 976 καταϐαλεῖν
1575 922 1674 994 τὴν
1720 922 1900 976 οἰκίαν

286 1015 508 1086 ἐκείνην
524 1018 760 1079 πυκναῖς
785 1011 961 1078 οὕτως
986 1015 1174 1086 εὐχαῖς
1198 1013 1612 1085 συνδεδεμένην.
1644 1012 1747 1067 Kal
1781 1015 1899 1080 πῶς

285 1106 536 1174 δυνατὸν,
606 1107 792 1178 φησὶν,
855 1105 1146 1178 ἄνθρωπον
1210 1107 1504 1175 βιωτικὸν,
1555 1107 1898 1178 δικαστηρίῳ

287 1198 734 1270 προσηλωμένον,
757 1197 899 1252 κατά
914 1200 1064 1270 τρεῖς
1082 1198 1232 1270 ῶρας
1259 1197 1516 1269 εὔχεσθαι
1530 1199 1630 1270 τῆς
1656 1200 1892 1270 ἡμέρας,

286 1291 382 1344 καὶ
423 1291 505 1353 εἰς
536 1288 834 1361 ἐκκλησίαν
873 1289 1191 1362 ἐκτρέχεινς
1240 1289 1501 1354 Δυνατὸν,
1554 1289 1649 1343 καὶ
1685 1288 1894 1360 σφόδρα

282 1381 529 1436 εὔκολον·
573 1382 680 1436 κάν
710 1383 821 1454 7&9
855 1383 938 1444 εἰς
966 1381 1268 1450 ἐκκλησίαν
1315 1381 1544 1452 δραμεῖν
1575 1378 1650 1453 μὴ
1685 1380 1889 1452 ῥᾴδιον,

282 1475 500 1530 ἐστῶτα
543 1474 660 1528 ἐκεῖ
702 1471 810 1545 πρὸ
860 1471 971 1526 τῶν
1017 1470 1222 1544 θυρῶν,
1271 1471 1366 1526 καὶ
1416 1471 1495 1544 τῷ
1551 1458 1891 1543 δικαστηρίιῷ

281 1566 713 1639 προσηλωμένον
741 1562 1006 1632 εὔξασθαι
1022 1563 1270 1619 δυνατόν’
1300 1563 1420 1624 οὐδὲ
1459 1564 1569 1636 7&9
1598 1560 1744 1618 οὕτω
1772 1582 1888 1634 φω-

279 1665 380 1733 νῆς
435 1660 620 1732 χρεία,
655 1658 732 1724 ὡς
760 1658 1021 1722 διανοίας,
1067 1657 1188 1713 οὐδὲ
1232 1658 1510 1721 ἐκτάσεως
1554 1657 1776 1729 χειρῶν,
1813 1656 1889 1722 ὡς

280 1752 691 1823 συντεταμένης
719 1751 922 1821 ψυχῆς,
947 1747 1070 1803 οὺδέ
1107 1749 1411 1820 σχήματος,
1443 1747 1582 1802 άλλά
1604 1750 1888 1819 φρονήμα-

276 1864 388 1912 τος·
423 1845 547 1899 ἐπεὶ
581 1844 676 1898 καὶ
707 1846 740 1915 ὴ
773 1845 941 1896 Ἅννα
968 1840 1130 1913 αὕτη,
1155 1841 1256 1894 οὐκ
1291 1837 1481 1910 ἐπειδὴ
1507 1839 1769 1912 λαμπράν
1790 1837 1886 1891 καὶ

281 1935 527 2006 μεγάλην
577 1933 761 2005 ἀφῆκε
813 1932 999 2004 φωνὴν
1031 1944 1079 1995 ι,
1135 1933 1224 1985 διά
1281 1931 1441 1986 τοῦτο
1481 1929 1734 2002 ἠκούετο,
1766 1929 1884 1984 ἀλλ’

273 2029 465 2101 ἐπειδὴ
491 2028 708 2100 μεγάλα
738 2026 888 2081 ἔνδον
914 2025 1056 2080 κατά
1083 2025 1186 2096 τὴν
1213 2024 1444 2096 καρδίαν
1475 2024 1634 2078 ἐϐόα.’
1674 2024 1737 2078 Ἡ
1765 2041 1883 2093 φω-

273 2122 353 2189 νὴ
386 2122 496 2190 γὰρ
527 2118 720 2188 αὐτῆς
748 2119 862 2172 οὐκ
902 2117 1179 2184 ἠκούετο,
1213 2116 1368 2186 φησι,
1416 2114 1517 2169 καί
1553 2115 1885 2182 εἰσήκουον

267 2212 468 2280 αὐτῆς
519 2214 553 2265 ό
604 2209 770 2276 Θεός.
817 2207 992 2262 Τοῦτο
1047 2209 1144 2261 καὶ
1191 2205 1345 2261 ἄλλοι
1395 2205 1582 2259 πολλοὶ
1621 2205 1882 2272 πολλάκις

270 2306 563 2374 ἐποίησαν,
596 2303 690 2355 xal
739 2300 973 2372 βοῶντος
1014 2299 1110 2353 τοῦ
1147 2299 1408 2370 ἄρχοντος
1459 2298 1693 2363 ἔνδοθεν,
1722 2299 1882 2353 ἀπει-

269 2395 514 2459 λοῦντος,
557 2391 985 2461 διατεινομένου,
1025 2389 1390 2461 μαινομένου,
1418 2389 1526 2460 πρὸ
1543 2388 1653 2443 τῶν
1695 2389 1880 2462 θυρῶν

269 2487 509 2550 έστῶτες
577 2483 1041 2557 σφραγισάμενοι,
1092 2482 1189 2537 καί
1236 2480 1397 2550 ὀλίγα
1463 2484 1688 2553 ῥήματα
1733 2483 1880 2538 κατά

266 2581 512 2635 διάνοιαν
541 2576 853 2648 εὐξάμενοι,
885 2573 1224 2638 εἰσελθόντες
1249 2573 1551 2645 μετέϐαλον
1583 2574 1750 2628 αὐτὸν
1783 2575 1878 2629 καὶ

267 2671 574 2743 ἐπράῦναν,
605 2668 701 2724 καὶ
720 2667 934 2738 ἥμερον
960 2666 1018 2732 ἐξ
1045 2665 1240 2738 ἀγρίου
1264 2666 1632 2737 κατέστησανο
1665 2669 1754 2721 καὶ
1785 2669 1877 2722 σὺ·

266 2765 358 2819 δέν
383 2761 509 2817 οὗτε
556 2760 666 2815 ἀπὸ
703 2758 800 2813 τοῦ
833 2759 1024 2822 τόπου,
1071 2757 1196 2812 οὔτε
1229 2758 1339 2813 ἀπὸ
1367 2759 1464 2813 τοῦ
1504 2758 1726 2831 καιροῦ,
1749 2759 1875 2817 οὔτε

269 2856 376 2910 ἀπὸ
397 2855 498 2926 τῆς
527 2852 687 2923 σιγῆς
713 2850 852 2924 πρὸς
878 2850 977 2922 τὴν
998 2851 1166 2922 εὐχήν
1186 2850 1393 2921 ταύτην
1423 2851 1872 2923 ἐνεποδίσθησαν.

319 2953 358 3005 ς
368 2955 400 3004 ’.
416 2945 593 3002 Τοῦτο
619 2944 685 3017 δὴ
706 2945 800 2999 καὶ
823 2945 888 2997 σὺ
912 2943 1159 3014 ποίησονο
1192 2942 1448 3010 στέναξον
1471 2943 1708 3014 πικρῶς,
1739 2946 1873 3000 ἀνα-

269 3036 544 3111 μνήσθητι
566 3034 677 3088 τῶν
703 3033 1121 3104 ἁμαρτημάτων
1139 3033 1251 3086 τῶν
1273 3033 1402 3098 σῶν,
1447 3033 1752 3104 ἀνάϐλεψον
1793 3036 1873 3100 εἰς

261 3131 357 3185 τὸν
372 3125 625 3199 οὐρανὸν,
650 3123 772 3179 εἰπέ
786 3121 931 3179 κατά
949 3123 1210 3178 διάνοιαν⁸
1229 3121 1631 3192 Ἑλέησόνμε.
1647 3127 1681 3178 ό
1703 3125 1871 3194 Θεὸς,

264 3219 361 3276 καὶ
391 3214 730 3291 ἀπήρτισταί
755 3231 848 3269 σου
871 3216 906 3285 ή
942 3214 1098 3285 εὐχή.
1116 3213 1177 3266 '0
1202 3213 1312 3284 7&9
1338 3212 1530 3279 εἰπὼν,
1549 3214 1869 3283 Ἐλέησον,

263 3311 659 3384 ἐξομολόγησιν
676 3303 1014 3371 ἐπεδείξατο,
1039 3304 1263 3359 καὶτῶν
1287 3305 1505 3360 οἰκείων
1528 3306 1872 3378 ἁμαρτημά-

259 3423 372 3460 των
417 3400 572 3472 [738]
607 3399 826 3468 ἐπέγνω
846 3396 898 3438 ιν
943 3394 1056 3450 τῶν
1085 3397 1197 3469 7&9
1236 3397 1642 3469 ἡμαρτηκότων
1665 3400 1782 3452 ἐστὶ
1810 3400 1872 3454 τὸ

260 3494 632 3554 ἐλεεῖσθαι.’0
666 3489 860 3554 εἰπὼν,
903 3489 1310 3558 Ἐλέησόν-με,
1342 3489 1695 3562 συγχώρησιν
1709 3491 1870 3546 ἔλαϐε

259 3587 372 3644 τῶν
410 3581 987 3656 πεπλημμελημένωνο
1012 3579 1163 3652 ὁγὰρ
1198 3579 1443 3651 ἐλεηθεὶς
1470 3580 1531 3635 οὐ
1554 3581 1864 3646 κολάζεται.

271 3683 333 3734 ’0
369 3677 563 3741 εἰπὼν,
600 3674 892 3742 Ἐλέησόν
918 3689 1016 3742 με,
1071 3671 1347 3742 βασιλείας
1380 3672 1572 3744 ἔτυχεν
1597 3673 1866 3746 οὐρανῶνο

257 3773 318 3826 ὃν
349 3770 459 3840 7&9
487 3770 516 3824 0
539 3764 672 3830 Θεὸς
711 3763 948 3835 ἐλεήσει,
988 3762 1051 3817 οὐ
1089 3762 1366 3827 κολάσεως
1409 3765 1742 3819 ἀπαλλάττει
1773 3765 1870 3836 μό-

258 3881 373 3927 νον,
400 3859 540 3918 ἀλλά
567 3858 662 3914 καὶ
685 3854 798 3910 τῶν
827 3854 1132 3927 μελλόντων
1164 3853 1386 3924 ἀγαθῶν
1413 3852 1575 3922 ἀξιοῖ.

330 3966 425 4038 νὴ
457 3964 637 4018 τοίνυν
664 3957 1138 4032 προφασιζώμεθα
1188 3957 1460 4028 λέγοντες,
1482 3960 1560 4024 ὡς
1604 3961 1704 4015 ούκ
1748 3961 1864 4018 ἔστι

256 4057 487 4132 πλησίον
507 4055 796 4125 εὐκτήριος
827 4048 995 4114 οῐκοςο
1016 4052 1165 4123 ἡμᾶς
1187 4051 1298 4123 7&9
1319 4051 1538 4116 αὐτοὺς,
1566 4051 1664 4107 ἐὰν
1682 4054 1864 4125 νήφω-

259 4171 384 4224 μεν,
421 4150 584 4211 ναοὺς
606 4145 832 4216 ἐποίησε
861 4142 957 4197 τοῦ
979 4141 1117 4196 θεοῦ
1145 4141 1239 4196 τοῦ
1265 4143 1584 4215 Πνεύματος
1613 4146 1648 4216 ή
1677 4146 1860 4220 χάρις,

254 4247 399 4302 ὥστε
435 4241 604 4314 πολλή
651 4239 920 4295 πάντοθεν
963 4239 1094 4310 ήμῖν
1126 4240 1164 4312 η
1212 4232 1462 4295 εὐκολία.
1503 4239 1616 4295 Καὶ
1659 4243 1770 4313 7&9
1798 4244 1858 4297 οὐ

170 4366 172 4368 τ
251 4335 482 4405 τοιαύτη
512 4331 672 4406 ημῶν
698 4331 733 4404 ἡ
763 4328 1012 4401 λατρεία,
1044 4327 1132 4382 οἵα
1165 4329 1318 4400 παρὰ
1333 4329 1610 4396 Ἰουδαίοις
1638 4332 1698 4386 τὸ
1726 4333 1862 4404 πρό-

253 4443 416 4500 τερον
434 4419 526 4497 ἦν,
543 4422 678 4476 πολὺ
701 4419 762 4475 τὸ
783 4417 1044 4490 αἰσθητὸν
1059 4418 1182 4492 ἔχου
1191 4437 1279 4485 σα,
1297 4420 1392 4475 καὶ
1406 4421 1610 4494 πολλῆς
1627 4423 1859 4496 δεομένη

254 4515 662 4592 πραγματείας.
688 4513 839 4566 Ἐκεῖ
868 4511 969 4582 μέν
991 4511 1100 4583 7&9
1131 4511 1224 4566 τὸν
1249 4512 1546 4585 εὐχόμενον
1573 4517 1668 4570 καὶ
1692 4517 1773 4580 εἰς
1797 4517 1859 4570 τὸ

139 4653 152 4657 _
254 4609 404 4680 ἱερὸν
426 4604 697 4675 ἀναϐῆναι
728 4602 856 4666 ἔδει,
882 4602 977 4655 καὶ
1011 4602 1251 4673 τρυγόνα
1281 4603 1570 4674 πρίασθαι,
1598 4607 1693 4661 καὶ
1726 4607 1859 4673 ξύλα

255 4701 354 4758 καὶ
383 4697 498 4771 πῦρ
523 4694 927 4769 μεταχειρίσαι.
964 4693 1060 4747 καὶ
1099 4693 1382 4766 μάχαιραν
1419 4696 1631 4764 λαϐεῖν,
1657 4698 1755 4753 καὶ
1778 4699 1858 4772 τῷ

253 4793 426 4867 βωμῷ
453 4789 828 4864 παραστῆναι,
861 4787 956 4842 καὶ
986 4785 1159 4841 πολλά
1195 4787 1360 4860 ἔτερα
1387 4788 1641 4847 διανύσαι
1674 4794 1858 4848 δπιτά-

245 4883 457 4957 γματαο
483 4879 721 4935 ἐνταῦθα
749 4878 807 4933 δέ
836 4878 994 4932 οὐδὲν
1032 4875 1301 4942 τοιοῦτον,
1331 4879 1449 4934 ἀλλ’
1483 4881 1733 4956 ὅπουπερ
1788 4884 1857 4940 ἂν

242 4975 347 5055 ᾖς,
372 4976 436 5032 τὸ
475 4975 864 5044 θυσιαστήριον
896 4970 1041 5044 ἔχεις
1080 4972 1221 5043 μετά
1248 4974 1470 5040 σαυτοῦ,
1501 4976 1598 5030 καὶ
1618 4977 1719 5049 τήν
1753 4979 1856 5049 μά-

242 5085 467 5143 χαιραν,
501 5066 598 5121 καὶ
635 5064 700 5119 τὸ
735 5064 954 5137 ἱερεῖον.
985 5062 1152 5125 αὐτὸς
1182 5061 1260 5117 ῶν
1294 5065 1360 5119 σὺ
1391 5067 1486 5122 καὶ
1517 5067 1722 5140 ἱερεὺς,
1756 5069 1854 5124 καὶ

243 5157 782 5232 θυσιαστήριον,.κα“ι
821 5155 1038 5226 ἱερεῖον.
1068 5153 1247 5208 ’σπου
1269 5155 1383 5228 γάρ
1410 5156 1478 5211 ἃν
1505 5155 1593 5231 ᾖς,
1621 5160 1852 5218 δύνασαι

243 5256 443 5325 στῆσαι
468 5250 562 5304 τὸν
587 5248 791 5320 βωμὸν,
825 5247 1149 5320 προαίρεσιν
1185 5248 1465 5317 νήφουσαν
1506 5249 1856 5324 ἐπιδειξάτω-

239 5363 333 5409 νος
369 5345 566 5416 μόνον,
602 5341 698 5395 καὶ
731 5338 886 5393 οὐδὲν
917 5338 1121 5392 κωλύει
1162 5340 1358 5405 τόπος.
1400 5342 1524 5396 οὺδέ
1565 5343 1852 5414 ἐμποδίζει

238 5435 456 5507 καιρὸς,
492 5433 631 5489 ἀλλά
660 5431 769 5486 κᾶν
800 5430 1008 5500 γόνατα
1052 5430 1130 5502 μὴ
1161 5431 1372 5504 κλίνης,
1406 5432 1515 5488 κᾶν
1545 5433 1621 5506 μὴ
1653 5435 1853 5506 στῆθος

235 5527 407 5602 τύψῃ,
436 5526 530 5581 καὶ
573 5525 670 5589 τὰς
693 5525 887 5594 χεῖρας
907 5524 989 5586 είς
1019 5522 1112 5576 τὸν
1133 5523 1362 5596 οὐρανὸν
1390 5527 1706 5600 ἀνατείνῃς,
1733 5527 1851 5584 διά-

300 5771 329 5803 ⁸
363 5764 636 5816 Γοιδρηίηἱ
661 5768 715 5826 ει
733 5762 860 5826 Rpg.
885 5761 1096 5824 μεγάλην
1114 5761 1218 5826 *εἶχε
1249 5764 1428 5826 φωνήν.

301 5831 329 5875 ε
360 5832 491 5893 Beg,
511 5840 658 5886 unus,
684 5823 834 5876 Colbi
853 5823 978 5874 unus
1003 5823 1236 5886 κατέγνὼ.

1584 345 1676 402 DE
1715 341 1906 400 ASNA
1940 341 2180 404 SERMO
2219 347 2308 409 IV.

3530 366 3635 424 608

2019 466 2756 562 vglav-Glhpévavénwsiﬁn;
2796 475 3032 549 θερμὴν,
3073 477 3135 530 τὸ
3165 477 3275 530 πᾶν
3317 477 3634 551 ἀπήρτισας

2016 553 2116 620 τῆς
2144 553 2335 628 εὐχῆς.
2376 560 2598 627 Ἔξεστι
2639 566 2735 618 καὶ
2765 565 3007 634 γυναῖκα
3043 564 3330 636 ⁴ίιλακάτην
3361 566 3632 637 κατέχου-

2017 654 2142 728 σαν,
2175 644 2271 698 καί
2307 648 2708 722 ἰστουργοῦσαν
2732 652 3044 723 ἀναϐλέψαι
3067 655 3149 718 εἰς
3177 654 3270 709 τὸν
3298 654 3532 726 οὐρανὸν
3558 658 3629 728 τῇ

2013 727 2244 804 διανοίᾳ.
2281 737 2379 790 καὶ
2407 738 2636 795 καλέσαι
2668 741 2810 812 μετά
2839 742 3180 814 θερμότητος
3211 742 3307 797 τὸν
3343 743 3510 798 Θεόνο
3543 727 3630 810 EE?

2012 821 2247 875 εστικαί
2280 823 2574 896 ἄνθρωπον
2605 830 2688 892 εἰς
2729 829 2944 902 ἀγοράν
2975 830 3340 902 ἐμϐάλλοντα,
3375 831 3472 886 καὶ
3501 831 3629 886 καθ’

2011 904 2205 964 ἑαυτὸν
2224 909 2510 980 βαδίζοντα
2531 915 2700 986 εύχάς
2724 917 2997 973 ποιεῖσθαι
3021 906 3263 984 ἐκτενεῖς
3280 936 3294 949 ·
3323 921 3420 974 καὶ
3435 920 3626 993 ἔτερον

2009 999 2098 1051 ἐπ’
2141 1000 2514 1078 ἐργαστηρίου
2551 1009 2862 1081 καθήμενον
2901 1011 2998 1065 καὶ
3037 1011 3286 1084 δέρματα
3318 1013 3619 1082 ῥάπτοντα,

2004 1092 2107 1164 τὴν
2133 1093 2313 1168 ψυχήν
2343 1099 2626 1155 ἀναθεῖναι
2659 1102 2799 1174 πρὸς
2829 1102 2924 1156 τὸν
2957 1102 3268 1174 Δεσπότην·
3307 1103 3520 1170 ἔξεστιν
3545 1107 3620 1158 0!-

2005 1184 2166 1258 πέτῃ,
2201 1191 2296 1244 καὶ
2327 1191 2645 1266 ὠνουμένῳ,
2684 1195 2779 1249 καὶ
2821 1195 3173 1250 ἀναϐαίνοντι
3202 1197 3309 1251 ’καὶ
3349 1197 3617 1252 καταϐαί-

2003 1293 2172 1343 νοντι,
2198 1282 2292 1334 καὶ
2321 1287 2625 1357 μαγειρείῳ
2657 1287 2996 1358 παρεστῶτι,
3022 1290 3151 1342 ὅταν
3183 1285 3514 1361 μὴ’δυνατὸν
3536 1290 3618 1352 είς

2003 1371 2307 1442 ἐκκλησίαν
2339 1375 2536 1442 ἐλθεῖν,
2573 1376 2741 1449 εὐχὴν
2777 1379 3052 1433 ποιεῖσθαι
3079 1381 3276 1450 ἐκτενῆ
3304 1380 3400 1434 καί
3427 1380 3617 1450 διεγη-

2001 1466 2304 1537 γερμένην.
2332 1465 2446 1522 Οὐκ
2487 1469 2883 1542 ἐπαισχύνεται
2911 1471 3080 1527 τόπον
3107 1472 3138 1524 0
3165 1471 3300 1536 Θεός
3320 1489 3334 1502 ⁸
3363 1470 3423 1525 ἐν
3457 1470 3617 1543 ζητεῖ

2002 1554 2168 1627 μόνον
2193 1601 2208 1624 ,
2249 1558 2492 1615 διάνοιαν
2536 1561 2750 1634 θερμὴν
2770 1605 2786 1630 ,
2835 1565 2931 1618 καὶ
2979 1563 3160 1636 ψυχὴν
3195 1561 3610 1636 σωφρονοῦσαν.

2000 1644 2106 1702 Kal
2158 1646 2244 1702 ἵνα
2292 1650 2496 1723 μάθῃς,
2537 1651 2619 1706 δτι
2659 1651 2723 1707 οὐ
2755 1653 3042 1725 σχήματος
3076 1655 3238 1726 χρεία
3293 1656 3390 1708 καὶ
3427 1656 3612 1709 τόπων

1997 1739 2220 1804 πάντως
2261 1743 2357 1795 καὶ
2393 1743 2625 1814 καιρῶν,
2665 1743 2804 1798 ἀλλά
2826 1747 3182 1818 φρονήματος
3219 1747 3473 1815 γενναίου
3513 1750 3610 1802 καὶ

1995 1829 2447 1905 διεγηγερμένου,
2469 1835 2728 1901 όΠαῦλος
2757 1833 2948 1903 ὕπτιος
2977 1838 3072 1893 ἐπὶ
3103 1839 3199 1894 τοῦ
3227 1840 3608 1913 δεσμωτηρίου

1995 1925 2276 1998 κείμενος,
2297 1929 2392 1980 καὶ
2413 1928 2514 1982 οὐκ
2538 1926 2699 2000 ὀρθὸς
2727 1928 2898 1995 ἐστὼς
2922 1931 3008 2000 (οὐ
3031 1932 3141 2002 γάρ
3162 1932 3314 2002 ήφίει
3337 1931 3402 1986 τὸ
3425 1931 3607 2000 ξύλον,

1992 2011 2040 2086 ᾧ
2075 2021 2205 2083 τοὺς
2243 2021 2414 2086 πόδας
2448 2022 2714 2094 ἐδέδετο),
2755 2023 2947 2096 ἐπειδὴ
2981 2023 3124 2096 μετά
3161 2024 3476 2097 προθυμίας
3505 2025 3608 2096 ηὕ.

1995 2111 2127 2177 ξατο
2159 2114 2437 2186 κείμενος,
2473 2114 2536 2168 τὸ
2568 2115 2949 2189 δεσμωτήριον
2983 2114 3190 2183 ἔσεισε,
3219 2117 3316 2171 καὶ
3343 2117 3415 2172 τά
3447 2116 3607 2189 θεμέ-

1991 2205 2080 2259 λια
2114 2205 2437 2261 διεσάλευσε
2476 2219 2526 2274 ο,
2561 2209 2655 2264 καὶ
2687 2207 2780 2262 τὸν
2826 2208 3221 2280 δεσμοφύλακα
3266 2205 3461 2280 ἔδησε,
3509 2210 3606 2263 xal

1991 2297 2130 2369 πρὸς
2157 2299 2257 2368 τὴν
2295 2298 2450 2369 ἱερὰν
2483 2300 2625 2369 μετά
2668 2299 2846 2354 ταῦτα
2876 2299 3274 2370 μυσταγωγίαν
3307 2299 3606 2372 ἐχειραγώο

1988 2409 2146 2462 γησε.
2178 2380 2347 2447 Πάλιν
2373 2396 2402 2447 0
2429 2395 2681 2460 Ἐζεκίας
2701 2396 2804 2450 οὐκ
2832 2395 2995 2468 ὀρθὸς
3027 2394 3223 2460 ἐστὼς,
3255 2396 3378 2450 οὑδέ
3398 2396 3603 2466 γόνατα

1990 2484 2197 2548 κλίνας,
2227 2485 2344 2539 ἀλλ’
2382 2486 2577 2551 ὕπτιος
2613 2489 2709 2541 ἐπὶ
2735 2490 2834 2560 τῆς
2868 2490 3062 2560 κλίνης
3093 2489 3353 2559 κείμενος
3373 2489 3462 2544 διὰ
3499 2490 3604 2562 τὴν

1988 2574 2306 2646 ἀρρωστίαν
2326 2618 2340 2641 ,
2375 2578 2617 2648 στρέψας
2649 2579 2844 2634 ἐαυτὸν
2885 2580 2979 2635 ἐπὶ
3011 2580 3104 2634 τὸν
3137 2582 3357 2651 τοῖχον,
3408 2581 3602 2652 ἐπειδὴ

1986 2666 2079 2719 τὸν
2113 2665 2248 2720 Θεὸν
2283 2667 2505 2739 θερμῶς
2555 2668 2786 2723 ἐκάλεσε
2837 2671 2934 2724 καὶ
2971 2669 3115 2740 μετά
3157 2670 3340 2742 ψυχῆς
3384 2687 3602 2744 σωφρο-

1987 2757 2208 2829 νούσης,
2236 2761 2330 2814 καὶ
2361 2761 2640 2830 ἀπόφασιν
2671 2760 3050 2833 ἐξενεχθεῖσαν
3077 2763 3471 2830 ἀνεκαλέσατο,
3504 2765 3601 2820 καὶ

1987 2850 2196 2920 πολλὴν
2231 2852 2588 2907 ἐπεσπάσατο
2620 2853 2724 2924 τὴν
2754 2852 2995 2921 εὔνοιαν,
3034 2856 3133 2910 καὶ
3162 2856 3302 2927 πρὸς
3335 2855 3435 2930 τὴν
3460 2875 3598 2928 προ-

1983 2944 2152 3014 τέραν
2177 2944 2450 3016 ἐπανῆλθε
2485 2944 2697 3013 ὑγείαν.
2741 2947 2856 3000 Οὐκ
2883 2949 2972 3000 ἐπ’
2989 2947 3202 3019 ἀνδρῶν
3224 2949 3281 3002 δέ
3297 2950 3473 3020 άγίων
3501 2951 3599 3004 καὶ

1987 3037 2244 3107 μεγάλων
2277 3037 2461 3105 μόνον,
2490 3037 2631 3091 ἀλλά
2664 3038 2761 3091 καὶ
2790 3040 2884 3092 ἐπὶ
2915 3041 3175 3111 πονηρῶν
3201 3041 3363 3096 τοῦτο
3383 3043 3484 3096 ῖδοι
3510 3061 3598 3109 τις

1984 3129 2052 3184 ἂν
2089 3111 2412 3200 ξυμϐαῖνον.
2444 3131 2556 3184 Kal
2582 3131 2694 3202 7&9
2723 3131 2753 3185 0
2786 3131 3024 3205 λῃστής,
3066 3131 3168 3186 οὐκ
3197 3135 3256 3187 ἐν
3295 3136 3432 3207 οῖκῳ
3460 3141 3595 3202 στάς

1982 3222 2283 3295 εὐκτηρίῳ,
2324 3223 2446 3277 οὐδὲ
2477 3223 2683 3292 γόνατα
2711 3222 2921 3288 κλίνας,
2953 3223 3067 3278 ἀλλ’
3091 3225 3186 3278 ἐπὶ
3223 3224 3316 3279 τοῦ
3352 3227 3593 3302 σταυροῦ

1981 3315 2299 3385 τεταμένος,
2335 3315 2444 3369 ἀπὸ
2486 3316 2750 3389 ῥημάτων
2794 3315 2995 3383 ὀλίγων
3026 3316 3130 3388 τῆς
3169 3317 3454 3390 βασιλείας
3482 3323 3596 3379 τῶν

1979 3407 2229 3480 οὐρανῶν
2269 3410 2534 3480 ἐπέτυχεν
2555 3427 2568 3440 °
2607 3408 2767 3474 ἀλλος
2815 3411 2873 3464 ἐν
2924 3409 3174 3485 βορϐόρῳ
3223 3408 3317 3468 καί⁸
3365 3415 3591 3489 λάκκῳ,

1979 3499 2139 3565 ἀλλος
2170 3498 2322 3574 [759]
2350 3503 2408 3555 ἐν
2439 3500 2631 3571 λάκκῳ
2654 3504 2749 3554 καὶ
2775 3501 3011 3574 θηρίοις,
3024 3501 3215 3576 ἔτερος
3236 3507 3296 3559 ἐν
3326 3505 3467 3580 αὐτῇ
3494 3509 3590 3563 τοῦ

1980 3597 2181 3664 κήτους
2201 3589 2268 3663 τῆ
2291 3589 2466 3662 νηδύϊ,
2493 3591 2585 3646 τὸν
2603 3590 2736 3645 Θεὸν
2759 3594 3267 3663 παρακαλέσαντες,
3289 3595 3360 3651 τὰ
3380 3598 3593 3653 ἐπικεί-

1982 3703 2122 3758 μενα
2153 3686 2372 3740 ᾶπαντα
2409 3682 2686 3749 διέλυσαν,
2717 3686 2812 3739 καί
2850 3685 2950 3756 τὴν
2988 3687 3199 3742 ἀνωθεν
3233 3686 3452 3746 εὔνοιαν
3489 3694 3588 3746 ἐπ-

1977 3778 2313 3831 εσπάσαντο.
2333 3777 2447 3830 Kal
2471 3774 2644 3831 ταῦτα
2683 3776 2784 3849 μὲν
2823 3777 3017 3847 λέγων,
3053 3779 3312 3851 παραινῶ
3345 3783 3588 3854 συνεχῶς

1976 3871 2099 3932 ταῖς
2145 3866 2468 3940 ἐκκλησίαις
2515 3867 2946 3942 ἐπιχωριάζειν,
2992 3871 3089 3925 καὶ
3137 3872 3196 3926 ἐν
3240 3872 3391 3944 οἰκίᾳ
3445 3872 3588 3944 μετά

1975 3962 2181 4032 πολλῆς
2221 3959 2458 4032 ἡσυχίας
2496 3958 2780 4033 εὔχεσθαι,
2812 3963 2911 4016 καὶ
2960 3961 3104 4017 κατά
3151 3961 3353 4035 σχολὴν
3380 3966 3588 4032 γόνατα

1973 4049 2283 4115 κλίνοντας,
2317 4051 2414 4104 καὶ
2449 4050 2550 4114 τὰς
2580 4053 2774 4123 χεῖρας
2811 4051 3200 4117 ἀνατείνοντας
3219 4071 3234 4085 ·
3261 4055 3311 4108 εἰ
3343 4054 3401 4110 δέ
3429 4056 3463 4128 ἢ
3494 4057 3587 4114 διά

1973 4141 2190 4214 καιρὸν,
2221 4142 2254 4214 ἢ
2297 4141 2387 4196 διὰ
2418 4141 2586 4195 τόπον
2629 4143 3090 4217 ἀποληφθείημεν
3130 4147 3337 4219 μεταξὺ
3367 4149 3584 4205 πολλῶν

1973 4230 2197 4301 ἐτέρων.
2233 4230 2308 4302 μὴ
2337 4229 2426 4284 διὰ
2455 4229 2617 4286 τοῦτο
2644 4233 2744 4298 τάς
2775 4219 3033 4306 συνήθεις
3057 4236 3469 4309 ἀπολιμπάνειν
3492 4241 3586 4295 εύ-

1970 4321 2092 4395 χᾶς,
2123 4321 2260 4395 άλλά
2292 4321 2486 4377 τοῦτον
2521 4324 2617 4377 τὸν
2648 4325 2875 4397 τρόπον,
2905 4327 3078 4401 ὅνπερ
3116 4324 3274 4384 εἷπον
3304 4331 3444 4402 πρὸς
3479 4333 3582 4404 τὴν

1970 4411 2249 4484 ὑμετέραν
2265 4413 2515 4485 ἀγάπην,
2539 4415 2768 4488 εῠχεσθε
2792 4417 2889 4473 καὶ
2913 4420 3284 4493 παρακαλεῖτε
3304 4423 3396 4478 τὸν
3421 4423 3578 4491 Θεὸν,

1967 4503 2044 4568 ῶς
2080 4503 2236 4558 οὐδὲν
2279 4505 2504 4560 ἔλαττον
2542 4507 2699 4579 παρὰ
2731 4508 2940 4580 ταύτην
2981 4510 3198 4576 ἔξοντες
3245 4513 3348 4586 τήν
3388 4514 3578 4588 εὐχήν.

1968 4595 2159 4676 Ταῦτα
2191 4594 2381 4662 εἷπον,
2435 4598 2536 4669 οὐχ
2568 4599 2657 4652 ῖνα
2712 4601 3024 4672 κροτήσητε
3069 4603 3164 4656 καὶ
3218 4601 3579 4678 θαυμάσητε,

1967 4689 2084 4744 ἀλλ’
2112 4689 2199 4742 ἵνα
2238 4689 2330 4744 διά
2371 4691 2482 4746 τῶν
2525 4691 2705 4764 ἔργων
2750 4692 2893 4748 αὐτὰ
2935 4694 3302 4767 ἐπιδείξησθε,
3344 4700 3439 4754 καὶ
3486 4700 3580 4755 τὸν

1967 4782 2162 4853 καιρὸν
2189 4783 2282 4837 τὸν
2306 4787 2406 4857 τῆς
2440 4783 2636 4850 νυκτὸς
2656 4785 2766 4861 ¹καί
2806 4786 2900 4840 τὸν
2929 4788 3030 4856 τῆς
3057 4788 3304 4860 ἡμέρας,
3346 4792 3442 4846 καὶ
3485 4793 3580 4848 τὸν

1965 4875 2068 4946 τῆς
2101 4877 2412 4950 ἐργασίας(ι
2436 4879 2628 4951 καιρὸν
2651 4880 2710 4933 ἐν
2735 4881 2928 4952 εὐχαῖς
2963 4881 3060 4937 καὶ
3091 4882 3313 4955 δεήσεσι
3339 4885 3577 4958 διαλαμο

1965 4967 2242 5034 ϐάνοντες.
2263 4970 2362 5025 ’Δν
2384 4969 2530 5025 οὕτω
2555 4972 2625 5028 τά
2649 4973 2774 5027 καθ’
2803 4973 3036 5041 ἐαυτοὺς
3060 4977 3458 5051 οἰκονομῶμεν,
3481 4982 3577 5036 καὶ

1963 5061 2057 5115 τὸν
2092 5063 2341 5131 παρόντα
2375 5063 2515 5134 μετά
2570 5064 2876 5136 ἀσφαλείας
2911 5066 3242 5140 διανύσομεν
3286 5068 3436 5140 βίον,
3477 5071 3577 5126 καὶ

1963 5160 2065 5232 τῆς
2089 5159 2374 5233 βασιλείας
2398 5162 2510 5216 τῶν
2531 5161 2780 5234 οὐρανῶν
2806 5161 3209 5234 ἐπιτευξόμεθα
3227 5180 3242 5196 ο
3270 5159 3338 5235 ἧς
3359 5165 3580 5233 γένοιτο

1965 5252 2178 5318 πάντας
2203 5253 2354 5324 ἡμᾶς
2382 5254 2685 5324 ἐπιτυχεῖν,
2717 5252 2903 5326 χάριτι
2936 5255 3035 5309 καὶ
3062 5252 3448 5329 φιλανθρωπίᾳ
3476 5256 3574 5313 τοῦ

1963 5344 2173 5418 Κυρίου
2214 5346 2374 5416 ἡμῶν
2410 5344 2589 5418 Ἰησοῦ
2619 5346 2882 5418 Χριστοῦ,
2914 5346 2984 5401 δι’
3013 5337 3076 5402 οὗ
3104 5347 3205 5402 καὶ
3234 5345 3357 5418 μεθ’
3386 5343 3450 5404 οὖ
3493 5348 3576 5421 τῷ

1964 5435 2145 5508 Πατρὶ
2181 5438 2215 5508 ή
2248 5437 2397 5504 δόξα,
2429 5436 2548 5511 ἀμα
2573 5438 2654 5510 τῷ
2677 5438 2820 5511 ἀγίῳ
2848 5439 3153 5512 Πνεύματι,
3187 5438 3296 5495 νῦν
3321 5441 3418 5495 καὶ
3460 5440 3573 5509 ἀεὶ,

1963 5529 2060 5584 καὶ
2079 5529 2163 5594 εἰς
2191 5530 2321 5594 τοὺς
2353 5530 2562 5597 αἰῶνας
2578 5531 2689 5586 τῶν
2718 5531 2952 5587 αἰώνων.
2991 5535 3189 5605 Ἀμήν.

2028 5767 2052 5827 ‘_
2075 5764 2198 5827 Beg.
2225 5765 2476 5820 ἐσάλιπεσι.

2029 5825 2056 5866 ὀ
2081 5825 2205 5890 Βεξ.
2230 5833 2287 5877 ει
2315 5827 2456 5879 (ιβιδ.
2485 5842 2617 5880 unus
2637 5829 2820 5892 ἡμέρας
2836 5831 2990 5882 ποιεῖν
3025 5832 3265 5896 ἐργασίας.
