4066 6446
510 322 632 382 ’61⁸9

1150 462 1367 517 ΛΟΓΟΣ
1406 461 1482 516 Ε’.

524 631 680 705 Πρὸς
698 629 921 695 τοὺςὲν
939 625 1173 696 ἑορταῖς
1190 626 1383 697 μόνον
1415 619 1889 690 συναγομένωνς.
1920 615 2018 699 καί
2050 617 2107 668 τι

593 699 736 754 ποτέ
761 701 934 753 ἐστιν
959 696 1164 762 ἑορτήο
1202 697 1300 751 καί
1332 693 1484 762 πρὸς
1517 690 1663 762 τοὺς
1691 690 2106 762 ἐγκαλουντας

593 704 736 754 ποτέ
761 704 934 753 ἐστιν
959 704 1164 765 ἑορτήο
1202 704 1300 751 καί
1332 704 1484 762 πρὸς
1517 704 1663 756 τοὺς
1691 704 2106 757 avenam-tae;

592 768 668 838 τῇ
705 769 809 823 τοῦ
840 767 988 823 Θεοῦ
1039 767 1314 838 apag-019.
1334 764 1431 817 διὰ
1478 758 1911 838 τιὸ-πλουσίους
1951 755 2105 810 εῖναι

591 826 691 893 zeal
716 838 982 905 πένητας
1008 826 1097 891 ἐν’
1111 832 1190 900 τῷ
1222 826 1338 900 βιῳ
1355 851 1370 864 ο
1394 831 1506 905 καί
1534 830 1623 905 ότι
1650 826 2107 905 χρῃςιμώταξον

591 911 631 977 ἠ
670 896 868 963 πενία’
898 896 996 960 κᾱι
1017 906 1111 977 ,ὅτι
1140 896 1408 977 amico
1430 896 1948 977 uls/oreiﬂqorjzr
1979 896 2104 965 εχει

591 969 900 1048 πανταχοῦ
932 976 1034 1030 καί
1053 973 1436 1044 ἀσφάλειανν
1458 971 1558 1025 καί
1599 971 1689 1036 εις
1716 969 1835 1035 τὴν
1863 969 2104 1021 'Amr.

587 1137 658 1183 a'.
674 1129 888 1198 Μάτην,
908 1129 982 1190 ὼς
999 1125 1165 1190 ἔοικε,
1191 1125 1318 1187 τοὺς
1331 1125 1396 1195 τῇ
1419 1119 1660 1193 προτέρην⁵
1689 1117 1904 1183 συνάξει
1925 1132 2107 1187 παρα-

518 1216 846 1287 γενομένους
889 1217 1020 1285 ἡμῖν
1065 1211 1563 1285 παρεκαλέσαμεν,
1595 1209 1874 1269 πείθοντες
1923 1206 2106 1277 μένειν

517 1305 612 1358 ἐπὶ
648 1304 748 1375 τῆς
786 1304 964 1366 οἰκίας
998 1302 1099 1372 τῆς
1137 1298 1431 1371 πατρῴας,
1483 1299 1582 1352 zeal
1628 1298 1702 1367 μὴ
1738 1293 1877 1365 μετά
1910 1295 2021 1347 τῶν
2047 1295 2106 1345 ἐν

445 1427 448 1431 .
516 1393 680 1463 ἑορτῇ
715 1391 874 1461 μόνον
926 1391 1057 1459 ἡμῖν
1105 1388 1445 1458 φαινομένων
1491 1383 1816 1454 ἐφίστασθαι
1861 1382 1955 1436 zeal
1997 1381 2105 1450 dep-'-

521 1477 772 1532 ίστασθαι
799 1478 961 1531 πάλιν
984 1493 996 1506 ο
1031 1475 1229 1546 μᾶλλον
1258 1474 1314 1527 δὲ
1335 1464 1396 1526 οὐ
1426 1472 1621 1542 μάτην.
1647 1470 1709 1523 Εἰ
1740 1471 1846 1538 7&9
1876 1468 1972 1521 zeal
2002 1484 2108 1537 μη·

517 1568 628 1632 δεῖς
665 1568 871 1621 τούτων
916 1564 1144 1636 ἐπείσθη
1173 1566 1287 1627 τοῖς
1333 1561 1683 1633 λεγομένοις.
1735 1558 1851 1613 ἀλλ’
1891 1559 2025 1628 ἡμῖν
2075 1557 2106 1610 6

520 1654 713 1726 μισθὸς
743 1653 1101 1723 ἀπήρτισται,
1143 1651 1238 1704 zeal
1265 1649 1334 1704 τὰ
1368 1649 1464 1719 τῆς
1495 1647 1632 1719 πρὸς
1664 1645 1754 1700 τὸν
1799 1643 1934 1698 Θεὸν
1965 1644 2105 1698 ἀπο-

516 1742 700 1810 λογίας
722 1740 1099 1812 πεπλήρωται.
1127 1739 1327 1809 Διόπερ
1353 1737 1444 1791 τὸν
1464 1736 1710 1804 λέγοντα,
1736 1733 1837 1787 κᾶν
1861 1730 2106 1805 προσέχῃ

517 1847 619 1895 τις,
643 1827 744 1884 κάν
769 1828 844 1900 μὴ
876 1828 1139 1901 προσέχῃ,
1169 1825 1240 1880 τά
1264 1826 1561 1897 σπέρματα
1589 1821 1696 1895 χρή
1721 1819 2102 1884 καταϐάλλειν,

517 1917 612 1972 καὶ
640 1918 700 1971 τὸ
730 1915 994 1988 ἀργύριον
1017 1913 1389 1976 κατατιθέναι,
1414 1912 1502 1966 ἵνα
1528 1911 1727 1982 μηκέτι
1755 1909 1892 1980 πρὸς
1920 1906 2103 1972 αὐτὸν,

519 2003 654 2058 ἀλλὰ
685 2003 822 2076 πρὸς
848 2004 975 2066 τοὺς
1007 2001 1341 2073 τραπεζίτας
1375 2001 1402 2053 6
1430 1998 1586 2067 λόγος
1682 1996 1760 2068 τῷ
1780 1995 1920 2066 Θεῷ.
1948 1997 2012 2048 Ὀ
2041 1992 2106 2065 δή

518 2098 612 2147 zeal
654 2093 817 2162 ἡμεῖς
864 2092 1233 2161 ἐποιήσαμεν.
1262 2087 1603 2158 έλέγξαντες,
1644 2087 2103 2157 ἐπιτιμήσαντες,

519 2178 1021 2247 παρακαλέσαντες,
1075 2175 1523 2246 νουθετήσαντες.
1558 2171 1663 2225 Καὶ
1712 2173 1822 2243 7&9
1857 2170 1952 2224 τοῦ
2006 2170 2107 2239 τὴν

517 2266 700 2320 οὑσίαν
723 2262 1138 2335 κατεδηδοκότος
1159 2261 1297 2326 υἱοῦ,
1316 2261 1410 2315 zeal
1435 2259 1570 2333 πρὸς
1597 2258 1697 2330 τὴν
1730 2257 2004 2329 πατρικὴν
2029 2259 2109 2312 οί·

517 2351 640 2405 κίαν
687 2349 1082 2414 ἐπανελθόντος
1117 2350 1525 2420 ἀνεμνήσαμεν,
1559 2345 1656 2399 zeal
1694 2345 1796 2418 τήν
1830 2343 2107 2399 τάλαιπω-

516 2438 640 2510 ρίαν
663 2440 899 2501 ἀπασαν,
920 2437 1015 2491 καὶ
1043 2437 1135 2490 τὸν
1161 2435 1338 2505 λιμὸν,
1360 2436 1455 2488 zeal
1475 2434 1575 2505 τήν
1604 2431 1889 2504 αἰσχύνην,
1920 2433 2016 2486 καὶ
2038 2431 2110 2484 τά

515 2525 690 2597 ὀνείδη
723 2526 818 2579 zeal
849 2525 917 2578 τὰ
950 2523 1105 2589 ἀλλα,
1128 2524 1230 2577 ὅσα
1258 2523 1349 2576 ἐπὶ
1374 2522 1470 2593 τῆς
1506 2521 1795 2593 ἀλλοτρίας
1825 2520 2106 2590 ὑπέμεινε,

517 2612 964 2684 προσεθήκαμεν,
997 2609 1077 2682 τῷ
1108 2609 1515 2682 παραδείγματι
1542 2607 1719 2678 τούτῳ
1745 2606 2110 2679 σωφρονεστέ-

519 2715 646 2771 ρους
676 2700 903 2769 ποιῆσαι
934 2697 1248 2769 βουλόμενοι
1305 2697 1398 2750 zeal
1423 2696 1543 2749 οὑδέ
1569 2693 1805 2749 ἐνταῦθα
1832 2695 1923 2747 τὸν
1951 2694 2108 2762 λόγον

520 2788 857 2859 ἐστήσαμεν,
902 2785 1037 2840 ἀλλὰ
1066 2785 1163 2838 zeal
1206 2784 1304 2853 τὴν
1337 2783 1430 2836 τοῦ
1463 2783 1671 2853 πατρὸς
1718 2780 2128 2852 φιλοστοργίαν·

518 2877 648 2945 περὶ
673 2876 872 2938 αὐτοὺς
902 2871 1321 2943 ἐπεδειξάμεθα.
1354 2872 1454 2924 οὐκ
1474 2871 1883 2941 ἀπαιτήσαντες
1910 2871 2108 2933 αὐτοὺς

518 2964 618 3032 τῆς
642 2963 778 3034 ρᾳθυ
786 2961 912 3031 μίας
932 2960 1186 3024 εὐθύνας,
1206 2958 1320 3012 ἀλλ’
1341 2958 1558 3022 ὑπτίαις
1578 2957 1800 3021 τούτους
1824 2956 2108 3028 δεξάμενοι

519 3049 673 3123 [740]
711 3053 831 3114 ταῖς
876 3048 1034 3120 χερσὶ
1058 3086 1074 3111 ,
1116 3048 1212 3100 zeal
1247 3043 1582 3114 συγγνώμην
1614 3045 1796 3108 δόντες
1826 3045 1969 3114 ὑπὲρ
2001 3043 2110 3097 τῶν

519 3135 1114 3209 πεπλημμελημένων,
1165 3135 1260 3189 zeal
1293 3134 1393 3204 τὴν
1421 3133 1599 3187 οίκίαν
1644 3133 1983 3199 ἀνοίξαντες,
2017 3133 2112 3186 zeal

520 3229 622 3298 τὴν
649 3227 932 3298 τράπεζαν
963 3223 1324 3296 παραθέντες,
1353 3222 1447 3276 zeal
1487 3222 1680 3292 στολὴν
1715 3221 1912 3283 αὐτοὺς
1948 3237 2108 3292 περι-

518 3315 773 3380 ϐαλόντες
817 3315 918 3386 τήν
961 3313 1069 3367 ἀπὸ
1098 3312 1201 3382 τῆς
1236 3310 1617 3375 διδασκαλίας,
1663 3309 1758 3363 zeal
1790 3307 1889 3379 τὴν
1941 3307 2110 3379 ἀλλην

519 3404 738 3458 ἃπασαν
771 3400 1147 3473 παρασχόντες
1191 3397 1376 3462 αὑτοῖς
1410 3397 1729 3469 θεραπείαν.
1783 3393 2016 3449 Ἐκεῖνοι
2054 3396 2110 3450 δὲ

518 3492 611 3546 τδν
634 3492 747 3546 υἱὸν
769 3493 980 3545 ἐκεῖνον
1001 3489 1103 3542 οὐκ
1118 3486 1477 3558 ἐμιμήσαντο,
1496 3484 1617 3538 οὐδὲ
1639 3483 1994 3551 κατέγνωσαν
2012 3485 2108 3555 τῆς

522 3579 833 3652 ἔμπροσθεν
864 3577 1302 3648 ἀναχωρήσεως,
1336 3573 1455 3627 οὐδὲ
1491 3573 1712 3643 ἔμειναν
1741 3573 1834 3625 ἐπὶ
1875 3573 1973 3643 τῆς
2003 3590 2110 3627 πα-

520 3666 701 3740 τρῴας
726 3666 924 3730 οἰκίας,
949 3664 1063 3718 ἀλλ’
1091 3661 1452 3731 ἀπεπήδησαν
1479 3660 1659 3712 πάλιν.
1691 3658 1889 3728 ’Υμέτε
1898 3675 1990 3729 ρον
2013 3659 2111 3730 μὲν

520 3755 615 3815 οὖν
645 3756 753 3827 εἴη,
773 3752 927 3825 ὑμῶν
950 3750 1058 3804 τῶν
1078 3749 1166 3804 ἀεὶ
1196 3749 1315 3819 μεθ’
1347 3746 1502 3818 ἡμῶν
1520 3745 1719 3810 ὕντων,
1745 3746 2111 3812 ἐπαναγαγεῖν

519 3847 738 3908 αὐτοὺς,
768 3842 862 3895 zeal
894 3841 1079 3892 πεῖσαι
1117 3835 1397 3890 κοινωνεῖν
1423 3835 1559 3908 ἡμῖν
1591 3832 1690 3902 τῆς
1723 3830 1846 3885 καθ’
1874 3833 2113 3904 ἑκάστην

523 3904 744 3996 σύναείν
776 3928 992 3998 ἐορτῆς.
1013 3923 1078 3977 Εἰ
1106 3921 1216 3993 γὰρ
1244 3920 1340 3974 zeal
1370 3920 1404 3990 ή
1435 3904 1787 3989 Πεξιτηκοστὴ
1810 3917 2112 3990 παρῆλθεν,

521 4021 635 4076 ἀλλ’
665 4021 700 4090 ἡ
733 4013 895 4086 ἑορτὴ
926 4013 987 4065 οὐ
1029 4007 1276 4082 παρῆλθε
1303 4023 1316 4038 ·
1355 4007 1506 4060 πᾶσα
1539 4006 1649 4076 γὰρ
1683 4004 1901 4070 σύνοδος
1928 4007 2110 4078 ἑορτή·

523 4108 691 4163 Πόθεν
738 4102 896 4173 δῆλον
949 4097 1142 4161 τοῦτος
1200 4093 1318 4148 Ἀπ’
1353 4093 1532 4147 αὐτῶν
1579 4093 1690 4146 τῶν
1736 4090 1828 4145 τοῦ
1878 4091 2112 4165 Χριστοῦ

526 4195 808 4268 ῥημάτων,
834 4189 901 4242 δι’
941 4183 1016 4240 ὢν
1047 4200 1210 4254 φησιν
1231 4199 1244 4213 ο
1278 4182 1466 4234 Ὅπου
1496 4179 1575 4234 ἂν
1605 4174 1718 4234 ὦσι
1742 4178 1853 4233 δύο
1883 4179 1922 4247 ἢ
1957 4180 2115 4248 τρεῖς

523 4267 894 4352 συνηγμένοι
921 4278 1008 4341 εἰς
1035 4276 1103 4328 τό
1137 4273 1286 4343 ἐμόν
1319 4269 1525 4339 ὄνομα,
1548 4267 1676 4322 ἐκεῖ
1698 4270 1818 4337 ειμι
1844 4267 1916 4322 ἐν
1945 4269 2116 4337 μέσῳ

522 4369 743 4426 αὐτῶν.
769 4367 936 4422 Ὅταν
967 4362 1023 4417 δὲ
1057 4361 1086 4414 6
1121 4358 1355 4433 Χριστὸς
1384 4360 1442 4411 ἐν
1479 4355 1630 4427 μέσῳ
1665 4352 1698 4430 ᾗ
1726 4355 1835 4409 τῶν
1877 4357 2116 4409 συνειλε-

525 4461 762 4532 γμένων,
783 4455 944 4512 ποίαν
970 4452 1164 4526 ἑτέραν
1189 4450 1372 4522 ζητεῖς
1400 4446 1678 4514 ἀπόδειξιν
1701 4447 1896 4518 ἑορτῆς
1913 4447 2118 4519 ταύτης

529 4548 755 4620 μείζονα
774 4560 789 4609 ;

598 4719 778 4771 Ὅπου
804 4707 1128 4766 διδασκαλία
1165 4705 1260 4760 zeal
1290 4701 1470 4773 εὐχαὶ,
1499 4700 1636 4754 ὅπου
1680 4699 1934 4770 πατέρων
1957 4698 2116 4752 εὑλο-

529 4807 642 4876 γίαι
670 4803 767 4857 καὶ
808 4800 967 4854 θείων
999 4796 1182 4867 νόμων
1221 4791 1508 4862 ἀκρόασις,
1537 4789 1672 4841 ὅπου
1709 4785 1926 4876 σύνοδος
1968 4786 2119 4876 ἀδελ.

528 4873 643 4963 φῶν
672 4892 767 4945 zeal
794 4886 1027 4958 γνησίας
1057 4882 1280 4951 ἀγάπης
1308 4878 1626 4948 σύνδεσμος.
1649 4876 1784 4963 ὅπου
1813 4873 1954 4963 πρὸς
1985 4873 2120 4926 Θεὸν

528 4961 732 5050 δμιλία,
769 4978 863 5031 zeal
891 4971 1030 5028 Θεοῦ
1061 4969 1197 5042 πρὸς
1227 4966 1548 5039 ἀνθρώπους
1579 4961 1837 5029 διάλεξις,
1878 4961 1995 5050 πῶς
2011 4963 2121 5050 οὐκ

529 5049 596 5122 ἀν
624 5067 708 5136 εῐη
731 5061 893 5135 ἑορτὴ
926 5059 1021 5115 καὶ
1053 5057 1399 5126 πανήγυρις;
1445 5051 1559 5116 Τάς
1598 5050 1707 5122 7&9
1739 5049 1935 5122 έορτάς
1968 5049 2031 5102 οὐ
2060 5049 2121 5102 τὸ

531 5153 755 5224 πλῆθος,
789 5150 904 5205 ἀλλ’
947 5149 982 5218 ή
1025 5143 1198 5216 ἀρετὴ
1239 5139 1348 5195 τῶν
1385 5136 1799 5209 συλλεγομένων
1831 5139 2006 5191 ποιεῖν
2045 5137 2124 5189 ετ-

531 5223 696 5296 ωθεν·
732 5240 836 5321 οὐχ
861 5238 896 5308 ἡ
923 5233 1242 5290 πολυτέλεια
1267 5229 1389 5321 τῶν
1417 5227 1680 5321 Αἰμμτίων,
1713 5225 1826 5278 ἀλλ’
1849 5227 1877 5278 6
1912 5223 2124 5321 ﬁgit-.6-

531 5329 752 5392 λαϐείας
782 5313 1167 5394 καλλωπισμός
1186 5339 1201 5353 ·
1227 5319 1326 5389 οὐχ
1347 5318 1382 5388 ή
1412 5315 1664 5385 δαψίλεια
1687 5317 1788 5385 τῆς
1815 5313 2120 5385 τραπέζης,

535 5419 648 5474 ἀλλ’
679 5419 713 5488 ή
737 5417 836 5486 τῆς
862 5411 1043 5483 ψυχῆς
1065 5409 1312 5480 πρόνοια.
1343 5403 1537 5474 Ἐορτὴ
1570 5403 1678 5474 γὰρ
1705 5402 1958 5470 μεγίστη,
1998 5417 2124 5488 συν-

537 5507 674 5569 ειδὸς
703 5487 924 5574 ἀγαθόν.
951 5501 1059 5554 Kal
1080 5495 1334 5564 καθάπερ
1365 5491 1462 5545 ἐπὶ
1487 5490 1597 5544 τῶν
1636 5489 1838 5554 ἔξωθεν
1867 5487 2088 5558 πανηγύ

541 5612 702 5669 ρεων.
725 5594 754 5645 6
799 5590 901 5662 μὶν
934 5589 1068 5659 μήτε
1118 5583 1334 5656 ἱμάτιον
1363 5576 1935 5669 ἐχωνρπεριϐαλέσθαι
1979 5576 2114 5646 λαμ⁸

539 5663 700 5755 πρδν,
733 5681 868 5750 μήτε
905 5673 1293 5746 δαψιλεστέρας
1323 5664 1631 5755 ἀπολαῦσαι
1659 5663 1962 5736 τραπέζης,
2003 5663 2124 5718 ἀλλ’

543 5751 603 5827 ἐν
635 5766 792 5837 πενία
821 5766 914 5820 zeal
937 5760 1081 5835 λιμῷ
1105 5758 1211 5826 ζῶν
1238 5757 1333 5813 zeal
1357 5756 1471 5819 τοῖς
1493 5751 1742 5823 ἐσχάτοις
1776 5755 1989 5821 κακοῖς,
2018 5752 2121 5807 οὐκ

1283 316 1341 372 S.
1381 309 1670 376 JOANNJS
1707 302 2202 366 CHRYSOSTOMI
2240 302 2566 360 ARCIIIEP.
2609 300 3166 360 CONSTANTINOP.

3691 296 3806 352 (ΠΟ

2216 413 2534 467 αἰσθάνεται
2579 413 2674 466 τοῦ
2711 409 2907 484 καιροῦ
2937 411 3035 481 τῆς
3089 398 3300 480 ἑορτῆς,
3345 405 3450 460 κάν
3489 407 3678 460 πᾶσαν
3711 406 3810 476 τὴν

2215 500 2371 555 πόλιν
2405 502 2488 570 ἴδῃ
2523 499 2879 572 χορεύουσαν,
2897 498 3035 553 ἀλλά
3061 495 3303 566 τοσούτῳ
3326 494 3527 566 μᾶλλον
3550 492 3809 548 ὀδυνᾶται

2214 588 2309 640 zeal
2337 587 2614 652 ᾰίικνεται,
2645 588 2754 656 ὅσῳ
2784 586 2881 640 καὶ
2917 585 3044 648 τοὺς
3077 583 3178 654 μὲν
3212 581 3408 644 ἄλλους
3443 581 3548 652 δρᾷ
3574 581 3636 632 ἐν
3675 580 3812 634 ἀπο-

2212 667 2424 734 λαύσει,
2464 670 2655 724 ἐαυτὸν
2686 669 2741 724 δὲ
2773 671 2832 723 ἐν
2871 667 3078 738 ἀπορίᾳ
3099 684 3112 698 ·
3148 668 3177 720 6
3199 665 3258 719 δέ
3288 663 3537 717 πλουτῶν
3557 660 3656 716 zeal
3681 677 3812 732 τρυε

2214 755 2352 825 φῶν,
2394 759 2490 812 zeal
2533 757 2728 820 στολὰς
2763 754 2886 810 καθ’
2919 754 3162 824 ἑκάστην
3207 751 3461 823 ἀμείϐειν
3509 749 3674 820 ἔχων,
3714 749 3814 803 zeal

2214 843 2417 914 πολλῆς
2463 844 2756 899 ἀπολαύων
2787 841 3088 914 εὐημερίας
3109 881 3124 906 ,
3157 839 3266 892 κάν
3298 840 3374 909 μὴ
3417 840 3569 908 παρῇ
3622 836 3813 908 καιρὸς

2213 931 2442 1001 ἐορτῆς,
2487 931 2770 1003 ἑορτάζειν
2816 928 3058 1001 νομίζει·
3103 924 3248 979 οὕτω
3295 923 3361 995 δή
3415 925 3511 977 zeal
3556 923 3654 976 ἐπὶ
3699 920 3815 1003 τῶν

2214 1002 2604 1086 πνευματικῶν
2647 1013 3014 1085 πραγμάτιον,
3049 1013 3078 1064 6
3124 1009 3222 1080 μὲν
3257 1009 3315 1062 ἐν
3349 1003 3668 1074 δικαιοσύνῃ
3703 1002 3816 1068 ζῶν

2214 1101 2308 1154 zeal
2342 1100 2754 1173 κατορθώμασι,
2787 1100 2896 1152 κᾶν
2931 1099 3006 1170 μὴ
3040 1095 3325 1167 παρούσης
3364 1092 3584 1164 ἑορτῆς,
3617 1092 3815 1163 ἑορτὴν

2213 1187 2357 1256 ἀγει,
2387 1187 2487 1258 τὴν
2510 1187 2758 1260 καθαρὰν
2787 1185 2983 1257 ήδονὴν
3022 1182 3406 1255 καρπούμενος
3443 1181 3543 1250 τὴν
3575 1182 3687 1234 ἀπ’)
3718 1176 3817 1232 τοῦ

2216 1275 2547 1338 συνειδότος*
2580 1279 2608 1329 6
2633 1275 2691 1328 δὲ
2723 1275 2780 1327 ἐν
2807 1270 3058 1344 ἁμαρτία
3081 1271 3174 1323 zeal
3210 1267 3449 1339 πονηρίᾳ
3485 1266 3585 1320 καὶ
3614 1263 3818 1337 τρεφό-

2217 1379 2396 1432 μενος,
2429 1363 2524 1416 zeal
2556 1361 2729 1415 πολλά
2766 1360 2915 1415 κακά
2954 1358 3213 1421 συνειδὼς
3244 1355 3445 1426 ἑαυτῷ,
3476 1355 3572 1408 zeal
3604 1349 3818 1423 πα,.ούο

2211 1443 2316 1520 ’σης
2352 1450 2568 1519 ἑορτῆς,
2612 1449 2873 1520 ἀνέορτος
2913 1447 3150 1517 μάλιστα
3190 1445 3412 1497 πάντων
3443 1442 3619 1494 ἐστίν.
3646 1439 3820 1491 Ὥστε

2214 1536 2426 1600 ἔξεστιν
2472 1538 2637 1606 ήμῖν,
2686 1534 2753 1588 ἂν
2797 1533 3112 1603 ἐθέλωμεν,
3151 1529 3272 1584 καθ’
3305 1530 3550 1599 ἑκάστην
3595 1527 3820 1598 ήμέραν

2213 1624 2407 1696 ἐορτὴν
2438 1625 2615 1694 ἄγειν,
2649 1624 2715 1678 ἂν
2753 1622 2958 1694 ἀρετῆς
3009 1619 3428 1692 ἐπιμελώμεθα,
3467 1619 3562 1671 καὶ
3590 1620 3654 1670 τὸ
3685 1633 3822 1669 enov-

2214 1713 2355 1776 ειδὸς
2403 1712 2562 1784 ἡμῶν
2612 1711 3056 1783 ἐκκαθαίρωμεν.
3101 1707 3167 1762 Τί
3214 1708 3324 1779 7&9
3374 1709 3407 1778 ή
3461 1704 3820 1776 παρελθοῦσα

2217 1800 2439 1866 σύναξις
2465 1800 2568 1870 τῆς
2597 1799 2882 1870 παρούσης
2912 1798 3263 1862 πλεονεκτεί;
3286 1795 3319 1865 ή
3342 1796 3464 1866 οὐχὶ
3490 1795 3570 1865 τῷ
3597 1793 3824 1863 θορύϐῳ

2214 1876 2406 1960 zeal
2431 1891 2643 1959 ταραχῇ
2681 1891 2863 1958 μόνον,
2893 1884 3039 1955 ἀὶλῳ
3058 1884 3116 1938 δὲ
3142 1883 3320 1936 οὐδενί
3340 1897 3356 1948 ;
3380 1881 3552 1934 Ὅταν
3581 1879 3694 1952 γὰρ
3724 1881 3824 1933 zeal

2215 1976 2253 2046 ή
2275 1975 2386 2029 τῶν
2414 1976 2587 2044 ἀγίων
2617 1974 2932 2046 μυστηρίων
2959 1970 3281 2034 ἀπόλαυσις,
3315 1968 3410 2022 zeal
3444 1969 3478 2039 ή
3504 1967 3616 2020 τῶν
3637 1967 3823 2022 ἀλλων

2215 2064 2326 2117 τῶν
2355 2062 2744 2134 πνευματικῶν
2791 2059 3046 2115 κοινωνία
3069 2099 3085 2124 ,
3127 2051 3241 2110 οἷον
3275 2055 3442 2128 εὐχῆς
3490 2054 3673 2124 λέγω,
3721 2056 3827 2109 zeal

2215 2153 2554 2224 ἀκροάσεως,
2579 2152 2678 2204 zeal
2699 2149 2983 2218 εὑλογιῶν,
3008 2147 3104 2199 zeal
3123 2144 3371 2215 ἀγάπης,
3390 2145 3485 2197 zeal
3505 2143 3614 2196 τῶν
3636 2143 3824 2197 ἀλλων

2214 2239 2491 2305 ἀπάντων,
2513 2241 2547 2310 ἡ
2579 2239 2717 2310 αὑτὴ
2744 2239 2840 2292 zeal
2861 2238 3103 2308 σήμερον
3131 2229 3191 2308 ᾖ,
3213 2232 3367 2285 οὐδὲν
3391 2232 3546 2284 ἐσται
3572 2230 3824 2284 ὲλάττων

2215 2327 2433 2398 ἐκείνης
2463 2327 2601 2399 αὕτη
2629 2329 2663 2398 ή
2708 2327 2916 2398 ἡμέρα,
2948 2323 3074 2377 οὐτε
3100 2323 3254 2394 ὑμῖν,
3299 2319 3424 2374 οὐτε
3458 2319 3586 2390 ἐμοὶ
3615 2318 3697 2390 τῷ
3722 2318 3824 2373 λέ-

2215 2430 2387 2484 γοντι.
2423 2416 2486 2467 Ol
2517 2414 2628 2486 7&9
2660 2415 2782 2466 τότε
2817 2412 2976 2482 ήμῶν
3019 2411 3382 2474 ἀκούσαντες,
3415 2403 3562 2462 οὗτοι
3597 2408 3691 2459 καὶ
3719 2406 3824 2461 νῦν

2217 2503 2573 2556 ἀκούσονται·
2614 2502 2665 2555 οἰ
2695 2501 2754 2554 δὲ
2784 2502 2860 2571 μὴ
2905 2498 3178 2570 παρόντες
3208 2495 3328 2562 νῦν,
3359 2495 3481 2549 οὐδὲ
3512 2494 3635 2549 τότε
3674 2511 3826 2565 παρ-

2218 2589 2377 2662 ῆσαν,
2406 2592 2455 2642 εἰ
2481 2589 2576 2643 zeal
2603 2589 2821 2642 ἐδόκουν
2853 2583 3209 2658 παρεῖναιτῷ
3244 2581 3497 2654 σώματι·
3525 2585 3626 2636 οὐκ
3647 2583 3823 2636 ἀκού.

2217 2695 2334 2732 ουσι
2365 2677 2460 2732 νῦν
2482 2694 2495 2707 ·
2529 2676 2731 2747 μᾶλλον
2769 2676 2826 2728 δὲ
2871 2673 2994 2728 οὐδὲ
3032 2675 3156 2727 τότε
3185 2673 3415 2744 ήκουον·
3449 2673 3510 2726 οὑ
3558 2673 3720 2743 μόνον
3756 2672 3823 2726 δὲ

2216 2768 2316 2820 οὐκ
2343 2767 2564 2837 ἢκουον,
2597 2764 2734 2818 ἀλλά
2762 2763 2858 2816 καὶ
2881 2765 2991 2825 τοῖς
3011 2760 3171 2834 [741]
3199 2750 3492 2814 ἀκούουσιν
3514 2760 3820 2831 ἠνώχλουν,

2218 2853 2446 2926 θόρυϐον
2474 2852 2571 2905 zeal
2591 2849 2838 2923 ταραχήν
2871 2838 3248 2920 ἐμποιοῦντες.
3280 2848 3444 2902 Ὥστε
3471 2847 3584 2899 ίσον
3606 2848 3735 2917 ἐμοὶ
3755 2846 3825 2901 τὸ

2219 2942 2446 3012 θέατρον
2479 2941 2574 2992 zeal
2608 2941 2729 2991 τότε
2764 2938 2858 2990 zeal
2892 2937 3010 3003 νῦν,
3047 2935 3144 2988 zeal
3173 2936 3201 2988 6
3233 2933 3343 2988 τῶν
3372 2935 3662 3006 ἀκροατῶν
3693 2935 3826 2987 σύλ-

2219 3027 2396 3095 λογος,
2419 3028 2448 3078 ό
2468 3025 2652 3090 αὐτὸς,
2675 3026 2772 3078 zeal
2795 3024 2950 3077 οὐδὲν
2966 3019 3119 3086 οὗτος
3140 3022 3382 3076 ἐλάττων
3400 3024 3635 3087 ἐκείνου.
3653 3022 3823 3092 Ἀλλ’,

2221 3117 2270 3168 εἰ
2302 3115 2382 3167 δεῖ
2417 3131 2471 3166 τι
2508 3113 2605 3167 zeal
2651 3110 2965 3181 θαυμαστὸν
2996 3112 3194 3175 εἰπεῖν,
3223 3108 3340 3180 ἔχει
3379 3127 3432 3164 τι
3462 3110 3626 3163 πλέον
3661 3107 3825 3177 οὗτος

2221 3206 2452 3268 ἐκείνου,
2475 3204 2585 3274 ὅσῳ
2625 3203 2716 3256 zeal
2750 3203 3027 3271 ἀτάραχος
3058 3203 3092 3270 ή
3130 3198 3389 3266 διάλεξις,
3425 3201 3518 3253 zeal
3552 3200 3828 3272 ἀθόρυϐος

2220 3295 2254 3365 ή
2277 3291 2614 3354 διδασκαλία,
2631 3291 2725 3344 zeal
2749 3291 2889 3359 μετά
2909 3287 3153 3352 πλείονος
3177 3288 3445 3350 συνέσεως
3472 3290 3505 3358 ή
3529 3289 3824 3358 ἀκρόασις,

2219 3383 2432 3445 οὐδενὸς
2463 3381 2621 3452 ἡμῶν
2655 3379 2753 3452 τὴν
2775 3380 2948 3450 ἀκοὴν
2978 3378 3326 3449 ἐνοχλοῦντος
3361 3377 3618 3448 θορύϐου.

2295 3472 2362 3544 β’.
2379 3470 2568 3523 Ταῦτα
2587 3468 2817 3536 δὲλέγω,
2842 3468 2942 3520 οὐκ
2970 3466 3254 3537 ἀτιμάζων
3272 3465 3334 3517 τὸ
3347 3464 3550 3536 πλῆθος
3566 3465 3678 3519 τῶν
3699 3466 3826 3521 τότε

2223 3559 2631 3626 συλλεγέντων,
2680 3555 2819 3608 ἀλλά
2875 3553 3080 3607 πείθων
3131 3554 3279 3622 ὑμᾶς
3335 3552 3410 3625 μή
3463 3555 3826 3623 οτυγνάζειν,

2223 3647 2359 3719 μηδὲ
2385 3645 2662 3717 κατηφιᾷν
2691 3642 2780 3697 διὰ
2810 3641 2909 3713 τήν
2943 3641 3233 3711 ὀλιγότητα
3270 3642 3376 3693 τῶν
3402 3638 3499 3694 νῦν
3527 3642 3826 3712 συλλεγένο

2220 3753 2328 3791 των
2362 3734 2620 3788 ἐνταῦθα.
2652 3732 2728 3784 Οὐ
2756 3729 2866 3802 7&9
2886 3730 2952 3800 δὴ
2979 3727 3250 3799 σωμάτων
3278 3727 3481 3798 πλῆθος
3509 3729 3826 3803 βουλόμεθα

2222 3826 2316 3877 ἐπὶ
2334 3824 2434 3894 τῆς
2451 3821 2749 3891 ἐκκλησίας
2771 3820 2925 3890 ὁρᾷν,
2946 3816 3084 3871 ἀλλά
3107 3817 3395 3888 ἀκροατῶν
3419 3817 3646 3890 πλῆθος.
3667 3821 3832 3878 Ἐπεὶ

2223 3907 2315 3965 οὖν
2347 3912 2396 3963 οἰ
2427 3908 2583 3963 αὐτοὶ
2611 3905 2933 3977 δαιτυμόνες
2967 3904 3060 3957 zeal
3089 3903 3212 3956 τότε
3254 3903 3349 3956 zeal
3376 3902 3473 3956 νῦν
3502 3907 3637 3975 ήμῖν
3678 3910 3827 3982 πάρ-

2222 4014 2350 4062 εισι,
2393 3996 2533 4066 μετά
2566 3994 2669 4063 τῆς
2709 3994 2881 4064 αὐτῆς
2915 3990 3226 4065 προθυμίας
3285 3991 3380 4044 καὶ
3433 3994 3680 4064 σήμερον
3721 3997 3826 4067 τὴν

2223 4085 2467 4141 ἐπίασιν
2503 4084 2631 4155 ὑμῖν
2660 4080 3074 4154 παραθήσομαι,
3105 4079 3198 4132 ἐπὶ
3226 4077 3326 4150 τήν
3357 4079 3618 4134 ὑπόθεσιν
3650 4084 3828 4139 ἐπαν-

2223 4174 2429 4239 ελθὼν,
2471 4173 2609 4244 ἡν,,ό
2652 4171 2751 4242 τῆς
2789 4169 2985 4241 ἑορτῆς
3033 4165 3224 4237 καιρὸς
3285 4165 3555 4236 διέκοψεν.
3605 4169 3826 4244 Ὠσπερ

2223 4265 2332 4336 γὰρ
2354 4262 2454 4334 τῆς
2478 4258 2863 4331 Πεντήκοστῆς
2890 4255 3198 4328 παρούσης,
3219 4255 3450 4326 ἀκαιρον
3468 4252 3557 4325 ἡν,
3579 4259 3824 4327 ἀφέντας

2223 4354 2402 4424 λέγειν
2430 4352 2561 4422 περὶ
2585 4352 2693 4404 τῶν
2719 4347 2984 4401 δοθέντων
3013 4348 3148 4417 ήμῖν
3179 4347 3300 4400 κατ’
3329 4348 3538 4400 ἐκεῖνον
3573 4347 3670 4401 τὸν
3703 4365 3828 4405 και.

2228 4444 2322 4515 ρὸν
2351 4440 2593 4511 ἀγαθῶν,
2625 4439 2725 4510 τῆς
2755 4435 3079 4497 ἀκολουθίας
3107 4435 3211 4505 τῆς
3259 4434 3525 4507 προτέρας
3559 4434 3822 4506 ἔχεσθαιο

2227 4531 2368 4586 οὕτω
2401 4529 2497 4583 νῦν
2522 4528 2623 4598 τῆς
2653 4523 3038 4597 Πεντηκοστῆς
3068 4522 3470 4595 παρελθούσης,
3503 4525 3585 4587 εἰς
3628 4525 3827 4598 καιρὸν

2224 4624 2328 4696 τὴν
2357 4621 2679 4676 ἀκολουθίαν
2714 4620 2815 4690 τῆς
2851 4617 3095 4690 ἱστορίας
3136 4616 3562 4688 ἀναληψόμεθα,
3595 4618 3693 4670 ὲπί.
3722 4619 3827 4689 τῆς

2227 4711 2375 4767 κατά
2401 4712 2500 4784 τήν
2530 4711 2732 4764 ’Δνναν
2762 4706 3073 4769 ὑποθέσεως
3115 4705 3431 4775 ἐχόμενοιι.
3467 4703 3605 4756 Οὐδὲ
3635 4703 3750 4776 7&9
3781 4709 3833 4760 εἰ

2231 4803 2407 4860 πολλά
2427 4803 2495 4856 τὰ
2515 4801 2783 4873 εἰρημένα
2815 4797 2922 4871 χρὴ
2956 4797 3202 4859 σκοπεῖν,
3234 4793 3332 4847 zeal
3349 4795 3409 4848 ἐν
3437 4793 3667 4858 milhi;
3689 4797 3833 4867 ήμέ-

2231 4912 2379 4970 ραις,
2403 4893 2520 4948 ἀλλ’
2551 4894 2600 4944 εἰ
2625 4891 2762 4962 πρὸς
2789 4891 2852 4942 τὸ
2890 4887 3044 4950 τέλος
3084 4885 3323 4959 ήλθομεν
3345 4885 3448 4956 τῆς
3486 4881 3832 4952 ὑποθέσεως,

2229 4988 2342 5043 Kal
2365 4985 2476 5056 γὰρ
2512 4984 2560 5037 οί
2597 4979 2874 5052 θησαυρὸν
2907 4977 3181 5049 εὑρόντες,
3219 4974 3326 5031 κάν
3375 4976 3544 5046 μυρία
3587 4973 3835 5031 λάϐωσιν

2229 5080 2440 5136 ἐκεῖθεν
2464 5078 2745 5151 χρήματα,
2775 5074 2838 5127 οὐ
2862 5072 3129 5144 πρότερον
3159 5069 3505 5140 ἀφίστανται,
3539 5067 3648 5133 ἐως
3674 5068 3744 5123 ἀν
3771 5069 3838 5122 τὸ

2232 5171 2341 5225 πᾶν
2373 5167 2776 5238 ἐξαντλήσωσιν
2796 5178 2810 5193 ο
2847 5161 2909 5215 οὑ
2945 5159 3054 5231 7&9
3081 5158 3143 5212 τὸ
3170 5157 3344 5212 πολλά
3369 5159 3574 5225 λαϐεῖν,
3605 5160 3747 5215 ἀλλά
3773 5163 3838 5217 τὸ

2235 5260 2402 5332 μηδὲν
2446 5259 2696 5328 ἀφεῖναι,
2735 5252 2896 5307 τοῦτο
2947 5250 3185 5324 μάλιστα
3235 5249 3432 5314 αὐτοὺς
3483 5251 3836 5307 ἀνακτᾶσθαι

2232 5349 2499 5418 πέφυκεν.
2520 5344 2690 5418 ,Εἰ-δέ
2722 5340 2928 5418 οἰμπερί
2960 5339 3033 5393 τὰ
3055 5338 3673 5418 χρήματαΔμαινόμενοι
3705 5356 3837 5393 τοσ-

2233 5409 2372 5490 αύτῃ
2413 5417 2542 5489 περὶ
2567 5415 2636 5468 τὰ
2658 5409 3008 5482 ἀπολλύμενα
3056 5409 3152 5463 zeal
3176 5410 3253 5480 μὴ
3279 5409 3507 5479 μένοντα
3532 5413 3836 5481 κέχρηνται

2300 5692 2326 5721 ⁸
2351 5686 2627 5752 Colbelflinj
2659 5685 2924 5750 ἐρχόμενοι.
2952 5682 3080 5734 Infra
3103 5683 3258 5734 Slvil.
3293 5689 3339 5735 οί
3376 5684 3612 5748 θησαυρὸν
3630 5685 3845 5752 ἀνορύτ-

2232 5769 2393 5811 τοντες
2413 5753 2461 5800 έν
2478 5750 2548 5814 τῷ
2558 5749 2747 5812 κόσμῳ.
