4066 6428
207 337 320 394 una

856 441 1090 498 SERMO
1131 441 1196 494 Υ.

207 565 464 636 Idl-ergit
501 575 585 614 eos
609 558 696 628 qui
719 561 917 610 tantum
958 555 1012 608 in
1042 554 1182 624 festis
1211 552 1534 614 conveniunt,
1565 560 1612 604 et
1659 549 1816 619 quid-

286 670 408 708 nam
433 654 496 706 sit
523 654 740 721 festum;
771 649 890 702 item
913 646 1159 702 adversus
1183 661 1268 700 eos
1295 645 1382 716 qui
1419 644 1656 697 incusant
1683 642 1816 695 divi-

286 761 405 798 nam
429 741 801 809 prouidentiam
821 780 838 806 ,
880 756 938 794 eo
980 740 1116 810 quod
1145 739 1199 792 in
1227 735 1324 790 hac
1353 737 1456 790 vita
1479 736 1687 804 quidam
1714 735 1817 790 sint

282 833 482 897 divites,
513 833 720 903 quidam
751 846 1003 899 pauperes
1028 846 1050 883 :
1077 827 1214 897 quod
1243 835 1520 898 paupertas
1544 823 1815 879 utilissima

278 923 366 988 sit,
394 932 442 977 et
463 923 609 990 quod
637 930 916 992 paupertas
942 920 1058 988 plus
1102 919 1378 988 uoluptatis
1425 933 1486 970 ac
1529 917 1818 971 securitatis

280 1015 465 1086 ubique
492 1009 706 1080 haeeat,
732 1029 888 1084 quam
917 1009 1143 1077 divitia;
1171 1012 1394 1082 itemque
1429 1011 1493 1064 de
1534 1010 1702 1066 Anna.

284 1153 338 1208 i.
361 1152 605 1216 Frustra,
629 1157 690 1205 ut
712 1149 944 1212 videtur,
965 1163 1060 1204 eos
1074 1147 1164 1217 qui
1186 1145 1511 1219 praecedenti
1529 1143 1813 1200 adfuerunt

204 1243 448 1297 collectae
467 1283 483 1307 ,
514 1241 710 1296 hortati
734 1253 922 1295 sumus
939 1280 958 1307 ,
983 1247 1044 1294 ut
1077 1239 1129 1293 in
1153 1240 1377 1309 paterna
1401 1236 1562 1292 domo
1597 1249 1816 1307 pet-ma-

206 1339 422 1395 nerent,
444 1339 500 1385 et
525 1346 630 1385 non
661 1344 765 1384 una
793 1343 916 1384 cum
963 1330 1028 1383 iis
1047 1370 1062 1393 ,
1109 1328 1199 1398 qui
1230 1325 1382 1382 festis
1421 1326 1612 1382 diebus
1638 1326 1813 1381 solum

209 1421 304 1477 hic
327 1434 387 1476 se
412 1422 628 1486 sistunt,
658 1420 981 1476 accederent
1007 1418 1074 1474 ad
1105 1432 1206 1474 nos
1223 1461 1238 1484 ,
1265 1432 1330 1473 ac
1349 1432 1559 1473 rursum
1581 1415 1813 1472 decede-

205 1520 329 1566 rent
355 1529 370 1564 :
403 1511 513 1566 imo
537 1525 666 1565 vero
707 1524 813 1565 non
845 1509 1064 1565 frustra.
1106 1507 1242 1564 Nam
1283 1508 1383 1571 etsi
1413 1506 1612 1562 nemini
1640 1521 1706 1561 ex
1733 1505 1814 1562 eis

206 1617 524 1674 persuasum
550 1611 695 1659 esset
713 1601 958 1657 oratione
978 1611 1162 1657 nostra
1179 1643 1195 1668 ,
1217 1600 1373 1656 nobis
1395 1608 1576 1655 tamen
1599 1612 1809 1654 merces

205 1696 413 1767 integra
452 1704 666 1761 manet,
695 1694 1015 1766 plenamque
1057 1692 1318 1748 habemus
1345 1689 1488 1760 apud
1517 1690 1684 1745 Deum
1710 1688 1811 1744 de-

203 1785 527 1842 fensionem.
545 1784 909 1853 Quamobrem
928 1792 1139 1854 oportet
1149 1783 1608 1843 concionetorem,
1622 1780 1814 1836 etiam-

205 1879 251 1935 si
296 1893 459 1934 nemo
488 1879 728 1934 attendat
747 1919 765 1946 ,
800 1878 1007 1934 semina
1030 1877 1233 1946 jacere,
1262 1883 1317 1930 ct
1345 1874 1623 1944 pecuniam
1643 1874 1812 1943 depo-

203 1986 336 2028 nere
359 2012 375 2038 ,
417 1980 474 2027 ut
505 1979 690 2042 postea
736 1971 879 2026 Deus
910 1985 1014 2050 non
1043 1969 1113 2023 ab
1142 1968 1260 2034 illo,
1295 1967 1390 2023 sed
1431 1981 1461 2021 a
1497 1966 1813 2022 numuluviis

203 2062 468 2119 rationem
511 2069 779 2133 reposcat.
822 2059 979 2127 Quod
1025 2073 1157 2115 sane
1195 2058 1357 2112 etiam
1402 2072 1502 2112 nos
1545 2055 1807 2122 terimus,

202 2153 503 2227 arguendo,
535 2151 867 2222 increpando
889 2191 904 2215 ,
931 2148 1291 2215 obsecrando,
1335 2145 1700 2202 admonendo.
1749 2147 1809 2202 lu

203 2244 310 2300 hoc
333 2244 480 2300 enim
510 2242 661 2297 vobis
685 2241 1228 2298 commemoravimus
1254 2238 1421 2293 illium
1446 2238 1598 2293 illum
1628 2245 1810 2308 pater.

201 2349 392 2390 narunt
411 2332 720 2389 facultatum
734 2333 1164 2403 absumptorem,
1184 2329 1398 2385 tandem
1427 2328 1496 2384 ad
1529 2337 1808 2399 paternam

199 2426 424 2482 domum
474 2425 804 2495 postliminio
853 2437 1133 2479 reversum
1158 2462 1173 2486 ,
1226 2420 1642 2491 universamque
1690 2419 1808 2488 ejus

202 2517 498 2578 miseriam,
529 2514 747 2581 famem,
790 2511 1047 2580 dedecus,
1091 2511 1378 2582 opprobria
1407 2551 1424 2576 ,
1468 2519 1523 2566 et
1547 2508 1805 2580 quidquid

198 2607 340 2680 apud
363 2617 580 2664 exteros
605 2607 846 2677 pertulit,
874 2603 1196 2659 adduximus
1223 2603 1278 2658 in
1307 2601 1574 2668 medium,
1600 2611 1660 2656 ut
1703 2601 1808 2654 hoc

197 2697 449 2768 exemplo
471 2698 538 2754 ad
573 2697 926 2753 sobrietatem
953 2710 1050 2752 vos
1078 2694 1448 2767 redigeremus
1474 2710 1489 2748 τ
1520 2708 1694 2764 neque
1721 2692 1810 2758 hic

198 2803 508 2845 sermonem
543 2787 834 2852 finivimus,
861 2801 1046 2842 verum
1067 2786 1228 2842 etiam
1253 2791 1531 2856 paternam
1557 2799 1682 2854 erga
1713 2797 1809 2839 eos

199 2881 454 2953 pietatem
484 2879 850 2944 exhibuimus,
875 2893 983 2934 non
1015 2877 1355 2950 negligentia)
1378 2891 1564 2947 pinnas
1589 2876 1809 2946 exigen-

197 2982 300 3039 tes,
332 2972 426 3028 sed
459 2972 663 3041 supinis
689 2971 938 3028 manibus
966 2985 1063 3026 eos
1088 2970 1448 3038 excipientes,
1465 2968 1678 3024 veniam
1709 2968 1798 3023 de-

196 3065 462 3124 lictorum.
490 3063 874 3130 concedentes,
920 3071 1103 3132 aperta
1143 3060 1306 3117 domo
1347 3075 1590 3116 mensam
1635 3075 1808 3130 appu-

196 3165 411 3219 nentes.
441 3154 702 3211 doctrina:
721 3154 922 3210 amictu
948 3168 1042 3209 eos
1067 3153 1412 3218 amicientes,
1443 3161 1807 3221 ceteramque

194 3261 415 3300 omnem
458 3260 643 3300 curam
695 3244 826 3315 ipsis
870 3243 1211 3299 adhibentes.
1265 3243 1346 3300 Illi
1398 3252 1579 3299 autem
1635 3241 1804 3297 filium

196 3336 349 3392 illum
381 3351 486 3391 non
533 3343 660 3390 sunt
700 3335 928 3402 imitati,
960 3349 1063 3390 uec
1095 3349 1191 3391 eos
1219 3334 1390 3390 relicti
1432 3345 1605 3391 coitus
1635 3336 1810 3404 νωιιί-

196 3428 325 3494 tIit,
365 3441 539 3498 neque
579 3427 632 3481 in
666 3435 889 3496 paterna
926 3425 1088 3482 domo
1117 3434 1454 3492 manserunt,
1503 3424 1600 3481 sed
1629 3425 1806 3481 denuo

195 3518 598 3573 abscesserunt.
622 3516 867 3572 Vestrum
896 3516 1057 3587 igitur
1082 3526 1249 3581 esset,
1271 3525 1534 3584 vostrum,
1565 3516 1802 3586 inquam,

195 3609 287 3679 qui
317 3623 534 3678 semper
558 3606 838 3662 nobiscum
854 3608 1004 3673 estis,
1040 3606 1300 3664 reducere
1324 3607 1489 3679 ipsos,
1513 3609 1806 3678 persuade-

199 3716 368 3771 reqne
397 3712 454 3755 ut
483 3701 766 3756 nobiscum
809 3716 906 3771 per
935 3701 1177 3772 singulas
1203 3701 1459 3758 collectas
1487 3701 1655 3758 velint
1684 3701 1803 3759 festi

195 3809 319 3851 esse
344 3796 650 3866 participes.
698 3793 955 3863 Quamvis
983 3794 1130 3850 enim
1173 3793 1496 3850 Pentecoste
1522 3794 1801 3865 praeteriit,

195 3886 392 3942 festum
431 3896 609 3942 tamen
641 3901 748 3942 non
793 3887 1082 3957 praeteriit;
1113 3887 1290 3942 omnis
1318 3887 1464 3942 enim
1502 3899 1805 3944 conventus

194 3977 394 4034 fostum
424 3988 526 4034 est.
573 3978 727 4035 Unde
756 3980 857 4034 hoc
879 3981 1060 4049 patet?
1089 3981 1164 4036 Ea
1198 3980 1328 4052 ipsis
1370 3980 1571 4037 Christi
1602 3981 1802 4048 verbis,

194 4069 465 4126 dicentis:
499 4069 811 4143 Ubicumque
834 4072 1023 4141 fuerint
1052 4072 1154 4126 duo
1185 4073 1262 4127 vel
1293 4083 1392 4127 tres
1416 4076 1712 4146 congregati
1749 4076 1803 4130 in

193 4176 309 4215 nteo
334 4162 557 4225 nontine,
589 4161 658 4215 ibi
677 4178 791 4216 sum
823 4163 877 4216 in
916 4164 1084 4217 medio
1109 4179 1286 4218 eorum
1311 4163 1524 4228 (Matth.
1557 4165 1645 4223 18.
1680 4165 1799 4238 20).

193 4249 417 4320 Quoties
445 4261 623 4308 autem
637 4249 884 4308 Christus
910 4254 1133 4310 interest
1161 4255 1215 4310 in
1238 4255 1418 4313 medio
1437 4266 1633 4324 castus,
1655 4257 1801 4330 quod

195 4341 373 4414 majus
397 4344 594 4415 quovis
625 4343 743 4400 festi
765 4346 1182 4417 argumentum?

268 4474 540 4530 Iestorum
585 4489 797 4533 ornatus
845 4481 1062 4534 eeri.——
1091 4480 1191 4537 Ubi
1242 4497 1395 4537 sacra
1443 4483 1690 4541 doctrina
1743 4495 1802 4543 et

195 4581 406 4638 preces,
437 4567 528 4622 ubi
551 4579 762 4636 patrum
794 4569 1197 4627 benedictiones
1218 4582 1274 4627 et
1302 4573 1498 4629 divinae
1525 4574 1661 4645 legis
1699 4591 1800 4630 an-

194 4658 474 4726 ditnrium,
497 4661 584 4715 ubi
613 4671 910 4716 conventus
936 4661 1185 4731 fratrum,
1200 4679 1578 4737 germanaeque
1599 4667 1800 4724 carita-

195 4751 267 4806 tis
309 4753 603 4819 viuculum,
635 4754 724 4809 ubi
771 4771 890 4812 cum
925 4757 1038 4812 Deo
1074 4757 1423 4829 colloquium,
1453 4771 1508 4816 et
1539 4761 1632 4818 Dei
1675 4777 1799 4819 cum

199 4840 511 4898 hminibus
541 4860 741 4908 sermo.
777 4847 866 4917 qui
895 4846 1008 4903 ﬁeri
1037 4857 1214 4920 potest
1239 4858 1296 4905 ut
1323 4850 1394 4906 ibi
1437 4868 1544 4908 non
1575 4855 1646 4909 sit
1667 4853 1799 4910 festa

193 4931 513 4987 celebritas?
551 4933 710 4991 Festa
738 4938 880 4992 enim
909 4953 1015 4993 non
1046 4940 1333 4996 multitudo
1363 4946 1796 5002 convenientium

195 5020 374 5080 facere
397 5024 552 5092 solet,
583 5026 676 5081 sed
705 5029 872 5082 virtus
891 5045 906 5092 ;
939 5044 1045 5085 non
1063 5041 1412 5102 sumptuosus
1434 5037 1680 5102 vestitus,
1702 5039 1797 5094 sed

195 5115 408 5184 pietatis
425 5127 680 5182 ornatus;
712 5137 817 5177 non
850 5137 1052 5179 mensa:
1071 5125 1297 5192 lautitia,
1315 5127 1410 5183 sed
1433 5143 1558 5185 cura
1580 5133 1796 5190 anima).

194 5203 486 5262 Maximum
518 5209 662 5265 enim
695 5209 890 5266 festum
914 5222 998 5269 est
1021 5215 1350 5273 conscientia
1379 5219 1538 5274 bona.
1576 5221 1644 5278 Et
1663 5227 1801 5283 sicut

194 5295 250 5354 in
288 5301 526 5355 externis
564 5304 970 5362 celebritatihus
1000 5309 1042 5362 is
1083 5311 1173 5380 qui
1217 5326 1316 5368 nec
1349 5322 1552 5369 vestem
1595 5316 1798 5389 habet,

192 5405 300 5461 qua
328 5391 600 5460 induatur,
630 5397 991 5467 splendidam,
1019 5417 1119 5457 nec
1146 5419 1408 5471 mensam,
1437 5423 1538 5478 qua
1568 5407 1797 5480 fruatur,

191 5481 415 5575 lautam,
449 5488 543 5541 sed
588 5489 715 5542 vivit
747 5491 798 5545 in
843 5503 1192 5562 paupertate,
1239 5495 1400 5566 fame,
1451 5510 1800 5575 extremaque

195 5574 454 5644 miseria,
486 5594 592 5634 non
637 5583 873 5639 afllcitur
903 5584 1038 5641 l'esto
1082 5587 1192 5654 dic,
1238 5592 1449 5648 etiamsi
1493 5574 1797 5654 universam

194 5667 383 5762 urbem
405 5671 635 5762 choreas
663 5691 822 5747 agerc
853 5678 1052 5747 videat,
1085 5683 1178 5740 sed
1206 5699 1274 5743 eo
1302 5687 1470 5759 magis
1496 5691 1711 5762 angitur
1733 5709 1799 5751 ac

192 5751 342 5817 dsiet
365 5761 508 5833 quod
533 5764 667 5820 alios
698 5767 751 5824 in
779 5766 989 5827 deliciis
1005 5771 1204 5846 videat,
1231 5775 1358 5834 dum
1392 5751 1510 5850 ipse
1537 5751 1792 5844 omnibus

1449 324 1537 381 DE
1576 321 1761 380 ΑΝΝᾹ
1801 314 2034 374 δεικο
2072 316 2136 376 γ.

3435 318 3543 374 670

1928 436 2085 496 eget;
2119 425 2268 482 dives
2291 440 2419 482 vero
2447 428 2732 492 delicatus.
2763 429 3068 485 mutatoriis
3098 427 3336 485 vestibus
3362 431 3537 485 abun-

1925 516 2090 581 dans,
2120 525 2176 573 ct
2214 518 2267 571 iu
2298 531 2508 573 summa
2538 521 2894 590 prosperitate
2934 521 3156 588 vivens,
3187 522 3349 577 etiam
3384 530 3538 578 extra

1926 606 2058 662 festa
2089 616 2332 678 tempora
2356 608 2549 664 festum
2575 623 2736 680 agere
2755 610 2855 665 sibi
2882 610 3098 667 videtur
3125 629 3138 664 :
3168 612 3238 666 ita
3265 621 3321 669 et
3342 612 3393 668 in
3415 614 3543 684 spl-

1928 698 2210 753 ritualibus
2234 699 2395 754 rebus
2429 699 2715 756 usuvenit:
2751 701 2842 772 qui
2870 699 3001 756 vivit
3025 702 3078 756 in
3100 703 3307 773 justitia
3327 711 3382 760 et
3402 719 3537 775 ope-

1926 789 2076 843 ribus
2106 789 2280 858 honis,
2317 790 2401 847 vel
2427 791 2641 862 absque
2672 792 2811 849 festo
2840 790 3036 848 festum
3076 794 3185 865 agit
3207 835 3223 859 ,
3266 795 3538 852 sinceram

1924 881 2252 952 voluptatem
2280 899 2346 938 ex
2373 882 2510 939 bona
2533 884 2864 940 conscientia
2894 885 3198 956 percipiens
3230 903 3245 940 :
3286 887 3379 958 qui
3405 902 3538 944 vero

1924 971 1981 1025 in
2013 982 2234 1041 prce-sto
2273 982 2326 1028 et
2352 974 2554 1028 malitia
2600 973 2745 1045 degit
2766 1014 2782 1041 ,
2814 973 3107 1030 multorum
3136 974 3402 1034 malorum
3431 976 3536 1032 sibi

1923 1065 2197 1130 conscius,
2226 1065 2386 1120 etiam
2419 1081 2539 1120 cum
2566 1065 2757 1122 festum
2781 1075 2886 1135 est,
2912 1075 3018 1122 tam
3042 1068 3182 1124 festo
3199 1079 3350 1125 caret
3373 1084 3535 1141 quam

1922 1157 2011 1226 qui
2040 1159 2288 1214 nnixime.
2321 1159 2661 1230 Quapropter
2695 1161 2819 1216 licet
2846 1161 3038 1228 nobis,
3069 1160 3117 1217 si
3140 1160 3395 1230 velimus,
3433 1179 3530 1233 per

1925 1248 2167 1318 singulos
2195 1253 2310 1306 dies
2331 1251 2526 1306 festum
2556 1252 2775 1318 habere,
2799 1253 2842 1308 si
2873 1254 3128 1309 virtutem
3155 1268 3530 1322 exerceamus,

1921 1350 1978 1396 et
2004 1343 2392 1400 conscientiam
2438 1344 2804 1417 purificemus.
2845 1345 2960 1414 Qua
2985 1347 3133 1402 enim
3172 1363 3234 1403 re
3263 1349 3533 1419 praeterita

1920 1431 2148 1486 collecta
2181 1435 2280 1488 hac
2312 1435 2563 1502 praesenti
2595 1420 2680 1490 est
2707 1434 2922 1506 potior?
2945 1451 3128 1493 annon
3156 1437 3386 1493 tumultu
3414 1443 3535 1492 ω..-

1927 1529 2039 1576 tum
2090 1532 2145 1578 et
2192 1525 2450 1594 strepitu,
2500 1526 2755 1596 nullaque
2796 1542 2856 1583 re
2885 1526 3029 1583 alia?
3055 1528 3281 1598 Quando
3305 1529 3453 1587 enim
3479 1538 3542 1585 et

1920 1624 2233 1669 sanctorum
2260 1615 2646 1687 mysteriarum
2670 1619 2968 1689 perceptio,
3016 1630 3074 1676 et
3117 1621 3348 1678 aliarum
3369 1623 3532 1695 spiri-

1921 1704 2150 1758 tualium
2177 1718 2362 1760 rerum
2391 1709 2704 1764 communio
2722 1749 2740 1776 ,
2790 1719 2916 1781 puta
2964 1713 3371 1782 precationum,
3397 1725 3540 1770 cono!

1918 1795 2116 1861 cionis,
2148 1797 2619 1867 bcuedictionum,
2649 1803 2928 1871 caritatis,
2959 1812 3390 1877 ceterorumque
3417 1821 3535 1862 om-

1918 1885 2070 1944 nium
2097 1891 2286 1945 eadem
2313 1901 2398 1947 est
2426 1893 2590 1947 ctiam
2633 1893 2817 1960 hodie,
2865 1894 3009 1949 nulla
3057 1896 3111 1950 in
3154 1910 3216 1952 re
3257 1898 3373 1952 haec
3413 1897 3544 1954 dies

1917 1992 2201 2052 superatur
2239 1984 2308 2036 ab
2362 1983 2449 2038 illa
2475 2024 2489 2050 ,
2524 1994 2786 2055 quantum
2817 1987 2902 2041 vel
2946 1985 3014 2042 ad
3055 1978 3158 2043 vos
3205 1988 3294 2044 vel
3345 1988 3414 2045 ad
3444 2005 3533 2046 me

1915 2075 2330 2131 conicionantem
2359 2079 2574 2132 attinet.
2611 2075 2748 2132 Nam
2771 2079 2861 2148 qui
2902 2088 3030 2136 tunc
3059 2093 3158 2136 nos
3197 2080 3532 2150 audiebant,

1917 2160 1971 2219 hi
1999 2181 2140 2221 nunc
2164 2176 2380 2238 quoque
2409 2169 2640 2224 audituri
2663 2179 2827 2236 sunt;
2855 2179 2910 2226 et
2937 2172 3027 2242 qui
3054 2188 3199 2229 nunc
3221 2157 3444 2242 absunt,
3464 2190 3532 2230 ne

1917 2264 2044 2314 tunc
2079 2260 2297 2335 quidem
2323 2260 2551 2316 aderant
2577 2303 2594 2328 ,
2643 2261 2858 2318 etiamsi
2888 2272 3126 2335 corpore
3151 2264 3354 2322 adesse
3386 2264 3534 2322 vide-

1916 2345 2105 2405 rentur
2123 2370 2135 2404 :
2152 2365 2260 2405 non
2281 2351 2510 2407 audiunt
2528 2368 2672 2408 nunc
2690 2370 2706 2421 ;
2727 2353 2835 2409 imo
2856 2361 2984 2412 tunc
3002 2356 3182 2413 minus
3205 2359 3493 2415 audiebant
3515 2377 3530 2425 ;

1919 2455 2022 2497 nec
2049 2442 2223 2498 solum
2254 2459 2362 2499 non
2389 2445 2716 2511 audiebant,
2743 2445 2842 2501 sed
2866 2447 3032 2503 etiam
3061 2446 3402 2506 audientibus
3429 2450 3531 2508 oh-

1915 2531 2208 2601 strependo
2237 2533 2455 2589 molesti
2483 2545 2662 2592 erant.
2695 2535 3041 2608 Quapropter
3065 2548 3120 2594 et
3147 2545 3274 2595 tunc
3310 2547 3366 2596 et
3389 2558 3533 2597 nunc

1913 2624 2122 2694 quale
2147 2624 2277 2680 mihi
2311 2635 2395 2681 est
2431 2626 2703 2683 theatrum
2723 2669 2737 2691 ,
2771 2627 3028 2700 idemque
3059 2629 3368 2688 auditorum
3395 2648 3529 2688 con-

1918 2724 2137 2783 ventus,
2166 2733 2269 2773 nec
2295 2719 2404 2773 ulla
2436 2720 2488 2773 in
2520 2735 2578 2774 re
2605 2721 2776 2778 altero
2800 2723 2887 2777 hic
2915 2721 3158 2780 inferior.
3194 2723 3327 2792 imo,
3360 2726 3404 2781 si
3426 2727 3533 2782 mi-

1915 2822 2036 2862 rum
2051 2809 2251 2878 aliquid
2279 2810 2463 2866 dicere
2486 2812 2821 2883 permittitis,
2843 2814 2929 2869 hic
2950 2814 3046 2870 illo
3065 2823 3148 2872 est
3170 2821 3529 2886 praslantiot';

1913 2899 2057 2968 quod
2083 2900 2204 2956 sine
2233 2903 2458 2972 strepitu
2489 2905 2558 2958 sit
2577 2921 2779 2971 sermo,
2799 2917 2854 2961 et
2869 2909 2988 2963 sine
3007 2909 3236 2965 tumultu
3262 2911 3530 2978 doctrina,

1913 2997 1970 3044 et
2005 3002 2132 3045 cum
2159 2992 2372 3061 majore
2423 2995 2705 3050 intellectu
2733 2997 3091 3066 auscultatio,
3123 3001 3271 3058 nullo
3300 3003 3538 3060 tumultu

1919 3081 2161 3136 auditum
2191 3093 2436 3139 nostrum
2458 3085 2905 3158 interrumpente.

1987 3175 2040 3229 2.
2090 3175 2342 3233 Paucitas
2365 3179 2660 3233 auditorum
2687 3197 2752 3234 ne
2775 3183 3057 3238 contristet.
3086 3214 3160 3225 —
3185 3184 3313 3241 Haec
3345 3195 3525 3244 autem

1914 3266 2060 3333 dico,
2089 3284 2193 3323 non
2220 3270 2363 3339 quod
2410 3281 2756 3328 contemnam
2793 3275 3196 3334 multitudinem
3225 3278 3370 3337 illius
3392 3295 3532 3339 eon-

1912 3367 2126 3441 ventus,
2183 3359 2278 3414 sed
2317 3368 2379 3416 ut
2419 3361 2574 3416 vobis
2599 3364 2956 3432 persuadeam
2987 3383 3055 3424 ne
3081 3367 3310 3427 deleatis
3331 3412 3348 3441 ,
3393 3389 3530 3430 neve

1911 3435 2303 3508 cdutristcmiui
2334 3454 2406 3510 oh
2436 3456 2763 3524 paucitatem
2808 3473 3040 3530 eorum,
3092 3461 3185 3533 qui
3235 3435 3381 3521 nunc
3423 3463 3527 3522 huc

1914 3553 2308 3600 convenerunt.
2361 3544 2476 3601 Non
2526 3549 2671 3602 enim
2711 3563 3000 3620 corporum
3025 3595 3040 3620 ,
3085 3555 3180 3610 sed
3221 3557 3526 3616 auditorum

1913 3633 2316 3691 multitudinem
2343 3635 2395 3692 in
2425 3637 2653 3694 melesia
2681 3641 3030 3711 requirimus.
3077 3645 3527 3723 Quandoquidem

1913 3727 2076 3797 igitur
2118 3727 2282 3784 iidem
2326 3730 2567 3787 conviva:
2608 3733 2702 3803 qui
2753 3745 2919 3806 tunc,
2967 3737 3131 3794 etiam
3178 3757 3323 3800 nunc
3370 3748 3527 3803 nobis

1910 3819 2126 3886 adsunt,
2167 3822 2280 3893 pari
2307 3821 2585 3881 alacritate
2613 3825 2775 3881 hodie
2802 3843 3017 3903 quoque
3041 3835 3347 3892 convivium
3373 3839 3529 3896 vobis

1909 3910 2200 3980 exhibebo,
2231 3912 2299 3968 ad
2326 3925 2707 3985 argumentum
2740 3934 3013 3986 reversus,
3046 3925 3191 3994 quod
3239 3928 3410 3986 nobis-
3439 3930 3520 3986 fe-

1909 4001 2161 4057 stivitatis
2188 4013 2400 4075 tempus
2435 4006 2743 4078 interrupit.
2780 4007 3249 4077 Quemadmodum
3291 4020 3447 4076 enim
3467 4022 3520 4077 iu

1909 4091 2262 4152 Pentecoste'
2283 4097 2721 4169 intempestivum
2748 4111 2886 4170 erat,
2911 4103 3113 4161 omissa
3139 4107 3527 4170 beneliciorum

1908 4201 2008 4257 per
2037 4185 2090 4242 id
2123 4194 2338 4259 tempus
2382 4189 2435 4244 in
2480 4204 2581 4246 nos
2616 4192 2936 4250 collaturum
2965 4203 3525 4271 commemoratione,

1909 4274 2186 4348 inceptum
2223 4284 2388 4335 antea
2440 4289 2752 4338 contextum
2777 4287 3136 4345 continuare:
3168 4291 3240 4346 ita
3265 4308 3409 4350 nunc
3429 4310 3521 4351 ea:

1909 4377 2030 4426 acta
2045 4368 2388 4442 Pentecoste,
2406 4384 2711 4445 opportune
2725 4375 3008 4434 historiam
3031 4379 3086 4436 in
3109 4397 3302 4441 manus
3316 4400 3522 4441 resum-

1911 4471 2055 4532 ptam
2083 4467 2828 4538 prosequemur,.pristinum
2854 4471 2924 4526 de
2958 4473 3114 4530 Anna
3143 4484 3523 4546 argumentum

1911 4556 2210 4610 tractaturi.
2260 4555 2376 4611 Non
2422 4558 2568 4612 enim
2613 4559 2965 4630 spectandum
3009 4579 3167 4636 quam
3203 4569 3369 4626 multa
3409 4570 3520 4640 jam

1908 4641 2052 4698 dicta
2078 4645 2206 4710 sint,
2236 4644 2332 4700 sed
2359 4654 2535 4702 utrum
2564 4647 2631 4704 ad
2654 4648 2816 4706 tinem
2849 4651 3010 4724 hujus
3053 4661 3358 4729 argumenti
3407 4679 3521 4733 pen

1905 4733 2240 4790 venerimus.
2269 4734 2406 4791 Nam
2438 4747 2495 4793 et
2521 4739 2611 4809 qui
2638 4739 2954 4799 thesaurum
2987 4745 3350 4820 invenerunt,
3393 4754 3519 4813 licet

1907 4826 2170 4897 plurimas
2215 4827 2340 4884 inde
2381 4830 2600 4901 capiant
2643 4832 2862 4890 divitias
2891 4877 2907 4904 ,
2936 4852 3043 4892 non
3074 4840 3221 4908 prius
3254 4823 3526 4904 absistunt

1908 4933 2069 4989 quam
2089 4928 2260 4974 totum
2285 4920 2656 4990 exhauserint,
2685 4934 2746 4980 ut
2769 4941 2905 4998 quos
2927 4944 3033 4984 non
3051 4939 3157 4986 tam
3181 4928 3333 5003 juvat
3350 4939 3521 4994 multa

1906 5012 2216 5081 accepisse,
2254 5027 2414 5083 quam
2444 5011 2581 5070 nihil
2626 5015 2894 5090 reliquum
2928 5015 3144 5078 fecisse.
3190 5022 3346 5092 Quod
3395 5029 3439 5083 si
3486 5032 3522 5087 ii

1973 5124 1990 5200 ξ
2268 5132 2322 5200 et
2339 5131 2478 5200 ttcg.,
2499 5132 2790 5200 gentecum.
2805 5131 2877 5200 Sic
2892 5129 3017 5182 infra
3042 5134 3190 5200 etiam
3206 5135 3411 5200 legitur.
3428 5148 3522 5191 κου

1904 5183 2025 5260 εει..
2048 5183 2473 5260 iuesopentecost'e,
2508 5188 2560 5238 in
2593 5199 2822 5260 utroque
2844 5190 2971 5243 loco.
3132 5183 3522 5257 ducaret—uitium

2042 5248 2332 5316 auctoritate
2357 5248 2620 5316 lectionem
2642 5248 2954 5316 muisvimus,
2979 5248 3222 5310 suadente

1907 5304 2146 5378 illosupra
2164 5307 2308 5382 paulo
2331 5318 2440 5371 post
2474 5312 2684 5371 initium,
2707 5314 2932 5374 Quamvis
2941 5304 3094 5369 enim
3104 5304 3522 5389 5M5}:

1906 5375 2056 5439 term,
2079 5383 2178 5433 quo
2219 5374 2437 5439 tunuitur
2481 5373 2561 5423 hic
2593 5373 2862 5437 legendum
2898 5389 3012 5429 esse
3038 5380 3092 5430 iu
3126 5384 3344 5435 secundo
3379 5386 3518 5439 loco.

2040 5404 2056 5426 ο
2079 5404 2178 5433 Ὶυν
2220 5404 2427 5421 auum-Iun
2481 5404 2561 5423 μιν
2593 5404 2862 5437 scutulam"
2898 5404 3012 5429 τως
3039 5404 3092 5430 ιιι
3126 5404 3344 5435 δυαωυο
3379 5404 3518 5450 Im,

2040 5437 2082 5458 In
2114 5438 2380 5458 "malas-~04
2421 5440 2840 5458 tan.~.n.....u-.a...a-
2868 5448 3027 5458 -_-.-M_
3068 5455 3082 5458 _
3125 5451 3160 5458 κ.
3193 5445 3215 5458 ρ
3271 5448 3280 5458 ι

1906 5437 2083 5481 exacta
2109 5438 2398 5504 I’entecoste.
2421 5440 2844 5499 Mesopentewste
2866 5448 3033 5492 autem
3058 5451 3169 5494 erat
3191 5445 3314 5496 feria
3345 5437 3520 5512 quarta

1906 5488 2607 5572 hebdomadts__qufrtaa_pos_t
2635 5499 2836 5572 Pascha;
2869 5501 2943 5572 sic
2973 5504 3131 5565 dicta,
3156 5510 3271 5570 quia
3303 5513 3522 5563 medium

1905 5554 2114 5677 gratiam
2149 5554 2419 5629 occupabat
2680 5554 2896 5614 iuter’et
2939 5554 3282 5618 Pentecosieu.
3304 5554 3520 5624 tie—TE

1908 5621 2358 5698 ..‘_‘519‘3§'."§-'_“
2371 5619 2840 5698 995592199???“
2873 5621 3099 5698 ίοίετιονί
3135 5641 3242 5698 εξειό
3284 5630 3518 5698 traque»-

1908 5676 2099 5752 ;ussupe
2120 5676 2228 5728 bisc
2242 5691 2341 5752 vox
2367 5684 2592 5752 ῳωπίι.
2621 5681 2803 5752 Aliquis
2842 5698 2964 5752 ergo
2995 5676 3256 5752 quaesiui.
3286 5676 3524 5746 litir‘itTu

2709 5738 2931 5799 induxit:
2947 5738 3079 5802 Adde.
3468 5738 3521 5808 lt;

2033 5835 2046 5849 .
2378 5837 2392 5865 ,
2541 5839 2560 5856 .

2033 5835 2046 5849 ι
2083 5835 2204 5852 avsus
2229 5835 2392 5865 uului,
2415 5835 2446 5865 ι-
2467 5835 2560 5856 vul-
