4066 6428
563 340 661 398 671

558 456 650 526 qui
675 469 735 512 tu
750 450 1000 523 pecunias
1021 446 1463 504 insaniunt.tanto
1479 457 1658 498 rerum
1675 439 2028 512 perituraruta
2049 448 2148 489 nec

562 556 930 600 tnansurarum
949 548 1196 594 tenemur
1211 535 1408 594 studio.
1424 526 1591 589 multo
1607 533 1773 603 magis
1785 532 1885 586 hoc
1902 545 1998 585 nos
2015 530 2065 584 in
2080 529 2153 582 di-

563 636 700 690 vinis
716 633 888 688 facere
904 627 1169 684 thesauris
1187 635 1419 695 oportet,
1446 639 1544 678 nec
1556 624 1700 693 prius
1723 622 1982 675 absistere
1993 633 2151 688 quam

563 735 730 782 totum
754 723 858 778 hoc
870 720 1012 791 quod
1031 714 1102 774 ibi
1119 718 1360 772 videmus
1376 717 1800 771 exhauserimus.
1816 710 1934 765 Dixi
1951 717 2149 772 autem,

562 815 705 889 quod
738 810 809 870 ibi
835 813 1101 876 videmus,
1127 810 1250 881 quia
1281 809 1581 863 universum
1606 804 1891 859 exhaurire
1918 818 2023 858 non
2053 802 2153 855 da-

571 917 678 964 tur.
711 901 856 960 Fons
885 903 1027 959 enim
1058 912 1141 957 est
1161 898 1464 970 perenniter
1488 910 1711 951 manans
1751 895 2047 950 divinarum
2074 893 2155 947 vis

561 995 951 1053 sententiarum
977 1033 993 1057 ,
1042 1003 1328 1060 numquam
1367 985 1620 1042 deﬁciens
1645 1025 1660 1052 ,
1700 999 1987 1054 numquam
2028 998 2156 1037 eva~

561 1087 792 1144 cuanda.
841 1085 1023 1153 Itaque
1043 1097 1111 1136 ne
1137 1078 1530 1149 defatigemur:
1562 1091 1667 1131 non
1701 1078 1843 1130 enim
1875 1074 1941 1128 de
1969 1072 2153 1142 vulga-

562 1177 714 1234 ribus
742 1176 903 1242 rebus
931 1171 1086 1228 nobis
1117 1179 1201 1225 est
1238 1171 1417 1225 oratio
1437 1208 1452 1231 ,
1482 1165 1578 1222 sed
1602 1165 1669 1220 de
1690 1164 2016 1235 precatione,
2059 1176 2156 1230 spe

563 1276 781 1331 nostra;
804 1262 1112 1336 precatione
1143 1274 1237 1331 per
1261 1274 1420 1329 quam
1449 1255 1648 1311 sterilis
1686 1263 1857 1308 mater
1882 1261 1964 1307 est
1993 1251 2152 1316 facta,

559 1367 616 1415 et
641 1370 943 1413 numerosa:
966 1349 1134 1426 prolis
1160 1365 1354 1420 parens
1382 1363 1500 1417 qua:
1531 1346 1652 1400 ﬁliis
1696 1344 1910 1398 carebat
1935 1381 1951 1407 ,
1981 1351 2035 1395 et
2082 1355 2148 1395 ex

566 1459 831 1510 uiuente
858 1444 1015 1513 laeta;
1045 1457 1140 1516 per
1168 1458 1326 1513 quam
1350 1441 1534 1503 vitiosa
1564 1435 1914 1506 reparabatur
1943 1441 2152 1495 natura,

572 1544 862 1611 clausaque
893 1535 1234 1593 reserabatur
1255 1530 1470 1593 matrix,
1501 1537 1554 1582 et
1581 1524 1922 1595 impossibilia
1962 1522 2156 1577 ﬁebant

568 1632 862 1706 possibilia.
881 1629 1221 1698 Quapropter
1246 1623 1422 1677 omnia
1461 1620 1714 1690 paulatim
1738 1625 2154 1687 perscrutemur,

567 1725 803 1797 singulas
827 1721 1164 1791 explicantes
1179 1719 1462 1777 dictiones,
1483 1724 1620 1768 utne
1640 1711 1916 1767 minimum
1943 1708 2156 1780 quidem

565 1829 685 1880 nos,
707 1819 968 1883 quantum
991 1809 1104 1864 ﬁeri
1129 1816 1321 1877 petest.
1348 1805 1580 1874 etl’ugiat.
1604 1803 1877 1872 Sittuidem
1905 1809 2154 1869 propter-

564 1920 626 1959 ca
656 1904 788 1960 duas
815 1904 1046 1972 integras
1069 1897 1471 1954 dissertationes
1517 1898 1568 1951 in
1597 1895 1704 1949 duo
1729 1894 1840 1948 sola
1871 1894 1985 1962 ejus
2015 1891 2157 1946 dicta

573 1995 953 2066 insumpsimus
992 2009 1004 2044 :
1038 1991 1302 2061 primum,
1351 1987 1718 2054 Con/innatum
1760 1996 1834 2039 est
1873 2000 1958 2038 cor
1993 1999 2161 2037 meum

569 2083 623 2139 in
651 2081 892 2149 Domino,
919 2091 973 2136 et
998 2080 1139 2152 quod
1161 2095 1286 2135 mox
1307 2078 1566 2148 sequitur,
1593 2073 1886 2129 Exaltatum
1912 2084 1983 2128 est
2004 2091 2161 2128 cornu

569 2191 734 2229 meum
775 2177 827 2228 in
857 2170 965 2227 Deo
995 2189 1106 2226 meo
1136 2174 1212 2241 (i.
1243 2167 1368 2240 Reg.
1397 2169 1453 2222 2.
1486 2167 1562 2234 i).
1613 2168 1958 2236 Consequens
2004 2167 2162 2234 igitur

569 2276 652 2320 est
681 2262 838 2320 hodie
863 2260 929 2318 ad
959 2263 1174 2318 tertium
1205 2261 1416 2317 venire.
1440 2257 1592 2326 Quod
1627 2271 1757 2312 vero
1779 2255 1880 2311 hoc
1908 2257 2028 2312 est?
2069 2255 2163 2308 Di-

570 2359 783 2411 latatum
807 2363 881 2410 est
908 2371 964 2410 os
989 2369 1152 2410 meum
1179 2368 1329 2421 super
1356 2347 1587 2405 inimicos
1617 2364 1751 2402 meos
1777 2363 1798 2402 :
1838 2347 2008 2402 laetata
2049 2363 2162 2401 sum

568 2450 626 2504 in
663 2451 828 2504 salute
864 2459 971 2503 tua.
1019 2445 1437 2503 Animadvertite
1469 2451 1772 2498 accuratam
1814 2439 2114 2494 orationem
2145 2455 2160 2492 :

573 2557 681 2597 non
727 2539 896 2608 dixit,
940 2539 1232 2596 Exacutum
1270 2546 1349 2593 est
1394 2551 1455 2592 os
1485 2549 1662 2589 meum
1704 2547 1867 2602 super
1919 2529 2164 2584 inimicos

571 2649 722 2690 meos
750 2650 763 2687 :
797 2647 902 2689 non
933 2632 1076 2688 enim
1112 2630 1179 2687 ad
1201 2628 1444 2685 convicia
1470 2634 1524 2681 et
1558 2623 1777 2680 dicteria
1808 2628 2164 2692 pneparalum

573 2737 710 2790 erat,
741 2741 848 2781 non
874 2725 940 2780 ad
973 2723 1257 2794 opprobria
1285 2730 1338 2776 et
1371 2717 1762 2774 accusationem
1780 2755 1796 2780 ,
1839 2712 1932 2767 sed
1955 2711 2021 2764 ad
2050 2726 2166 2764 mo.

575 2816 833 2873 nitionem
863 2826 917 2870 et
956 2813 1257 2878 consilium,
1282 2809 1346 2866 ad
1371 2807 1756 2863 correctionem
1778 2813 1833 2858 et
1856 2802 2164 2858 instructio-

577 2923 723 2962 nem.
756 2902 1045 2975 Propterea
1088 2917 1197 2956 non
1230 2901 1400 2966 dixit,
1444 2899 1678 2952 Exacbta
1718 2904 1802 2951 est
1841 2895 2016 2964 lingua
2049 2906 2166 2946 mea

574 3012 738 3068 super
766 2995 1009 3050 inimicos
1036 3007 1204 3058 meos,
1251 2989 1376 3056 sed,
1410 2983 1694 3042 Dilatatum
1732 2995 1804 3040 est
1831 3001 1908 3039 os.
1942 2983 2170 3039 Relaxa-

579 3087 745 3154 tione,
774 3086 965 3156 inquit,
993 3081 1173 3139 fruor:
1206 3081 1375 3137 libere
1391 3079 1532 3149 loqui
1562 3091 1780 3148 possum
1806 3094 1820 3130 :
1835 3075 1943 3144 jam
1966 3072 2171 3145 pudore

580 3181 825 3235 discusso
850 3177 918 3232 ad
947 3175 1249 3233 libertatem
1273 3171 1424 3228 redii.
1458 3173 1535 3226 Ac
1557 3185 1624 3226 ne
1651 3184 1791 3225 nunc
1812 3166 2025 3239 quidem
2048 3181 2170 3220 mu-

581 3269 769 3324 lierem
799 3267 1044 3323 :emulam
1079 3263 1393 3329 nominavit,
1424 3261 1516 3316 sed
1543 3261 1856 3330 simpliciter
1897 3257 2172 3313 indeﬁnita

583 3359 1014 3434 nuncupatione,
1057 3357 1206 3428 quasi
1249 3353 1476 3427 quadam
1517 3353 1691 3416 larva,
1739 3361 1901 3406 tanta:
1943 3350 2173 3406 tristitia:

580 3463 798 3506 causam
843 3445 1142 3504 abscondit.
1195 3445 1311 3501 Non
1351 3442 1525 3510 dixit,
1569 3441 1712 3514 quod
1759 3441 1941 3496 multze
1988 3440 2174 3496 dicunt

583 3540 880 3598 mulieres:
925 3533 1173 3595 Confudit
1199 3552 1318 3593 eam
1347 3532 1518 3602 Deus,
1562 3533 1836 3605 dissipavit
1877 3543 1932 3589 et
1974 3533 2172 3603 deiecit

583 3633 866 3690 scelestam
892 3641 946 3687 et
969 3638 1305 3701 arrogantem
1346 3637 1403 3685 et
1439 3627 1872 3699 magniloquam:
1907 3626 2008 3683 sed
2039 3626 2172 3681 sim-

590 3723 800 3794 pliciter
821 3762 838 3788 ,
869 3715 1154 3776 Dilatutum
1183 3729 1253 3773 est
1282 3735 1337 3774 os
1363 3734 1529 3782 meum
1552 3735 1705 3789 super
1731 3717 1963 3771 inimicos
2003 3732 2174 3781 meos;

591 3813 768 3876 lctata
794 3827 907 3866 sunt
931 3811 984 3864 in
1008 3805 1172 3864 salute
1191 3818 1296 3866 tua.

661 3900 728 3956 In
771 3901 988 3955 salutari
1026 3895 1122 3955 Dei
1157 3899 1320 3954 lictori
1361 3899 1484 3968 quid
1518 3899 1602 3970 sit.
1637 3928 1702 3942 ν
1733 3897 1868 3953 Vide
1903 3896 2174 3968 quomodo

589 3991 834 4050 eamdem
859 3990 1030 4062 legem
1060 4005 1156 4061 per
1184 3998 1348 4044 totam
1378 3980 1739 4059 precationem
1787 3997 1984 4043 servat.
2028 3987 2178 4043 Sicut

590 4086 736 4142 enim
766 4085 819 4140 in
858 4084 1120 4154 principio
1143 4081 1370 4146 dicebat,
1405 4080 1772 4150 Con/innatum
1797 4089 1869 4134 est
1898 4095 1986 4134 cor
2011 4096 2178 4134 meum

592 4175 648 4230 in
673 4173 914 4239 Domino,
949 4169 1228 4227 exaltatum
1251 4184 1324 4226 est
1343 4187 1502 4225 cornu
1528 4186 1692 4223 meum
1718 4172 1771 4224 in
1799 4168 1909 4224 Deo
1933 4187 2065 4237 nico,
2092 4170 2177 4224 di-

595 4265 810 4319 latatam
835 4271 909 4316 est
933 4277 992 4336 os
1034 4277 1202 4315 me...»
1239 4276 1392 4331 super
1419 4260 1649 4314 inimicos
1677 4275 1812 4315 meos
1839 4275 1858 4313 :
1883 4262 1954 4314 ita
1989 4270 2044 4314 et
2072 4259 2180 4325 hic,

594 4350 790 4410 ιοιιω
814 4368 926 4406 sum
957 4353 1012 4405 in
1039 4350 1205 4406 salute
1228 4360 1334 4404 tua.
1367 4345 1483 4406 Non
1522 4349 1855 4420 simpliciter,
1895 4349 1949 4404 lu
1989 4351 2182 4417 salute,

595 4443 716 4510 sed,
747 4441 812 4496 ln
850 4441 1014 4497 salute
1041 4449 1150 4495 tua.
1177 4439 1292 4496 Non
1335 4441 1478 4497 enim
1507 4441 1760 4510 quoniam
1791 4449 2001 4496 servata
2041 4455 2181 4508 sum,

596 4535 691 4592 sed
720 4534 971 4605 quoniam
997 4547 1093 4603 per
1121 4538 1175 4588 te
1195 4540 1403 4589 servata
1444 4546 1584 4598 sum,
1629 4540 1912 4602 propterea
1952 4532 2104 4587 lretor
2129 4541 2184 4588 et

598 4626 830 4683 exsulto.
851 4623 1008 4680 Tales
1033 4625 1228 4695 quippe
1251 4633 1374 4679 sunt
1397 4633 1702 4680 sanctomm
1725 4625 1951 4691 animae;
1979 4624 2047 4681 de
2076 4625 2185 4681 Deo

601 4720 772 4790 magis
816 4717 1063 4774 laetantur
1114 4725 1336 4773 auctore
1382 4732 1684 4784 munerum,
1739 4732 1898 4788 quam
1942 4718 2010 4774 de
2038 4702 2187 4788 ipsis

602 4810 916 4866 muneribus
946 4829 961 4866 :
992 4825 1098 4866 non
1127 4809 1270 4865 enim
1298 4816 1517 4880 propter
1536 4808 1674 4864 dona
1705 4810 1900 4879 ipsum,
1929 4799 2022 4865 sed
2047 4810 2188 4866 dona

602 4911 820 4972 propter
848 4900 996 4956 illum
1022 4899 1270 4971 diligunt.
1303 4900 1418 4956 Hoc
1453 4914 1638 4956 servos
1666 4909 1854 4970 gratos
1877 4901 2053 4970 decet,
2087 4900 2188 4958 hoc

604 4992 833 5047 famulos
852 4991 1094 5048 beneﬁcii
1119 5004 1407 5057 memores,
1429 4989 1680 5046 videlicet
1703 4991 1863 5047 rebus
1881 4993 1992 5047 suis
2015 4993 2192 5048 omni-

605 5083 705 5138 bus
735 5095 1048 5153 prepouere
1076 5079 1378 5135 Dominum.
1421 5079 1510 5135 Sic
1550 5081 1710 5136 etiam
1751 5095 1852 5136 nos
1889 5081 2065 5137 aﬂ‘ecti
2111 5085 2188 5137 si-

605 5191 765 5232 mus:
795 5190 915 5232 cum
943 5177 1361 5246 peccaverimus,
1410 5191 1516 5230 non
1550 5175 1829 5233 doleamus
1870 5179 1993 5247 quia
2034 5178 2190 5247 puni-

607 5284 747 5333 mur.
772 5267 870 5325 θαι
888 5267 1012 5340 quia
1033 5268 1316 5324 Dominum
1346 5268 1666 5326 olendimus
1692 5288 1706 5324 :
1737 5281 1792 5327 et
1817 5271 1862 5326 si
1888 5270 2029 5343 quod
2055 5287 2190 5343 opus

608 5361 806 5416 bonum
834 5348 1076 5416 nostrum
1116 5367 1220 5428 est,
1267 5373 1375 5415 non
1421 5359 1745 5429 gaudeamus
1778 5372 1998 5432 propter
2025 5377 2188 5434 regna

603 5453 882 5520 calorum,
920 5451 1014 5507 sed
1040 5451 1163 5523 quia
1202 5467 1315 5508 rem
1352 5452 1607 5508 cmlorum
1651 5453 1781 5524 Regi
1824 5461 2031 5524 gratam
2060 5454 2182 5511 feci-

605 5557 743 5599 mus.
767 5542 864 5611 Qui
892 5542 1033 5598 enim
1063 5558 1209 5598 sana:
1243 5546 1439 5600 mentis
1465 5552 1567 5611 est,
1597 5541 1856 5599 offensam
1895 5543 1988 5600 Dei
2020 5545 2189 5615 magis

605 5633 777 5698 timet,
804 5648 963 5703 quam
1012 5633 1172 5688 ullam
1201 5633 1521 5704 gehennam,
1557 5642 1611 5688 et
1635 5635 1848 5706 placere
1886 5635 1994 5691 Deo
2023 5635 2188 5706 pluris

604 5726 853 5795 cstimat,
879 5743 1037 5800 quam
1084 5728 1250 5785 ullum
1285 5742 1529 5800 regnum.
1562 5725 1674 5786 Nec
1714 5728 1925 5787 mireris
1963 5729 2010 5786 si
2052 5744 2181 5803 erga

1276 333 1332 390 S.
1372 328 1650 388 JOANNIS
1683 320 2157 385 CHRYSOGTONI
2195 318 2520 378 ARClliEl’.
2560 316 3097 377 CONSTANTINOP.

3756 314 3856 375 672

2267 435 2435 488 Deum
2473 442 2592 490 esse
2618 435 2696 489 sic
2731 433 2982 489 aﬂ’ectum
3011 444 3245 504 oportet,
3288 447 3411 489 cum
3438 448 3567 504 erga
3608 433 3857 490 homines

2260 527 2411 581 multi
2440 528 2520 582 sic
2562 527 2738 583 affecti
2768 527 2894 582 sint.
2927 527 3083 597 Saepe
3108 530 3252 582 enim
3283 527 3372 597 qui
3402 541 3696 596 germanos
3727 523 3858 582 hbeo

2261 632 2350 670 ros
2399 619 2676 682 habemus,
2718 620 2764 672 si
2804 620 2886 673 vel
2931 620 3078 673 inviti
3119 635 3213 674 eos
3262 619 3580 685 lmserimus,
3627 635 3659 674 a
3709 619 3860 674 nobis

2261 707 2389 776 ipsis
2421 721 2606 778 pinnas
2637 702 2968 778 reposcimus
2998 727 3010 762 :
3042 719 3097 764 et
3130 724 3256 780 erga
3280 710 3482 764 amicos
3507 709 3655 764 idem
3686 709 3861 764 facere

2259 797 2519 853 solemus.
2550 797 2704 866 Quod
2743 801 2790 854 si
2835 799 3039 854 amicos
3068 807 3158 853 aut
3197 795 3336 854 ﬁlios
3379 799 3658 855 offendere
3689 799 3861 853 multo

2259 890 2477 958 gravius
2519 901 2768 959 putamus
2812 905 2971 960 quam
3019 905 3206 960 pretias
3254 889 3428 955 luere,
3480 890 3652 946 multo
3694 890 3864 960 magis

2259 993 2384 1049 erga
2411 979 2580 1033 Deum
2622 982 2702 1035 sic
2726 980 2862 1035 afﬁci
2891 981 3066 1048 decet,
3097 989 3150 1035 et
3189 982 3334 1035 omni
3364 980 3610 1052 gebenna
3642 981 3865 1050 gravius

2262 1070 2556 1140 putandum
2603 1081 2708 1139 cst,
2754 1073 2954 1142 aliquid
2997 1074 3190 1129 fecisse
3234 1074 3376 1143 quod
3429 1073 3504 1127 illi
3553 1072 3860 1142 displiceat.

2261 1161 2405 1218 Talis
2450 1172 2566 1216 erat
2597 1162 2783 1218 beatus
2824 1165 3022 1219 Paulus
3051 1184 3064 1219 :
3092 1175 3370 1234 propterea
3415 1165 3651 1230 dicebat,
3682 1165 3864 1219 Certus

2260 1270 2371 1308 sum
2401 1255 2536 1324 quod
2565 1272 2726 1324 neque
2768 1259 2957 1328 angeli,
3003 1274 3162 1326 neque
3197 1259 3537 1328 principatus,
3579 1273 3745 1326 neque
3772 1273 3865 1327 po-

2261 1352 2485 1410 testates,
2513 1361 2672 1414 neque
2691 1347 2983 1415 presentia,
3017 1364 3177 1416 neque
3209 1349 3405 1417 futura,
3433 1363 3594 1414 neque
3618 1347 3861 1412 altitudo,

2261 1453 2418 1506 neque
2459 1439 2788 1507 profundum,
2827 1455 2916 1492 nec
2960 1441 3064 1492 alia
3103 1451 3335 1493 creatura
3360 1440 3545 1508 poterit
3573 1456 3669 1493 nos
3708 1455 3866 1508 scpm

2260 1543 2377 1580 rare
2419 1544 2450 1579 a
2478 1531 2689 1581 caritate
2716 1527 2832 1593 Dei,
2881 1544 2997 1598 qua
3035 1539 3108 1583 est
3136 1529 3190 1582 in
3220 1528 3418 1583 Christo
3464 1527 3594 1584 Iesu
3640 1528 3868 1584 Domino

2260 1626 2431 1671 nostra
2463 1618 2636 1689 (Rom.
2680 1619 2733 1674 8.
2768 1619 2860 1675 59.
2897 1619 3008 1689 40).
3054 1621 3192 1687 Quin
3239 1630 3293 1675 et
3341 1633 3556 1677 sanctos
3598 1632 3870 1693 martyres

2263 1723 2386 1762 cum
2415 1709 2604 1764 beatos
2652 1726 2926 1777 vocamus,
2971 1714 3040 1766 ob
3073 1713 3289 1767 vulnera
3335 1713 3570 1782 primum
3597 1714 3868 1782 praedicao

2265 1815 2404 1866 mus,
2437 1817 2560 1855 mox
2601 1803 2670 1856 ob
2697 1803 2950 1871 prmmia;
2982 1805 3130 1874 prius
3178 1804 3247 1860 ob
3289 1806 3488 1876 plagas,
3536 1816 3591 1861 et
3623 1814 3740 1860 tum
3769 1805 3870 1860 de-

2263 1906 2411 1945 mum
2452 1891 2524 1945 ob
2569 1906 2798 1945 coronas
2850 1893 3136 1960 repositas.
3180 1893 3408 1949 Praemia
3455 1895 3600 1949 enim
3643 1905 3870 1965 propter

2263 1983 2482 2036 vulnera
2521 1983 2855 2052 contingunt,
2898 1991 2952 2036 et
2980 1998 3085 2035 non
3114 1982 3334 2037 vulnera
3367 1993 3587 2054 propter
3619 1986 3868 2054 praemia.

2337 2071 2390 2125 5.
2433 2069 2709 2125 Αῖηιηιηω
2747 2088 2839 2140 pro
2864 2069 3066 2125 Christo
3109 2075 3356 2138 toleratis,
3399 2083 3518 2126 sunt
3561 2075 3756 2145 gratia,
3785 2090 3867 2129 co-

2266 2177 2414 2228 rona,
2443 2178 2650 2215 merces.
2675 2192 2748 2202 —
2775 2161 2850 2216 Ita
2877 2163 3064 2217 beatus
3094 2178 3307 2233 quoque
3353 2163 3548 2218 Paulus
3593 2181 3706 2220 non
3760 2175 3871 2221 tant

2267 2255 2517 2322 repositis
2543 2255 2644 2308 sibi
2672 2253 2848 2318 bonis,
2872 2269 3029 2324 quam
3058 2256 3319 2310 molestiis
3346 2265 3564 2327 propter
3587 2256 3871 2313 Christum

2266 2332 2598 2416 perferendis
2623 2346 2908 2417 gaudebat,
2931 2347 3299 2418 clamabatque
3325 2347 3533 2415 dicens,
3569 2348 3789 2404 Gaudeo
3815 2351 3870 2405 ia

2268 2437 2584 2506 passionibus
2633 2455 2724 2506 pro
2759 2439 2896 2493 vobis
2946 2438 3078 2510 (Col.
3128 2440 3182 2493 l.
3210 2439 3345 2511 24):
3378 2448 3432 2495 et
3469 2441 3688 2508 iterum,
3747 2440 3872 2497 Non

2269 2531 2435 2584 solum
2477 2539 2666 2594 autem,
2726 2547 2899 2584 verum
2949 2541 2994 2586 et
3037 2533 3318 2602 gloriamur
3357 2535 3410 2587 in
3456 2533 3871 2589 tribulationibus

2272 2621 2451 2691 (Rom.
2481 2623 2535 2676 5.
2559 2621 2614 2692 ὃ)
2645 2640 2656 2675 :
2688 2631 2743 2676 ct
2771 2637 3003 2689 rursum,
3037 2623 3294 2689 Quoniam
3341 2624 3488 2677 nobis
3515 2624 3767 2678 donatum
3797 2639 3874 2678 est

2269 2727 2303 2764 a
2332 2709 2458 2776 Deo,
2491 2721 2546 2765 ut
2583 2728 2684 2765 non
2713 2712 2878 2766 solum
2906 2713 2960 2767 ia
3004 2729 3119 2766 eum
3145 2712 3433 2779 credamus,
3464 2713 3555 2768 sed
3591 2716 3744 2767 etiam
3776 2729 3872 2784 pro

2270 2816 2329 2854 eo
2363 2802 2618 2871 patiamur
2661 2799 2919 2871 (Philipp.
2952 2802 3009 2857 ί.
3052 2801 3170 2872 29).
3220 2801 3316 2857 Est
3353 2802 3496 2856 enim
3534 2804 3705 2872 gratia
3753 2812 3884 2855 vere

2271 2892 2524 2958 maxima,
2569 2890 2788 2963 dignum
2837 2893 3048 2948 censeri
3093 2904 3310 2963 prepter
3349 2891 3622 2949 Christum
3664 2895 3873 2966 aliquid

2273 2983 2404 3052 pati,
2437 2993 2490 3037 et
2511 2997 2710 3038 corona
2736 2998 2864 3039 vere
2895 2983 3153 3054 perfecta,
3184 2995 3240 3040 et
3261 3001 3470 3040 merces
3496 2984 3675 3041 futura
3705 2989 3873 3042 retri-

2274 3071 2497 3126 butinne
2535 3086 2641 3126 non
2685 3073 2903 3126 minor:
2934 3083 2984 3128 et
3039 3073 3142 3129 hoc
3184 3083 3382 3130 norunt
3407 3077 3496 3146 qui
3525 3077 3765 3147 legitime
3809 3090 3875 3133 ac

2276 3160 2546 3217 ferventer
2575 3162 2844 3217 Christum
2866 3163 3092 3235 diligere
3129 3166 3322 3220 sciunt.
3355 3166 3501 3221 Talis
3527 3177 3646 3222 erat
3671 3177 3726 3223 et
3755 3167 3877 3223 hac

2277 3254 2488 3320 mulier,
2528 3255 2958 3311 ardentissimum
3003 3259 3204 3312 habens
3242 3259 3296 3312 in
3325 3259 3492 3314 Deum
3519 3259 3877 3328 desiderium,

2275 3358 2328 3400 et
2359 3347 2580 3414 ignitum
2624 3362 2902 3404 amorem:
2937 3359 3218 3419 popterea
3256 3349 3490 3416 dicebat,
3530 3349 3729 3405 Letoia
3756 3367 3878 3406 sum

2276 3435 2330 3490 in
2356 3437 2571 3491 salutari
2619 3447 2725 3492 tuo.
2754 3437 2898 3494 Nihil
2924 3441 3068 3495 enim
3098 3440 3196 3510 ipsi
3242 3439 3339 3495 fuit
3371 3456 3495 3495 cum
3538 3451 3678 3497 terra
3718 3457 3880 3498 com-

2277 3541 2456 3593 mune,
2484 3527 2580 3584 sed
2622 3543 2782 3586 omne
2811 3530 3101 3585 humanum
3140 3531 3396 3586 auxilium
3431 3532 3788 3604 despiciebat,
3822 3545 3883 3591 et

2277 3627 2396 3674 erat
2415 3619 2650 3689 Spiritus
2673 3621 2838 3691 gratia
2863 3621 3127 3687 sublimis,
3157 3623 3211 3676 in
3230 3621 3587 3694 omnibusque
3607 3623 3676 3678 ad
3706 3612 3881 3680 Deum

2282 3711 2625 3782 respiciebat,
2657 3721 2712 3768 et
2744 3713 2811 3768 ab
2841 3714 3153 3783 urgentibus
3176 3714 3435 3769 molestiis
3479 3715 3627 3770 illinc
3655 3715 3883 3772 liberari

2279 3803 2522 3872 rogabat.
2552 3802 2782 3859 Noverat
2809 3804 2976 3872 enim,
3021 3804 3180 3877 plane
3209 3816 3450 3874 noverat,
3490 3806 3728 3862 humana
3759 3809 3887 3880 qui-

2281 3894 2426 3962 dem,
2456 3896 2862 3968 qualiacumque
2899 3898 3029 3966 sint,
3061 3897 3300 3953 dantium
3333 3898 3532 3953 iniitari
3576 3913 3833 3956 naturam
3860 3919 3873 3955 :

2283 3988 2438 4043 nobis
2462 3997 2641 4044 autem
2666 3987 2848 4044 divino
2868 4004 3082 4060 semper
3108 4005 3244 4060 opus
3270 4004 3392 4045 esse
3416 3990 3638 4058 auxilio,
3663 3991 3711 4046 si
3745 3992 3877 4047 veli-

2282 4093 2402 4133 mus
2431 4094 2683 4134 ancoram
2725 4081 2777 4134 in
2809 4089 2922 4136 tuto
2963 4079 3200 4136 ﬁrmare.
3229 4081 3570 4152 Quapropter
3601 4081 3671 4138 ad
3704 4082 3883 4140 Deum

2283 4185 2497 4240 semper
2539 4170 2912 4242 confugiebat;
2953 4181 3009 4228 et
3053 4182 3272 4243 accepta
3311 4174 3505 4243 gratia,
3546 4174 3695 4244 quod
3741 4175 3885 4232 Deus

2284 4262 2401 4329 ejus
2434 4271 2620 4316 auctor
2660 4273 2822 4328 esset,
2867 4264 3037 4334 magis
3074 4263 3360 4333 gaudebat,
3390 4272 3445 4318 et
3473 4265 3676 4334 gratias
3713 4279 3885 4336 agens

2286 4349 2497 4404 diccbat
2528 4368 2542 4404 :
2573 4349 2692 4404 Non
2731 4361 2803 4406 est
2827 4361 3053 4421 sanctus,
3087 4361 3140 4406 ut
3181 4362 3254 4407 est
3278 4351 3544 4422 Dominus,
3595 4365 3644 4408 et
3677 4372 3782 4410 non
3809 4373 3868 4411 es

2277 4441 2450 4509 justus
2476 4441 2608 4495 sicut
2643 4440 2782 4497 Deus
2810 4452 2996 4512 noster,
3033 4453 3078 4498 et
3119 4460 3221 4499 non
3261 4455 3335 4499 est
3385 4455 3593 4500 sanctus
3623 4458 3812 4518 praeter
3839 4459 3889 4502 ts

2290 4531 2367 4600 (1.
2393 4529 2520 4602 Reg.
2553 4530 2605 4584 2.
2633 4531 2713 4603 2).
2740 4532 2952 4588 Etenim
2991 4535 3481 4606 irrcprehensibiie,
3517 4536 3715 4606 inquit,
3735 4537 3875 4607 judi-

2259 4623 2428 4678 cium
2460 4625 2597 4698 ejus,
2626 4631 2681 4678 et
2715 4623 3022 4694 incorrupta
3064 4624 3466 4697 infallibilisque
3491 4629 3793 4684 sententia.

2364 4713 2518 4768 Ratio
2546 4716 2888 4784 beneﬁcentia:
2926 4733 2958 4770 a
2991 4715 3097 4772 Deo
3128 4734 3230 4772 non
3260 4720 3613 4789 "poscenda;
3658 4737 3874 4791 pauper-

2293 4813 2370 4860 tas
2396 4814 2529 4860 artes
2557 4806 2767 4861 invcnit.
2788 4836 2860 4848 —
2883 4805 3074 4863 Vidisti
3118 4821 3286 4880 gratae
3311 4811 3508 4866 anima:
3549 4813 3880 4883 cogitatum.

2292 4895 2407 4951 Non
2437 4897 2570 4952 dixit
2599 4898 2736 4953 intra
2763 4914 2823 4955 se
2847 4916 2860 4954 :
2892 4897 3028 4968 Quid
3056 4915 3330 4971 magnum,
3357 4912 3448 4957 aut
3474 4904 3600 4974 quid
3624 4920 3741 4977 prae
3770 4905 3888 4962 aliis

2292 4989 2474 5058 accepi
2495 4990 2519 5042 ?
2540 4989 2690 5057 Quod
2719 4991 2926 5046 aemula:
2965 5006 3099 5046 mea:
3133 4994 3244 5061 jam
3269 4992 3472 5049 dudum
3499 4997 3725 5066 ι’ουίοω
3755 5011 3888 5052 eou—

2295 5078 2434 5151 tig'it,
2466 5081 2516 5136 id
2546 5097 2648 5153 ego
2683 5079 2770 5139 vix
2802 5083 3016 5138 tandem
3046 5100 3240 5156 magno
3279 5097 3500 5155 conatu,
3525 5096 3581 5142 et
3607 5088 3886 5160 lacrymis,

2293 5179 2349 5226 et
2376 5173 2646 5242 precibus,
2693 5185 2748 5230 et
2777 5175 3256 5244 supplicationibus
3284 5176 3583 5247 impetravi.
3613 5177 3724 5234 Sed
3753 5194 3889 5250 quo-

2294 5262 2436 5316 niam
2479 5264 2616 5318 bene
2669 5264 2936 5320 sentiebat
2985 5263 3054 5320 de
3099 5264 3190 5321 Dei
3219 5268 3575 5337 providentia,
3619 5270 3891 5328 rationem

2292 5355 2660 5412 beneﬁcentia:
2696 5370 2807 5430 non
2849 5357 3082 5426 reposcit
3102 5372 3133 5412 a
3165 5358 3414 5426 Domino,
3445 5359 3587 5430 quod
3617 5362 3777 5417 multi
3810 5363 3889 5418 fa-

2293 5449 2461 5516 ciunt,
2507 5426 2745 5520 quotidie
2778 5449 2949 5504 Deum
2993 5451 3046 5505 in
3091 5451 3180 5521 jus
3227 5426 3501 5507 vocantes.
3547 5451 3607 5508 Si
3654 5455 3894 5512 viderint

2294 5541 2434 5598 hunc
2464 5541 2705 5609 divitem,
2729 5542 2892 5598 alium
2918 5543 3156 5615 inapem,
3188 5557 3291 5599 non
3318 5543 3572 5600 desinunt
3595 5547 3892 5602 adversum

2293 5635 2412 5704 ejus
2435 5634 2824 5705 providentiam
2861 5634 3101 5707 obloqui.
3127 5634 3265 5705 Quid
3306 5635 3456 5702 facis,
3504 5651 3538 5690 ο
3580 5637 3786 5692 homo?
3819 5638 3894 5694 De

2294 5741 2557 5786 conservo
2582 5735 2636 5785 te
2656 5725 2902 5800 judicare
2932 5742 3040 5786 non
3079 5727 3207 5787 sinit
3242 5728 3438 5787 Paulus
3464 5727 3678 5800 dicens,
3710 5730 3896 5788 Nolite
