4066 6470
189 503 293 562 6‘73

190 631 308 677 atto
331 628 531 694 (stupris
544 618 804 695 judicare,
835 616 996 674 donec
1017 617 1185 673 ccutiat
1223 614 1478 670 Dominus
1501 612 1785 686 (μεσπι.

189 715 249 783 5)
274 731 290 768 :
321 720 379 769 et
405 721 463 768 tu
509 711 798 768 Dominum
839 711 897 765 in
916 709 1183 780 judicium
1211 707 1406 773 trahis,
1436 716 1493 762 et
1519 705 1787 762 factorum

187 805 450 860 rationem
471 803 542 858 ab
565 817 634 859 eo
666 803 864 874 exigis,
893 817 994 858 nec
1018 801 1285 858 exborres
1317 809 1410 856 aut
1431 799 1788 881 expavescis?

189 893 253 950 Et
280 909 442 964 quam
480 892 832 963 consequeris
868 891 1105 958 veniam,
1153 890 1404 956 obsecro,
1435 905 1598 960 quam
1623 903 1787 945 excu-

184 983 454 1040 sationem
484 982 727 1050 habebis,
745 998 868 1039 cum
896 981 1118 1053 singulis
1141 981 1351 1046 diebus,
1381 981 1490 1036 imo
1518 995 1647 1044 vero
1675 981 1790 1036 sin-

182 1075 323 1146 gulis
351 1075 502 1131 boris
520 1077 952 1147 experimentum
977 1075 1330 1145 providentia
1348 1074 1469 1145 ejus
1486 1077 1697 1145 capias;
1731 1086 1786 1132 et

186 1176 366 1223 tuneo
391 1167 466 1224 ob
491 1167 931 1239 inaequalitatem,
961 1182 1082 1237 qua:
1111 1167 1252 1223 inter
1279 1167 1475 1224 divites
1501 1179 1557 1223 et
1583 1183 1789 1239 paupe-

184 1251 276 1315 i-es
327 1259 575 1325 videtur,
621 1259 863 1315 omnium
910 1273 1093 1314 rerum
1140 1259 1339 1315 bonam
1387 1259 1786 1320 ordinationem

180 1349 428 1418 damnes,
455 1351 616 1422 idque
641 1350 877 1421 injuste?
904 1349 963 1407 Si
991 1351 1137 1406 enim
1177 1351 1248 1406 ita
1279 1357 1340 1406 ut
1370 1349 1618 1416 decebat,
1657 1365 1780 1407 cum

182 1457 375 1514 magna
424 1444 618 1500 mentis
670 1445 969 1500 attentione
1022 1445 1139 1501 haec
1185 1430 1415 1524 scrutari
1465 1445 1730 1501 voluisses
1758 1487 1776 1516 ,

179 1534 396 1591 etiamsi
434 1536 639 1592 nullum
683 1535 827 1592 aliud
856 1536 1052 1593 divime
1096 1537 1447 1608 providentia:
1491 1553 1781 1610 argumen-

181 1633 298 1680 tum
349 1626 649 1692 habuisses.
681 1637 829 1684 certe
866 1643 935 1683 ex
975 1626 1178 1684 (ivitiis
1219 1637 1272 1685 ct
1314 1639 1631 1700 paupertate
1660 1644 1780 1686 eam

179 1715 596 1786 deprehendere
644 1718 930 1787 potuisses.
985 1719 1309 1787 Raupertate
1360 1723 1504 1777 enim
1548 1721 1779 1785 sublata.

179 1805 306 1862 vita
349 1807 516 1862 totius
557 1807 873 1863 constitutio
915 1808 1212 1876 tolleretur,
1259 1818 1316 1865 et
1351 1811 1530 1866 omnis
1573 1811 1784 1868 vivendi

179 1897 322 1953 ratio
349 1898 757 1968 perturbaretur
790 1908 1195 1969 :nequemauta
1221 1900 1326 1956 erit
1365 1915 1541 1972 neque
1580 1901 1782 1972 guber-

179 1999 360 2055 nator,
393 2004 500 2045 non
531 1990 792 2061 agricola,
847 2005 953 2046 non
997 1992 1398 2059 uenientarius,
1431 2008 1538 2047 non
1584 2003 1781 2062 textor,

178 2094 289 2136 non
331 2090 506 2148 sutor,
545 2097 653 2138 non
691 2081 861 2148 faber,
906 2099 1012 2139 non
1049 2084 1293 2148 aerarius,
1342 2100 1451 2140 non
1493 2086 1780 2155 coriarius,

181 2170 443 2241 pistorve,
475 2187 577 2228 nec
618 2173 755 2229 alius
784 2175 922 2229 ullus
953 2175 1132 2245 opifex
1166 2194 1178 2230 :
1206 2175 1399 2246 quibus
1431 2192 1536 2233 non
1567 2189 1785 2235 exstan-

176 2260 350 2330 tibus,
386 2263 565 2318 omnia
593 2272 810 2336 pessum
843 2266 1014 2322 ibunt.
1035 2247 1208 2323 ‘Nunc
1235 2269 1400 2336 enim,
1430 2271 1582 2340 quasi
1613 2272 1784 2363 magi-

176 2360 292 2410 stra
331 2355 575 2423 quedam
614 2357 834 2427 optima,
869 2360 1160 2421 necessitas
1192 2364 1516 2433 paupertatis
1545 2355 1783 2437 singulos

175 2441 248 2498 sd
273 2457 438 2515 opera
469 2446 552 2501 vel
584 2447 782 2506 invitos
807 2462 958 2521 urget
991 2467 1003 2504 τ
1032 2452 1175 2523 quod
1200 2454 1245 2508 si
1269 2468 1458 2510 omnes
1483 2466 1669 2513 essent
1695 2459 1778 2514 dis

177 2537 338 2605 vites,
366 2553 556 2596 ones
581 2541 742 2597 etiam
787 2542 841 2598 in
877 2543 991 2600 otio
1016 2545 1275 2614 viverent,
1307 2557 1469 2619 atque
1498 2550 1567 2604 ita
1598 2551 1778 2606 omnia

175 2643 398 2699 pessum
444 2630 603 2699 irent,
653 2641 709 2689 et
758 2634 890 2690 nihil
935 2651 1042 2692 non
1090 2639 1308 2709 periret.
1354 2641 1621 2698 Prmterea
1666 2643 1780 2700 suis

174 2719 417 2789 ipsorum
443 2722 617 2779 verbis
637 2726 878 2783 convinci
911 2737 1155 2798 possunt,
1187 2730 1326 2786 etad
1357 2733 1626 2790 silentium
1654 2735 1782 2792 red-

174 2808 272 2880 igi.
319 2807 428 2866 Cur
464 2813 629 2876 enim,
688 2831 909 2885 quaeso,
950 2818 1043 2875 Dei
1087 2821 1474 2891 providentiam
1521 2826 1783 2882 accusas?

173 2913 374 2990 nempe
413 2903 556 2972 quod
581 2904 720 2967 alius
743 2907 883 2977 plus,
914 2909 1050 2966 alius
1071 2912 1248 2972 minus
1276 2916 1618 2985 pecuniarum
1650 2933 1776 2990 pos-

170 2989 336 3050 sidet.
379 2991 517 3059 Quid
564 2997 714 3052 tum?
757 2999 802 3054 si
845 2999 899 3055 in
939 3001 1232 3073 majoribus
1269 3007 1452 3074 rebus,
1501 3017 1556 3064 ct
1583 2989 1780 3080 quibus

168 3082 284 3137 vita
314 3095 494 3141 nostra
521 3097 751 3156 constat,
785 3106 939 3160 pares
963 3107 1085 3149 esse
1105 3111 1294 3153 omnes
1323 3097 1572 3156 homines
1597 3112 1781 3158 osten-

167 3173 323 3238 dam.
371 3192 595 3235 necesse
640 3182 745 3238 erit
785 3192 844 3236 ut
871 3199 969 3254 per
1006 3188 1184 3242 omnia
1228 3188 1462 3247 divinam
1496 3194 1781 3263 providen-

169 3266 305 3323 tiam
337 3271 623 3340 approbes.
649 3271 781 3328 Nam
810 3276 856 3331 si
884 3277 1008 3334 inde
1035 3280 1244 3351 colligis
1274 3283 1471 3338 nullam
1499 3299 1621 3341 esse
1653 3303 1780 3357 pro.

167 3357 488 3427 videntiam,
515 3363 657 3433 quod
683 3380 789 3420 una
817 3366 868 3421 in
891 3383 951 3424 re
978 3371 1154 3438 potior
1176 3372 1247 3427 sit
1271 3373 1494 3430 divitum
1517 3378 1776 3444 conditio,

167 3450 423 3507 videlicet
448 3455 722 3523 pecuniis;
754 3457 799 3512 si
824 3469 1156 3528 compertum
1186 3463 1343 3520 fuerit
1370 3480 1559 3524 omnes
1591 3484 1776 3539 aequa-

166 3543 298 3601 liter
336 3545 516 3614 potiri.
545 3562 651 3602 non
682 3564 784 3604 una
813 3564 894 3618 re,
923 3567 1097 3622 neque
1128 3563 1236 3608 tam
1262 3555 1373 3620 vili,
1411 3559 1505 3613 sed
1535 3561 1777 3628 pluribus

165 3644 226 3691 et
252 3638 425 3692 multo
459 3639 775 3708 majoribus,
805 3644 1146 3713 perspicuum
1173 3657 1257 3701 est
1285 3657 1337 3703 te
1366 3649 1490 3705 inde
1522 3653 1607 3707 vel
1637 3653 1776 3710 invi-

167 3736 287 3782 tum
315 3731 432 3799 cogi
459 3730 550 3784 Dei
582 3733 930 3802 providentia:
959 3735 1294 3806 adstipulari.

243 3819 326 3873 Au
354 3821 471 3891 plus
496 3838 722 3894 paupere
756 3824 893 3889 diues
918 3826 1134 3893 lubeat;
1155 3846 1364 3886 somnus
1406 3835 1611 3889 suavior
1639 3853 1776 3905 pau-

165 3912 316 3983 peri;
357 3910 594 3968 valetudo
624 3931 871 3987 prospera
897 3934 1041 3988 teque
1079 3921 1313 3977 diuitibus
1353 3935 1400 3979 et
1430 3930 1776 3998 pauperibus;

170 4007 360 4075 funera
403 4004 617 4060 divitum
658 4015 706 4062 et
745 4025 1052 4081 pauperum.
1080 4043 1155 4054 —
1192 4015 1327 4085 Age,
1373 4017 1441 4072 ad
1477 4034 1537 4074 ea
1582 4022 1777 4092 quibus

165 4105 355 4151 nostra
391 4097 496 4152 vita
544 4108 777 4168 constat,
826 4116 1077 4160 sermone
1127 4108 1555 4178 progrediamur,
1603 4128 1776 4184 eaque

164 4189 456 4260 diligenter
497 4189 846 4260 inquiramus,
892 4205 946 4249 et
992 4195 1270 4252 videamus
1315 4214 1383 4254 an
1425 4200 1478 4254 in
1524 4201 1627 4257 illis
1657 4206 1776 4273 plus

165 4296 409 4351 paupere
436 4281 586 4338 dives
609 4284 826 4341 habeat.
853 4286 1006 4356 Puta,
1033 4289 1185 4345 dives
1216 4292 1376 4348 habet
1396 4293 1652 4352 Thasium
1671 4297 1771 4370 (α),

164 4381 225 4428 ct
253 4373 393 4428 alios
426 4374 622 4430 multos
643 4385 760 4432 arte
781 4380 1057 4435 coniectos
1084 4391 1240 4451 potus
1269 4392 1324 4439 et
1348 4383 1414 4439 ad
1443 4387 1772 4457 voluptatem

162 4463 419 4520 conditos
443 4483 458 4523 :
488 4475 543 4520 at
571 4465 746 4524 fontes
770 4483 1028 4539 aquarum
1049 4474 1298 4530 omnibus
1330 4487 1456 4532 sunt
1483 4481 1768 4549 propositi,

166 4566 276 4612 tam
308 4557 634 4626 pauperibus
659 4574 820 4630 quam
850 4559 1122 4618 divitibus.
1156 4563 1339 4621 Risisti
1375 4566 1519 4624 forte
1548 4571 1772 4627 audiens

165 4646 308 4703 hanc
333 4647 717 4719 inqualitatem.
746 4648 884 4706 Audi
916 4652 1079 4724 igitur
1105 4638 1304 4725 quanto
1334 4662 1678 4728 praistantior
1702 4664 1775 4718 sit

163 4737 363 4810 quovis
407 4738 536 4795 vino
582 4755 737 4810 aqua:
777 4752 992 4811 natura,
1043 4748 1322 4820 magisque
1359 4752 1665 4808 necessaria
1719 4764 1773 4810 et

164 4823 354 4898 utilis;
384 4839 439 4887 et
470 4829 749 4888 revocabis
775 4842 920 4889 tuam
950 4839 1296 4907 sententiam,
1333 4855 1595 4913 verasque
1638 4859 1772 4914 pau-

165 4938 357 4995 perum
397 4923 611 4980 divitias
637 4924 924 4995 intelliges.
956 4926 1090 4982 Nam
1126 4929 1252 4985 vino
1279 4931 1495 5002 quidem
1535 4933 1768 5002 sublato,

165 5031 276 5072 non
303 5030 556 5086 magnum
581 5016 742 5072 ftterit
759 5017 1138 5076 detrimentum
1167 5033 1521 5094 praeterquam
1546 5025 1773 5082 inﬁrmis

162 5109 296 5163 solis
322 5109 403 5163 :si
433 5110 551 5180 quis
581 5119 761 5165 autem
790 5109 960 5165 fontes
984 5115 1264 5168 sustulerit
1290 5124 1345 5170 et
1372 5131 1631 5187 aquarum
1658 5119 1770 5174 ele-

163 5216 433 5272 mentum,
455 5205 617 5260 vitam
634 5221 853 5270 omnem
872 5216 1112 5270 nostram
1139 5208 1480 5274 subvenerit,
1505 5219 1560 5265 et
1579 5226 1769 5272 omnes

163 5297 462 5367 perdiderit
490 5308 671 5354 artes:
704 5313 768 5355 ac
800 5315 868 5355 ne
896 5299 1114 5355 biduum
1143 5302 1364 5371 quidem
1389 5303 1584 5360 duure
1615 5315 1770 5374 pote-

163 5389 357 5453 rimus,
399 5389 494 5445 sed
545 5387 724 5445 statim
766 5407 955 5447 omnes
1003 5393 1295 5449 moriemur
1331 5404 1504 5451 morte
1533 5395 1764 5468 quadam

164 5482 460 5538 miserabili
486 5492 648 5553 atque
678 5485 1012 5554 gravissima.

234 5577 290 5628 4.
331 5574 388 5629 1η
419 5577 739 5632 necessariis
766 5577 946 5646 itaque
979 5578 1144 5634 rebus
1168 5579 1363 5648 quibus
1392 5581 1500 5636 vita
1528 5592 1761 5652 constat,

157 5681 363 5740 pauper
393 5681 500 5722 non
527 5676 612 5723 est
654 5667 893 5735 inferior,
925 5668 1056 5735 imo,
1101 5670 1145 5724 si
1177 5672 1373 5726 mirum
1399 5674 1650 5743 quiddam
1680 5677 1764 5732 di-

158 5760 388 5817 cendum
418 5765 526 5829 est,
566 5767 784 5832 superat
811 5761 974 5817 etiam
1015 5761 1256 5821 divitem.
1288 5763 1483 5821 Multos
1512 5768 1655 5823 enim
1678 5769 1761 5825 di-

221 5894 296 5971 ta)
326 5895 718 5971 celeberrimum
743 5897 1096 5971 erat
1131 5900 1317 5967 vinum,
1343 5907 1398 5954 ut
1435 5900 1607 5958 videas
1630 5903 1757 5971 apud

162 5957 552 6023 Aristophanem,
577 5959 814 6022 Plautum,
840 5966 892 6013 et
913 5959 1054 6014 alios.

1477 496 1566 555 DE
1602 493 1789 552 ΔΝΝΔ
1827 491 2063 553 8εῆΜο
2101 491 2168 549 ν.

3397 508 3507 568 674

1894 610 2035 667 vites
2086 609 2366 668 esrnhnus
2419 619 2642 682 propter
2696 612 2922 672 delicias
2958 616 3399 692 valetudinarius,
3443 631 3507 676 ut

1893 701 2184 772 plurimum
2227 717 2382 774 aqua
2425 713 2551 774 potu
2589 705 2861 763 abstinere
2894 723 2909 762 :
2938 721 3141 780 pauper
3176 722 3363 772 autem
3405 730 3511 789 per

1892 799 2062 849 totam
2104 794 2266 850 vitam
2309 794 2394 850 his
2435 795 2652 852 ﬂuentis
2679 796 2849 857 libere
2884 796 3099 865 fruitur,
3131 810 3406 873 tamquam
3435 808 3509 863 ad

1895 884 2073 939 mellis
2102 883 2303 951 fontes,
2330 886 2397 941 ad
2437 901 2700 957 aquarum
2723 903 2949 947 currens
2975 891 3200 960 rivulos,
3229 893 3504 954 sinceram

1896 975 2023 1032 inde
2064 985 2121 1032 et
2151 991 2339 1047 puram
2373 989 2726 1047 percepturus
2757 980 3103 1051 voluptatem.
3134 983 3273 1051 Quid
3317 995 3498 1042 autem

1894 1067 2032 1138 ignis
2059 1069 2294 1124 natura?
2323 1085 2502 1127 nonne
2532 1069 2798 1128 thesauris
2819 1074 3116 1136 innumeris
3156 1077 3359 1145 utilior,
3390 1077 3495 1134 hu-

1893 1159 2176 1230 manisque
2198 1159 2398 1216 divitiis
2431 1162 2716 1218 omnibus?
2747 1162 2814 1218 Et
2844 1163 2932 1220 hic
2969 1181 3183 1237 quoque
3211 1169 3498 1234 thesaurus

1891 1265 1960 1305 ex
1988 1265 2145 1321 aequo
2169 1250 2318 1308 diviti
2346 1253 2548 1323 pariter
2565 1269 2629 1311 ac
2658 1257 2883 1326 pauperi
2906 1261 3217 1330 propositus
3235 1270 3338 1319 est.
3363 1261 3498 1333 Quae

1889 1355 2020 1396 vero
2049 1342 2285 1398 nascitur
2312 1344 2382 1400 ab
2417 1358 2544 1400 aere
2587 1346 2906 1416 corporibus
2934 1350 3132 1406 nostris
3176 1351 3396 1418 utilitas,
3440 1361 3497 1409 et

1890 1433 1979 1488 lux
2010 1434 2225 1502 solaris,
2254 1437 2514 1506 numquid
2558 1437 2814 1495 divitibus
2855 1442 3028 1514 magis
3051 1457 3214 1513 quam
3241 1447 3494 1516 pauperi-

1889 1523 1991 1580 bus
2016 1525 2323 1592 exltibetur,
2354 1538 2409 1583 et
2437 1543 2556 1584 eam
2578 1529 2655 1584 illi
2684 1541 2933 1601 quatuor,
2964 1532 3019 1594 bi
3048 1533 3258 1597 duobus
3284 1545 3493 1596 tantum

1892 1615 2064 1671 oculis
2086 1617 2305 1672 vident?
2328 1616 2433 1674 Sed
2453 1634 2629 1689 neque
2649 1619 2751 1676 hoc
2773 1623 3058 1695 quisquam
3077 1623 3261 1683 dicere
3281 1637 3454 1698 potest
3475 1646 3490 1683 :

1889 1709 2102 1779 utrique
2124 1710 2268 1765 enim
2298 1712 2412 1781 pari
2441 1726 2692 1770 mensura
2715 1728 2777 1770 ea
2802 1714 3148 1784 perfruuntur
3179 1734 3196 1772 :
3224 1719 3335 1781 imo
3357 1735 3494 1777 vero

1888 1809 1946 1856 et
1973 1799 2062 1856 ltic
2087 1816 2380 1872 pauperum
2408 1812 2589 1873 partes
2623 1814 2745 1860 sunt
2773 1806 3031 1876 potiores,
3055 1819 3255 1880 quanto
3277 1820 3491 1880 etsen-

1888 1908 1981 1949 sus
2007 1893 2207 1950 habent
2235 1896 2558 1966 vegetiores,
2608 1907 2664 1952 ct
2691 1899 2988 1957 acutiorem
3016 1903 3254 1972 oculum,
3297 1913 3354 1962 et
3384 1909 3492 1963 vim

1889 1977 2219 2056 percipiendi
2264 1990 2712 2058 praestantiorem.
2756 1989 3096 2063 Quapropter
3134 2004 3190 2051 et
3223 1998 3488 2060 veriorem

1889 2075 2142 2133 hauriunt
2165 2078 2517 2148 voluptatem,
2561 2088 2615 2135 et
2641 2089 3012 2138 creaturarum
3038 2089 3492 2160 contemplatione

1888 2168 2059 2236 magis
2079 2169 2430 2224 delectantur.
2461 2170 2576 2226 Non
2607 2172 2658 2225 in
2689 2173 2818 2229 solis
2851 2185 3032 2233 autem
3059 2177 3363 2249 elementis,
3392 2185 3489 2240 sed

1888 2259 1944 2315 in
1981 2261 2232 2316 omnibus
2269 2261 2389 2317 aliis
2416 2270 2623 2318 naturae
2652 2265 2984 2331 muneribus,
3032 2269 3256 2327 multam
3281 2273 3490 2332 videbis

1887 2353 2276 2424 arqualitatem.
2329 2355 2440 2410 imo
2490 2357 2899 2427 praerogativam
2950 2359 3112 2424 etiam
3166 2377 3486 2436 pauperum.

1885 2443 2020 2500 Nam
2061 2459 2284 2502 somnus
2307 2446 2564 2502 omnibus
2593 2446 2803 2505 deliciis
2828 2449 3047 2506 suavior
3085 2455 3362 2525 magisque
3387 2474 3487 2514 ne-

1885 2539 2175 2607 cessarius,
2223 2537 2481 2610 omnique
2532 2537 2717 2596 utilior
2761 2541 3112 2609 nutrimento,
3163 2548 3488 2618 pauperibus

1885 2636 1969 2684 est
1994 2643 2154 2700 quam
2184 2627 2440 2685 divitibus
2483 2628 2691 2685 facilior
2723 2647 2736 2684 :
2767 2645 2943 2701 neque
2970 2646 3099 2688 vero
3132 2634 3340 2698 facilior
3367 2645 3490 2695 tan-

1887 2729 2022 2787 tum,
2055 2719 2150 2780 sed
2179 2721 2342 2777 etiam
2371 2721 2652 2776 sincerior.
2681 2721 2759 2776 Illi
2794 2722 2961 2790 enim,
2985 2732 3042 2780 ut
3066 2725 3156 2796 qui
3185 2725 3240 2782 in
3277 2727 3487 2788 deliciis

1885 2810 2108 2882 degunt,
2149 2811 2272 2868 cibo
2313 2810 2534 2880 famem,
2575 2821 2706 2883 potu
2749 2814 2914 2882 sitim,
2961 2829 3153 2871 somno
3181 2816 3484 2877 dormiendi

1885 2904 2260 2962 necessitatem
2296 2905 2653 2976 praeveniunt,
2683 2915 2844 2976 atque
2885 2906 2958 2962 ita
2987 2921 3203 2969 omnem
3233 2912 3482 2983 volupta-

1884 3006 1993 3053 tem
2043 2998 2146 3055 sibi
2181 2998 2564 3069 intercipiunt:
2600 3013 2708 3056 non
2752 3000 2896 3054 enim
2939 3001 3163 3071 perinde
3191 3001 3248 3059 in
3293 3013 3483 3070 natura

1886 3090 2136 3156 istorum,
2164 3100 2326 3161 atque
2352 3091 2405 3145 in
2447 3105 2547 3146 usu
2576 3091 2906 3157 necessario,
2939 3091 3186 3163 voluptas
3214 3095 3481 3152 consistit.

1881 3179 2001 3235 Non
2033 3181 2109 3235 ita
2133 3179 2366 3238 delectat
2394 3181 2576 3236 vinum
2605 3180 2885 3254 ipsumque
2909 3197 3074 3238 suave
3101 3185 3252 3240 olens
3273 3197 3483 3256 potare,

1883 3281 1944 3330 ut
1985 3274 2253 3330 sitientem
2295 3274 2480 3331 bibere
2506 3289 2735 3346 aquam;
2768 3292 2875 3332 non
2921 3277 2991 3332 ita
3019 3277 3294 3348 placentas
3322 3279 3485 3338 edere

1877 3366 2050 3437 juvat.
2083 3376 2142 3422 ut
2170 3366 2456 3422 esuriendo
2484 3367 2729 3438 quemvis
2757 3365 2935 3425 cibum
2975 3382 3225 3437 sumere;
3255 3386 3363 3426 non
3407 3372 3482 3427 ita

1883 3459 2030 3513 molli
2055 3459 2464 3524 cubarestrato,
2491 3468 2547 3513 ut
2563 3473 2881 3530 oppressum
2907 3474 3098 3520 somno
3117 3463 3302 3531 jacere
3326 3481 3340 3518 :
3362 3479 3483 3536 qua:

1882 3550 2060 3613 omnia
2089 3551 2258 3620 magis
2281 3549 2419 3618 apud
2448 3564 2712 3620 pauperes
2736 3558 2882 3616 sunt,
2912 3565 3072 3620 quam
3098 3553 3238 3624 apud
3262 3553 3481 3612 divites.

1882 3642 2013 3708 Quae
2064 3656 2191 3696 vero
2244 3641 2516 3711 pertinent
2569 3640 2636 3696 ad
2694 3641 2938 3712 corporis
2989 3640 3370 3714 valetudinem,
3427 3655 3491 3703 et

1879 3731 2097 3786 omnem
2126 3732 2288 3786 aliam
2319 3731 2511 3786 bonam
2544 3730 2936 3801 habitudinem,
2961 3746 3141 3790 nonne
3174 3739 3480 3793 communia

1880 3833 2008 3880 sunt
2035 3824 2292 3881 divitibus
2311 3840 2463 3897 teque
2482 3834 2644 3896 atque
2667 3825 3032 3896 pauperibus?
3053 3827 3136 3881 An
3156 3843 3287 3883 vero
3305 3829 3487 3887 diwre

1881 3918 2144 3989 quispiam
2187 3927 2364 3988 potest
2389 3917 2520 3973 illud
2566 3927 2656 3972 aut
2698 3916 3006 3983 ostendere,
3049 3917 3191 3988 quod
3221 3934 3484 3991 pauperes

1880 4023 2097 4080 semper
2134 4018 2414 4079 aegrotent,
2459 4007 2655 4064 divites
2694 4022 2910 4078 semper
2956 4023 3214 4081 prospera
3264 4021 3485 4069 utantur

1883 4101 2234 4158 valetudine?
2280 4100 2623 4156 Contrarium
2651 4099 2867 4169 quidem
2894 4100 3077 4156 videre
3104 4101 3251 4169 licet,
3291 4119 3485 4176 paupe-

1879 4209 1969 4251 res
1996 4211 2104 4250 non
2132 4194 2290 4250 facile
2321 4187 2712 4251 insanabilibus
2738 4194 2944 4248 morbis
2969 4195 3112 4262 capi,
3134 4195 3231 4251 sed
3263 4199 3484 4258 morbos

1879 4287 2078 4356 passim
2097 4287 2150 4340 in
2167 4285 2392 4340 divitum
2415 4284 2732 4354 corporibus
2750 4277 3006 4355 grassari.
3029 4283 3187 4343 Certe
3209 4290 3482 4362 podagrzn,

1876 4378 2217 4449 gravedines,
2246 4377 2630 4432 dissolutiones
2659 4391 2972 4444 nervorum,
3013 4387 3108 4432 aut
3144 4382 3479 4439 contractio-

1878 4486 1993 4536 nes,
2043 4471 2171 4525 varii
2218 4469 2395 4524 fluxus
2431 4468 2606 4527 vitiosi
2648 4482 2724 4524 ac
2746 4469 3009 4540 corrupti;
3051 4469 3314 4530 delicatos
3355 4476 3482 4534 illos

1877 4562 2048 4634 magis
2075 4561 2346 4626 infestant,
2387 4574 2483 4617 eos
2503 4560 2594 4630 qui
2621 4567 2891 4629 unguenta
2927 4558 3097 4623 olent.
3128 4577 3236 4617 non
3262 4578 3358 4620 eos
3383 4569 3477 4638 qui

1876 4655 2124 4710 laborant
2150 4661 2208 4709 et
2246 4660 2586 4719 exercentur,
2629 4661 2686 4708 et
2713 4650 3026 4722 quotidiana
3057 4666 3222 4722 opera
3261 4655 3474 4713 victum

1875 4745 1980 4802 sibi
2008 4753 2218 4817 parant.

1946 4840 2000 4895 5.
2042 4839 2381 4908 Quapropter
2428 4833 2692 4891 mendicis
2747 4835 2910 4892 etiam
2960 4834 3271 4891 miseriores
3314 4844 3477 4902 sunt,

1875 4938 2139 5004 quotquot
2165 4931 2216 4985 in
2242 4929 2449 4985 deliciis
2475 4928 2660 4984 vivunt
2683 4943 2699 4994 ;
2723 4926 2777 4983 id
2808 4926 2951 4998 quod
2993 4940 3093 4982 nec
3120 4927 3220 4997 ipsi
3249 4926 3479 4984 inliciari

1875 5034 2116 5098 possunt.
2166 5023 2503 5093 Frequenter
2541 5021 2742 5093 quippe
2779 5020 2935 5076 dives
2972 5020 3118 5076 molli
3148 5020 3344 5077 lectulo
3384 5037 3478 5077 cu-

1873 5119 2029 5184 bans,
2055 5119 2195 5174 inter
2219 5112 2528 5170 omnimodo
2579 5126 2860 5168 servorum
2892 5125 2956 5167 ac
2978 5111 3296 5167 ancillarum
3324 5112 3478 5168 obse-

1872 5214 2018 5284 quia,
2048 5210 2229 5267 audito
2268 5207 2518 5264 mendico
2545 5221 2642 5286 per
2679 5206 2853 5262 vicum
2896 5204 3134 5298 clamore
3163 5219 3356 5274 panem
3385 5220 3478 5298 pc-

1875 5317 2020 5362 tente
2047 5303 2328 5375 ingemuit,
2355 5311 2557 5357 etcum
2585 5297 2838 5370 lacrymis
2861 5297 3112 5368 precatus
3139 5304 3242 5363 est,
3267 5305 3322 5352 ut
3355 5297 3476 5351 talis

1873 5400 2046 5466 fieret,
2078 5395 2372 5452 dummodo
2411 5408 2598 5460 sanus,
2624 5391 2807 5463 potius
2847 5404 3009 5461 quam
3040 5389 3094 5445 in
3130 5385 3340 5445 deliciis
3374 5387 3476 5442 sd-

1873 5508 2031 5549 versa
2074 5492 2342 5547 laboraret
2387 5486 2716 5544 valetudine.
2761 5484 2874 5540 Nec
2919 5492 3125 5538 tantum
3160 5482 3486 5546 valetudine‘

1870 5586 2032 5652 bona,
2063 5583 2157 5640 sed
2184 5583 2352 5655 prolis
2375 5584 2538 5636 etiam
2569 5579 2845 5644 felicitate,
2878 5575 3072 5639 divites
3101 5574 3269 5629 nihilo
3298 5575 3464 5644 potio-

1867 5693 1956 5735 res
1983 5675 2187 5742 videas,
2219 5689 2381 5746 quam
2406 5686 2704 5745 pauperes;
2731 5669 2827 5726 sed
2854 5668 3140 5738 utrobique
3162 5663 3472 5722 indiﬂ'eren-

1869 5783 1950 5829 tcr
1977 5779 2070 5828 aut
2096 5770 2298 5827 nullam
2324 5777 2419 5823 aut
2443 5778 2787 5822 numerosam
2820 5761 3062 5818 sobolem
3093 5778 3104 5811 :
3137 5759 3266 5833 quin
3288 5757 3472 5833 potius

1865 5876 1921 5921 et
1954 5864 2053 5919 hac
2085 5871 2239 5934 parte
2265 5860 2490 5916 divitem
2517 5854 2704 5912 videas
2730 5854 3062 5912 inferiorem.
3094 5851 3304 5922 Pauper
3319 5850 3470 5907 enim

1866 5957 1994 6015 licet
2025 5967 2176 6029 pater
2218 5969 2323 6011 non
2368 5949 2483 6024 liat,
2528 5947 2674 6013 haud
2715 5947 2943 6005 inultum
2981 5942 3147 6004 sentit
3171 5943 3468 6004 dolorem;
