4066 6466
608 451 716 510 075

610 570 762 626 dives
788 578 968 628 autem
997 569 1196 634 quanto
1239 561 1409 630 magis
1452 568 1661 615 auctam
1691 573 1805 614 rem
1844 556 2013 624 videt,
2043 562 2198 613 tanto

610 658 783 728 magis
805 655 1034 711 orbitate
1064 652 1297 723 angitur,
1331 667 1441 722 prae
1468 649 1680 707 heredis
1699 649 1968 705 desiderio
1998 648 2199 703 nullam

607 748 846 804 sentiens
872 745 1218 813 uoluptatem.
1254 741 1328 796 Et
1370 741 1618 810 pauperis
1644 738 1860 809 quidem
1906 737 2195 801 hereditas,

609 838 734 894 licet
759 835 875 890 sine
902 835 1086 890 liberis
1112 832 1359 896 decedat,
1381 845 1502 886 cum
1528 836 1748 899 propter
1773 827 2065 884 exilitatem
2090 842 2197 883 non

605 930 678 986 sit
698 929 1042 983 contentione
1070 926 1249 996 digna,
1277 923 1344 978 ad
1375 923 1576 977 amicos
1599 921 1789 977 transit
1814 929 1974 992 atque
2000 935 2200 991 cogna-

608 1031 693 1075 tos
725 1037 738 1073 :
768 1019 950 1075 divitis
989 1026 1189 1082 autem,
1230 1030 1296 1070 eo
1321 1014 1459 1084 quod
1493 1013 1778 1068 multorum
1805 1013 1871 1067 ad
1915 1027 1975 1068 se
2000 1011 2199 1067 alliciat

603 1111 812 1177 oculos,
854 1126 959 1165 non
986 1123 1110 1165 raro
1136 1108 1204 1164 ad
1236 1107 1482 1163 inimicos
1507 1106 1742 1163 defuncti
1766 1105 1984 1162 devenit
2013 1123 2028 1160 :
2053 1103 2196 1175 quod

604 1219 726 1257 cum
755 1203 845 1258 ille
869 1202 1055 1257 vivens
1081 1200 1281 1255 inaliis
1304 1199 1416 1257 fieri
1443 1199 1641 1266 vtdeat,
1664 1198 1826 1253 vitam
1853 1197 1997 1268 degit
2022 1205 2197 1251 morte

607 1293 999 1359 molestiorem,
1029 1292 1084 1346 in
1119 1305 1180 1346 se
1207 1305 1419 1361 quoque
1448 1298 1766 1359 exspectans
1811 1288 1951 1344 idem
1997 1287 2194 1342 factum

605 1383 694 1440 iri.
723 1383 877 1452 Quod
907 1392 1084 1439 autem
1111 1382 1179 1438 ad
1210 1392 1438 1437 mortem
1469 1383 1679 1446 attinet,
1713 1394 1892 1436 nonne
1913 1389 1968 1434 et
1987 1379 2078 1434 hic
2105 1394 2198 1433 ea-

600 1476 724 1531 dem
754 1476 1063 1546 aequalitas?
1084 1490 1267 1531 nonne
1313 1485 1419 1530 tam
1451 1474 1704 1530 divitibus
1747 1488 1909 1544 quam
1937 1475 2192 1544 pauperi-

600 1567 704 1620 bus
746 1567 1046 1619 immatura:
1087 1572 1288 1618 mortes
1327 1563 1613 1619 accidunt?
1657 1573 1817 1633 atque
1863 1565 2024 1618 etiam
2076 1572 2193 1633 post

601 1668 831 1712 mortem
877 1671 983 1710 non
1039 1663 1145 1709 tam
1175 1654 1263 1710 his
1310 1669 1471 1726 quant
1509 1655 1613 1710 illis
1660 1654 1910 1710 omnibus
1947 1654 2194 1708 similiter

601 1762 795 1816 corpus
823 1744 1156 1807 dissolvitur,
1194 1744 1477 1816 favillaque
1509 1744 1564 1799 fit
1590 1754 1644 1800 et
1675 1745 1868 1815 pulvis,
1900 1754 1954 1800 et
1980 1759 2193 1800 vermes

598 1838 807 1909 gignit?
835 1838 904 1892 At
928 1835 1182 1892 funcraiia
1211 1850 1544 1906 nequaquam
1573 1837 1783 1891 similia.
1813 1836 1927 1892 Sed
1950 1835 2192 1906 quae-uti-

597 1929 903 1986 litas'ICum
925 1932 1068 1984 enim
1087 1927 1338 1983 defuncto
1362 1929 1582 1984 multam
1609 1931 1965 1984 substraveris
1987 1937 2187 1984 vestem

600 2024 891 2093 pretiosam
919 2031 975 2077 et
1011 2033 1273 2086 auratam,
1300 2021 1433 2075 nihil
1465 2021 1607 2076 aliud
1643 2021 2030 2092 nisi'maiorem
2061 2021 2190 2076 invi-

597 2113 740 2170 diam
771 2123 826 2168 et
865 2111 1293 2168 criminationem
1325 2113 1586 2177 attuleris,
1637 2120 1689 2167 et
1715 2112 1973 2168 adversus
1999 2111 2191 2167 defun-

595 2214 739 2258 ctutn
767 2204 1006 2257 omnium
1033 2217 1124 2257 ora
1151 2202 1444 2271 aperueris,
1476 2210 1531 2255 et
1560 2203 1866 2257 innumeras
1890 2205 1938 2258 ei
1966 2218 2190 2272 parave-

594 2295 672 2348 ris
725 2292 1142 2356 maledictiones,
1198 2300 1253 2346 et
1295 2291 1532 2344 avaritia:
1575 2292 1998 2357 criminationes,
2056 2292 2182 2347 dum

594 2381 788 2450 singuli
832 2391 1152 2452 rumpuntur
1196 2379 1584 2450 indignatione,
1625 2388 1680 2436 et
1719 2389 1990 2435 mortuum
2031 2395 2187 2437 exse-

592 2479 827 2534 crantur.
853 2471 943 2542 (μή
966 2487 1038 2526 ne
1055 2471 1396 2542 postobitum
1427 2471 1642 2540 quidem
1669 2471 1989 2526 insanirein
2022 2486 2186 2541 pecu-

593 2561 713 2616 nias
739 2560 1015 2617 desiverit.
1047 2560 1160 2615 Huc
1187 2561 1390 2616 accedit
1419 2560 1562 2615 aliud
1590 2559 1809 2628 malum,
1836 2561 1982 2631 quod
2009 2562 2186 2618 furum

591 2651 735 2706 oc’nli
757 2652 1054 2706 irritantur.
1088 2650 1270 2721 Itaque
1292 2665 1404 2720 quo
1439 2650 1610 2720 major
1637 2658 1720 2705 est
1745 2651 1945 2718 cultus,
1976 2667 2043 2708 eo
2071 2668 2187 2708 ma-

591 2740 725 2812 ioris
749 2743 825 2796 illi
858 2742 915 2797 tlt
944 2742 1158 2798 occasio
1188 2741 1546 2796 contumeliae.
1580 2740 1841 2811 Pauperis
1860 2743 2004 2797 enim
2025 2743 2187 2798 cada-

593 2846 690 2889 ver
715 2847 875 2888 nemo
898 2818 1133 2904 spoliare
1162 2841 1333 2897 curat,
1378 2833 1492 2900 ipsa
1521 2829 1952 2888 indumentorum
1977 2834 2184 2892 vilitate

597 2932 792 2979 tutum.
824 2923 922 2978 llic
950 2932 1129 2977 autem
1159 2923 1343 2978 obices
1376 2931 1431 2978 et
1470 2937 1627 2990 sene,
1654 2922 1798 2978 fores
1811 2931 1986 2994 atque
2012 2933 2185 2980 custo-

591 3013 708 3079 des,
739 3013 920 3068 omnia
967 3013 1237 3068 incassum
1280 3012 1626 3079 adhibentur,
1671 3027 1796 3068 cum
1833 3014 2182 3085 pecuniarum

589 3105 848 3162 aviditate
871 3105 1004 3161 nihil
1037 3122 1143 3162 non
1182 3107 1435 3173 audeant,
1465 3107 1555 3177 qui
1593 3107 1789 3162 talibus
1817 3107 2099 3164 maleficiis
2121 3123 2182 3165 se

590 3198 1010 3254 assuefeceram.
1039 3197 1219 3270 Itaque
1242 3198 1415 3269 major
1439 3199 1614 3254 honor
1637 3198 1890 3254 defuncto
1923 3201 2184 3269 majorem

592 3288 757 3346 infert
786 3289 1070 3361 iniuriam;
1103 3300 1158 3347 et
1185 3289 1249 3358 is,
1275 3290 1362 3347 cui
1391 3289 1513 3346 vilia
1541 3287 1801 3347 funeralia
1840 3290 2180 3362 contingunt,

1393 442 1448 500 ε.
1485 441 1759 501 JOANNIS
1794 434 2173 500 CHRYSOS‘I'.
2218 438 2543 500 ABCBIEP.
2570 437 3112 499 CONS’I‘ANTINOP.

3811 445 3914 505 676

2303 553 2448 624 iacet
2475 553 2731 609 inviolato
2766 553 3002 624 sepulcri
3022 553 3230 612 honore
3257 571 3271 610 :
3300 555 3385 612 cui
3411 568 3540 613 vero
3567 558 3829 630 pretiosa,
3865 561 3912 618 is

2305 646 2567 716 spoliatur
2591 655 2647 703 et
2671 644 3096 713 dehonestatur;
3127 656 3220 704 aut
3243 649 3290 703 si
3316 648 3419 707 hoc
3446 649 3744 708 ludibrium
3783 667 3914 709 eva-

2304 737 2418 806 dat,
2450 755 2520 795 ne
2538 740 2627 795 sic
2668 737 2887 811 quidem
2914 739 3094 810 potior
3120 740 3244 808 erit,
3288 741 3391 798 nisi
3420 743 3565 815 quod
3592 744 3772 814 maior
3793 728 3914 801 cor-

2304 831 2483 902 ruptio
2510 831 2623 900 lict,
2642 833 2950 904 largiusque
2975 831 3146 888 vermi
3173 832 3448 903 pabulum.
3483 836 3739 892 Haecine
3764 847 3911 906 sunt,

2303 937 2509 994 quaeso,
2540 924 2611 978 ob
2633 938 2754 994 qua:
2779 923 2967 980 beatos
2985 922 3387 993 prmdicemus?
3411 925 3482 981 Et
3509 927 3636 1000 quis
3660 938 3752 985 est
3771 929 3912 986 adeo

2303 1015 2486 1079 miser,
2516 1023 2680 1085 atque
2706 1029 3066 1082 aerumnosos,
3097 1023 3159 1070 ut
3180 1015 3250 1072 ob
3274 1016 3391 1073 hac
3417 1017 3696 1078 hominem
3719 1023 3912 1078 existi-

2301 1116 2413 1162 met
2442 1106 2642 1161 invidia
2688 1106 2950 1176 dignum?
2978 1107 3176 1163 Verum
3212 1123 3323 1164 non
3349 1108 3465 1165 hac
3493 1112 3695 1178 solum,
3727 1113 3825 1169 sed
3855 1123 3911 1170 et

2301 1197 2403 1253 alia
2444 1196 2653 1267 singula
2695 1207 3101 1268 percurrentes,
3144 1197 3538 1270 diligenterque
3575 1211 3907 1270 scrutantes,

2301 1302 2564 1358 pauperes
2604 1286 2861 1342 divitibus
2892 1288 3742 1360 praeponendoscomperiemus.
3776 1293 3906 1351 Bac

2299 1378 2460 1448 igitur
2501 1378 2785 1450 diligenter
2830 1380 3276 1448 considerantes,
3329 1388 3385 1436 et
3435 1381 3558 1436 aliis
3612 1394 3902 1442 narrantes

2301 1468 2520 1541 (dicitur
2546 1471 2716 1538 enim,
2747 1469 2834 1525 Da
2873 1472 3093 1540 sapienti
3120 1471 3458 1540 occasionem,
3491 1482 3541 1528 et
3562 1476 3664 1530 erit
3686 1480 3909 1549 sapiat-

2299 1561 2397 1614 tior
2422 1560 2602 1632 [Ρνου.
2629 1562 2686 1618 9.
2720 1561 2776 1634 9']
2795 1562 2836 1632 ),
2867 1571 2922 1617 ct
2945 1562 3073 1617 illud
3099 1563 3682 1621 cotttinuerctittentes
3703 1583 3914 1625 memo-

2297 1651 2398 1715 ria,
2424 1652 2770 1720 pecuniarum
2795 1652 3005 1722 copiam
3033 1652 3166 1707 nihil
3191 1654 3426 1723 amplius
3452 1653 3655 1712 aﬂ‘erre
3683 1672 3904 1728 posses-

2296 1741 2530 1807 soribus,
2557 1757 2715 1812 quam
2753 1757 2929 1808 curas,
2961 1742 3371 1810 sollicitudines,
3413 1746 3667 1815 timores,
3718 1757 3778 1804 at
3814 1763 3910 1820 pe-

2296 1831 2461 1886 ricula
2495 1850 2509 1886 :
2547 1833 2720 1888 nihilo
2775 1832 3098 1890 deteriorem
3152 1850 3312 1904 quam
3367 1835 3594 1893 divitum
3658 1853 3906 1898 nostram

2295 1923 2655 1979 conditionem
2701 1933 2971 1994 putemus.
3088 1925 3231 1980 enim
3276 1925 3786 1997 advigilaverimus,
3819 1947 3908 2004 po-

2296 2013 2460 2068 tiores
2484 2013 2647 2068 etiam
2687 2023 2867 2084 partes
2896 2014 3230 2082 habebimus,
3278 2025 3388 2073 tam
3417 2020 3469 2073 in
3507 2019 3674 2092 huius
3719 2025 3906 2080 statarii

2295 2104 2476 2169 rebus,
2509 2120 2667 2173 quam
2697 2105 2747 2158 in
2779 2105 2995 2160 divinis.
3036 2105 3170 2162 Nam
3215 2117 3270 2164 et
3297 2111 3630 2180 voluptatem
3661 2123 3720 2168 et
3748 2129 3907 2171 secu-

2294 2196 2530 2258 ritatem,
2557 2197 2863 2266 bonamque
2891 2196 3088 2252 famam
3131 2212 3197 2254 ac
3232 2200 3622 2268 valetudinem,
3665 2213 3786 2260 tum
3810 2220 3908 2262 ce-

2293 2294 2432 2340 ctam
2463 2286 2676 2342 vivendi
2719 2288 3008 2355 rationem,
3054 2303 3206 2358 spem
3254 2290 3471 2358 bonam,
3516 2295 3904 2368 mitioremque

2292 2379 2549 2450 peccandi
2594 2380 2936 2436 occasionem
2982 2382 3122 2452 apud
3177 2396 3444 2453 pauperes
3487 2386 3681 2456 magis,
3733 2403 3900 2459 quam

2292 2470 2434 2540 apud
2463 2470 2657 2526 divites
2698 2471 2964 2527 invenias.
3001 2470 3084 2527 Ne
3115 2473 3277 2544 igitur
3301 2489 3454 2531 more
3494 2490 3786 2533 servorum
3814 2481 3902 2535 in—

2290 2571 2566 2632 gratorum
2611 2577 3031 2632 murmuremus,
3082 2572 3176 2618 aut
3219 2566 3530 2622 incusemus
3580 2568 3899 2638 Dominum,

2289 2652 2385 2707 sed
2416 2667 2513 2723 pro
2540 2653 2790 2708 omnibus
2813 2654 3014 2724 gratias
3038 2668 3280 2725 agamus.
3309 2656 3443 2711 nihil
3471 2657 3675 2714 malum
3699 2659 3905 2716 dueerr

2293 2753 2376 2801 tes
2400 2745 2504 2800 nisi
2547 2755 2850 2816 peccatum,
2881 2748 3014 2802 nihil
3044 2747 3240 2804 bonum
3281 2748 3383 2804 nisi
3407 2749 3696 2820 justitiam.
3723 2751 3786 2808 8i
3815 2755 3900 2810 sic

2288 2838 2645 2905 senserimus,
2679 2854 2786 2894 non
2814 2840 3101 2911 aegritudo,
3141 2855 3250 2896 non
3289 2842 3492 2912 inopia,
3519 2859 3631 2900 non
3668 2845 3900 2917 ignomi-

2287 2929 2400 2994 nia,
2431 2928 2564 2983 nihil
2593 2928 2828 2993 denique
2871 2929 3051 2986 simile
3094 2931 3380 2987 molestum
3429 2933 3586 2989 nobis
3616 2937 3724 2991 erit
3751 2953 3768 2990 :
3799 2938 3896 2994 sed

2290 3034 2480 3090 pmm
2529 3034 2591 3075 es
2635 3019 2889 3076 omnibus
2937 3021 3099 3077 rebus
3142 3023 3505 3093 percipientes
3535 3027 3892 3097 voluptatem,

2293 3107 2471 3163 futura
2499 3123 2898 3179 consequemur
2922 3109 3086 3177 bona,
3130 3111 3300 3182 gratia
3340 3124 3395 3170 et
3421 3115 3756 3186 benignitate
3786 3120 3885 3177 Do-

2291 3200 2422 3258 mini
2451 3201 2620 3256 nostri
2646 3199 2777 3257 Jesu
2804 3201 3022 3268 Christi,
3049 3216 3173 3258 cum
3205 3218 3313 3275 quo
3335 3203 3480 3261 Patri
3503 3207 3704 3278 gloria,
3734 3211 3896 3268 simul

2288 3300 2345 3348 et
2368 3299 2557 3348 sancto
2583 3291 2829 3364 Spiritui,
2855 3291 2917 3347 in
2947 3293 3142 3350 saecula
3179 3295 3522 3352 somniorum.
3555 3299 3751 3355 Amen.

603 3815 3900 3859 MM

2064 4063 2422 4128 MONITUM

685 4284 1038 4358 Eodemque
1074 4283 1390 4356 superiores
1422 4279 1718 4338 Sermones
1747 4293 1895 4335 anno
1915 4277 2021 4334 587
2055 4276 2486 4349 Chrysostomus
2512 4277 2612 4334 bas
2640 4277 2710 4333 de
2741 4275 2946 4334 Davide
2973 4286 3029 4334 ct
3067 4277 3235 4335 Saule
3268 4276 3526 4340 humilias
3561 4275 3798 4346 habuit,
3836 4290 3896 4337 ut

620 4401 881 4475 colligere
907 4410 992 4457 est
1019 4415 1085 4455 ex
1119 4399 1358 4456 Humilia
1389 4397 1565 4470 prima
1592 4396 1660 4453 de
1689 4394 1896 4482 Davide
1918 4404 1972 4449 et
2000 4391 2186 4460 Saule,
2214 4407 2446 4448 numero
2476 4392 2530 4456 Ι,
2556 4391 2759 4452 ubisit
2785 4404 2845 4446 se
2869 4405 3048 4461 nuper
3073 4405 3384 4446 sermonem
3415 4388 3615 4448 fecisse
3642 4391 3717 4447 de
3744 4393 3897 4449 dehi-

616 4527 735 4575 toae
766 4518 955 4574 decem
985 4516 1214 4572 millium
1239 4515 1571 4572 talentorum
1602 4519 1658 4570 et
1682 4510 1992 4587 ostendisse
2016 4518 2285 4580 quantum
2313 4509 2519 4564 malum
2551 4517 2698 4564 esset
2724 4505 3054 4578 iniuriarum
3082 4492 3412 4563 recordatio.
3444 4502 3542 4562 llla
3571 4492 3762 4564 alitem
3785 4508 3897 4565 Bo-

617 4631 766 4687 milia
796 4632 864 4687 de
884 4630 1149 4697 debitore,
1178 4637 1312 4695 etc.,
1341 4643 1465 4699 quae
1498 4628 1670 4698 prima
1697 4634 1782 4682 est
1809 4626 1863 4681 in
1891 4624 2064 4680 Tomo
2099 4623 2278 4688 tertio,
2301 4622 2491 4679 eodem
2523 4634 2671 4678 anno
2702 4619 2904 4692 scripta
2925 4629 3162 4692 est,quo
3201 4635 3299 4692 per
3319 4629 3489 4677 totam
3519 4620 3895 4696 Quadngesi-

617 4756 763 4799 mam
785 4741 852 4796 de
871 4737 1093 4795 vitando
1114 4735 1426 4807 iuramento
1442 4748 1646 4806 egerat.
1675 4735 1724 4792 Is
1753 4743 1838 4791 est
1869 4750 2049 4791 annus
2076 4733 2202 4799 387,
2224 4741 2284 4788 ut
2304 4733 2541 4790 diximus
2562 4736 2618 4789 in
2634 4732 2837 4790 Muttito
2869 4734 3089 4790 ibidem.
3121 4732 3277 4801 Quod
3295 4735 3890 4808 itaqueargumentum

621 4851 677 4905 in
707 4849 936 4907 Homilia
968 4848 1036 4904 de
1056 4847 1302 4904 debitore
1331 4855 1593 4918 eruperat,
1617 4861 1811 4914 nempe
1839 4847 1906 4902 de
1933 4847 2257 4919 iniuriarum
2282 4848 2663 4904 recordatione
2683 4848 3023 4920 depellenda,
3053 4848 3232 4920 deque
3255 4852 3579 4907 earumdem
3608 4857 3889 4913 condona-

614 4983 3856 5023 Mm

1222 5124 1497 5182 IlOMlLIA
1543 5123 1582 5179 Ι.

607 5263 684 5320 De
709 5262 906 5318 Dauide
933 5272 982 5316 at
1001 5247 1178 5324 Saaile,
1203 5261 1363 5329 deque
1390 5260 1689 5328 tolerantia,
1717 5271 1766 5314 et
1805 5260 1944 5333 quod
1967 5269 2196 5329 oporteat

694 5355 911 5410 inimicis
932 5369 1155 5424 parcere,
1187 5369 1278 5407 nec
1298 5353 1361 5406 de
1384 5351 1668 5406 absentibus
1691 5353 1820 5407 male
1844 5355 1978 5422 loqui
2003 5353 2102 5423 (α).

573 5469 584 5476 λ
683 5493 732 5546 l.
761 5489 978 5559 Quoties
1007 5487 1206 5543 diutina
1252 5488 1513 5557 quapiam
1561 5501 1626 5541 ac
1663 5487 1792 5540 dura
1842 5486 2044 5541 inflatio
2072 5503 2190 5542 cor-

607 5582 827 5656 poribus
863 5581 1069 5636 inhresit
1092 5623 1105 5643 ,
1134 5587 1244 5633 tum
1271 5587 1326 5631 et
1351 5579 1506 5647 tango
1530 5586 1792 5645 tempore,
1819 5579 2092 5647 multoque
2119 5577 2194 5632 la-

610 5677 740 5734 huic
762 5717 778 5741 ,
801 5685 854 5729 et
897 5674 1062 5727 multa
1091 5671 1348 5742 sapientia
1380 5671 1430 5725 in
1463 5670 1809 5724 admovendis
1830 5672 2081 5724 remediis
2114 5681 2192 5726 est

606 5784 747 5841 opus
769 5808 784 5834 ,
813 5775 871 5821 ut
914 5767 1165 5822 collectus
1214 5773 1390 5819 tumor
1431 5764 1630 5834 absque
1658 5764 1779 5818 vitae
1816 5766 2061 5833 periculo
2092 5763 2189 5820 dis-

656 5899 733 5961 ((ίέ
756 5900 949 5954 Collata
980 5914 1089 5952 cum
1107 5897 1216 5950 cod.
1243 5899 1391 5963 Regio
1421 5895 1556 5954 [9725,
1583 5899 1699 5945 item
1717 5909 1828 5946 cum
1855 5896 1991 5948 1963.

2300 5132 2552 5187 solvatur.
2611 5133 2753 5190 Idem
2797 5136 2977 5194 \idere
3019 5149 3101 5217 est
3149 5141 3204 5195 in
3251 5143 3448 5197 anima.
3487 5142 3717 5212 Quoties
3761 5149 3893 5203 enim

2301 5231 2493 5301 aliquis
2519 5236 2763 5288 morbum
2782 5276 2797 5300 ,
2825 5235 2914 5305 qui
2937 5235 3049 5305 iam
3078 5219 3289 5292 radices
3309 5237 3419 5306 egit
3442 5237 3494 5290 in
3524 5240 3734 5303 anima,
3769 5240 3898 5296 mul-

2303 5334 2463 5394 toquc
2486 5334 2724 5393 tempore
2751 5335 3035 5381 concretus
3064 5327 3153 5391 sit,
3184 5328 3437 5383 radicitus
3455 5329 3696 5384 evellere
3723 5332 3902 5386 volue-

2301 5419 2411 5482 rit,
2439 5430 2544 5471 non
2591 5416 2722 5471 satis
2765 5427 2847 5472 est
2882 5417 2947 5473 ad
2989 5419 3378 5474 correctionem
3409 5418 3570 5474 unius
3606 5420 3903 5478 duorumvc

2304 5513 2512 5567 dierum
2569 5512 2861 5566 admonitio
2911 5529 2924 5563 :
2971 5527 3153 5566 verum
3197 5521 3411 5581 oportet
3467 5511 3787 5583 frequenter
3847 5533 3904 5569 ac

2305 5607 2494 5662 diebus
2532 5605 2894 5674 compluribus
2928 5604 3061 5657 hanc
3089 5618 3202 5657 rem
3237 5612 3502 5658 tractare:
3528 5604 3574 5658 si
3606 5609 3773 5662 modo
3805 5624 3904 5661 mn

2307 5700 2371 5755 ad
2396 5699 2740 5754 ambitionem
2771 5712 2833 5752 ac
2858 5697 3207 5764 voluptatem,
3241 5696 3334 5750 sed
3369 5696 3433 5750 ad
3466 5695 3703 5753 fructum
3735 5711 3787 5754 et
3811 5702 3901 5754 uti-

2307 5792 2509 5847 litatem
2541 5804 2737 5845 munus
2764 5789 2865 5843 hoc
2891 5787 3285 5842 concionatoris
3308 5786 3512 5857 gesturi
3547 5803 3757 5847 sumus.
3790 5790 3906 5845 Iden

2307 5885 2443 5941 sicut
2493 5882 2560 5939 de
2603 5879 2919 5954 iuramentis
2961 5877 3218 5948 fecimus,
3273 5879 3454 5934 multis
3495 5878 3692 5939 ordine
3719 5879 3907 5938 diebus
