4066 6430
209 410 317 473 ϐπ

209 518 360 577 vobis
401 515 472 574 de
514 515 716 574 eodem,
752 513 1078 569 disserentes
1121 513 1476 575 argumento:
1519 498 1706 554 itidem
1732 494 1801 549 de

208 613 285 666 ira
313 622 455 663 nunc
482 605 758 666 faciamus,
781 601 1085 656 continuam
1112 596 1179 651 de
1207 609 1269 649 ea
1293 599 1676 663 persequamur
1703 602 1800 640 ex-

209 699 569 754 hortationem
611 709 707 764 pro
732 700 915 747 nostra
943 688 1159 760 quidem
1200 683 1362 739 virili.
1388 681 1520 737 Nam
1552 680 1640 733 hic
1669 675 1824 731 milil'

206 788 419 844 videtur
437 786 685 856 optimus
730 797 852 838 esse
893 779 1119 835 docendi
1164 775 1388 841 modus,
1426 774 1470 826 si
1515 785 1621 824 non
1653 768 1801 838 prius

207 878 531 933 desistamus
554 871 889 929 consulendo
904 881 1237 940 quacumque
1259 865 1330 921 de
1354 879 1434 930 re,
1461 877 1620 932 quam
1647 859 1800 912 vide-

207 969 377 1023 rimus
423 965 845 1020 admonitionem
889 962 957 1016 ad
1014 960 1264 1015 effectum
1310 955 1640 1028 pervenisse.
1705 952 1799 1006 Et-

209 1057 351 1110 enim
379 1055 472 1125 qui
506 1053 666 1109 hodie
684 1051 755 1108 de
783 1053 1147 1120 eleemosyua,
1172 1061 1294 1103 eras
1319 1046 1385 1102 de
1407 1044 1676 1106 oratione,
1711 1056 1802 1111 pe-

211 1145 398 1201 rcudie
438 1143 509 1200 de
537 1143 895 1207 humanitate,
924 1138 1121 1195 deinde
1152 1151 1338 1193 rursus
1374 1134 1446 1190 de
1482 1133 1646 1188 animi
1689 1146 1817 1185 ιιιοι-

211 1233 378 1288 dcstia
409 1233 650 1300 disserit,
677 1230 809 1286 nihil
837 1229 1034 1285 horum
1062 1229 1114 1282 in
1135 1225 1437 1282 auditorum
1466 1223 1659 1277 animis
1682 1237 1804 1292 per-

213 1321 376 1379 licere
403 1331 554 1377 recte
599 1320 795 1391 poterit
818 1359 832 1384 ,
875 1319 944 1373 ab
970 1317 1075 1374 hoc
1113 1316 1181 1371 ad
1209 1313 1338 1370 illud
1359 1354 1377 1381 ,
1409 1327 1594 1368 rursus
1615 1312 1683 1365 ab
1713 1311 1803 1364 illo

211 1428 426 1484 semper
453 1411 558 1467 alio
588 1411 894 1466 transiliens
921 1427 936 1464 :
963 1408 1058 1465 sed
1089 1421 1314 1463 necesse
1334 1415 1440 1469 est,
1468 1413 1528 1458 ut
1553 1404 1642 1472 qui
1673 1402 1802 1457 velit

211 1504 510 1558 orationem
553 1502 606 1556 in
634 1500 937 1556 auditorum
977 1499 1171 1554 animis
1213 1499 1443 1552 fructum
1480 1494 1800 1550 destinatum

212 1598 448 1666 assequi,
477 1611 583 1652 non
609 1604 736 1653 aute
767 1595 993 1652 desistat
1015 1594 1201 1650 iisdem
1224 1593 1293 1651 de
1319 1592 1479 1648 rebus
1503 1591 1802 1646 admonens

212 1687 624 1756 consuieusque,
651 1700 749 1742 nec
780 1687 927 1755 prius
945 1684 1014 1739 ed
1038 1683 1181 1739 aliud
1204 1681 1478 1753 quidpiam
1511 1681 1793 1745 transiliat,

212 1790 373 1846 quam
417 1781 760 1848 conspexerit
803 1776 1136 1846 superiorem
1178 1775 1597 1830 admonitionem
1645 1775 1696 1828 in
1725 1775 1804 1829 eis

215 1866 354 1922 bene
396 1865 555 1920 fixam
603 1879 667 1919 ac
693 1865 1006 1920 radicatam.
1028 1863 1174 1919 Idem
1196 1863 1297 1917 hoc
1322 1863 1497 1919 facere
1521 1863 1696 1918 solent
1723 1864 1804 1917 lu-

213 1955 510 2026 dimagistri
544 1972 557 2009 :
590 1969 696 2008 non
730 1955 879 2025 prius
905 1953 972 2008 ad
1010 1953 1241 2025 syllabas
1269 1951 1539 2008 adducunt
1570 1968 1762 2022 pueros
1784 1995 1799 2018 ,

212 2045 784 2116 quamelementorum
812 2044 1171 2114 cognitionem
1216 2043 1267 2096 in
1297 2043 1377 2098 eis
1407 2042 1635 2097 viderint
1659 2052 1805 2097 recte

212 2139 605 2194 continuatam.
645 2135 827 2205 Nuper
871 2135 1032 2205 igitur
1059 2134 1370 2204 parabolam
1404 2134 1558 2188 vobis
1578 2133 1645 2188 de
1671 2148 1802 2188 ceu-

215 2238 326 2286 tum
347 2229 582 2286 denariis
606 2270 620 2292 ,
647 2242 710 2282 ae
737 2227 926 2283 decem
951 2226 1186 2282 millibus
1213 2227 1530 2281 talentorum
1553 2241 1805 2280 enarran-

184 2329 188 2332 ’
215 2331 297 2377 tes
324 2322 427 2394 (a),
459 2320 790 2376 ostendimus
809 2329 1065 2390 quantum
1091 2329 1237 2375 esset
1264 2319 1462 2374 malum
1490 2319 1803 2387 iniuriarum

213 2415 542 2470 meminisse.
569 2413 909 2480 Quem-enim
929 2411 1118 2478 decem
1146 2411 1312 2467 millia
1347 2413 1667 2466 talentorum
1697 2425 1804 2466 non

217 2505 577 2575 perdiderant,
603 2503 744 2559 hunc
759 2512 972 2559 centum
990 2503 1196 2560 denarii
1222 2503 1387 2559 exitio
1410 2502 1804 2568 demerserunt,

213 2611 278 2651 ae
307 2596 514 2652 veniam
537 2608 634 2664 pro
657 2594 851 2650 debitis
875 2608 1187 2650 concessam
1246 2593 1300 2648 in
1333 2594 1537 2648 irritum
1587 2608 1808 2648 revoca-

213 2696 371 2753 runt,
419 2686 716 2756 debitaque
759 2687 1000 2758 pecunia:
1059 2685 1432 2743 remissionem
1477 2687 1817 2758 dissiparant

213 2775 430 2847 (Matth.
451 2775 562 2848 18),
579 2790 827 2845 eumque,
842 2777 932 2846 qui
954 2775 1125 2832 fuerat
1150 2791 1179 2831 a
1201 2777 1512 2832 criminibus
1528 2777 1802 2845 liberatus,

212 2865 559 2936 iit-judicium.
575 2874 912 2921 retraxerunt
938 2906 955 2932 ,
984 2867 1213 2937 indeque
1241 2867 1295 2922 in
1321 2882 1593 2923 carcerem
1620 2869 1804 2940 conje-

209 2964 399 3011 coruut
417 2996 434 3021 ,
455 2954 682 3023 denique
706 2955 991 3010 immortali
1019 2956 1279 3026 supplicio
1301 2956 1649 3012 tradiderunt.
1695 2958 1804 3014 Sed

211 3045 372 3101 hodie
399 3045 467 3102 de
490 3045 705 3100 diverso
724 3055 1039 3115 argumento
1065 3046 1247 3102 dicere
1269 3046 1612 3102 tentabimus.
1640 3048 1806 3117 Opor-

212 3137 360 3192 lebat
385 3136 548 3201 enim,
576 3135 621 3190 si
650 3134 800 3190 fieret
819 3134 962 3206 quod
982 3151 1192 3206 tequum
1222 3145 1358 3203 erat,
1381 3137 1450 3193 de
1473 3137 1804 3194 humanitate

211 3239 276 3280 se
305 3224 713 3280 mansuetudine
744 3225 904 3280 verba
932 3225 1212 3282 facientem
1237 3243 1305 3282 ex
1324 3243 1443 3283 sese
1477 3228 1632 3282 istius
1663 3245 1803 3299 prte-

210 3315 371 3389 elarte
399 3313 747 3385 philos0phiat
784 3315 1028 3385 exempla
1055 3315 1297 3385 pratbere
1320 3358 1335 3381 ,
1357 3327 1516 3388 atque
1546 3319 1616 3372 ita
1641 3319 1802 3379 simul

207 3416 272 3462 et
308 3406 486 3461 verbis
537 3421 660 3462 eam
701 3406 897 3462 docere
931 3415 988 3463 et
1031 3407 1185 3465 factis
1229 3409 1295 3465 ad
1332 3425 1451 3469 eam
1499 3411 1799 3468 instituere.

207 3497 472 3564 Quoniam
516 3505 694 3552 autem
738 3511 838 3552 uos
877 3497 947 3553 ab
974 3497 1078 3554 hac
1103 3499 1299 3554 virtute
1346 3500 1506 3571 longo
1547 3503 1803 3562 absumus

209 3588 492 3644 ititervallo
511 3630 526 3655 ,
556 3604 660 3643 uno
687 3590 940 3660 quopiam
958 3606 991 3646 e
1017 3606 1242 3650 numero
1270 3604 1579 3650 sanctorum
1599 3597 1652 3651 itt
1683 3613 1801 3653 me-

209 3677 358 3734 dium
408 3677 701 3747 producto,
734 3680 1010 3752 oculisque
1040 3682 1238 3738 vestris
1284 3686 1569 3755 subjecto,
1597 3689 1804 3758 perspi-

210 3784 366 3824 cuam
394 3769 679 3839 quamdam
715 3785 779 3826 ac
824 3780 1096 3841 potentem
1140 3773 1513 3831 adhibebimus
1546 3777 1803 3834 exhorta-

213 3859 437 3920 tionem,
470 3867 526 3912 ttt
551 3859 700 3928 quasi
747 3859 815 3915 ad
857 3861 1137 3934 archetypi
1178 3863 1460 3934 cujusdam
1498 3867 1801 3923 ambulatio-

211 3963 337 4006 nem
364 3949 710 4005 adhortemur
736 3959 792 4006 et
817 3966 914 4007 vos
932 3963 986 4008 et
1008 3967 1107 4007 nos
1135 3954 1302 4028 ipsos.

286 4037 456 4094 David
484 4040 745 4110 exemplar
765 4042 1121 4099 humnitatis.
1147 4075 1219 4091 —-
1241 4046 1388 4113 Quis.
1418 4047 1577 4118 igitur
1603 4051 1655 4104 iu
1683 4067 1802 4108 me-

211 4131 360 4187 dium
400 4131 748 4200 proferendus
794 4143 879 4190 est
919 4134 986 4191 de
1024 4135 1355 4193 humanitate
1397 4136 1645 4195 dicturo?
1671 4143 1800 4210 Quis

212 4237 345 4279 vero
389 4223 555 4288 alius,
599 4239 758 4294 quem
803 4227 860 4281 is-
879 4227 972 4299 qui
1008 4229 1210 4286 cmlesti
1251 4231 1559 4288 testimonio
1598 4233 1803 4291 laudari

213 4316 444 4380 meruit,
465 4315 534 4371 ob
563 4315 666 4372 hoc
694 4317 866 4386 ipsum
897 4320 1129 4378 maxime
1155 4323 1568 4394 suspiciendas?
1597 4324 1798 4394 Inveni,

215 4405 386 4476 inquit
404 4447 419 4472 ,
447 4405 614 4460 Dauid
637 4409 802 4477 [ilium
826 4408 971 4465 Iesse
987 4452 1003 4477 ,
1034 4413 1200 4468 vitam
1221 4417 1500 4470 secundum
1525 4435 1614 4472 car
1636 4436 1804 4475 meum

217 4498 294 4570 (1.
325 4495 453 4570 Περι
479 4498 566 4554 15.
599 4499 666 4555 14
685 4514 701 4566 ;
722 4499 833 4555 Act.
863 4503 948 4559 15.
970 4503 1086 4574 22).
1111 4505 1280 4561 Porro
1301 4519 1644 4579 posteaquam
1663 4512 1811 4568 Deus

215 4588 614 4657 pronuntiavit,
632 4590 772 4644 nulla
798 4593 1196 4649 contradicendi
1221 4597 1422 4667 velique
1453 4609 1536 4653 est
1564 4602 1800 4657 occasio.

213 4676 350 4734 Nam
396 4678 538 4734 illius
574 4680 811 4738 calculus
854 4683 1206 4755 incorruptus
1230 4697 1344 4756 est,
1378 4693 1613 4762 ecquod
1659 4695 1818 4751 Deus»

215 4785 316 4825 nec
337 4769 401 4823 ad
430 4771 678 4839 gratiam,
712 4787 810 4829 nec
833 4791 930 4845 per
957 4777 1138 4833 odium
1158 4779 1501 4850 judicat,sed
1532 4801 1631 4856 pro
1654 4802 1813 4845 mera.

211 4861 379 4915 animi
409 4864 603 4917 virtute
647 4860 747 4919 fert
789 4864 1123 4937 suffragium.
1156 4872 1226 4925 At
1253 4874 1462 4928 uouob
1507 4875 1561 4930 id
1599 4886 1800 4936 tantum

213 4949 359 5004 hunc
380 4950 445 5005 iu
462 4951 695 5007 medium
723 4954 1090 5024 produximus,
1121 4960 1263 5029 quod
1288 4961 1378 5019 Dei
1406 4965 1658 5038 suﬂ'ragio
1679 4968 1798 5026 fue-

213 5041 286 5096 rit
328 5041 604 5108 Iaudatus,
629 5058 814 5098 verum
841 5047 1001 5101 etiam
1023 5051 1172 5118 quod.
1198 5052 1269 5106 sit
1293 5067 1362 5107 ex
1380 5053 1446 5110 iis
1465 5057 1555 5126 qui
1583 5059 1682 5114 sub
1712 5077 1804 5116 ve-

215 5131 318 5186 teri
349 5131 466 5202 lege
484 5142 610 5189 sunt
634 5133 863 5192 educati.
892 5135 1170 5208 Siquidem
1189 5141 1290 5196 sub
1305 5142 1421 5215 lege
1439 5150 1624 5216 gratia:
1649 5152 1803 5206 exsti-

214 5221 348 5275 tisse
375 5224 679 5292 quempiam
707 5225 774 5279 ab
802 5226 877 5280 ira
907 5241 1122 5296 purum,
1149 5240 1206 5285 et
1228 5231 1456 5292 inimicis
1471 5235 1665 5293 delicta
1683 5255 1806 5296 con-

211 5309 503 5366 tlonautem
525 5355 540 5378 ,
568 5327 632 5368 ac
658 5324 964 5383 parcentem
995 5318 1111 5374 iisa
1156 5321 1351 5391 quibus
1375 5324 1535 5381 fuerit
1559 5330 1804 5388 molestia

214 5399 455 5465 allectus,
488 5403 628 5457 nihil.
650 5420 779 5460 sane
803 5405 1024 5475 mirum,
1045 5409 1300 5470 videlicet
1313 5425 1434 5484 post
1453 5418 1649 5474 Christi
1667 5436 1806 5477 mor-

219 5499 349 5557 tem,
381 5501 661 5562 postquam
701 5495 792 5550 ille
835 5506 942 5552 tam
971 5502 1264 5559 clementer
1288 5507 1443 5562 nobis
1468 5511 1646 5565 omnia
1675 5529 1805 5583 pec-

213 5589 338 5636 cata
380 5583 617 5652 remisit,
645 5594 769 5658 post
811 5597 891 5645 tot
929 5601 1196 5664 praecepta
1236 5597 1436 5654 referta
1479 5605 1804 5674 evangelica:

278 5753 353 5820 (ul
378 5761 575 5814 tlinum:
599 5763 666 5816 de
685 5767 915 5820 Debitore
938 5769 1110 5822 decem
1139 5771 1343 5826 millium
1367 5780 1680 5832 talentorum.

1246 391 1334 450 DE
1373 389 1628 448 DAVIDE
1668 381 1758 443 ET
1796 387 1803 437 ε

1909 381 2023 439 JLE
2060 383 2342 438 ιιοιιιιυι
2386 383 2425 437 1.
3400 385 3507 435 ωδ

1914 489 2265 561 philosophia:
2293 508 2307 542 :
2339 501 2592 544 cauerunt
2613 490 2663 542 in
2689 489 2880 540 Vetere
2906 489 3388 539 Testatuentocnni
3420 490 3507 541 les

1910 584 2248 654 permitteret
2277 580 2490 634 oculum
2543 594 2642 647 pro
2681 580 2840 633 oculo
2879 576 3151 639 eﬂoderc,
3183 590 3248 630 ac
3289 575 3505 630 dentem

1909 688 2006 744 pro
2044 673 2204 727 dente
2228 672 2526 726 extundere
2555 669 2747 739 (Exod.
2769 668 2857 723 Ἃ.
2893 667 3014 737 Ἃ),
3043 681 3274 735 eumque
3300 665 3389 734 qui
3417 666 3507 719 Ι.ι·-

1910 764 2071 816 sisset
2121 761 2333 815 talionis
2379 774 2536 830 [mna
2579 758 2799 822 ulcisci,
2842 757 3074 828 aliquem
3105 756 3378 810 exstitisse
3417 756 3505 824 qui

1907 860 2296 923 praeceptorum
2348 851 2482 905 lines
2530 849 2880 916 trausilierit,
2929 847 3108 918 adque
3153 846 3507 915 apostolicam

1908 942 2213 1011 pervenerit
2234 941 2648 1012 philosotihiam,
2679 955 2841 1010 quem
2870 939 3174 993 auditorum
3202 953 3312 990 non
3335 936 3506 991 addu-

1908 1041 1993 1087 cet
2021 1032 2423 1101 inistuporetu?
2445 1047 2604 1101 quem
2638 1031 2686 1085 si
2733 1046 2838 1084 non
2868 1030 3160 1091 imitemur,
3191 1043 3296 1081 non
3332 1027 3508 1097 privet

1908 1123 2056 1177 omni
2084 1123 2260 1188 venia,
2288 1122 2543 1193 omnique
2577 1122 2962 1178 excusatione?
2989 1119 3096 1175 Sed
3126 1129 3182 1174 ut
3201 1118 3505 1174 accuratius

1908 1214 2024 1282 eius
2063 1214 2314 1268 virtutem
2356 1213 2728 1282 coguocaStis,
2776 1210 3058 1266 concedite
3112 1209 3245 1264 mihi
3291 1218 3349 1265 ut
3381 1224 3504 1262 ora-

1911 1306 2110 1359 tionem
2141 1305 2300 1374 paulo
2326 1305 2487 1360 altius
2513 1315 2776 1374 repetam,
2802 1318 2865 1359 ac
2890 1302 3148 1358 beneficia
3172 1317 3506 1357 commemo-

1909 1411 2020 1451 rem
2047 1411 2167 1466 qua:
2194 1397 2384 1451 beatus
2416 1397 2503 1451 ille
2530 1397 2609 1452 vir
2639 1397 2691 1451 in
2721 1396 2936 1466 Saﬁlem
2965 1395 3211 1452 contulit.
3235 1394 3368 1448 Nam
3399 1410 3504 1449 non

1909 1488 2090 1542 ulcisci
2109 1487 2378 1542 inimicum
2396 1489 2486 1557 qui
2513 1489 2831 1558 simpliciter
2847 1487 3003 1555 laesit,
3031 1504 3136 1543 non
3163 1489 3358 1542 mirum
3385 1496 3470 1542 est
3489 1503 3501 1540 :

1908 1581 2072 1649 atqui
2103 1580 2375 1634 hominem
2421 1596 2448 1633 a
2478 1596 2538 1635 se
2581 1581 2762 1636 multis
2803 1581 3053 1637 allectum
3086 1581 3383 1644 bent-liciis,
3409 1581 3505 1635 sed

1908 1671 1996 1739 qui
2029 1686 2127 1739 pro
2173 1670 2465 1726 benefactis
2510 1671 2814 1726 beneficum
2848 1673 3015 1727 semel
3060 1681 3224 1742 atque
3271 1673 3503 1736 iterum,

1909 1760 2019 1815 imo
2039 1761 2347 1831 frequenter
2373 1763 2677 1818 interﬁcere
2700 1773 2927 1819 conatus
2954 1763 3043 1829 sit,
3072 1775 3421 1835 posteaquam
3450 1763 3506 1818 iu

1909 1869 2101 1908 manus
2127 1854 2430 1918 incidisset,
2460 1865 2516 1908 ut
2538 1855 2649 1923 jam
2676 1855 2862 1911 liceret
2887 1855 3160 1922 occidere,
3190 1871 3295 1910 non
3330 1856 3503 1927 ipsum

1909 1943 2121 1998 dimisit
2137 1953 2340 1999 tantum
2361 1987 2375 2009 ,
2409 1961 2594 2000 verum
2623 1947 2786 2002 etiam
2806 1963 2870 2002 ex
2897 1948 3126 2002 aliorum
3156 1948 3364 2003 insidiis
3392 1954 3506 2008 eri-

1910 2036 2054 2105 puit;
2087 2037 2385 2106 praesertim
2429 2051 2550 2091 cum
2580 2038 2745 2093 sciret
2780 2039 2926 2094 illum
2972 2049 3091 2109 post
3132 2041 3321 2098 eadem
3350 2046 3507 2100 moli-

1912 2135 2086 2179 turum
2117 2143 2130 2178 :
2162 2127 2288 2197 quid
2311 2127 2356 2182 is
2382 2127 2644 2198 reliquum
2668 2117 2815 2196 fecit,
2847 2129 2990 2200 quod
3006 2129 3361 2189 adrsummam
3385 2134 3506 2206 phi-

1910 2215 2205 2284 losonhiam
2232 2217 2402 2286 possit
2426 2217 2682 2288 atljungi?

1977 2306 2032 2358 2.
2064 2304 2320 2373 Beneﬁcia
2360 2305 2575 2363 Davidis
2619 2308 2672 2363 in
2713 2309 2943 2364 Saftient.
2970 2341 3042 2353 —
3071 2313 3277 2381 Quibus
3325 2328 3504 2374 autem

1911 2394 2193 2450 beneﬁciis
2237 2396 2399 2452 David
2452 2397 2692 2454 alfecerit
2733 2399 2985 2466 Saitlem,
3023 2405 3238 2473 quando
3290 2417 3345 2460 et
3399 2424 3508 2476 quo

1910 2495 2099 2556 pacto,
2134 2489 2315 2558 paucis
2361 2499 2702 2546 enarrantem
2760 2507 2846 2548 me
2895 2495 3175 2551 sustinete.
3224 2498 3360 2553 Cum
3402 2503 3506 2556 ali.

1910 2576 2122 2646 quando
2170 2577 2342 2634 Judaei
2384 2579 2526 2636 bello
2571 2581 2893 2640 difficillimo
2942 2598 3338 2656 premerentur,
3368 2590 3509 2646 adeo

1908 2675 1978 2722 utr
1998 2681 2188 2722 omnes
2224 2682 2420 2739 pavore
2449 2682 2632 2726 essent
2677 2677 3005 2731 consternati
3027 2717 3041 2741 ,
3075 2694 3176 2735 nec
3220 2682 3504 2752 quisquam

1906 2759 2130 2815 auderet
2169 2761 2378 2831 erigere
2417 2773 2615 2834 caput,
2638 2766 2731 2821 sed
2762 2767 2816 2823 iu
2854 2771 3505 2849 extreuta‘desperatioue

1909 2849 2063 2908 esset
2078 2851 2287 2918 civitas,
2315 2854 2540 2924 singulis
2564 2867 2792 2912 mortem
2821 2873 2932 2929 pra:
2956 2862 3129 2917 oculis
3158 2848 3500 2930 habentibus,

1908 2943 2248 3014 quotidieque
2270 2946 2540 3001 interitum
2565 2951 2997 3017 exspectantibus
3019 2955 3248 3020 cunctis,
3267 2965 3322 3010 ιιι
3341 2958 3500 3013 vitant

1908 3043 2126 3102 agerent
2154 3036 2487 3090 miseriorem
2518 3037 2584 3091 iis
2620 3038 2709 3106 qui
2740 3038 2940 3108 degunt
2980 3043 3033 3094 in
3065 3046 3340 3099 Ieterrimo
3382 3062 3502 3101 cas.

1907 3135 2065 3188 cere,
2097 3122 2184 3177 hic
2216 3122 2286 3178 ab
2321 3125 2510 3182 ovibus
2538 3127 2763 3183 veniens
2804 3129 2870 3184 ad
2895 3133 3190 3188 exercitum
3211 3176 3225 3199 ,
3258 3150 3377 3190 cum
3407 3154 3503 3206 per

1908 3221 2117 3266 aetatem
2145 3227 2245 3268 nec
2269 3223 2442 3270 artem
2459 3217 2688 3274 bellandi
2715 3220 2912 3276 callere
2938 3235 3139 3293 posset,
3169 3241 3232 3282 ac
3259 3228 3504 3285 laborum

1908 3300 2221 3359 militarium
2263 3303 2412 3360 rudis
2455 3315 2632 3371 esset.
2659 3309 2773 3380 ipse
2801 3325 2901 3383 pro
2930 3314 3193 3373 universis
3219 3317 3416 3373 bellum
3448 3321 3505 3376 in

1905 3406 1966 3446 se
1989 3393 2233 3463 recepit,
2260 3409 2324 3451 ac
2350 3394 2580 3454 feliciter
2605 3415 2718 3456 rem
2764 3405 2953 3474 gessit,
2985 3420 3145 3477 supra
3166 3425 3326 3478 quam
3357 3414 3503 3480 quis-

1905 3483 2048 3554 piam
2064 3497 2366 3563 sperasset.
2393 3489 2725 3562 Quamquam
2763 3495 2924 3551 etiam
2956 3495 3002 3551 si
3027 3496 3214 3556 virtuti
3247 3500 3506 3560 defuisset

1905 3586 2155 3642 eventus,
2176 3587 2351 3634 tamen
2373 3581 2443 3635 ob
2471 3581 2640 3637 solam
2662 3584 2826 3640 animi
2855 3589 3329 3659 promptitudinetu
3352 3611 3506 3664 egre-

1904 3667 2156 3737 giumque
2180 3672 2510 3741 propositum
2549 3675 2889 3732 coronandus
2924 3688 3061 3733 crat.
3103 3680 3220 3736 .Iam
3251 3685 3296 3739 si
3324 3685 3442 3753 quis
3473 3702 3504 3741 e

1904 3772 2128 3814 numero
2157 3760 2386 3816 militum
2410 3771 2568 3819 attate
2587 3763 2772 3836 vigens
2789 3763 3000 3823 facinus
3023 3770 3124 3825 hoc
3144 3773 3504 3844 designasset,

1903 3849 2034 3902 nihil
2079 3848 2267 3905 fuisset
2313 3852 2543 3921 mirum,
2567 3853 2818 3911 videlicet
2862 3857 2916 3913 id
2947 3862 3249 3929 postulante
3285 3865 3508 3922 militari

1903 3938 2040 4010 lege.
2091 3942 2163 3996 At
2214 3940 2300 3997 hic
2346 3944 2436 4014 qui
2482 3945 2685 4002 nullam
2725 3949 2940 4005 videbat
2984 3957 3358 4014 necessitatem
3399 3958 3507 4016 huc

1905 4032 2250 4102 adigentem,
2304 4049 2368 4090 ae
2392 4037 2590 4093 multos
2626 4039 2788 4095 etiam
2836 4040 3065 4099 habebat
3108 4045 3455 4112 dehortantes
3486 4069 3502 4107 :

1879 4187 1882 4190 ,
1907 4137 2029 4178 nam
2059 4132 2115 4179 et
2152 4123 2318 4180 frater
2341 4125 2491 4182 illum
2525 4128 2822 4200 increpavit
2843 4171 2860 4198 ,
2883 4143 2936 4188 et
2960 4150 3056 4190 rex
3088 4139 3417 4206 perstiiciens
3447 4143 3508 4196 il-

1907 4215 2016 4270 lum
2045 4215 2280 4269 nondum
2310 4225 2468 4273 relate
2496 4231 2791 4287 maturum,
2809 4237 2873 4278 ac
2893 4227 3144 4294 periculis
3175 4231 3508 4299 perferendis

1907 4303 2196 4375 inhabilem
2240 4305 2480 4362 cohibuit
2502 4351 2519 4377 ,
2550 4324 2613 4364 ac
2643 4326 2861 4373 manere
2896 4313 3058 4385 jussit
3081 4359 3096 4384 ,
3123 4317 3308 4375 dicens
3337 4337 3351 4374 :
3385 4321 3506 4377 Non

1909 4395 2096 4464 poteris
2119 4396 2194 4450 ire
2212 4437 2228 4464 ,
2258 4398 2498 4466 quoniam
2538 4416 2668 4468 pater
2692 4418 2749 4458 es
2775 4417 2798 4458 :
2819 4401 2910 4458 ille
2934 4420 3051 4460 vero
3089 4408 3166 4461 vir
3192 4418 3265 4463 est
3296 4409 3509 4466 bellator

1906 4485 1970 4540 ab
2012 4486 2349 4541 adolescentia
2399 4505 2493 4543 sua
2520 4491 2597 4560 (i.
2631 4490 2760 4563 Reg.
2809 4494 2900 4549 17.
2943 4496 3038 4568 55)
3070 4516 3084 4552 :
3115 4507 3352 4557 attamen
3379 4517 3508 4560 cum

1907 4577 2054 4632 nulla
2097 4579 2250 4634 illum
2293 4591 2609 4650 provocaret
2631 4587 2866 4654 occasio,
2903 4601 3092 4658 suapte
3116 4604 3314 4662 sponte
3355 4606 3410 4651 et
3438 4614 3504 4653 ex

1906 4683 2030 4725 sese
2064 4668 2246 4724 divino
2286 4685 2548 4728 accensus
2593 4674 2712 4730 zelo
2734 4716 2750 4742 ,
2779 4677 3071 4750 patrimque
3106 4683 3508 4755 ωἰιιιιθιρθν.

1910 4765 2033 4821 inde
2082 4765 2234 4837 quasi
2290 4781 2420 4823 oves
2473 4780 2723 4826 cerneret
2775 4771 2955 4829 verius
3004 4791 3177 4846 quam-
3214 4777 3463 4836 bomioes
3487 4823 3504 4846 ,

1908 4866 1964 4914 et
2003 4857 2155 4928 quasi
2199 4872 2362 4914 canes
2388 4858 2673 4918 invasurus
2698 4871 2842 4919 esset
2867 4865 3057 4935 potius.
3080 4883 3242 4938 quam
3270 4878 3378 4925 tam
3393 4888 3504 4927 uta:-

1909 4962 2180 5004 merosum
2236 4947 2512 5005 hominum
2558 4953 2851 5009 exercitum
2875 4996 2892 5023 ,
2949 4957 3087 5012 adeo
3129 4958 3390 5031 intrepide
3437 4964 3508 5019 ad

1909 5041 2166 5096 barbaros
2183 5041 2424 5097 cucurrit
2453 5059 2470 5098 :
2498 5043 2658 5114 idque
2702 5049 2956 5118 temporis
3002 5059 3203 5107 tantam
3241 5069 3371 5126 erga
3413 5072 3504 5114 re-

1908 5147 2029 5202 gem
2077 5132 2494 5190 sollicitudinem
2547 5135 2875 5204 declaravit,
2908 5149 2966 5196 ut
3004 5141 3151 5199 illum
3190 5146 3352 5202 etiam
3381 5155 3509 5205 ante

1911 5223 2152 5292 puellum
2163 5237 2227 5279 ac
2241 5223 2517 5280 victoriam
2535 5226 2587 5280 in
2605 5226 2792 5284 faciem
2807 5241 3136 5300 prostratum
3152 5238 3509 5296 erexerit.Ne-

1911 5333 2016 5388 quo
2037 5317 2179 5372 enim
2196 5317 2350 5374 factis
2361 5318 2524 5374 modo
2532 5319 2672 5391 juvit
2687 5311 2858 5390 illum,
2877 5324 2970 5379 sed
2984 5334 3110 5381 ante
3128 5327 3325 5384 factum
3343 5331 3507 5388 etiam

1911 5412 2098 5468 verbis
2114 5411 2356 5468 hortatus
2379 5425 2464 5469 est
2488 5414 2632 5470 bono
2650 5416 2832 5471 animo
2861 5424 2920 5472 ut
2948 5428 3116 5484 esset,
3132 5434 3197 5476 ac
3217 5425 3507 5490 persuasit,

1913 5511 2076 5571 utque
2105 5503 2173 5558 de
2200 5513 2410 5562 eventu
2454 5504 2652 5562 bonam
2681 5508 2994 5578 conciperet
3016 5525 3197 5581 spem,
3227 5512 3407 5568 effecit
3438 5515 3510 5571 ita

1914 5591 2139 5662 loquens
2169 5608 2183 5646 :
2216 5591 2299 5647 Ne
2321 5594 2554 5648 concidat
2580 5612 2669 5650 eor
2693 5596 2892 5653 domini
2911 5600 3009 5653 uici
3035 5599 3090 5653 in
3113 5601 3244 5670 ipso,
3271 5603 3514 5672 quoniam

1912 5697 2082 5736 servus
2110 5693 2224 5736 tuus
2249 5684 2373 5751 ibit,
2403 5686 2743 5756 pugnabitqtte
2767 5704 2884 5742 cum
2907 5690 3190 5760 alienigena
3219 5690 3313 5745 hoc
3345 5690 3510 5760 (Ibid.

1915 5786 1960 5823 υ.
1989 5770 2106 5842 52).
2139 5773 2334 5840 ρυωεο
2359 5815 2375 5844 ,
2404 5791 2534 5832 num
2564 5777 2666 5832 hoc
2713 5791 2937 5848 parvum
2976 5779 3204 5846 videtur,
3233 5780 3379 5836 nulla
3416 5796 3513 5839 ne~
