4066 6428
565 426 671 484 679

1318 417 1375 472 S.
1405 414 1685 473 JOANNIS
1715 406 2191 466 οιίιιῑεοετοω
2229 406 2544 462 ARCHIEP.
2574 407 3110 467 CONSTANTINOP.
3202 396 3211 404 ’

3733 417 3839 475 680

554 544 808 591 cessitate
846 521 1175 598 compulsum
1201 565 1215 590 ,
1246 539 1398 579 suam
1421 527 1587 594 ipsius
1600 521 1768 577 vitam
1797 519 2021 590 prodere
2047 559 2062 583 ,
2094 525 2150 571 et
2258 515 2518 574 donemus
2542 536 2648 576 non
2676 532 2821 577 recte
2841 522 3031 579 fecisse
3052 525 3323 592 mulieres,
3343 539 3541 597 easque
3559 525 3727 586 fuisse
3743 533 3849 585 cri-

561 631 618 686 in
653 635 838 688 eorum
866 617 1143 678 utilitatem
1171 630 1203 669 a
1224 615 1416 685 quibus
1445 613 1574 668 nihil
1592 624 1839 680 umquam
1867 616 2148 676 acceperat

559 709 804 769 beneﬁcii
829 749 845 775 ,
876 707 929 762 in
954 707 1160 764 medios
1185 705 1366 760 hostes
1382 704 1587 758 irruere
1603 701 1629 755 ?
1650 701 1842 756 Annon
1873 715 1970 770 par
1995 706 2144 761 erat,

562 801 704 861 hunc
738 805 860 868 post
898 797 1003 852 tale
1027 794 1239 851 [acinus
1257 802 1446 848 ornato
1475 789 1628 845 titulo
1648 788 1850 844 domini
1879 787 2147 842 columnis

565 891 848 960 inscripto,
873 897 931 944 et
958 888 1221 958 publicum
1239 884 1470 939 civitatis
1495 890 1823 938 servatorem
1849 880 2141 950 appellare,

562 983 654 1054 qui
690 992 745 1039 et
773 980 920 1052 regni
957 974 1150 1044 decus,
1178 985 1234 1032 et
1259 976 1530 1030 civitatum
1554 972 1920 1036 fundamenta,
1946 979 2002 1026 et
2023 977 2146 1025 om-

563 1074 710 1127 nium
741 1072 900 1126 vitam
927 1069 1217 1138 opitulante
1241 1065 1334 1120 Dei
1363 1065 1531 1136 gratia
1557 1063 1819 1118 servarit?
1846 1060 2000 1129 Quod
2027 1075 2146 1117 esse

563 1169 772 1231 poterat
797 1159 940 1214 aliud
988 1156 1303 1214 beneﬁcium
1328 1155 1431 1210 hoc
1459 1153 1672 1223 majus?
1695 1151 1879 1221 Neque
1899 1152 2047 1206 enim
2089 1151 2144 1205 in

564 1251 787 1321 gloriam
814 1259 903 1304 aut
922 1248 1214 1318 potentiam
1233 1288 1252 1316 ,
1280 1245 1376 1301 sed
1403 1246 1453 1299 in
1481 1245 1648 1314 ipsam
1673 1243 1838 1313 ipsius
1867 1243 2027 1296 vitam
2056 1241 2144 1296 be-

566 1340 812 1397 nelicium
839 1337 941 1393 hoc
962 1337 1219 1401 contulit,
1254 1336 1393 1391 etab
1424 1334 1554 1405 ipsis
1583 1333 1771 1388 mortis
1798 1332 1964 1404 portis
1985 1344 2145 1388 revo-

562 1431 704 1486 cavit
734 1448 748 1484 :
782 1431 958 1500 itaque
982 1429 1028 1483 si
1052 1428 1338 1483 humanum
1359 1427 1572 1497 quidem
1594 1424 1885 1480 subsidium
1911 1431 2142 1494 spectes,

565 1521 707 1577 illius
741 1519 1002 1588 beneficio
1022 1517 1221 1573 deinde
1244 1516 1372 1570 vixit
1393 1531 1484 1570 rex
1503 1555 1518 1582 ,
1545 1528 1608 1570 ac
1630 1514 1976 1584 principatum
2024 1527 2143 1568 ser-

567 1613 734 1667 vavit.
767 1611 832 1665 Et
860 1618 1039 1680 postea
1063 1650 1078 1675 ,
1104 1621 1265 1680 qnam
1295 1607 1368 1662 illi
1397 1607 1630 1676 reposuit
1652 1605 1912 1676 gratiam?
1947 1604 2078 1660 Nam
2101 1604 2147 1663 si

564 1703 686 1772 quis
728 1698 1020 1771 perpendat
1059 1697 1312 1768 pmlare
1351 1707 1624 1767 gestorum
1679 1695 2094 1765 magnitudinem
2125 1735 2140 1761 ,

565 1793 773 1850 etiamsi
797 1807 888 1848 rex
925 1807 954 1846 a
994 1806 1092 1847 suo
1120 1792 1295 1862 capite
1341 1791 1632 1846 detractam
1657 1803 1908 1845 coronam
1936 1788 2146 1842 Davidis

563 1883 722 1955 capiti
760 1882 1130 1953 imposuisset,
1169 1896 1457 1952 numquam
1507 1895 1685 1951 parem
1726 1879 1994 1935 retulisset
2026 1894 2146 1948 gra-

565 1973 715 2038 tiam,
743 1973 835 2028 sed
861 1972 1173 2042 ampliorem
1194 1972 1482 2028 debuisset.
1511 1971 1607 2026 llic
1643 1971 1784 2026 enim
1823 1979 1878 2025 et
1907 1971 2065 2024 vitam
2092 1979 2147 2024 et

564 2078 788 2134 regnum
828 2062 906 2118 illi
942 2063 1201 2130 donavit,
1232 2062 1319 2116 ille
1361 2075 1487 2117 vero
1530 2061 1652 2114 huic
1695 2075 1914 2130 regnum
1942 2068 2147 2114 tantum

564 2165 683 2213 erat
730 2169 997 2212 cessurus.
1037 2153 1416 2209 Verumtamen
1467 2151 1865 2206 consideremus
1927 2150 2146 2208 relatam

567 2229 679 2320 pro
734 2246 1024 2304 benefactis
1081 2245 1326 2315 gratiam.
1389 2243 1518 2311 Quae
1587 2244 1798 2297 tandem
1853 2251 1969 2297 erat
2021 2241 2151 2296 illa?

569 2342 646 2395 De
668 2347 861 2394 caetero
884 2346 939 2392 et
965 2335 1035 2391 ab
1072 2335 1160 2390 illo
1185 2335 1272 2390 die
1311 2343 1612 2403 suspectum
1651 2332 1835 2388 habuit
1869 2331 2030 2387 David
2051 2374 2066 2397 ,
2095 2340 2151 2388 et

568 2430 638 2485 ab
675 2428 765 2483 illo
811 2427 998 2482 metuit
1045 2425 1166 2481 sibi.
1202 2424 1309 2479 Cur
1337 2433 1390 2480 ct
1424 2429 1580 2494 quam
1623 2422 1693 2478 ob
1737 2422 1991 2478 causam?
2016 2421 2148 2476 Nam

567 2530 624 2577 et
696 2519 1014 2588 suspicionis
1078 2530 1236 2571 causa
1297 2515 1758 2571 commemoranda
1814 2523 1915 2571 est.
1969 2512 2150 2584 Neque

564 2609 709 2666 enim
731 2606 985 2678 quidquid
1015 2606 1202 2678 aliquis
1221 2604 1431 2669 dixerit,
1457 2603 1596 2660 idem
1620 2619 1740 2660 esse
1764 2605 1968 2674 justum
1997 2603 2147 2659 afﬁr-

567 2700 750 2756 mabit.
781 2698 911 2754 Nam
937 2713 1058 2770 erga
1088 2712 1209 2754 eum
1227 2699 1317 2768 qui
1347 2696 1578 2752 animam
1603 2696 1880 2766 impendit,
1905 2705 1958 2752 et
1988 2696 2150 2750 vitam

562 2792 749 2859 dedit,
780 2807 898 2863 qua:
926 2799 1131 2862 poterat
1151 2804 1268 2844 esse
1290 2789 1431 2858 justa
1470 2786 1788 2856 suspicionis
1817 2785 2017 2841 causa?
2046 2786 2150 2842 Sed

567 2897 746 2940 tamen
783 2884 950 2953 ipsam
978 2879 1265 2935 inimicitiae
1291 2887 1507 2932 causam
1536 2875 1915 2946 inspiciamus,
1948 2886 2006 2931 ut
2050 2876 2150 2930 ali-

565 2973 694 3044 quid
747 2971 996 3034 discatis,
1037 2967 1177 3040 quod
1229 2980 1329 3024 nec
1371 2967 1484 3036 ipsa
1523 2964 1744 3021 victoria
1782 2967 1851 3020 sit
1887 2965 2105 3021 inferius
2133 2982 2153 3020 :

565 3063 814 3135 quodque
844 3060 1012 3138 David?
1044 3061 1118 3115 sit
1144 3059 1345 3114 honore
1369 3057 1561 3128 dignus
1586 3057 1655 3112 ob
1680 3071 1742 3112 ea
1771 3056 1904 3127 ipsa,
1933 3065 2150 3127 propter

567 3173 689 3228 qua:
712 3155 964 3224 deinceps
986 3152 1132 3208 venit
1155 3151 1208 3206 in
1232 3149 1589 3221 suspicionem
1614 3191 1630 3215 ,
1660 3149 1867 3205 insidiis
1891 3150 2155 3220 appetitus

570 3256 672 3304 est.
721 3247 851 3314 Quae
897 3244 1058 3314 igitur.
1097 3250 1215 3298 erat
1260 3240 1578 3310 suspicionis
1627 3239 1827 3296 causa?
1869 3239 2153 3309 Postquam

575 3339 786 3394 barbari
816 3337 957 3391 illius
978 3341 1138 3405 caput
1173 3332 1415 3400 abstulit,
1437 3342 1492 3388 et
1518 3333 1686 3403 spolia
1711 3340 1925 3404 gestans
1952 3332 2108 3388 rediit
2137 3349 2152 3392 :

572 3428 823 3484 Exierunt
845 3467 861 3492 ,
891 3425 1094 3497 inquit,
1125 3423 1358 3479 mulieres
1382 3431 1612 3478 canentes
1635 3438 1694 3476 ac
1733 3423 2000 3493 dicentes:
2031 3422 2157 3478 Per-

571 3522 724 3576 cussit
751 3518 880 3575 Sail
902 3518 957 3572 in
981 3516 1201 3572 millibus
1249 3515 1384 3584 suis,
1407 3523 1454 3570 et
1472 3514 1637 3569 David
1670 3516 1723 3570 in
1749 3516 1917 3571 decem
1939 3516 2158 3571 millibus

571 3611 697 3666 suis.
726 3609 788 3684 Et
808 3611 968 3664 iratus
988 3615 1060 3662 est
1085 3604 1239 3674 Sail,
1261 3614 1309 3661 et
1325 3615 1608 3676 suspectum
1634 3605 1810 3660 habuit
1831 3606 1998 3661 David
2019 3605 2082 3661 ab
2099 3623 2160 3662 eo

571 3701 654 3756 die
676 3717 737 3755 ae
761 3700 994 3771 deinceps
1017 3699 1098 3770 (l.
1131 3697 1259 3770 Reg.
1284 3697 1371 3753 18.
1400 3695 1553 3770 6-9).
1583 3696 1747 3766 Cujus
1793 3698 2018 3754 obsecro
2038 3741 2052 3766 ,
2079 3697 2158 3754 rei

573 3791 767 3861 gratia?
792 3790 1015 3846 Etiamsi
1057 3789 1176 3844 huic
1221 3796 1422 3860 prater
1445 3789 1692 3844 meritum
1722 3789 1954 3847 fuissent
1978 3790 2117 3846 dicta
2140 3833 2156 3858 ,

575 3897 645 3938 ne
672 3882 747 3938 sic
762 3881 974 3952 quidem
996 3880 1274 3950 oportebat
1302 3879 1552 3935 hostilem
1595 3880 1647 3933 in
1691 3879 1943 3934 Davident
1970 3895 2161 3949 gerere

574 3975 810 4030 animum
841 3991 855 4029 :
881 3971 976 4028 sed
998 3979 1274 4042 postquam
1295 3985 1362 4027 ex
1399 3970 1557 4032 rebus
1592 3970 1758 4041 gestis
1784 3970 1922 4024 illius
1947 3986 2070 4041 erga
2101 3985 2161 4026 se

576 4063 997 4122 benevolentiam
1023 4061 1255 4118 habebat
1278 4068 1608 4131 compertam
1629 4101 1644 4126 ,
1675 4063 1872 4130 quippe
1900 4063 1987 4131 qui
2013 4061 2159 4116 nullo

577 4165 800 4229 cogente
841 4165 932 4211 aut
963 4154 1354 4224 compellente,
1391 4161 1580 4223 suapte
1625 4153 1995 4208 benevolentia
2046 4162 2161 4208 tan-

579 4261 694 4307 tum
739 4249 969 4304 subisset
1017 4247 1373 4310 discriminis,
1421 4237 1544 4300 non'
1579 4245 1861 4314 Oportebat
1910 4245 2162 4314 deinceps

580 4339 868 4413 quidquam
911 4339 981 4394 de
1020 4337 1116 4394 illo
1160 4337 1417 4408 suspicari
1465 4334 1611 4390 mali.
1640 4334 1790 4388 Nunc
1837 4344 2010 4389 autem
2044 4335 2164 4404 jure

581 4431 768 4489 laudes
798 4428 1244 4501 proferebantur;
1274 4435 1330 4484 et
1356 4426 1400 4483 si
1443 4425 1524 4481 fas
1552 4434 1635 4481 est
1657 4439 1779 4480 vera
1805 4424 2082 4495 proloqui,
2111 4424 2163 4479 in

547 4596 552 4598 _
583 4526 761 4582 Saulis
781 4524 1007 4595 gratiam
1030 4523 1116 4578 illa
1133 4522 1273 4577 dicta
1297 4527 1422 4575 sunt
1448 4518 1643 4591 potius,
1663 4532 1822 4588 quam
1845 4516 1899 4570 in
1934 4516 2165 4583 Davidis;

586 4617 815 4673 debebat
859 4623 1035 4670 autem
1079 4614 1210 4669 satis
1256 4612 1492 4676 habere,
1544 4609 1684 4681 quod
1730 4609 1804 4664 illi
1858 4608 2169 4665 tribuissent

587 4707 757 4764 mille.
789 4703 895 4760 Cur
920 4705 1080 4774 igitur
1104 4703 1406 4773 indignatus
1428 4711 1542 4766 est,
1573 4699 1714 4772 quod
1753 4700 1936 4756 Davidi
1965 4702 2166 4756 tribue-

586 4802 695 4857 rint
721 4799 904 4854 decem
925 4795 1122 4852 millia?
1145 4794 1350 4850 Etenim
1372 4793 1416 4849 si
1445 4788 1538 4848 rex
1559 4793 1623 4847 ad
1652 4792 1848 4847 bellum
1877 4791 2168 4848 finiendum

586 4892 670 4948 vel
699 4890 966 4962 paululum
989 4885 1189 4958 aliquid
1218 4884 1474 4941 momenti
1494 4884 1837 4950 contulisset,
1874 4894 2016 4940 recte
2057 4894 2166 4938 tum

587 4982 788 5038 dictum
813 4979 1017 5046 fuisset,
1045 4977 1177 5035 Sail
1199 4976 1254 5030 in
1273 4974 1494 5030 millibus
1510 5017 1524 5039 ,
1547 4973 1719 5029 David
1750 4975 1803 5028 in
1824 4974 1994 5028 decem
2020 4976 2172 5029 milli-

589 5074 703 5128 bus.
733 5072 886 5140 Quod
937 5071 981 5127 si
1022 5072 1136 5141 ipse
1172 5069 1386 5140 quidem
1419 5068 1640 5139 pavidus
1677 5083 1741 5123 ac
1770 5076 2005 5124 tremens
2028 5068 2171 5125 domi

593 5163 800 5218 desedit
821 5204 835 5229 ,
869 5162 922 5217 in
948 5161 1187 5232 singulos
1212 5158 1325 5214 dies
1347 5167 1569 5214 mortem
1591 5168 1938 5229 exspectans,
1969 5159 2056 5214 hic
2074 5175 2171 5215 au-

591 5265 701 5313 tem
723 5265 890 5311 totum
932 5252 1138 5309 facinus
1179 5251 1425 5322 peregit:
1455 5265 1632 5305 annon
1675 5252 1965 5307 absurdum
2016 5259 2170 5316 erat,

588 5362 711 5402 eum
723 5344 814 5417 qui
841 5344 974 5400 nihil
998 5343 1064 5399 ad
1085 5341 1396 5413 depellenda
1421 5341 1650 5410 pericula
1672 5344 1973 5398 contulerat
1989 5384 2005 5410 ,
2029 5343 2097 5398 ob
2119 5343 2172 5398 id

593 5437 876 5509 indignari,
900 5434 1041 5504 quod
1066 5450 1171 5490 non
1195 5435 1315 5504 plus
1341 5433 1514 5488 laudis
1545 5433 1789 5488 tulisset?
1812 5434 1942 5489 Nam
1972 5434 2016 5488 si
2044 5433 2174 5488 indi-

589 5527 858 5600 gnandum
879 5535 1014 5590 erat,
1043 5525 1293 5581 Davidetn
1322 5525 1496 5594 potius
1515 5523 1864 5579 conveniebat
1881 5524 2170 5595 indignari,

592 5618 735 5693 quod
781 5632 902 5674 cum
947 5616 1095 5671 solus
1146 5627 1312 5672 totum
1349 5615 1630 5688 gessisset,
1679 5615 1904 5671 alterum
1949 5615 2171 5673 haberet

593 5707 768 5766 laudis
787 5707 1118 5779 participem.

663 5799 718 5856 ὃ.
755 5797 861 5857 Sed
891 5798 1080 5858 horum
1106 5795 1235 5854 nihil
1263 5796 1627 5855 dicozverum
1648 5796 1778 5854 illud
1801 5797 2029 5856 dixerim
2066 5819 2078 5856 :
2114 5811 2173 5858 ut

2255 609 2384 662 mini
2411 610 2689 675 obnoxius,
2734 621 2788 666 et
2815 614 3155 670 accusatione
3178 614 3386 684 dignas,
3433 617 3562 685 quid
3615 617 3733 675 hac
3779 621 3850 674 ad

2253 697 2542 753 Davidem?
2580 699 2762 770 Neque
2786 702 2928 757 enim
2959 704 3074 774 ipse
3103 715 3478 774 composuerat
3503 710 3809 764 cantionem
3830 744 3852 776 ,

2254 789 2549 857 nequeillis
2569 801 2829 858 suaserat,
2865 802 2923 847 ut
2953 793 3194 849 dicerent
3217 810 3337 865 qua:
3367 795 3637 863 dicebant,
3673 812 3852 870 itaque

2253 878 2533 933 adornarat
2566 881 2715 935 illum
2753 882 3072 938 laudationis
3104 884 3341 940 modum.
3370 886 3606 943 Proinde
3631 889 3846 943 etiamsi

2253 968 2633 1038 indignandum
2661 982 2797 1040 erat,
2821 975 3129 1030 mulieribus
3154 980 3394 1046 oportuit
3423 979 3710 1049 indignari.
3740 995 3849 1035 non

2253 1057 2324 1114 de
2349 1061 2509 1115 civile
2537 1062 2890 1128 benemerito,
2921 1075 2975 1120 et
3016 1065 3237 1122 inﬁnitis
3283 1066 3448 1138 digno
3477 1071 3719 1124 coronis.
3775 1073 3846 1124 At

2249 1151 2376 1209 Sail]
2404 1155 2618 1210 omissis
2638 1156 2747 1210 illis
2777 1157 2830 1211 in
2859 1158 3021 1214 David
3049 1160 3397 1215 irascebatur.
3421 1160 3540 1216 Jam
3562 1162 3610 1216 si
3633 1176 3699 1218 ea
3728 1163 3849 1217 lau-

2248 1243 2318 1299 de
2345 1245 2589 1301 sublatus
2613 1246 2701 1302 ille
2721 1248 2908 1303 beatus
2933 1248 3211 1305 invidisset
3239 1265 3418 1306 rerum
3437 1252 3680 1321 potienti,
3712 1251 3855 1308 fuis-

2250 1344 2436 1406 setque
2477 1335 2578 1406 ipsi
2602 1339 3041 1403 contumeliosus,
3085 1348 3140 1394 et
3167 1351 3489 1409 aspernatus
3517 1341 3708 1397 fuisset
3731 1341 3852 1411 ejus

2251 1424 2571 1494 imperium,
2620 1427 2844 1482 forsitan
2889 1430 3063 1499 aliqua
3093 1428 3281 1484 luisset
3327 1430 3599 1485 invidendi
3638 1446 3798 1486 causa
3818 1440 3850 1504 .3

2249 1521 2304 1568 at
2331 1516 2376 1570 si
2407 1515 2577 1571 factus
2598 1515 2696 1572 fuit
2724 1517 3005 1573 humanior
3029 1534 3093 1574 ac
3116 1520 3413 1575 modestior
3434 1561 3451 1589 ,
3483 1521 3528 1575 si
3557 1523 3614 1576 in
3662 1520 3851 1575 subdi-

2251 1614 2425 1661 torum
2453 1607 2641 1663 ordine
2687 1623 2748 1664 se
2774 1611 3075 1678 continuit,
3131 1626 3252 1680 quae
3292 1612 3506 1667 tandem
3547 1621 3666 1667 erat
3701 1613 3850 1682 justa

2249 1695 2465 1752 dolendi
2493 1712 2654 1753 causa
2674 1698 2700 1752 ‘l
2726 1698 2998 1770 Siquidem
3019 1716 3140 1756 cum
3169 1703 3215 1755 is
3237 1703 3326 1772 qui
3356 1705 3562 1759 honore
3589 1705 3848 1770 afﬁcitur,

2249 1789 2506 1844 attollitur
2521 1790 2776 1847 adversus
2793 1807 2914 1848 eum
2931 1808 2962 1847 a
2977 1808 3084 1865 quo
3105 1804 3386 1864 provectus
3405 1803 3509 1863 est,
3529 1811 3630 1851 nec
3651 1795 3851 1852 desinit

2246 1880 2302 1936 in
2319 1881 2458 1936 illius
2476 1891 2837 1952 contemptum
2855 1883 3056 1939 honore
3066 1885 3232 1948 abuti,
3258 1885 3417 1941 habet
3434 1886 3591 1940 dolor
3616 1887 3852 1941 nonnul-

2246 1973 2350 2028 lam
2367 1974 2760 2030 excusationem
2782 1993 2795 2029 :
2818 1983 3067 2030 cazterum
3087 1976 3174 2032 ubi
3198 1977 3431 2045 persistit
3449 1977 3500 2031 in
3527 1977 3857 2033 honorando

2248 2064 2394 2118 illum
2419 2104 2436 2130 ,
2469 2073 2560 2118 aut
2586 2067 2763 2134 potius
2789 2066 2956 2135 magis
2985 2066 3314 2136 obsequitur,
3342 2066 3591 2136 ceditque
3636 2068 3689 2122 in
3726 2083 3846 2122 om-

2251 2156 2428 2220 nibus,
2453 2171 2609 2226 quem
2634 2166 2814 2226 postca
2840 2165 3013 2226 potest
3030 2157 3226 2213 habere
3253 2168 3574 2228 praetextum
3605 2158 3802 2212 invidia
3825 2158 3851 2211 τ

2321 2245 2445 2301 Non
2473 2245 2681 2313 effertur
2698 2245 2864 2302 David
2881 2247 2941 2301 ob
2965 2263 3258 2318 prosperum
3278 2247 3851 2316 successum—Itaque

2249 2336 2456 2390 etiamsi
2501 2335 2629 2389 nihil
2656 2336 2801 2390 aliud
2839 2337 3091 2406 prteclare
3113 2344 3321 2407 gestum
3351 2335 3574 2402 fuisset,
3626 2337 3699 2391 ob
3744 2336 3853 2392 hoc

2249 2425 2421 2494 ipsum
2455 2435 2630 2480 tamen
2657 2427 2824 2496 magis
2850 2434 2967 2481 erat
2984 2425 3300 2496 diligendus,
3331 2426 3470 2496 quod
3493 2441 3616 2480 cum
3645 2435 3849 2480 tantam

2249 2524 2438 2570 nactus
2465 2524 2609 2571 esset
2633 2516 2971 2571 occasionem
3001 2515 3295 2586 occupandi
3321 2516 3492 2585 regni,
3549 2516 3850 2584 perstiterit

2251 2607 2303 2662 in
2331 2621 2428 2661 sua
2457 2606 2738 2662 modestia.
2767 2607 2952 2677 Neque
2996 2608 3138 2663 enim
3169 2622 3289 2677 qute
3316 2607 3464 2676 prius
3513 2615 3668 2676 gesta
3717 2617 3845 2660 sunt

2251 2706 2479 2763 tantum,
2505 2712 2691 2752 verum
2721 2713 2819 2753 nec
2843 2713 2905 2754 ea
2932 2713 3052 2768 quae
3079 2707 3401 2768 consequuta
3427 2707 3577 2762 sunt,
3603 2699 3853 2767 superio-

2251 2787 2402 2842 ribus
2423 2787 2528 2843 illis
2552 2789 2723 2843 multo
2747 2789 3103 2859 praeclariora,
3127 2789 3460 2844 sustulerunt
3503 2789 3580 2843 illi
3610 2789 3845 2842 animos.

2251 2876 2381 2945 Quae
2410 2877 2624 2934 tandem
2656 2879 2783 2932 illa?
2807 2877 2956 2945 Erat,
2987 2879 3179 2948 inqutt,
3207 2878 3374 2933 David
3394 2879 3618 2948 prudens
3643 2879 3700 2932 in
3737 2895 3848 2932 om-

2251 2966 2397 3022 nibus
2423 2966 2515 3021 viis
2535 2968 2661 3031 suis,
2681 2976 2727 3021 et
2755 2966 3009 3021 Dominus
3022 2969 3336 3037 omnipotens
3352 2976 3460 3021 erat
3486 2983 3601 3020 cum
3626 2984 3707 3034 eo,
3732 2969 3850 3022 stui-

2253 3075 2526 3129 versusque
2553 3057 2724 3114 Israel
2746 3069 2793 3114 et
2828 3057 2968 3114 Iuda
2998 3059 3236 3130 diligebat
3259 3058 3449 3125 David,
3471 3060 3724 3128 quoniam
3741 3061 3852 3130 ipse

2255 3149 2628 3221 ingrediebatur
2668 3159 2716 3205 et
2744 3149 3087 3222 egrediebatur
3127 3159 3244 3204 ante
3279 3159 3599 3218 conspectum
3640 3151 3848 3218 populi.

2257 3240 2327 3294 Et
2344 3241 2570 3297 Meleltol
2586 3241 2695 3309 ﬁlia
2714 3241 2863 3309 Sat'tl,
2881 3249 2937 3296 et
2951 3240 3229 3298 universus
3246 3239 3403 3296 lsrael
3421 3238 3661 3310 diligebat
3677 3240 3849 3294 illum.

2260 3332 2328 3388 Et
2347 3333 2571 3404 sapiebat
2586 3349 2939 3403 supra‘omnes
2955 3349 3122 3388 servos
3145 3332 3299 3397 Sail;
3316 3339 3363 3387 et
3386 3329 3729 3386 uenerabatur
3750 3346 3850 3383 ito-

2258 3443 2370 3480 men
2392 3426 2531 3481 illius
2554 3424 2789 3498 valde(l.
2812 3425 2938 3495 Reg.
2959 3425 3047 3480 18.
3068 3424 3250 3479 ΗΑΒ.
3270 3423 3359 3478 20.
3379 3421 3490 3492 30).
3513 3421 3579 3475 Et
3593 3419 3629 3474 1
3633 3421 3857 3475 onathas

2259 3518 2396 3588 ﬁlius
2423 3517 2553 3573 Sas‘tl
2581 3517 2818 3589 diligebat
2849 3515 3012 3570 David
3031 3515 3341 3570 vehementer
3369 3513 3448 3584 (1.
3477 3511 3602 3584 Reg.
3636 3511 3726 3567 18.
3759 3511 3850 3582 2).

2259 3608 2637 3664 Verumtamen
2666 3623 2788 3663 cum
2818 3608 3127 3663 universum
3154 3605 3410 3676 populum
3434 3618 3497 3658 ac
3525 3603 3667 3675 regis
3691 3600 3855 3656 fami-

2261 3699 2388 3754 liam
2434 3699 2535 3755 sibi
2568 3699 2904 3754 eonciliatam
2932 3697 3174 3764 haberet,
3204 3711 3326 3752 cum
3367 3694 3564 3765 ubique
3599 3697 3653 3748 in
3694 3692 3860 3748 bellis

2261 3795 2519 3859 vinceret,
2545 3805 2644 3847 nec
2669 3806 2917 3862 umquam
2946 3789 3292 3846 frustraretur
3314 3801 3588 3851 successu,
3620 3801 3860 3856 cumque

2265 3897 2362 3955 pro
2404 3885 2543 3940 bene
2565 3883 2730 3955 gestis
2756 3882 2917 3938 rebus
2957 3881 3064 3936 illis
3117 3880 3274 3936 talem
3303 3888 3531 3951 gratiam
3565 3877 3856 3946 reciperet,

2265 3992 2370 4032 non
2396 3978 2567 4032 erexit
2585 3977 2871 4044 cervicem,
2899 3990 2999 4032 nec
3023 3989 3243 4044 regnum
3285 3972 3571 4036 aﬂ'ectavit,
3603 3985 3705 4025 nec
3757 3969 3859 4024 hoc

2265 4076 2401 4124 stem
2425 4068 2570 4122 ultus
2599 4076 2702 4135 est,
2743 4067 2840 4124 sed
2866 4065 3236 4135 perseveravit
3260 4066 3312 4119 in
3343 4061 3752 4127 benefaciendo,
3806 4072 3860 4115 ct

2266 4159 2326 4213 in
2353 4158 2507 4213 bellis
2535 4172 2633 4227 pro
2659 4172 2783 4227 rege
2825 4156 3048 4212 feliciter
3072 4156 3340 4227 gerendis.
3364 4155 3493 4222 Quis
3523 4163 3607 4209 est
3635 4164 3742 4208 tam
3776 4152 3860 4210 ef-

2265 4248 2465 4304 leratus
2495 4257 2548 4302 et
2575 4248 2829 4315 crudelis,
2861 4248 2944 4303 cui
2995 4248 3094 4302 ista
3136 4263 3241 4302 non
3272 4246 3344 4301 fut
3360 4248 3469 4302 rint
3513 4260 3855 4313 persuasum,

2267 4349 2327 4394 ut
2354 4339 2686 4393 inimicitiam
2713 4339 3041 4408 deponeret,
3087 4348 3142 4394 et
3186 4337 3438 4392 invidiam
3469 4336 3761 4406 abjiceretl
3791 4337 3861 4391 At

2268 4428 2543 4483 crudelem
2560 4430 2705 4483 illum
2732 4438 2788 4484 et
2814 4430 3159 4484 inhumanum
3189 4427 3313 4483 nihil
3343 4426 3531 4481 horum
3563 4427 3743 4491 Desit;
3766 4427 3862 4482 sed

2269 4521 2335 4576 ad
2361 4521 2477 4576 htec
2502 4523 2680 4576 omnia
2710 4536 2905 4588 ctecus,
2929 4531 2984 4577 et
3011 4521 3222 4575 invidia:
3246 4519 3477 4586 deditus,
3518 4529 3747 4573 conatus
3779 4526 3865 4573 est

2271 4613 2420 4668 illum
2459 4628 2491 4668 e
2528 4613 2706 4668 medio
2733 4613 2958 4668 tollere:
2991 4623 3045 4668 et
3091 4613 3218 4683 quid
3263 4612 3488 4667 obsecro
3536 4609 3865 4666 facientem?

2273 4702 2291 4775 (
2323 4719 2445 4763 nam
2492 4704 2542 4758 id
2576 4705 2744 4774 majus
2769 4713 2851 4761 est
2878 4719 2942 4760 ac
2967 4705 3344 4774 stupendum,)
3367 4713 3650 4759 canentem
3700 4705 3864 4759 citha-

2272 4812 2352 4861 ra,
2383 4807 2438 4854 et
2463 4798 2630 4867 ipsius
2655 4799 2914 4853 insaniam
2941 4799 3239 4854 sedantem.
3273 4797 3462 4863 David,
3495 4797 3688 4866 inquit,
3720 4799 3864 4868 psal-

2275 4888 2406 4942 lebat
2432 4905 2586 4941 manu
2608 4905 2702 4942 sua
2718 4890 2937 4959 quotidie
2958 4905 2977 4943 :
2998 4899 3044 4943 et
3070 4891 3218 4944 hasta
3239 4891 3291 4943 in
3311 4886 3463 4943 manu
3482 4887 3614 4944 Sail
3636 4905 3732 4943 :uc
3755 4907 3866 4944 sus-

2275 4978 2387 5032 tulit
2434 4978 2567 5033 Satil
2603 4978 2849 5045 lanceam,
2898 4980 3156 5051 dixitque,
3198 4978 3422 5051 Inﬁgam
3469 4982 3523 5036 in
3570 4979 3780 5046 David;
3823 4989 3869 5036 el

2277 5068 2389 5135 ﬁxit
2434 5068 2488 5122 in
2532 5069 2772 5140 parietem
2817 5086 2836 5124 :
2872 5080 2918 5124 et
2965 5070 3232 5126 declinavit
3274 5070 3445 5124 David
3487 5088 3519 5124 a
3574 5071 3706 5140 {acie
3759 5073 3869 5143 ejus

2277 5159 2352 5213 bis
2407 5159 2565 5231 (Ibid.
2613 5177 2658 5215 υ.
2707 5163 2819 5232 Η).
2858 5162 3112 5219 Potestne
3152 5162 3274 5218 huic
3310 5164 3524 5218 malitia:
3574 5166 3869 5236 quidquam

2276 5249 2533 5320 adjungi?
2580 5250 2676 5304 illa
2712 5250 2847 5307 forte
2894 5269 3012 5322 quas
3059 5262 3182 5324 post
3225 5254 3552 5325 subsequuta
3591 5268 3738 5310 sunt.
3770 5257 3871 5324 Qui

2277 5355 2448 5410 nuper
2478 5341 2662 5396 hostes
2688 5342 2959 5413 abegerat,
2993 5358 3089 5412 per
3114 5360 3274 5414 quem
3313 5347 3501 5401 civitas
3543 5348 3648 5403 sibi
3696 5347 3874 5406 fuerat

2278 5433 2508 5495 reddita,
2540 5433 2746 5488 cunctis
2781 5448 2877 5502 pro
2906 5435 3124 5489 victoria
3149 5437 3396 5491 victimas
3425 5438 3832 5496 immolantibus
3861 5460 3872 5496 :

2277 5522 2400 5579 Sail]
2433 5520 2730 5578 beneﬁcum
2779 5532 2835 5579 ct
2871 5535 3229 5591 servatorem,
3251 5541 3316 5582 ac
3356 5527 3618 5583 bonorum
3660 5531 3873 5587 illorum

2276 5626 2550 5671 auctorem
2594 5625 2816 5670 conatus
2857 5626 2942 5671 est
2982 5616 3286 5673 interﬁcere
3314 5619 3629 5689 psallentem
3664 5638 3679 5674 :
3711 5637 3776 5679 ac
3805 5638 3874 5680 ne

2279 5703 2656 5761 beneﬁciorum
2678 5705 2891 5776 quidem
2931 5707 3190 5762 memoria
3220 5707 3483 5765 furentem
3512 5711 3663 5767 illum
3686 5727 3752 5770 ac
3777 5714 3875 5770 do-

2278 5798 2520 5855 lirantcnt
2550 5799 2803 5870 coercuit,
2836 5799 2928 5858 sed
2958 5800 3125 5858 semel
3155 5808 3210 5858 et
3230 5803 3311 5860 bis
3339 5805 3492 5861 torsit
3507 5805 3560 5862 iu
3593 5807 3740 5866 illum
3765 5807 3871 5868 lan-
