4066 6432
218 509 394 563 ceam,
425 494 646 567 cupiens
673 491 937 550 occidere.
973 489 1042 546 Et
1060 488 1364 562 huiusmodi
1398 483 1702 544 mercedem
1733 484 1812 540 illi

221 604 322 660 pro
350 589 615 659 susceptis
643 584 890 655 periculis
910 581 1169 653 reposuit.
1221 579 1385 651 idque
1422 579 1548 636 fecit
1574 591 1819 634 nonuno

220 680 332 748 die,
365 679 461 736 sed
486 679 699 747 saepius.
731 678 801 731 At
841 685 1061 730 sanctus
1105 673 1193 728 ille
1217 681 1337 742 post
1358 671 1474 727 haec
1494 672 1671 726 omnia
1695 685 1818 740 per-

221 768 493 826 severavit
529 781 720 822 curare
766 765 908 835 regis
949 763 1181 834 negotia,
1214 776 1414 834 proque
1454 760 1626 817 salute
1673 760 1818 816 illius

220 858 501 928 suscipere
529 856 785 927 pericula,
812 866 868 911 et
897 855 952 911 in
981 854 1094 909 acie
1113 861 1258 910 stare
1301 853 1354 907 in
1398 851 1598 922 pretiis
1641 852 1815 906 omni-

222 947 325 1004 bus
348 987 364 1014 ,
412 962 620 1018 suoque
648 946 888 1016 periculo
931 958 1149 999 servare
1198 942 1575 998 trucidatorem
1621 956 1814 997 suum:

219 1036 458 1108 denique
499 1051 598 1093 nec
621 1035 800 1102 dictis,
842 1050 942 1090 nec
977 1033 1133 1091 factis
1173 1032 1509 1111 contristavit
1557 1033 1817 1088 immitem

223 1129 374 1185 illam
425 1128 613 1195 lenm,
643 1127 742 1183 sed
788 1126 1055 1183 concessit
1086 1127 1141 1182 in
1170 1125 1418 1180 omnibus
1447 1125 1817 1195 dictoque-au-

223 1220 381 1275 diens
427 1220 524 1275 fuit
552 1236 566 1273 :
597 1233 828 1289 cumque
879 1217 1120 1274 victoriae
1141 1217 1419 1287 praemium
1448 1230 1552 1271 non
1577 1217 1820 1287 accepis-

225 1317 334 1376 set,
363 1309 459 1364 sed
484 1307 724 1364 omnium
767 1308 980 1363 illorum
1008 1307 1367 1377 periculorum
1401 1307 1650 1364 mercede
1670 1306 1817 1364 frau-

222 1398 385 1454 datus
409 1405 572 1464 esset,
605 1412 672 1452 ne
715 1397 878 1452 verbo
902 1396 1117 1466 quidem
1154 1396 1507 1468 expostulavit
1544 1412 1816 1468 umquam,

223 1502 336 1544 non
360 1503 483 1544 cum
504 1488 776 1552 militibus,
809 1501 915 1543 non
937 1501 1058 1542 cum
1087 1502 1233 1558 rege,
1255 1487 1397 1558 quod
1419 1489 1535 1544 haec
1557 1503 1664 1544 non
1692 1504 1820 1560 ges-

222 1579 390 1634 sisset
429 1592 527 1648 spe
570 1577 869 1645 mercedis,
914 1591 1201 1648 supernam
1243 1587 1560 1650 exspectans
1589 1580 1822 1635 retribu-

225 1669 448 1724 tionem.
479 1668 586 1724 Nec
615 1667 668 1723 id
715 1669 998 1724 solum‘est
1017 1668 1371 1725 admiratione
1393 1669 1611 1740 dignum
1631 1711 1647 1736 ,
1673 1669 1818 1740 quod

225 1771 334 1812 non
362 1758 604 1827 poposcit
625 1757 924 1827 pramium,
953 1756 1050 1814 sed
1077 1756 1218 1827 quod
1243 1757 1404 1813 etiam
1425 1774 1548 1816 cum
1573 1761 1814 1824 daretur,

223 1847 297 1902 ob
342 1848 593 1901 eximiam
645 1846 808 1902 animi
849 1846 1165 1904 modestiam
1210 1848 1498 1904 recusavit.
1543 1848 1820 1920 Siquidem

225 1945 576 2007 posteaquam
602 1935 752 2004 Sani,
773 1938 952 1992 omnia
964 1940 1207 2003 molitus,
1223 1947 1281 1995 et
1293 1937 1544 1994 omnibus
1566 1939 1782 1994 tentatis
1797 1980 1814 2008 ,

224 2041 332 2082 nou
361 2028 531 2097 potuit
576 2027 724 2082 illum
750 2026 1072 2092 interﬁcere,
1113 2028 1327 2084 censuit
1375 2029 1450 2084 illi
1493 2029 1674 2086 dolum
1723 2046 1822 2101 per

223 2118 463 2188 nuptias,
494 2131 558 2172 ac
597 2131 791 2172 novam
834 2118 1116 2187 quamdam
1144 2118 1286 2176 dotis
1331 2133 1394 2175 ac
1421 2120 1678 2176 dotalium
1708 2120 1818 2177 for-

223 2222 367 2264 mam
398 2215 731 2264 commentus
754 2217 858 2264 est.
890 2206 1012 2263 Non
1038 2209 1182 2264 enim
1207 2209 1366 2280 cupit,
1398 2209 1589 2280 inquit,
1617 2227 1709 2266 rea:
1727 2211 1822 2266 dc-

223 2307 346 2364 tem,
369 2298 460 2353 sed
485 2308 542 2353 ut
565 2310 765 2354 centum
787 2303 1044 2371 praeputia
1078 2302 1300 2355 exsolvat
1343 2300 1405 2356 ab
1436 2302 1660 2358 hostibus
1685 2303 1820 2376 regis

222 2392 306 2462 (Ι.
335 2391 464 2462 Reg.
486 2392 574 2448 18.
595 2391 713 2462 25).
739 2390 794 2446 id
825 2400 908 2446 est
935 2408 951 2448 :
977 2391 1174 2447 Occide
1199 2392 1351 2459 mihi,
1383 2393 1571 2464 inquit,
1602 2403 1819 2450 centum

223 2482 391 2548 viros,
420 2493 582 2552 atque
601 2483 703 2540 hoc
721 2484 822 2539 erit
841 2482 971 2537 mihi
995 2481 1134 2538 dotis
1156 2483 1294 2539 vice.
1325 2483 1451 2540 llaec
1473 2494 1652 2540 autem
1673 2484 1822 2542 dice-

221 2572 337 2640 bat,
365 2575 590 2643 cupiens
605 2574 756 2629 illum
786 2573 1007 2628 obtentu
1032 2572 1264 2644 coniugii
1292 2572 1536 2629 hostibus
1559 2573 1817 2644 obiicere.

293 2664 352 2720 ι.
391 2664 572 2719 Nihilo
599 2663 776 2720 secius
799 2663 967 2720 David
998 2678 1095 2735 pro
1115 2677 1209 2719 sua
1241 2665 1500 2720 modestia
1549 2680 1639 2722 res
1667 2666 1817 2725 testi-

221 2771 400 2822 maus,
432 2756 698 2812 recusavit
745 2756 1072 2827 coniugium,
1100 2769 1206 2812 non
1233 2756 1520 2812 deterritus
1546 2756 1816 2828 periculis,

219 2856 316 2903 aut
359 2846 595 2903 hostium
623 2855 791 2914 metu,
829 2847 927 2904 sed
971 2846 1112 2919 quod
1143 2847 1475 2904 existimaret
1503 2862 1625 2905 sese
1674 2847 1819 2904 indi-

219 2953 387 3011 gnum
409 2938 664 2994 afﬁnitate
691 2939 870 3010 regia;
899 2948 1062 3010 atque
1100 2937 1183 2995 his
1211 2939 1391 2996 verbis
1432 2939 1708 3010 respondit
1749 2938 1820 2996 ad

218 3042 410 3085 servos
432 3028 579 3084 illius
603 3045 619 3082 :
639 3031 720 3084 An
747 3029 853 3084 leve
876 3039 950 3084 est
969 3030 1023 3084 in
1038 3031 1198 3084 oculis
1226 3030 1401 3085 vestris
1424 3045 1504 3086 nte
1529 3033 1699 3100 facem
1724 3045 1818 3100 ge.

219 3133 403 3174 uerunt
429 3119 583 3191 regis,
610 3135 726 3173 cum
749 3134 841 3188 ego
866 3119 964 3173 sint
989 3118 1066 3174 vir
1089 3119 1296 3174 humilis
1335 3135 1398 3175 ac
1440 3119 1633 3176 nullius
1667 3119 1820 3191 pretii

219 3210 291 3283 (l
327 3209 458 3284 Reg.
490 3211 577 3267 18.
605 3210 745 3282 25)?
780 3213 940 3282 Atqui
977 3211 1270 3268 debebatur
1310 3212 1413 3269 hoc
1460 3211 1699 3279 honoris,
1753 3227 1819 3269 ac

219 3314 436 3357 merces
464 3310 519 3357 et
562 3301 804 3370 pensatio
833 3300 1076 3358 laborum
1105 3319 1120 3356 :
1152 3317 1338 3359 verum
1368 3316 1537 3374 usque
1561 3302 1697 3360 adeo
1722 3318 1819 3360 cor

219 3389 458 3446 habebat
478 3392 790 3459 contritum,
817 3399 880 3448 ut
905 3401 1027 3463 post
1053 3401 1133 3448 tot
1159 3407 1249 3450 res
1276 3408 1398 3450 cum
1419 3394 1578 3451 laude
1601 3403 1812 3467 gestas,

219 3489 347 3552 post
375 3480 513 3537 adeo
538 3481 870 3553 splendidam
889 3482 1193 3550 victoriam,
1218 3492 1342 3554 post
1360 3499 1669 3556 expressam
1689 3499 1819 3558 pro-

220 3571 560 3638 missionem,
593 3572 866 3645 indignum
895 3587 956 3630 se
978 3574 1263 3646 iudicaret,
1290 3576 1381 3648 qui
1405 3575 1640 3634 debitam
1673 3578 1816 3635 reci-

218 3673 380 3734 peret
404 3664 730 3732 mercedem,
761 3664 919 3738 idque
953 3682 1079 3723 cum
1101 3667 1278 3724 denuo
1307 3677 1451 3725 esset
1475 3684 1535 3726 se
1563 3671 1818 3742 periculis

219 3753 549 3825 obiecturus.
581 3755 937 3829 Posteaquam
969 3769 1148 3816 autem
1189 3759 1374 3817 hostes
1400 3761 1708 3831 devicerat,
1753 3778 1820 3821 ac

219 3842 390 3900 tiliam
419 3846 559 3918 regis
584 3857 884 3919 acceperat,
909 3864 1094 3906 rursus
1117 3849 1375 3908 Psallebat
1394 3852 1583 3922 David,
1601 3864 1649 3911 et
1674 3871 1819 3925 W9

219 3937 364 3995 nbat
389 3937 524 3996 Sail
551 3956 669 3995 eum
710 3941 890 4002 lancea
920 3952 1206 4012 percutere,
1252 3955 1300 4000 et
1334 3948 1623 4017 percussit:
1649 3947 1818 4004 Dauid

221 4039 396 4085 autent
423 4029 725 4098 declinauit;
752 4042 796 4087 et
824 4033 974 4090 hasta
1011 4033 1237 4106 impacta
1271 4046 1344 4092 est
1381 4038 1565 4108 parieti
1593 4039 1613 4110 (
1637 4040 1661 4095 1
1687 4039 1817 4111 Reg.

225 4120 316 4180 19.
349 4121 405 4180 9.
434 4122 546 4195 10).
571 4124 741 4193 Quem
770 4139 877 4181 non
907 4127 1006 4182 ista
1039 4126 1127 4183 vel
1155 4128 1398 4200 apprime
1443 4131 1818 4202 philosophum

221 4209 298 4268 ad
327 4212 658 4269 iracundiam
700 4215 1065 4272 excitassent?
1092 4219 1232 4289 quis,
1278 4221 1380 4276 etsi
1405 4221 1548 4277 nulla
1595 4223 1698 4278 alia
1727 4224 1823 4279 ad—

221 4300 421 4358 fuisset
450 4317 633 4370 eausa,
660 4306 848 4361 saltem
878 4314 935 4362 ut
957 4309 1299 4364 securitatem
1329 4310 1434 4367 sibi
1461 4321 1693 4382 pararet,
1733 4314 1821 4370 in-

217 4391 370 4465 iuste
393 4394 734 4453 insidiantem
766 4411 873 4453 non
896 4399 1225 4457 occidisset?
1251 4400 1437 4474 Neque
1460 4404 1603 4460 enim
1634 4404 1687 4461 id
1717 4405 1820 4462 ho-

223 4483 503 4542 micidium
551 4487 759 4556 luisset,
814 4489 910 4547 sed
952 4491 1247 4548 modum'a
1287 4493 1405 4566 lege
1446 4499 1818 4568 praescriptum

223 4578 638 4636 mansuetudine
658 4591 987 4650 superasset.
1017 4581 1152 4639 Nam
1182 4583 1272 4640 illa
1299 4583 1514 4643 oculum
1543 4602 1640 4656 pro
1662 4588 1821 4644 oculo

222 4664 386 4739 iussit
408 4667 645 4726 alludere
670 4669 864 4741 (Exod.
893 4671 985 4727 Si.
1013 4672 1106 4745 24)
1139 4692 1154 4728 :
1185 4674 1274 4730 hic
1299 4685 1479 4733 autem
1524 4677 1650 4734 licet
1675 4680 1822 4736 occi-

226 4757 420 4826 disset,
443 4775 540 4831 pro
561 4761 733 4817 tribus
756 4763 1056 4820 homicidiis
1085 4781 1250 4821 unum
1279 4775 1565 4824 exacturus
1591 4768 1783 4827 fuisset
1801 4811 1818 4838 ,

228 4862 331 4920 pro
359 4849 550 4916 tribus,
597 4851 832 4922 inquam,
867 4851 1189 4924 homicidiis,
1236 4857 1382 4914 nulla
1434 4859 1699 4930 probabili
1751 4860 1821 4919 de

226 4952 395 4995 causa
417 4943 650 4997 tentatis.
685 4942 824 5000 Nihil
851 4954 1029 5002 tamen
1053 4947 1246 5005 horum
1265 4952 1491 5007 tentavit
1510 4952 1696 5016 David,
1724 4954 1821 5011 sed

229 5028 412 5101 potius
456 5032 641 5087 habuit
682 5033 886 5106 fugere,
922 5045 978 5091 ct
1022 5053 1050 5091 a
1093 5040 1281 5110 patriis
1319 5041 1521 5098 sedibus
1547 5045 1818 5113 exsulare,

226 5125 392 5190 atque
419 5135 668 5178 erronem
697 5124 1088 5199 profugumque
1114 5145 1304 5201 agere,
1349 5141 1405 5187 et
1433 5133 1488 5189 in
1513 5132 1822 5195 calamitate

227 5211 333 5268 sibi
364 5216 725 5278 necessarium
766 5232 956 5286 parare
977 5221 1200 5287 victum,
1229 5239 1388 5294 quam
1416 5227 1525 5298 regi
1545 5227 1704 5285 credis
1729 5244 1824 5286 oc—

228 5299 499 5360 casiouetn
521 5306 669 5362 dare.
694 5307 804 5364 Nec
825 5310 969 5365 enim
994 5327 1061 5368 eo
1080 5314 1374 5384 spectabat,
1404 5325 1462 5373 ut
1480 5320 1713 5392 seipsum
1741 5323 1823 5379 ul-

232 5391 544 5461 cisceretur,
567 5396 665 5452 sed
693 5408 750 5453 ut
797 5399 944 5456 illum
968 5402 1037 5457 ah
1061 5419 1127 5458 eo
1153 5407 1346 5461 titorbo
1369 5391 1637 5467 liberaret.
1671 5413 1822 5471 Hanc

235 5485 305 5540 ὼ
343 5500 560 5543 ausam
591 5488 662 5544 ab
685 5491 853 5547 oculis
902 5494 1100 5550 inimici
1131 5498 1383 5554 subduxit
1403 5517 1545 5567 sese,
1578 5514 1635 5558 ut
1659 5506 1819 5562 seda-

270 5583 320 5632 οι
341 5587 627 5646 tumorem,
667 5585 1116 5658 contraheretque
1143 5589 1389 5647 ardorem
1421 5594 1616 5652 uiceris
1641 5607 1696 5653 et
1739 5599 1822 5653 in-

231 5667 430 5726 vidiam
451 5673 735 5745 mitigaret.
767 5676 946 5735 Satius
969 5688 1073 5749 est,
1102 5681 1291 5754 inquit,
1319 5699 1409 5743 me
1444 5688 1701 5745 miserum
1731 5707 1821 5748 cs-

230 5783 314 5834 so,
343 5763 726 5841 innumeraquc
750 5771 856 5844 pati
878 5774 1088 5845 acerba,
1129 5791 1287 5848 quam
1317 5776 1460 5838 hunc
1483 5783 1624 5855 apud
1651 5784 1815 5843 Deum

1289 371 1380 430 DE
1417 367 1672 428 Μνιυε
1707 369 1797 427 ΕΤ
1824 369 2050 429 SAULE
2089 371 2368 431 HOHILIA
2409 373 2462 462 1.ν

3409 386 3516 444 6εέ

1923 484 1992 540 de
2017 485 2316 545 innocentis
2339 490 2491 548 cede
2514 489 2884 552 condemnari.
2915 497 3040 554 "1‘0
3081 514 3192 556 non
3232 501 3518 559 audiamus

1924 584 2153 643 tantum,
2183 593 2375 635 verum
2401 583 2566 639 etiam
2589 585 2892 652 imitemur,
2926 587 3060 645 nihil
3100 603 3208 644 non
3259 590 3520 647 faciamus

1922 673 1979 720 et
2003 668 2286 736 patiamur,
2312 678 2370 725 ut
2391 672 2590 729 inimici
2612 674 2938 732 simultatem
2961 693 3085 749 erga
3106 694 3203 735 nos
3222 679 3520 751 deponant,

1923 769 2025 810 nec
2078 756 2209 812 illud
2260 758 2612 830 inquiramus,
2660 772 2841 821 utrum
2886 768 3081 824 merito
3123 783 3193 824 an
3245 768 3522 826 immerito

1922 847 2244 904 malevolum
2270 851 2506 907 animum
2536 868 2661 924 erga
2689 869 2788 911 nos
2815 865 3040 927 gerant,
3070 859 3169 914 sed
3210 859 3315 915 hoc
3344 860 3519 917 solum

1923 947 2228 1006 spectemus
2246 979 2262 1005 ,
2289 949 2348 994 ut
2367 941 2523 996 nobis
2550 943 2754 1000 inimici
2777 962 2898 1002 esse
2941 948 3209 1004 desinant.
3239 947 3518 1020 Siquidem

1925 1027 2026 1084 hoc
2050 1039 2257 1099 spectat
2281 1032 2540 1098 medicus,
2570 1044 2630 1089 ut
2655 1037 2845 1092 morbo
2866 1037 3058 1094 liberet
3093 1049 3374 1110 aegrotum.
3410 1054 3518 1096 non

1923 1129 2100 1175 utrum
2127 1122 2340 1188 merito,
2372 1139 2442 1178 an
2469 1123 2737 1180 immerito
2761 1126 2864 1182 sibi
2891 1127 3137 1183 morbum
3166 1130 3516 1186 contraxerit.

1923 1212 2003 1269 Tu
2027 1229 2240 1286 quoque
2266 1213 2426 1286 igitur
2454 1216 2695 1272 medicus
2720 1233 2779 1273 es
2799 1217 2917 1289 eius
2953 1221 3042 1290 qui
3065 1229 3117 1275 te
3140 1220 3277 1275 laesit
3303 1237 3317 1274 :
3351 1237 3516 1276 unum

1921 1302 2029 1358 hoc
2061 1318 2266 1375 quaere,
2297 1319 2406 1375 quo
2427 1314 2583 1376 pacto
2611 1307 2687 1362 illi
2719 1308 2966 1363 morbum
2995 1308 3222 1364 adimas.
3263 1309 3318 1364 Id
3371 1311 3517 1381 quod

1921 1393 2046 1450 iecit
2063 1396 2365 1462 hicbeatus,
2384 1407 2674 1469 egestatem
2691 1415 2800 1469 prie
2815 1398 3035 1467 divitiis,
3052 1401 3393 1457 solitudinem
3409 1419 3520 1472 prae

1923 1486 2118 1554 patria,
2143 1485 2356 1543 labores
2381 1489 2725 1560 periculaque
2748 1505 2858 1560 pra
2878 1489 3089 1546 deliciis
3107 1505 3172 1546 ac
3203 1493 3516 1557 securitate,

1924 1586 2240 1648 perpetuum
2265 1580 2514 1636 exsilium
2559 1596 2671 1652 pra:
2696 1581 2905 1638 uadibus
2924 1582 3119 1654 elegit,
3167 1594 3227 1640 ut
3251 1583 3403 1641 illum
3450 1587 3520 1642 ab

1920 1666 2048 1722 odio
2095 1667 2149 1723 in
2175 1668 2351 1739 ipsum
2389 1671 2873 1744 malevolentiaque
2900 1674 3173 1730 liberaret.
3221 1677 3290 1730 At
3315 1691 3416 1732 nec
3439 1677 3522 1733 sic

1923 1758 2139 1828 quidem
2186 1761 2380 1816 melior
2405 1761 2578 1818 factus
2621 1773 2706 1819 est
2749 1763 2901 1829 Salii.
2934 1763 3028 1822 sed
3054 1767 3478 1837 persequebatur
3503 1808 3520 1834 ,

1923 1848 2018 1904 sed
2046 1849 2248 1921 ubique
2273 1853 2589 1909 circumibat
2612 1868 2858 1923 quarens
2885 1869 3008 1911 eum
3030 1895 3046 1920 ,
3077 1857 3167 1927 qui
3199 1871 3308 1912 non
3340 1858 3517 1914 solum

1922 1937 2057 1994 nihil
2086 1939 2320 2007 laeserat,
2344 1942 2440 1996 sed
2483 1956 2604 1997 cum
2629 1953 2775 1999 esset
2803 1943 2985 2012 hesus,
3018 1945 3249 2000 maxima
3274 1955 3329 2002 et
3363 1947 3522 2002 innu-

1921 2030 2195 2086 merabilia
2214 2046 2311 2103 pro
2327 2033 2533 2102 iniuriis
2543 2033 2681 2090 bona
2699 2035 3040 2105 rependerat.
3070 2037 3140 2092 At
3155 2036 3282 2091 Saul
3312 2037 3518 2107 impru-

1920 2120 2057 2177 dens
2083 2131 2206 2193 post
2230 2123 2416 2179 incidit
2440 2125 2495 2180 in
2525 2127 2658 2180 retia
2682 2125 2917 2181 Davidis.
2951 2125 3080 2181 Erat
3105 2126 3249 2182 enim
3270 2167 3284 2193 ,
3312 2127 3518 2197 inquit,

1921 2212 1992 2266 ibi
2008 2215 2271 2283 spelunca,
2297 2226 2345 2269 et
2369 2217 2621 2287 ingressus
2656 2227 2728 2272 est
2753 2217 2886 2273 Sail
2909 2227 2965 2271 ut
2991 2228 3289 2274 exoneraret
3323 2217 3515 2274 alvum.

1921 2300 2095 2358 David
2122 2314 2292 2359 autem
2318 2322 2433 2359 cum
2473 2307 2737 2362 comitibus
2761 2308 2868 2363 suis
2895 2308 2950 2363 in
2990 2309 3230 2363 interiore
3260 2309 3520 2379 spelunca:

1923 2404 2067 2463 parte
2089 2395 2310 2450 sedebat.
2337 2394 2684 2468 Dixerunth
2711 2398 2806 2453 viri
2839 2397 3008 2453 David
3034 2399 3104 2453 ad
3144 2400 3294 2454 illum
3326 2416 3348 2454 :
3384 2399 3520 2455 Ecce

1921 2483 2032 2538 dies
2059 2485 2123 2541 de
2146 2503 2246 2557 quo
2262 2486 2392 2542 dixit
2421 2487 2672 2543 Dominus
2695 2503 2716 2543 :
2746 2488 2971 2544 Tradam
2997 2489 3263 2544 inimicum
3287 2500 3429 2544 tuum
3465 2491 3520 2545 in

1920 2591 2106 2630 manus
2138 2586 2274 2642 tuas,
2296 2579 2554 2649 faciesque
2577 2579 2657 2633 illi
2678 2579 2816 2650 quod
2841 2580 3090 2652 placitum
3129 2581 3224 2635 erit
3257 2581 3313 2636 in
3357 2580 3521 2637 oculis

1923 2665 2041 2719 tuis.
2075 2663 2141 2719 Et
2166 2667 2386 2722 surrexit
2410 2665 2601 2732 Dauid,
2629 2669 2938 2739 sustulitque
2959 2669 3204 2724 laciniam
3231 2669 3521 2741 chlamydis

1922 2754 2102 2810 Saulis
2139 2755 2450 2810 clanculum.
2491 2753 2557 2811 Et
2599 2758 2821 2828 posthaec
2861 2762 3106 2828 percussit
3154 2757 3404 2814 Davident
3432 2775 3523 2813 cor

1919 2843 2105 2914 ipsius,
2149 2848 2286 2917 quod
2327 2847 2614 2902 abstulisset
2645 2847 2886 2903 laciniam
2935 2848 3244 2920 chlamydis,
3292 2839 3522 2920 dixitque

1921 2933 2091 2988 David
2111 2936 2181 2989 ad
2203 2936 2337 2991 viros
2374 2952 2496 2992 suos
2523 2953 2544 2992 :
2570 2937 2775 2992 Avertat
2793 2954 2826 2992 a
2849 2954 2930 2992 me
2952 2937 3223 3004 Dominus,
3251 2954 3314 2992 ne
3333 2937 3522 3008 faciant

1918 3027 2125 3081 verbum
2161 3029 2258 3082 hoc
2285 3029 2490 3083 domino
2529 3044 2663 3094 meo,
2705 3029 2894 3084 christo
2933 3028 3176 3096 Domini,
3223 3031 3522 3102 mittamque

1920 3132 2128 3170 manum
2162 3133 2328 3172 nteant
2363 3118 2418 3172 in
2445 3117 2623 3184 illum,
2662 3119 2906 3188 quoidam
2942 3119 3162 3173 christus
3190 3118 3403 3174 Domini
3443 3127 3518 3174 est

1923 3206 1998 3276 (i.
2023 3205 2152 3279 Reg.
2174 3207 2266 3264 21.
2295 3209 2462 3281 Μ).
2485 3207 2674 3265 Vidisti
2709 3217 2860 3265 tensa
2893 3209 3049 3278 retia,
3076 3209 3255 3273 vidisti
3282 3209 3518 3282 pmdam

1919 3309 2154 3371 captam,
2196 3299 2378 3356 vidisti
2422 3310 2734 3357 venatorem
2776 3308 3044 3366 erectum,
3092 3299 3274 3356 vidisti
3327 3315 3520 3357 omnes

1918 3391 2293 3455 adhortantes,
2346 3398 2404 3446 ut
2427 3405 2612 3447 ensem
2637 3390 2689 3446 in
2718 3390 2891 3447 hostia
2925 3401 3112 3462 pectus
3138 3390 3521 3461 immergerett

1914 3477 2072 3538 Nunc
2088 3479 2217 3536 mihi
2239 3489 2420 3552 specta
2439 3480 2864 3552 philosophicam
2885 3482 3049 3538 animi
3070 3481 3519 3551 moderationem,

1919 3582 2105 3643 specta
2155 3573 2374 3641 luctam,
2421 3572 2725 3640 victoriam,
2769 3588 3049 3631 coronam.
3095 3573 3230 3629 Nam
3263 3574 3520 3646 spelunca

1921 3665 2012 3721 illa
2037 3679 2261 3738 campus
2285 3673 2424 3732 erat,
2456 3674 2618 3736 atque
2656 3665 2802 3721 lucta
2844 3664 3089 3736 qundam
3117 3665 3381 3722 mirabilis
3431 3665 3520 3722 di-

1920 3767 2117 3832 ctuque
2142 3757 2474 3816 incredibilis
2519 3759 2656 3815 iacta
2682 3765 2784 3814 est.
2814 3756 3074 3815 Luctatus
3098 3767 3182 3814 at
3202 3757 3392 3826 David,
3418 3772 3519 3828 pn-

1914 3850 2081 3921 gilem
2127 3849 2237 3923 egit
2277 3849 2575 3923 iracundia,
2625 3846 2757 3905 Saill
2797 3848 3006 3920 positus
3052 3855 3171 3904 erat
3207 3847 3519 3904 certaminis

1921 3941 2182 4007 materia,
2213 3938 2567 4010 agonothetes
2613 3947 2733 3995 erat
2761 3938 2905 3994 Deus
2930 3955 2945 3992 :
2974 3937 3105 4008 quin
3148 3936 3364 4009 potius,
3409 3951 3522 3993 non

1922 4030 2026 4102 ipsi
2060 4030 2224 4087 modo
2249 4029 2509 4086 adversus
2536 4030 2803 4100 seipsum,
2833 4029 3213 4099 propriamque
3251 4027 3521 4098 cupidita-

1926 4132 2035 4180 tem
2060 4133 2178 4180 erat
2215 4124 2495 4194 prmlium,
2527 4121 2624 4177 sed
2667 4130 2725 4176 et
2755 4121 3016 4177 adversus
3058 4119 3256 4176 milites
3295 4120 3386 4190 qui
3425 4120 3524 4178 ad-

1922 4224 2099 4272 erant.
2117 4214 2328 4272 Etenim
2356 4213 2400 4269 si
2423 4212 2678 4269 voluisset
2700 4211 2883 4278 animo
2908 4211 3200 4276 moderari.
3219 4227 3284 4268 ac
3296 4225 3523 4284 parcere

1924 4308 1976 4365 ei
1997 4309 2090 4380 qui
2116 4308 2348 4375 laeserat,
2361 4313 2785 4361 consentaneum
2806 4314 2923 4361 erat
2950 4313 3010 4360 ut
3024 4312 3079 4361 et
3095 4304 3216 4361 illos
3232 4313 3520 4372 metueret,

1926 4414 1995 4456 ne
2023 4397 2162 4454 forte
2186 4397 2360 4468 ipsum
2392 4395 2719 4452 trucidarent
2742 4396 2795 4452 in
2825 4396 3098 4467 spelunca,
3127 4407 3398 4467 tamquam
3427 4396 3520 4468 qui

1925 4491 2138 4549 illorum
2173 4489 2402 4545 salutem
2433 4486 2794 4559 prodidisset,
2847 4501 2912 4543 ac
2958 4486 3229 4559 publicum
3279 4489 3518 4558 ipsorum
3574 4563 3580 4568 _

1926 4582 2138 4639 hostem
2157 4587 2448 4637 servasset.
2479 4577 2766 4635 Probabile
2791 4577 2935 4634 enim
2960 4586 3046 4633 est
3073 4578 3290 4634 illorum
3322 4595 3520 4637 unum-

1926 4688 2194 4746 quemque
2219 4671 2408 4728 dolore
2449 4671 2708 4741 percitum
2739 4669 2856 4726 hac
2883 4670 3020 4725 intra
3049 4685 3110 4726 se
3133 4669 3375 4729 dicturos
3391 4673 3521 4731 fuis-

1927 4783 1987 4825 se
2003 4785 2018 4822 :
2036 4767 2271 4823 Errones
2291 4762 2615 4835 exsulesque
2635 4775 2842 4828 sumus,
2862 4759 3048 4829 domo,
3069 4761 3260 4831 patria,
3277 4765 3526 4820 caeteris-

1925 4873 2034 4931 que
2073 4856 2323 4913 omnibus
2349 4854 2584 4920 excussi,
2627 4851 2978 4923 omniumque
2997 4849 3371 4907 dillicultatum
3402 4862 3521 4906 tua-

1927 4963 2047 5005 rum
2085 4956 2366 5004 consortcs
2401 4955 2626 5000 sumus:
2652 4951 2709 4997 et
2738 4951 2793 4997 tu
2819 4957 2964 5008 eum,
2991 4944 3081 5013 qui
3127 4940 3318 4997 borum
3347 4943 3522 4998 malo-

1927 5058 2051 5100 rum
2098 5049 2185 5097 est
2223 5049 2449 5106 auctor,
2503 5036 2558 5091 in
2600 5049 2791 5092 manus
2828 5043 2948 5090 tuas
2991 5035 3240 5091 traditum
3263 5075 3280 5100 ,
3318 5036 3524 5107 cogitas

1928 5133 2221 5202 dimittere,
2252 5147 2323 5190 ne
2356 5131 2514 5188 nobis
2538 5144 2791 5202 umquam
2819 5128 2977 5184 liceat
3000 5128 3067 5183 ab
3090 5128 3176 5184 his
3204 5127 3523 5184 calamitati—

1926 5226 2029 5284 bus
2047 5225 2338 5297 respirare,
2364 5238 2431 5280 ac
2475 5221 2702 5294 proditis
2729 5219 2916 5276 amicis
2944 5221 3151 5276 hostem
3169 5235 3385 5276 servare
3406 5230 3523 5277 stu-

1927 5318 2064 5377 des?
2098 5320 2181 5374 An
2208 5318 2322 5373 haec
2346 5315 2491 5388 iusta
2520 5314 2677 5370 sunt?
2708 5311 2842 5368 Nam
2866 5310 2913 5367 si
2936 5320 3078 5367 tuam
3099 5311 3267 5383 ipsius
3294 5311 3522 5367 salutem

1930 5410 2172 5482 negligis,
2200 5415 2402 5464 nostrae
2447 5413 2597 5462 certe
2640 5404 2765 5460 vitae
2811 5417 3019 5472 parcas.
3049 5401 3168 5458 Non
3197 5402 3309 5458 tibi
3338 5403 3525 5459 dolent

1928 5510 2197 5566 anteacta,
2226 5505 2402 5569 neque
2426 5509 2637 5552 memor
2663 5509 2724 5550 es
2748 5493 3012 5548 malorum
3037 5506 3159 5563 qua:
3184 5486 3370 5547 ab’lillo
3398 5507 3523 5562 per-

1929 5606 2119 5664 pessus
2160 5591 2267 5647 es?
2303 5590 2462 5646 Certe
2504 5587 2573 5643 ab
2599 5601 2662 5642 ea
2692 5599 2815 5657 quas
2863 5585 3038 5639 futura
3085 5581 3393 5648 song-tolle
3421 5582 3524 5638 ho-

1929 5694 2090 5752 stem,
2119 5699 2188 5742 ne
2206 5684 2410 5756 maiora
2437 5691 2495 5739 et
2521 5680 2800 5738 acerbiora
2821 5677 3188 5750 perpetiamur
3207 5675 3372 5731 mala.
3398 5675 3524 5733 litua

1933 5787 1992 5835 ut
2034 5778 2216 5837 verbis
2263 5792 2370 5835 non
2413 5777 2522 5833 sint
2551 5770 2877 5848 proloquuti,
2906 5779 3085 5828 tamen
3129 5769 3312 5828 animo
3337 5781 3522 5828 secum
