4066 6432
534 421 638 479 685

531 540 820 596 volvebant
861 551 980 592 cum
1021 534 1141 594 ista,
1189 537 1300 584 tum
1332 525 1448 582 istis
1494 524 1655 580 etiam
1687 519 1789 576 alia
1817 517 2039 585 majora.

603 631 658 686 5.
706 629 894 683 Verum
923 623 1048 678 nihil
1096 622 1286 674 horum
1309 617 1484 686 justus
1510 613 1600 668 ille
1628 607 1766 681 apud
1800 623 1860 664 se
1887 616 2118 676 perpen-

533 721 711 783 debat,
736 731 894 771 unum
945 711 1071 767 illud
1122 718 1391 781 spectans,
1441 702 1708 774 quomodo
1759 703 1940 768 posset
1986 692 2120 748 redi-

534 811 654 866 miri
701 806 996 862 tol‘erantize
1038 816 1252 865 corona,
1283 814 1344 852 ac
1385 809 1573 850 novam
1626 787 1911 861 quamdam
1945 784 2118 840 admi-

532 901 863 970 rabil'emque
925 893 1311 966 philosophiam
1387 899 1660 960 exercere.
1724 881 1908 950 Neque
1956 875 2118 970 enim

531 991 754 1062 perinde
777 968 984 1043 Vmirum
1025 993 1172 1048 erat,
1204 981 1248 1036 si
1287 995 1410 1033 cum
1455 983 1604 1031 esset
1637 973 1782 1028 solbs
1828 980 1883 1026 et
1919 968 2121 1036 absque

530 1080 814 1137 comitibus
837 1119 852 1141 ,
885 1074 1208 1146 pepercisset
1243 1071 1315 1125 illi
1361 1083 1394 1123 a
1423 1081 1528 1137 quo
1557 1066 1726 1120 fuerat
1754 1063 1935 1128 lirsus,
1960 1067 2121 1129 atque

531 1187 674 1228 nunc
697 1179 797 1234 est,
819 1167 960 1237 quod
984 1165 1084 1220 hoc
1111 1163 1248 1218 idem
1279 1160 1397 1215 aliis
1419 1155 1772 1230 praesentibus
1802 1152 1924 1207 fecit
1955 1169 1968 1205 :
1997 1165 2120 1204 nam

533 1263 769 1320 militum
791 1259 1001 1312 illorum
1033 1251 1313 1324 prementia
1339 1249 1609 1319 geminum
1637 1255 1749 1301 erat
1770 1239 2121 1313 philosophiae

532 1352 885 1410 obstaculum.
907 1347 1072 1402 Nobis
1096 1345 1223 1415 ipsis
1246 1343 1551 1412 frequenter
1569 1336 1768 1403 evenit,
1787 1346 1842 1390 ut
1865 1349 1986 1390 cum
2013 1342 2124 1386 sta-

534 1445 795 1501 tuerimus
822 1439 1111 1494 vindictam
1160 1432 1463 1500 remittere,
1496 1438 1550 1484 et
1591 1425 1877 1482 commissa
1916 1421 2121 1476 condo-

535 1551 697 1601 nare;
748 1543 867 1604 post
905 1529 993 1585 ubi
1041 1525 1331 1582 viderimus
1372 1521 1578 1591 aliquos
1622 1531 1719 1572 nos
1762 1515 2029 1570 irritantes
2066 1521 2122 1568 et

533 1602 881 1686 concitantes,
902 1627 1166 1674 mutemus
1182 1612 1522 1676 sententiam,
1537 1617 1592 1664 et
1612 1607 1821 1662 i|l0rutn
1845 1604 2004 1659 dictis
2023 1602 2124 1659 obs

535 1726 909 1786 temperemus.
936 1708 1134 1763 Verum
1168 1707 1268 1760 hoc
1297 1718 1404 1757 non
1434 1699 1625 1756 accidit
1651 1697 1775 1753 huic
1799 1696 1955 1752 beato
1978 1736 1992 1759 ,
2024 1691 2121 1750 sed

533 1811 693 1864 etiam
733 1811 856 1875 post
886 1801 1100 1856 illorum
1130 1796 1408 1851 consilium
1443 1801 1502 1848 et
1534 1789 1960 1846 exhortationem
2001 1800 2123 1854 per-

531 1895 794 1955 severavit
818 1895 870 1950 in
907 1891 1071 1948 animi
1113 1886 1405 1960 proposito.
1439 1887 1508 1939 At
1537 1898 1606 1937 ne
1634 1881 1734 1935 hoc
1758 1879 1972 1951 quidem
1999 1885 2122 1931 tan-

529 2003 648 2047 tum
691 1997 774 2044 est
808 1982 1163 2040 admiratione
1192 1979 1438 2048 dignum,
1465 1974 1606 2046 quod
1637 1987 1737 2027 nec
1769 1971 1993 2026 aliorum
2020 1968 2123 2022 ad-

529 2080 736 2137 monitu
757 2077 988 2133 dimotus
1014 2081 1097 2128 est
1121 2087 1150 2124 a
1171 2068 1466 2139 proposito,
1489 2064 1738 2135 quodque
1768 2071 1976 2116 nonest
2001 2059 2120 2115 ill‘os

530 2172 732 2227 veritus
756 2210 770 2233 ,
799 2165 903 2222 sed
922 2161 1066 2234 quod
1104 2159 1355 2230 perfecit,
1379 2165 1438 2211 ut
1485 2165 1540 2236 et
1572 2155 1648 2209 illi
1691 2153 1932 2236 eamdem
1958 2149 2132 2205 animi

530 2231 955 2318 moderationem
998 2258 1288 2307 sumerent.
1335 2231 1578 2316 Magnum
1621 2242 1871 2315 quidem,
1901 2231 1964 2296 ‘si
2005 2239 2124 2310 quis

530 2352 649 2407 suis
684 2342 1062 2417 cupiditatibus
1096 2342 1322 2409 imperet
1352 2353 1366 2390 :
1407 2333 1502 2390 sed
1539 2334 1706 2387 multo
1743 2330 2035 2412 majus'est
2069 2336 2124 2383 et

530 2442 650 2496 aliis
692 2435 1012 2508 persuadere
1059 2445 1250 2502 posse,
1283 2437 1339 2482 ut
1368 2434 1422 2482 et
1462 2425 1562 2494 ipsi
1606 2431 1837 2477 mentem
1881 2418 2121 2508 eamdem

532 2504 765 2595 habeant
797 2543 811 2580 :
845 2524 984 2587 aliis,
1011 2522 1247 2590 inquam,
1277 2516 1368 2587 qui
1393 2529 1493 2570 nec
1523 2513 1748 2568 modesti
1789 2520 1914 2566 sunt
1940 2504 2122 2565 homi—

531 2635 649 2684 nes,
673 2631 845 2688 neque
876 2616 1253 2682 temperantes,
1281 2607 1375 2662 sed
1402 2606 1618 2670 milites,
1651 2605 1737 2675 qui
1770 2603 1956 2658 multis
1983 2601 2125 2656 diffl-

530 2708 814 2766 cultatibus
834 2707 942 2776 jam
968 2704 1020 2758 in
1049 2700 1476 2772 desperationem
1504 2708 1655 2752 erant
1679 2694 1912 2760 adducti,
1946 2709 1981 2748 a
1999 2693 2125 2763 qui-

531 2802 632 2858 bus
666 2797 940 2871 paululum
986 2793 1254 2862 respirare
1289 2789 1590 2860 cupiebant,
1621 2787 1761 2841 haud
1807 2785 1974 2856 ignari
2017 2799 2124 2839 non

532 2892 698 2949 modo
723 2900 886 2945 totam
917 2886 1178 2941 malorum
1207 2881 1527 2937 solutionem
1550 2879 1603 2933 in
1623 2875 1790 2933 hostis
1809 2891 1939 2932 nece
1965 2875 2122 2930 sitam

533 3001 686 3051 esse;
729 2996 826 3038 nec
860 2979 1020 3035 modo
1051 2977 1309 3031 malorum
1337 2972 1657 3028 solutionem
1678 3011 1693 3038 ,
1738 2984 1921 3025 verum
1961 2968 2124 3023 etiam

534 3077 882 3150 plurimorum
927 3070 1191 3125 bonorum
1240 3065 1677 3134 acquisitiouem,
1725 3061 1939 3132 quando
1992 3058 2126 3116 nihil

534 3166 814 3228 obstabat,
858 3160 1145 3231 quominus
1193 3158 1285 3212 illo
1314 3156 1576 3212 trucidato
1616 3155 1860 3225 protinus
1905 3168 2127 3224 regnum

536 3258 786 3315 transiret
828 3253 896 3310 nd
937 3250 1208 3308 Davidem.
1241 3250 1488 3304 Attamen
1528 3261 1648 3301 cum
1691 3253 1769 3300 tot
1806 3254 1986 3301 essent
2039 3260 2126 3300 res

533 3365 654 3422 quae
674 3346 871 3403 milites
899 3343 1196 3407 irritabant,
1214 3348 1414 3394 tantum
1435 3337 1599 3393 valuit
1622 3338 1710 3392 ille
1729 3350 2044 3407 generosus,
2071 3345 2129 3393 ut

428 3449 430 3451 ’
535 3442 619 3497 his
647 3439 892 3496 omnibus
914 3436 1070 3493 fuerit
1095 3435 1367 3505 superior,
1385 3431 1736 3502 suaderetque
1759 3439 1815 3486 ιιι
1835 3429 1973 3487 hosti
1999 3445 2127 3503 par-

525 3545 738 3592 ‘cerent.

699 3552 738 3592 t.

533 3552 1068 3688 ﬁerCetiittst'liamilitum
1090 3627 1159 3680 ad
1182 3623 1376 3680 credent
1394 3605 1761 3689 impellentium
1790 3618 1996 3690 negligit
2022 3615 2129 3671 Bap

534 3721 653 3785 rid;
680 3738 772 3776 cur
798 3702 949 3773 Deus
989 3718 1154 3771 hostes
1196 3714 1338 3768 nobis
1373 3714 1660 3766 tradat.—
1680 3711 1868 3780 Operae
1900 3707 2130 3778 pretium

537 3827 668 3869 vero
697 3821 808 3876 est,
838 3811 999 3865 etiam
1040 3810 1276 3878 ipsorum
1315 3805 1542 3858 militum
1581 3803 1765 3856 audire
1805 3801 2084 3856 consilium
2111 3841 2127 3866 ,

537 3905 661 3975 quia
702 3900 909 3958 consilii
945 3898 1205 3954 calliditas
1247 3896 1458 3950 ﬁrmum
1505 3905 1558 3950 et
1588 3893 1815 3948 Solidum
1843 3892 1972 3962 justi
2016 3892 2130 3947 ani-

539 4008 686 4050 mum
713 3990 964 4046 ostendit.
995 3988 1110 4042 Non
1142 3988 1282 4042 enim
1317 3987 1387 4039 ita
1433 3983 1634 4054 loQuuti
1680 3991 1804 4037 sunt
1833 4000 1845 4034 :
1879 3981 2134 4052 Ecce-qui

541 4084 705 4140 multa
732 4082 785 4137 in
814 4090 865 4136 te
903 4079 1120 4134 molitus
1147 4084 1232 4132 est
1274 4076 1408 4130 mala
1434 4115 1450 4140 ,
1482 4075 1572 4143 qui
1607 4089 1791 4128 necem
1825 4083 1967 4127 tuam
1999 4087 2132 4128 con-

540 4174 765 4246 cupivit,
801 4172 889 4244 qui
934 4186 1032 4226 nos
1079 4165 1555 4224 immetlicabiltbns
1599 4164 1812 4220 vallavit
1848 4161 2136 4218 difficulta-

544 4267 685 4320 tibus
720 4280 734 4316 :
773 4261 867 4317 sed
911 4261 1001 4315 ubi
1050 4267 1434 4329 pet-spexerunt
1474 4255 1587 4309 hmo
1634 4254 1812 4309 omnia
1865 4254 2134 4324 negligere

549 4356 833 4418 Davidem,
863 4368 964 4408 nec
1000 4364 1244 4420 magnam
1288 4348 1484 4402 habere
1515 4347 1774 4401 rationem
1807 4347 1857 4398 in
1892 4361 1953 4402 se
1989 4360 2137 4401 com-

543 4446 1096 4516 missorum,allegant
1121 4441 1194 4496 illi
1212 4441 1445 4496 divinum
1473 4437 1942 4506 auctorem,Deus,
1967 4438 2134 4504 aiunt,

543 4543 690 4598 illum
735 4539 981 4600 tradidit,
1018 4550 1124 4606 quo
1161 4533 1408 4589 videlicet
1446 4530 1704 4601 judicium
1744 4547 1772 4585 a
1807 4531 1915 4585 Deo
1957 4532 2138 4600 profe-

503 4681 509 4686 .
545 4643 690 4690 ctum
719 4631 997 4694 reveritus,
1021 4627 1316 4698 promptius
1342 4627 1443 4682 iret
1467 4626 1533 4679 ad
1561 4624 1927 4679 homicidium.
1971 4624 2137 4678 Num-

548 4727 710 4798 quid,
745 4723 1028 4794 inquiunt,
1069 4730 1212 4774 tuam
1256 4721 1423 4789 ipsius
1471 4719 1638 4774 vicem
1681 4718 1993 4772 ulcisceris?
2026 4717 2140 4773 Deo

549 4818 721 4874 servis
767 4831 829 4870 ac
875 4812 1188 4875 ministras,
1237 4809 1378 4864 illius
1429 4809 1748 4864 sententiam
1797 4811 2134 4880 comprobes.

548 4909 653 4965 Sed
685 4922 790 4978 quo
821 4903 988 4975 magis
1017 4901 1131 4956 haec
1158 4900 1406 4957 dicebant
1430 4941 1442 4964 ,
1469 4909 1616 4954 tanto
1642 4903 1808 4971 magis
1836 4901 1920 4956 hic
1949 4918 2139 4972 peper-

548 5005 623 5060 cit
673 5000 835 5056 hosti.
879 4995 1208 5066 lntelligebat
1257 4994 1399 5048 enim
1425 5035 1441 5061 ,
1475 4993 1640 5048 Deum
1691 4993 1812 5049 ideo
1857 4993 2138 5050 tradidisse

550 5109 673 5149 eum
701 5134 715 5157 ,
752 5100 810 5145 ut
854 5088 954 5144 sibi
995 5085 1225 5156 majores
1261 5085 1570 5140 occasiones
1611 5086 1897 5156 probanda:
1928 5087 2139 5142 virtutis

551 5182 931 5253 suppeditaret.
969 5175 1196 5232 Proinde
1236 5186 1289 5230 tu
1333 5191 1584 5246 quoque,
1625 5178 1668 5230 si
1710 5177 1924 5247 quando
1971 5177 2140 5235 hostis

551 5285 674 5330 tnus
703 5270 948 5328 inciderit
971 5268 1023 5322 in
1065 5280 1254 5321 manus
1283 5275 1398 5320 tuas
1421 5307 1436 5332 ,
1465 5281 1594 5321 cave
1617 5277 1768 5336 putes
1806 5283 1927 5324 esse
1959 5267 2138 5324 datam

554 5363 880 5426 ulciscendi,
921 5359 1013 5415 sed
1052 5357 1298 5414 servandi
1352 5357 1521 5412 hostis
1572 5358 1925 5415 occasionem.
1957 5359 2143 5430 quue

557 5467 668 5512 tum
715 5456 942 5510 maxime
972 5449 1296 5522 parcendum
1325 5459 1408 5506 est
1434 5447 1694 5516 inimicis,
1725 5465 1844 5507 eum
1887 5452 1962 5507 illi
2006 5451 2143 5509 forte

556 5556 817 5602 venerunt
837 5547 888 5600 in
921 5551 1234 5613 potestatem
1266 5552 1522 5597 nostram.
1544 5543 1610 5596 At
1633 5541 1718 5597 hic
1739 5541 1964 5600 fortasse
1991 5544 2145 5601 disc-

553 5639 625 5695 rit
650 5634 838 5704 aliquis
866 5650 880 5687 :
913 5633 978 5688 Et
996 5633 1121 5703 quid
1144 5647 1414 5704 maguum,
1440 5639 1532 5687 aut
1559 5632 1683 5703 quid
1711 5634 1904 5690 mirum
1924 5650 2142 5706 parcere

557 5731 604 5783 ei
641 5743 797 5797 quem
844 5724 1007 5803 habes
1038 5725 1092 5779 in
1118 5734 1204 5779 tua
1233 5723 1530 5796 potestate?
1557 5724 1872 5795 Complures
1920 5728 2060 5784 ettim
2090 5739 2145 5786 et

558 5818 646 5876 alii
676 5832 829 5888 rcges
864 5816 929 5874 ad
972 5815 1321 5890 principatum
1352 5815 1520 5873 evecti
1543 5856 1557 5884 ,
1585 5830 1707 5874 sese
1738 5815 2011 5891 indignum
2051 5819 2142 5891 ju-

1327 408 1385 466 s.
1424 402 1704 464 tosnms
1734 389 2217 459 suavsosrout
2257 365 3137 445 ARCHIEP.CONSTAN11NOP.

2228 504 2470 560 dicarunt
2498 487 2552 556 in
2589 503 2740 554 tanto
2762 501 2913 568 regni
2945 497 3154 564 fastigio
3180 489 3249 547 ab
3274 491 3339 545 iis
3367 501 3556 560 poenas
3580 487 3814 556 exigere,

2221 611 2252 651 a
2280 595 2473 666 quibus
2499 591 2627 646 olim
2653 589 2861 643 fuerant
2882 584 3071 641 otl’ensi
3100 600 3114 638 :
3147 583 3260 651 ipsa
3291 580 3544 650 potentias
3569 575 3824 632 sublimi—

2224 695 2305 741 tas
2334 698 2551 741 causam
2578 679 2753 736 attulit
2780 675 3248 734 reconciliationis.
3273 673 3553 729 Verum-in
3589 671 3696 725 hoc
3719 684 3819 724 ne~

2221 776 2366 848 gotio
2408 774 2513 830 tale
2552 770 2684 827 nihil
2719 769 2892 841 possis
2928 767 3130 823 dicere.
3159 766 3343 835 Neque
3379 763 3524 820 enim
3556 760 3726 816 David
3752 759 3836 814 ad‘

2223 867 2574 939 principatum
2601 870 2839 927 evectus,
2868 875 3043 930 neque
3067 874 3300 931 regnum
3320 857 3567 928 adeptus,
3597 868 3666 910 ac
3687 853 3824 908 Sail.

2222 959 2337 1014 lem
2355 958 2408 1012 in
2435 955 2680 1011 manibus
2707 953 2912 1009 habens
2932 994 2948 1020 ,
2976 951 3048 1006 ita
3079 950 3294 1007 demum
3335 950 3410 1004 illi
3437 948 3682 1019 pepercit
3705 991 3719 1012 ,
3753 962 3824 1003 ne

2222 1051 2340 1120 quis
2369 1047 2576 1104 causari
2599 1047 2762 1116 possit
2793 1046 2941 1116 regni
2973 1042 3334 1114 magnitudine
3358 1041 3626 1096 sublatam
3659 1040 3826 1094 fuisse

2223 1141 2356 1196 iram
2389 1147 2406 1193 :
2437 1137 2531 1195 sed
2555 1152 2676 1193 cum
2706 1136 2867 1192 sciret
2896 1135 3033 1200 fore,
3055 1144 3114 1189 ut
3141 1135 3235 1190 ille
3266 1141 3508 1188 servatus
3537 1145 3726 1187 rursus
3754 1131 3822 1186 ad

2223 1232 2410 1290 eadem
2441 1230 2673 1295 rediret,
2705 1238 2760 1285 et
2790 1229 2906 1298 ipse
2943 1228 2994 1282 in
3041 1227 3284 1297 graviora
3318 1224 3553 1295 pericula
3580 1223 3824 1292 conjice-

2221 1335 2405 1391 retur,
2438 1339 2507 1379 ne
2535 1321 2655 1378 ideo
2679 1319 2893 1392 quidem
2931 1318 3146 1375 occidit.
3191 1316 3268 1372 Ne
3305 1317 3488 1387 utique
3525 1316 3672 1371 hunc
3701 1329 3825 1370 cum

2223 1414 2330 1471 illis
2371 1413 2729 1470 conferamus.
2763 1409 3034 1481 Siquidem
3077 1407 3152 1463 illi
3175 1407 3428 1479 quoniam
3465 1406 3666 1461 habent
3704 1419 3828 1460 cer-

2225 1513 2336 1560 t'um
2388 1513 2668 1572 tutumque
2710 1501 2902 1572 pignus
2950 1498 3142 1554 fotum
3191 1496 3462 1567 deinceps
3493 1495 3824 1561 securitatis,

2224 1594 2418 1650 merito
2460 1584 2722 1664 parcunt;
2767 1591 2854 1646 hic
2893 1604 3023 1646 vero
3054 1603 3178 1644 cum
3216 1588 3376 1644 sciret
3412 1603 3472 1642 se
3509 1586 3722 1641 hostem
3771 1585 3828 1640 in

2225 1701 2389 1742 suam-
2423 1686 2590 1756 ipsius
2637 1682 2928 1754 perniciem
2978 1681 3279 1746 dimittere,
3311 1694 3375 1736 ac
3413 1679 3643 1735 salutem
3695 1678 3830 1734 dare

2225 1775 2464 1841 inimico,
2498 1773 2651 1829 haud'
2669 1782 2846 1829 tamen
2877 1773 3022 1829 illum
3050 1771 3266 1838 occidit,
3306 1770 3466 1841 idque
3491 1785 3614 1825 cum
3654 1768 3829 1824 halte-

2225 1871 2318 1922 rct
2346 1866 2513 1922 multa
2562 1865 2629 1921 ad
2658 1880 2778 1920 eam
2812 1863 3014 1920 eadem
3050 1861 3400 1933 impellentia.
3443 1862 3654 1917 Etenim
3695 1861 3832 1915 soli-

2227 1957 2356 2012 tudo
2381 1956 2523 2028 regis
2550 1955 2750 2010 auxilio
2788 1954 2994 2021 nudati,
3023 1953 3328 2008 exhortatio
3353 1953 3604 2017 militum,
3630 1963 3830 2021 praete-

2225 2040 2449 2103 ritorum
2481 2047 2760 2113 memoria,
2789 2045 3086 2101 futurorum
3125 2051 3340 2109 metus;
3364 2043 3430 2097 ad
3460 2041 3576 2098 haec
3600 2041 3744 2112 quod
3783 2042 3832 2097 si

2228 2138 2583 2193 interfecisset
2629 2137 2901 2192 inimicum
2922 2177 2938 2202 ,
2987 2131 3094 2190 non
3133 2145 3326 2206 posset
3351 2133 3596 2190 damnari
3621 2133 3790 2189 cadis
3813 2175 3830 2199 .

2228 2228 2475 2300 quodque
2501 2237 2622 2300 post
2641 2228 2842 2288 caedem
2872 2237 3143 2303 peractam
3171 2227 3341 2298 legem
3371 2226 3448 2299 (α)
3473 2227 3646 2295 ipsam
3678 2241 3836 2280 man-

2231 2320 2516 2376 suetudine
2536 2334 2791 2390 superare
2812 2311 3110 2384 videretur,
3133 2317 3250 2373 haec
3269 2326 3332 2384 et
3353 2317 3456 2371 alla
3487 2316 3640 2387 plura
3673 2331 3835 2387 urge-

2231 2408 2361 2464 bant
2412 2409 2911 2480 compellebantque
2962 2409 3138 2480 gladio
3191 2410 3342 2464 illum
3393 2407 3708 2464 confodere.
3763 2411 3835 2464 At

2228 2498 2420 2554 horum
2462 2499 2591 2554 nulli
2621 2499 2818 2565 cessit,
2846 2499 2942 2556 sed
2971 2499 3269 2555 adamantis
3311 2499 3501 2555 invicti
3531 2514 3683 2555 more
3712 2514 3848 2569 per-ﬂ

2229 2590 2382 2652 stitit,
2413 2590 2786 2645 intemeratam
2817 2589 3170 2660 philosophia:
3215 2591 3387 2661 legem
3437 2604 3681 2646 servans.
3711 2588 3832 2645 Ca:-

2232 2689 2404 2734 tertrm
2433 2695 2501 2736 ne
2524 2679 2671 2735 dicas
2703 2680 2852 2735 ill'tttn
2893 2681 3023 2736 nihil
3046 2696 3231 2737 eorum
3260 2681 3496 2737 sensisse
3521 2680 3830 2746 aﬂ‘ectuum,

2229 2785 2365 2839 quos
2391 2771 2638 2826 sensisse
2654 2786 2750 2842 per
2772 2779 2909 2838 erat,
2939 2772 3033 2827 sed
3061 2772 3111 2828 id
3138 2773 3279 2846 quod
3308 2774 3501 2830 accidit
3531 2789 3639 2830 non
3671 2774 3843 2830 fuisse

2233 2862 2624 2934 philosophiam
2648 2904 2663 2930 ,
2690 2863 2786 2919 sed
2823 2871 3097 2934 stuporem
3127 2883 3141 2918 :
3173 2865 3455 2921 considera
3485 2883 3644 2936 quam
3673 2868 3833 2923 vehe-

2231 2964 2444 3013 menter
2478 2965 2827 3026 exasperatus
2872 2948 2972 3013 sibi
3011 2957 3340 3026 temperarit.
3390 2957 3671 3030 Siquidem
3722 2960 3830 3014 ira-

2231 3048 2440 3102 cundiae
2469 3046 2663 3102 ﬂuctus
2686 3046 2740 3102 in
2761 3046 2941 3103 animo
2967 3047 3106 3102 illius
3135 3048 3474 3115 intumuisse,
3499 3051 3831 3122 multamque

2232 3140 2612 3211 cogitationum
2645 3140 2933 3209 procellam
2975 3143 3295 3198 concitatam
3328 3143 3493 3199 fuisse
3517 3184 3535 3208 ,
3575 3143 3674 3198 sed
3712 3158 3829 3199 eam

2236 3241 2607 3303 tempestatem
2652 3231 2954 3288 refrenasse
2994 3232 3183 3290 timore
3230 3235 3353 3300 Dei,
3393 3235 3710 3306 animosque
3745 3251 3832 3292 rc-

2232 3326 2513 3396 pressisse,
2543 3339 2609 3380 ex
2638 3325 2700 3379 iis
2724 3340 2846 3394 quae
2876 3325 3016 3379 facta
3043 3334 3164 3380 sunt
3189 3326 3495 3396 perspicere
3521 3325 3667 3395 licet.
3700 3325 3836 3382 Sur-

2231 3419 2383 3482 rexit,
2404 3417 2593 3488 inquit,
2621 3427 2669 3472 et
2691 3416 2806 3472 tulit
2830 3433 2970 3473 oram
2989 3417 3282 3489 chlamydis
3306 3414 3490 3472 Sutilis
3509 3404 3854 3471 clanculum.

2234 3511 2397 3567 Vides
2441 3520 2637 3582 quanta
2680 3513 2774 3568 irae
2803 3518 3095 3581 tempestas
3139 3519 3326 3567 coorta
3363 3510 3558 3566 fuerit!
3611 3513 3685 3568 At
3726 3527 3836 3566 non

2233 3604 2496 3676 processit
2524 3602 2779 3670 ulterius,
2804 3618 2980 3674 neque
3019 3601 3145 3658 fecit
3182 3602 3517 3673 nautragium
3542 3643 3559 3669 ,
3590 3617 3660 3658 eo
3691 3604 3840 3676 quod

2233 3675 2576 3766 gubernatrix
2600 3693 2740 3748 illico
2765 3694 3004 3749 sentiens
3030 3693 3344 3764 periculum,
3372 3691 3621 3748 videlicet
3652 3693 3733 3764 pia
3760 3675 3842 3750 ra-

2237 3788 2312 3840 tio
2335 3827 2351 3852 ,
2383 3793 2751 3854 tempestatem
2793 3785 2950 3840 vertit
2998 3784 3049 3839 in
3084 3784 3539 3855 tranquillitatem.
3573 3781 3842 3840 Percussit

2238 3876 2412 3941 enim,
2444 3875 2651 3946 inquit,
2679 3872 2929 3929 Doridem
2973 3891 3062 3930 cor
3106 3876 3302 3946 ipsius,
3329 3889 3394 3929 ac
3440 3875 3590 3930 velut
3638 3891 3846 3946 equum

2238 3967 2604 4023 subsilientem
2640 3981 2702 4021 ac
2733 3966 3098 4030 ferocientem,
3128 3968 3399 4022 revocavit
3427 3967 3583 4020 iram.

2311 4059 2364 4113 6.
2405 4057 2719 4128 Huiusmodi
2751 4064 2876 4111 sunt
2915 4066 3223 4112 sanctorum
3263 4058 3455 4111 anima:
3480 4073 3495 4110 :
3525 4049 3840 4129 priusquam

2238 4151 2540 4214 concidant,
2573 4160 2878 4220 resurgunt,
2909 4151 3214 4221 priusquam
3240 4149 3308 4205 ad
3339 4158 3616 4219 peccatum
3643 4166 3842 4222 perve-

2240 4244 2408 4305 niant,
2438 4241 2795 4310 refrenantur,
2828 4257 2894 4299 eo
2919 4243 3060 4315 quod
3103 4243 3296 4297 sobria:
3343 4243 3447 4297 sint
3474 4285 3488 4308 ,
3518 4258 3843 4316 semperque

2241 4333 2478 4402 vigilent.
2533 4332 2596 4387 Et
2636 4340 2815 4386 tamen
2862 4344 3120 4402 quantum
3157 4341 3274 4388 erat
3319 4333 3658 4388 intervallum
3702 4335 3843 4391 inter

2242 4439 2436 4493 corpus
2458 4432 2511 4477 et
2538 4432 2738 4478 vestem
2764 4423 2788 4476 ?
2815 4424 3066 4480 Attamen
3095 4424 3182 4479 ille
3216 4427 3449 4494 seipsum
3479 4427 3745 4492 cohibuit,
3776 4445 3844 4485 ne

2243 4513 2653 4584 progrederetur
2698 4513 2919 4570 ulterius
2973 4533 2986 4568 :
3028 4515 3349 4586 insuperque
3390 4516 3470 4571 ob.
3508 4515 3612 4573 hoc
3666 4518 3841 4588 ipsum

2242 4605 2476 4676 graviter
2517 4605 2750 4674 seipsutn
2795 4606 3191 4662 condemnavit.
3228 4605 3488 4663 Percussit
3529 4611 3706 4672 enim.
3763 4613 3840 4667 in-

2243 4699 2376 4768 qttit,
2408 4699 2553 4756 illum
2591 4715 2678 4753 cor
2701 4698 2882 4770 ipsius,
2911 4699 3052 4771 quod
3074 4700 3360 4756 abstulisset
3387 4713 3673 4758 extremum
3702 4705 3847 4759 chla-

2243 4791 2410 4862 mydis
2434 4831 2450 4857 ,
2478 4791 2705 4861 dixitque
2731 4791 2805 4844 ad
2838 4792 2970 4846 viros
2996 4807 3017 4845 :
3053 4791 3383 4863 Nequaquam
3426 4795 3521 4848 hoc
3548 4796 3678 4849 mihi
3720 4797 3786 4851 sit
3813 4815 3845 4851 α

2243 4879 2464 4937 Domino
2491 4883 2563 4955 (b)
2596 4882 2668 4955 (ι.
2700 4879 2826 4952 Reg.
2847 4881 2938 4936 24.
2964 4883 3042 4954 6).
3061 4884 3196 4950 Quid
3218 4893 3306 4940 est.
3323 4885 3471 4952 illud,
3502 4885 3845 4960 Nequaqu

2245 4976 2339 5030 hoc
2366 4978 2430 5031 sit
2460 4976 2583 5029 mihi
2616 4994 2648 5030 a
2672 4974 2892 5031 Domino
2918 4977 2943 5031 .9
2971 4975 3257 5047 Propitius,
3288 4977 3479 5050 inquit,
3513 4980 3584 5034 sit
3622 4981 3846 5046 milti,'si

2245 5069 2347 5124 hoc
2371 5068 2660 5124 voluissem
2695 5085 2709 5121 :
2739 5085 2806 5124 ne
2845 5069 3106 5125 concedat
3130 5069 3380 5140 umquam
3421 5079 3478 5126 ut
3518 5071 3623 5127 hoc
3651 5071 3847 5128 inciam

2246 5160 2411 5228 Deus,
2435 5176 2607 5231 neque
2631 5161 2900 5232 perntittat
2927 5178 3013 5217 me
3034 5163 3101 5217 ad
3127 5171 3331 5217 tantum
3360 5161 3614 5220 devenire
3644 5169 3845 5222 scelus.

2245 5254 2507 5324 Quoniam
2543 5254 2756 5311 videbat
2804 5255 2943 5310 hanc
2977 5255 3371 5327 philosophiam
3408 5273 3666 5328 superare
3711 5275 3849 5330 pene

2313 5454 2394 5528 te)
2417 5458 2764 5528 ιεεθειξβυεξω
2786 5455 3162 5528 mansuetudine
3178 5462 3466 5528 superasset
3481 5451 3850 5528 ουκ-ίανεμιωιί

2247 5514 2440 5582 Saiilem
2462 5514 2740 5582 occidisset,
2758 5517 2872 5579 quia
2891 5514 2973 5567 lex
2998 5514 3315 5580 precipiebat
3335 5519 3541 5582 dentem
3563 5533 3654 5582 pro
3675 5520 3852 5580 dente,

2249 5578 2441 5650 ορυψιη
2461 5590 2552 5650 9'0.
2565 5576 2724 5650 ροιξξον
2739 5576 2891 5650 citet
2911 5576 3224 5650 οροξθιιυὲαε
3242 5586 3371 5650 εἶπεν
3382 5580 3530 5650 vitam
3551 5576 3640 5642 tiro
3655 5583 3756 5631 νειι
3770 5576 3855 5650 3&4

2251 5642 2322 5701 ri;
2348 5641 2413 5704 ita
2436 5637 2501 5704 u't_
2513 5640 2552 5688 si
2577 5637 2770 5704 saitletn
2798 5637 3162 5704 interfecisset,
3207 5637 3563 5704 minusettam'
3581 5655 3731 5704 quam
3770 5643 3851 5695 lux

2252 5699 2574 5770 permittebat
2595 5700 2794 5770 fecisset
2816 5701 2960 5751 David
2980 5699 3143 5770 semel
3164 5700 3428 5752 occidendo
3452 5715 3585 5762 eum,
3599 5699 3696 5768 'qu
3717 5716 3846 5770 saepe

2255 5761 2402 5815 vitam
2427 5764 2515 5825 ipsi
2536 5765 2734 5823 eripere
2754 5772 2958 5813 conatus
2978 5761 3157 5813 fuerat.

2320 5826 2394 5890 (b)
2429 5823 2502 5878 sic
2525 5832 2638 5890 ncg.
2665 5825 2746 5876 uie
2769 5825 2990 5890 quasdam
3013 5826 3187 5877 omissa
3209 5823 3404 5877 fuerant
3427 5826 3475 5877 iu
3499 5825 3664 5880 Bos-el.
