4066 6446
267 530 538 604 μέλλοντα
581 528 763 594 ἀνελε,
805 527 892 582 ἴνα
942 527 1026 600 μὴ
1081 527 1304 600 μείζονα
1357 530 1454 582 καὶ
1500 527 1856 600 χαλεπώτερα

265 622 596 692 ὑποστῶμεν
624 620 790 676 κακά.
817 618 1004 675 Ταῦτα
1024 620 1135 691 γάρ
1160 621 1210 673 εί
1239 619 1334 674 καὶ
1358 621 1443 691 μὴ
1470 621 1584 684 τοῖς
1617 622 1862 691 ῥήμασιν

259 716 453 787 ελεγον
473 755 489 780 .
548 715 666 770 ἀλλ’
717 716 870 786 ὅμως
917 716 1060 769 κατά
1118 713 1358 768 διάνοιαν
1407 713 1715 783 ἐλογίζοντο
1764 713 1861 767 καὶ

259 804 458 867 ταῦτα,
492 802 820 857 καὶτούτων
860 803 1080 856 πλείονα
1113 802 1300 873 ἔτερα.

333 897 399 945 ε’.
417 889 562 944 Ἀλλ’
588 889 743 943 οὐδὲν
758 889 966 943 τούτων
985 891 1014 943 6
1037 889 1241 951 δίκαιος
1262 889 1470 952 έκεῖνος
1485 884 1854 956 ὑπελογίζετο,

260 989 381 1045 ἀλλ’
422 991 503 1053 είς
535 988 594 1044 ἓν
623 988 822 1051 ἐϐλεπε
860 987 1040 1058 μόνον,
1083 987 1233 1051 ὅπως
1259 986 1352 1041 τὸν
1382 987 1482 1058 τῆς
1507 985 1859 1053 ἀνεξικακίας

260 1089 638 1164 ἀναδήσασθαι
669 1087 873 1160 δυνηθῇ
912 1087 1199 1157 στέφανον,
1232 1088 1329 1141 καὶ
1360 1085 1721 1158 φιλοσοφῆσαι
1763 1102 1858 1155 φι-

261 1189 523 1260 λοσοφίαν
557 1188 683 1244 τινά
716 1189 1036 1258 καινοτέραν
1079 1188 1174 1241 καὶ
1211 1184 1535 1259 παράδοξον.
1574 1184 1716 1243 Οὐδὲ
1747 1185 1858 1255 γάρ

259 1283 333 1360 ἦν
369 1287 516 1343 οὕτω
553 1287 886 1361 θαυμαστὸν,
928 1289 977 1340 εί
1025 1287 1185 1357 μόνος
1233 1284 1310 1342 ὢν
1360 1285 1454 1340 καὶ
1491 1286 1615 1340 καθ’
1662 1284 1858 1340 ἑαυτὸν

260 1389 524 1460 έφείσατο
552 1389 645 1443 τοῦ
676 1387 1078 1460 λελυπηκότος,
1116 1387 1194 1450 ώς
1218 1385 1316 1439 νῦν
1344 1385 1650 1458 παράδοξόν
1682 1386 1854 1450 εστιν,

259 1490 344 1544 ὅτι
387 1489 671 1562 παρόντων
713 1487 920 1562 ἑτέρων
949 1487 1099 1559 αὐτῷ
1127 1487 1288 1542 τοῦτο
1328 1487 1605 1558 εποίησεν.
1641 1484 1707 1539 Ἦ
1749 1485 1859 1551 γάρ

258 1591 372 1646 τῶν
400 1589 752 1662 στρατιωτῶν
795 1591 1024 1644 έκείνων
1063 1588 1339 1660 παρουσία
1379 1585 1602 1642 διπλοῦν
1647 1585 1860 1656 ἐγίνετο

258 1693 328 1762 τῇ
366 1691 657 1762 φιλοσοφίᾳ
684 1693 744 1745 τὲ
777 1689 1027 1762 κώλυμα.
1076 1689 1346 1753 Πολλάκις
1372 1689 1505 1757 γοῦν
1541 1687 1698 1740 αὐτοὶ⁸
1732 1685 1857 1756 κρί-

260 1808 459 1854 ναντες
489 1789 659 1862 ὀργῆν
686 1790 936 1860 ἀφεῖναι,
981 1789 1076 1844 καὶ
1117 1791 1473 1860 συγχωρῆσαι
1505 1787 1574 1841 τά
1608 1785 1861 1854 πεπλημ-

262 1892 551 1965 μελημένα
587 1892 717 1956 τινὶ,
754 1891 978 1945 έπειδάν
1011 1889 1212 1960 ἴδωμέν
1256 1906 1412 1953 τινας
1455 1887 1861 1959 παροξύνοντας

259 1993 360 2046 καὶ
387 1992 754 2063 διεγείροντας
775 2031 791 2059 ,
839 1991 937 2062 τὴν
965 1991 1241 2063 ἡμετέραν
1270 1989 1618 2058 καταλύομεν
1652 1986 1857 2056 κρίσιν,

257 2095 376 2158 τοῖς
399 2093 628 2148 έκείνων
648 2093 1118 2166 παραπειθόμενοι
1139 2091 1339 2162 λόγοις.
1359 2089 1501 2145 Ἀλλ’
1528 2091 1558 2144 6
1585 2088 1860 2160 μακάριος

260 2193 472 2257 έκεῖνος
488 2189 650 2245 τοῦτο
682 2193 780 2245 οὐκ
808 2191 1032 2260 ἔπαθεν,
1062 2192 1200 2247 ἀλλά
1229 2194 1327 2247 καὶ
1350 2190 1494 2264 μετά
1526 2193 1625 2264 τὴν
1653 2189 1860 2260 παραί-

261 2307 411 2345 νεσιν
441 2289 536 2344 καὶ
555 2290 657 2363 τήν
682 2290 993 2363 συμϐουλήν
1023 2294 1186 2363 ἔμενε
1212 2291 1311 2364 τὴν
1344 2289 1555 2346 οίκείαν
1583 2289 1862 2361 διατηρῶν

259 2391 464 2463 ψῆφον.
508 2393 619 2446 Καὶ
660 2393 724 2446 οὐ
753 2391 914 2446 τοῦτο
946 2393 1111 2464 μόνον
1147 2393 1269 2447 εστὶ
1307 2392 1369 2444 :6
1404 2390 1739 2462 θαυμαστὸν,
1777 2391 1863 2444 ὅτι

260 2493 388 2550 οὔτε
417 2496 542 2565 ταῖς
567 2495 698 2566 παρ’
731 2494 939 2565 έτίρων
982 2493 1314 2566 παρετράπη
1358 2491 1713 2564 συμϐουλαῖς,
1749 2491 1861 2544 οὐδ’

258 2595 345 2652 δτι
369 2595 569 2659 αὐτοὺς
596 2595 700 2648 οὐκ
727 2593 1092 2660 έδεισενιάλλ⁹
1119 2595 1202 2648 δτι
1229 2594 1328 2648 καὶ
1351 2593 1597 2656 έκείνους
1624 2589 1696 2644 τά
1720 2583 1868 2645 αὐτᾶ

260 2697 416 2770 αὐτῷ
444 2697 760 2767 φιλοσοφεῖν
786 2695 1192 2768 παρεσκεύασε.
1226 2695 1390 2764 Μέγα
1420 2695 1521 2766 μὲν
1548 2693 1659 2766 γὰρ
1679 2695 1742 2747 :6
1767 2692 1864 2746 καὶ

261 2798 431 2854 αὐτόν
458 2814 581 2853 τινα
617 2798 730 2852 τῶν
768 2799 988 2851 οίκεῖων
1037 2796 1424 2869 περιγενέσθαι
1460 2794 1651 2850 παθῶν
1671 2810 1686 2825 ·
1723 2793 1860 2849 πολὺ

259 2901 321 2958 δέ
341 2898 530 2974 μεῖζον
549 2900 610 2956 τὺ
636 2901 730 2955 καὶ
754 2900 978 2971 ἑτέρους
1005 2898 1304 2972 δυνηθῆναι
1328 2900 1540 2965 πεῖσαι,
1566 2893 1668 2968 τὴν
1686 2896 1861 2969 αὐτὴν

262 3002 416 3076 αὐτῷ
446 2999 757 3075 κτήσασθαι
780 3000 1037 3072 γνώμην·
1068 3001 1164 3057 καὶ
1191 3000 1434 3072 έτίρους,
1465 2999 1567 3052 οὐκ
1595 2999 1861 3069 επιεικεῖς

261 3101 589 3176 ἀνθρώπους
617 3103 713 3156 καὶ
742 3101 1021 3174 μετρίους,
1047 3099 1186 3157 ἀλλά
1212 3098 1551 3172 στρατιώτας
1579 3099 1677 3154 καὶ
1704 3095 1865 3151 πολε-

265 3209 390 3278 μεῖν
439 3205 833 3279 μεμαθηκάτας
851 3243 868 3269 ,
915 3204 1011 3258 καὶ
1053 3205 1168 3267 τοῖς
1217 3201 1434 3266 πολλοῖς
1466 3200 1864 3281 ἀπεγνωκότας

263 3307 472 3372 πόνοις,
500 3305 594 3360 καὶ
623 3305 821 3378 μικρὸν
847 3302 1190 3358 ἀναπνεῦσαι
1211 3301 1638 3374 ιπιθυμοῦντας,
1659 3300 1759 3355 καὶ
1784 3302 1863 3354 εί⁸

261 3410 424 3472 δότας
455 3411 540 3462 ὃτι
564 3408 675 3460 τῶν
703 3405 892 3462 κακῶν
924 3407 959 3478 ή
991 3405 1146 3473 λύσις
1172 3407 1324 3460 πᾶσα
1367 3401 1427 3458 ιν
1458 3407 1526 3477 τῇ
1573 3403 1667 3463 τοῦ
1700 3405 1867 3462 πολε-.

268 3513 396 3585 μίου
438 3513 624 3582 σφαγῇ
664 3511 788 3564 τότε
820 3508 1032 3562 έκειτο·
1081 3509 1144 3562 οὐ
1181 3507 1343 3577 μόνον
1379 3508 1437 3562 δὶ
1466 3506 1622 3571 λύσις
1648 3507 1862 3578 κακῶν,

265 3611 404 3667 ἀλλά
427 3611 524 3666 καὶ
545 3611 758 3683 μυρίων
786 3611 982 3681 κτῆσις
1000 3608 1227 3678 ἀγαθῶν
1246 3623 1260 3638 ·
1285 3609 1440 3664 οὐδὲν
1459 3608 1570 3678 γάρ
1599 3607 1863 3675 ἐκώλυεν,

265 3714 482 3768 ἑκείνου
515 3712 840 3782 σφαγέντος,
888 3711 983 3766 έπι
1012 3711 1204 3766 τοῦτον
1236 3709 1442 3774 εὐθέως
1473 3707 1728 3780 διαϐῆναι
1765 3707 1882 3782 τὴν,

269 3815 569 3888 βασιλείαν.
610 3812 750 3867 Ἀλλ’
780 3813 932 3884 ὅμως
975 3813 1250 3866 τοσούτων
1277 3811 1450 3867 ὅντων
1479 3810 1592 3864 τῶν
1620 3808 1867 3878 παροξυ-

269 3917 474 3973 νόντων
501 3916 628 3981 τοὺς
662 3912 1025 3987 στρατιώτας,
1056 3914 1278 3984 ἴσχυσεν
1323 3913 1353 3966 6
1380 3912 1630 3980 γενναῖος
1655 3912 1870 3976 ἐκεῖνος

269 4021 492 4076 πάντων
522 4015 919 4089 περιγενέσθαι·
942 4014 1173 4082 τούτων,
1213 4013 1310 4069 καὶ
1340 4015 1527 4068 πεῖσαι
1574 4009 1868 4083 φείσασθαι

269 4107 366 4162 τοῦ
406 4105 690 4178 πολεμίου.

349 4213 537 4279 Ἀξιον
557 4212 616 4268 δι
647 4213 742 4268 καὶ
766 4211 940 4285 αὐτῆς
976 4211 1209 4267 ἀκοῦσαι
1235 4211 1346 4266 τῶν
1387 4207 1738 4280 στρατιωτῶν
1769 4207 1872 4278 τῆς

273 4301 622 4373 συμϐουλῆς·
665 4303 702 4373 ή
753 4301 865 4373 γάρ
903 4299 1212 4372 κακουργία
1250 4299 1352 4370 τῆς
1395 4297 1774 4369 παραινέσεως
1809 4295 1872 4348 :6

275 4390 507 4463 στερρὸν
538 4390 634 4444 καὶ
671 4389 1075 4461 ἀπερίτρεπτον
1107 4387 1209 4458 τῆς
1241 4385 1338 4440 τοῦ
1383 4385 1596 4438 δικαίου
1631 4384 1873 4439 δείκνυσι

273 4477 525 4549 γνώμης.
570 4477 707 4530 υύδὶ
750 4476 860 4545 γὰρ
905 4471 1093 4529 εἷπον·
1131 4472 1264 4527 Ἰδοὺ
1297 4475 1326 4527 6
1372 4472 1544 4544 μυρία
1575 4488 1635 4525 σε
1666 4471 1874 4535 διαθεὶς

275 4562 424 4618 κακά
445 4605 460 4628 ,
494 4564 524 4615 6
548 4561 650 4632 τῆς
683 4560 902 4632 σφαγῆς
934 4558 1285 4633 ἐπιθυμήσας
1311 4560 1410 4630 τῆς
1439 4559 1561 4631 σῆς,
1589 4559 1618 4611 6
1641 4556 1874 4630 περιϐα-

275 4649 385 4706 λὼν
414 4651 561 4720 ἡμᾶς
606 4652 717 4712 τοῖς
748 4647 1068 4719 ἀνηκέστοις
1105 4647 1297 4711 δεινοῖς
1320 4663 1334 4678 ·
1378 4647 1492 4700 ἀλλ’
1526 4646 1713 4716 έπειδὴ
1744 4662 1874 4698 συν-

275 4737 418 4792 εἶδον
451 4739 532 4791 ὅτι
564 4737 781 4792 πάντων
805 4737 1011 4789 τούτων
1040 4734 1332 4808 ὑπερεώρα
1353 4774 1367 4795 ,
1410 4735 1507 4787 κα)⁸
1535 4735 1644 4788 τῶν
1669 4736 1749 4796 είς
1775 4735 1876 4787 αὐ-

274 4825 369 4880 τὸν
413 4823 824 4896 ἡμαρτημένων
848 4824 909 4876 οὐ
944 4823 1111 4878 πολὺν
1140 4825 1375 4877 ἐποιεῖτο
1400 4822 1492 4876 τὸν
1522 4822 1700 4890 λόγον,
1729 4822 1874 4876 ἄνω-

277 4912 370 4968 θεν
399 4913 547 4982 αὐτῷ
579 4914 678 4983 τὴν
703 4913 881 4983 ψῆφον
916 4913 1194 4983 φέρουσιν,
1239 4912 1291 4963 '0
1325 4909 1469 4976 Θεὸς
1501 4911 1690 4964 αὑτὸν
1728 4925 1875 4978 παρ·

277 5001 491 5066 ἐδωκε,
538 5001 788 5070 λέγοντες
814 5042 827 5064 ,
866 5003 953 5053 ἵνα
986 5003 1084 5072 τὴν
1120 5001 1330 5053 ἐκεῖθεν
1379 4999 1647 5072 αἰδεσθεὶς
1689 5001 1874 5070 κρίσιν

279 5091 624 5162 ἑτοιμότερον
658 5091 750 5145 ἐπὶ
787 5093 885 5162 τὴν
921 5093 1133 5160 σφαγὴν
1181 5089 1328 5163 ἔλθῃ.
1379 5088 1472 5159 Μὴ
1518 5089 1626 5160 γὰρ
1679 5089 1874 5142 σαυτὸν

281 5181 543 5247 έκδικεῖς;
573 5180 725 5252 φησί.
763 5181 854 5250 Τῷ
888 5181 1007 5251 Θεῷ
1036 5183 1253 5250 διακονῇ
1297 5179 1390 5232 καὶ
1421 5179 1710 5250 ὑπηρετεῖς
1731 5218 1745 5244 ,
1781 5179 1875 5231 καὶ

279 5270 379 5338 τὴν
412 5271 624 5324 ἐκείνου
671 5272 849 5343 ψῆφον
882 5274 1088 5343 κυροῖς.
1134 5271 1274 5324 Ἀλλ’
1309 5272 1418 5341 ὅσῳ
1447 5270 1621 5323 ταῦτα
1666 5269 1870 5340 ἔλεγον,

281 5363 522 5432 τοσούτῳ
565 5358 764 5430 μᾶλλον
816 5360 1078 5427 ἐφείδετο.
1113 5361 1267 5432 ’ῌδει
1323 5359 1431 5430 γὰρ
1483 5359 1670 5422 τοῦτο,
1722 5359 1803 5412 ὅτι
1849 5362 1876 5414 6

283 5445 438 5520 [756]
467 5449 598 5512 Θεὸς
631 5449 794 5502 αὐτὸν
824 5447 974 5518 αὐτῷ
1004 5447 1340 5519 παρέδωκεν,
1377 5447 1462 5500 ἴνα
1509 5447 1755 5510 πλείονος
1788 5448 1877 5500 εύ-

282 5535 627 5608 ὁοκιμήσεως
651 5537 801 5606 αὐτῷ
833 5539 1088 5608 παράσχῃ
1114 5536 1407 5607 πρόφασιν.
1429 5536 1538 5589 Καὶ
1576 5536 1638 5588 σὺ
1674 5535 1872 5597 τοίνυν,

283 5623 414 5676 ὅταν
449 5623 563 5693 ἴδῃς
603 5623 692 5676 τὸν
742 5623 935 5695 ἐχθρὸν
973 5627 1052 5686 εἰς
1083 5627 1181 5686 τὰς
1215 5627 1403 5696 χεῖρας
1429 5623 1737 5694 ἐμπεσόντα
1780 5623 1875 5685 τὰς

287 5710 406 5776 σὰς,
434 5716 506 5782 μὴ
527 5713 713 5783 νόμιζε
735 5711 1176 5784 τιμωρίας,ἀλλὰ
1207 5712 1481 5782 σωτηρίας
1513 5707 1652 5765 εἶναι
1685 5713 1876 5781 καιρὸν

284 5805 512 5859 ἐκεῖνον.
546 5804 644 5859 Διὰ
689 5803 845 5859 τοῦτο
882 5807 1003 5861 τότε
1053 5804 1290 5876 μάλιστα
1324 5802 1601 5874 φείδεσθαι
1637 5804 1716 5858 δεῖ
1766 5802 1874 5857 τῶν

1302 415 1396 472 BE
1445 415 1702 473 BAVIBE
1735 413 1827 472 Εῒ
1867 413 2098 473 εΑυιε
2136 417 2425 477 HOMILIA
2455 421 2499 476 ῐ.

3458 427 3563 486 684

1968 529 2205 602 έχθρῶν,
2251 531 2383 586 ὃταν
2427 533 2611 588 αὐτῶν
2654 535 2949 607 γενώμεθα
3003 535 3207 609 κύριοι.
3257 537 3399 592 Ἀλλ’
3435 539 3566 606 ἴσως

1962 629 2108 684 εἴποι
2140 646 2226 694 τις
2253 629 2349 686 ἀν·
2380 633 2494 687 Καὶ
2519 634 2574 686 τί
2610 635 2754 706 μέγα
2794 635 2894 691 καὶ
2923 635 3242 709 θαυμαστὸν
3267 639 3564 710 γενόμενον

1961 728 2152 801 κύριον
2194 731 2522 804 φείσασθαι;
2572 731 2768 786 Πολλοὶ
2814 731 2926 805 γάρ
2968 735 3064 788 καὶ
3126 717 3273 789 ἀλλῦι
3322 733 3566 804 βασιλεῖς

1965 826 2232 893 πολλάκις
2270 821 2364 882 έπὶ
2396 826 2497 897 τὴν
2528 827 2707 898 ἀρχὴν
2736 827 3006 895 ἐλθόντες,
3043 832 3171 894 τοὺς
3206 830 3375 884 πάλαι
3405 832 3564 887 λελυ-

1963 922 2211 993 πηκότας
2236 923 2518 989 λαϐόντες,
2549 923 2770 989 ἀνάξιον
2798 923 2978 978 αὐτῶν
3024 921 3164 979 εἶναι
3206 925 3465 997 ἐνόμισαν
3504 930 3564 983 έν

1961 1017 2139 1090 ἀρχῆς
2176 1018 2325 1092 ὕγκῳ
2354 1019 2595 1090 τοσούτῳ
2636 1018 2792 1090 δίκην
2823 1018 3132 1089 ἀπαιτῆσαι
3163 1019 3273 1073 τῶν
3307 1021 3565 1093 πεπλημ-

1962 1116 2311 1187 μελημίνων,
2344 1116 2438 1169 καὶ
2470 1116 2504 1186 ἡ
2535 1117 2636 1186 τῆς
2675 1114 2926 1181 ἐξουσίας
2962 1117 3258 1188 περιουσία
3286 1116 3561 1172 καταλλα-

1957 1209 2066 1280 γῆς
2095 1209 2355 1274 ὑπόθεσις
2395 1209 2642 1280 γέγονεν.
2682 1210 2823 1264 Ἀλλ’
2866 1210 3103 1266 ἐνταῦθα
3135 1211 3291 1266 οὐδὲν
3321 1213 3565 1266 τοιοῦτον

1958 1304 2109 1359 εστιν
2131 1306 2328 1362 είπετν.
2355 1306 2428 1359 οὐ
2461 1306 2569 1378 γάρ
2594 1305 2688 1359 επὶ
2714 1306 2812 1377 τὴν
2837 1306 3014 1379 ἀρχὴν
3046 1307 3288 1362 ἀνελθὼν
3316 1310 3345 1363 6
3369 1306 3559 1378 Δαυτδ,

1958 1403 2082 1457 οὐδε
2125 1405 2228 1474 τὴν
2272 1401 2554 1474 βασιλείαν
2595 1403 2912 1469 ἀπολαϐὼν,
2961 1407 3056 1459 καὶ
3105 1405 3196 1459 τὸν
3238 1406 3411 1461 Σαοὺλ
3456 1406 3566 1460 ὑπὸ

1957 1502 2151 1572 χεῖρας
2180 1499 2340 1569 ἔχων,
2365 1497 2540 1563 οὕτως
2572 1501 2850 1569 ιφείσατο,
2880 1501 2967 1555 ἵνα
2993 1503 3068 1573 μή
3097 1519 3181 1566 τις
3209 1504 3363 1573 εῖπῃ,
3392 1503 3474 1556 ὅτι
3497 1501 3563 1556 τὸ

1957 1596 2062 1666 τῆς
2105 1597 2284 1666 ἀρχῆς
2316 1594 2549 1666 μέγεθος
2574 1595 2668 1650 τὸν
2700 1597 2871 1667 θυμὸν
2913 1598 3198 1663 ἐξέλυσεν·
3240 1599 3356 1653 ἀλλ’
3405 1597 3562 1663 εἰδὼς

1957 1694 2043 1747 ὅτι
2072 1691 2362 1756 διασωθεὶς
2394 1695 2508 1756 τοῖς
2535 1693 2721 1758 αὐτοῖς
2769 1695 3095 1765 ἐπιθήσεται
3139 1696 3325 1760 πάλιν,
3360 1697 3453 1752 καὶ
3482 1697 3564 1761 είς

1957 1788 2219 1861 μείζονας
2255 1787 2494 1860 ⁴ὲμϐαλεί
2527 1791 2655 1854 τοὺς
2717 1790 3020 1856 κινδύνους,
3069 1793 3191 1846 οὐδὲ
3223 1792 3397 1856 οὕτως
3456 1795 3566 1847 ἀπ-

1960 1883 2192 1938 έκτεινε.
2225 1884 2317 1955 Μή
2331 1884 2396 1956 δὴ
2422 1883 2612 1939 τοῦτον
2629 1886 2858 1950 ἐκείνοις
2874 1887 3304 1961 παραϐάλωμεν.
3336 1889 3566 1943 Ἐκεῖνοι

1963 1981 2064 2051 μὲν
2124 1981 2233 2049 γὰρ
2287 1980 2532 2050 ἀσφαλὲς
2578 1982 2639 2035 :6
2692 1983 2952 2055 ἐνέχυρον
2997 1985 3217 2055 ἔχοντες
3266 1985 3365 2056 τῆς
3425 1982 3566 2055 μετά

1959 2075 2134 2129 ταῦτα
2166 2073 2384 2139 ἀδείας,
2428 2075 2656 2139 εἰκότως
2691 2076 2996 2145 φείδονται·
3049 2073 3205 2140 οὗτος
3249 2080 3307 2132 δὲ
3355 2077 3567 2149 μέλλων

1930 2174 1932 2177 ’
1959 2169 2052 2239 :6v
2082 2170 2281 2240 ἐχθρὸν
2313 2169 2436 2225 καθ’
2466 2170 2660 2224 ἑαυτοῦ
2685 2173 2930 2241 ἀφιέναι,
2967 2174 3062 2226 καὶ
3093 2174 3354 2244 πολέμιον
3389 2172 3568 2244 ἑαυτῷ

1961 2265 2180 2333 σώζειν,
2208 2266 2330 2320 οὐδὲ
2354 2265 2530 2332 οὕτως
2567 2268 2732 2322 αὐτὸν
2767 2270 3024 2339 ἠφάνισε,
3057 2271 3154 2324 καὶ
3186 2269 3362 2324 ταῦτα
3392 2269 3568 2324 πολλά

1961 2364 2103 2435 ἔχων
2156 2365 2226 2416 τά
2271 2365 2410 2435 πρὸς
2442 2364 2541 2435 τὴν
2572 2364 2787 2436 σφαγὴν
2828 2365 2993 2419 αὐτὸν
3040 2365 3248 2437 ταύτην
3295 2365 3565 2421 ὠθοῦντα.

1962 2462 2076 2516 Καὶ
2115 2459 2226 2531 γὰρ
2257 2460 2291 2532 ή
2319 2461 2528 2532 ἐρημία
2558 2460 2668 2514 τῶν
2697 2459 3040 2531 βοηθούντων
3071 2462 3150 2532 τῷ
3176 2461 3372 2527 Σαοὺλ,
3408 2462 3503 2516 καὶ
3531 2464 3567 2534 ή

1964 2555 2293 2627 παραίνεσις
2324 2556 2436 2610 τῶν
2468 2558 2847 2629 στρατιωτῶν,
2881 2559 2978 2611 καὶ
3007 2559 3040 2629 ή
3069 2560 3261 2629 μνήμη
3289 2558 3398 2612 τῶν
3421 2574 3570 2632 παρ-

1961 2650 2250 2720 ελθόντων,
2299 2651 2395 2706 καὶ
2429 2655 2458 2706 6
2484 2653 2652 2722 φόϐος
2684 2654 2794 2708 τῶν
2841 2654 3169 2726 μελλόντων,
3212 2657 3308 2710 καὶ
3334 2654 3398 2708 :6
3433 2655 3570 2727 μηδὲ

1962 2750 2181 2821 σφαγῆς
2224 2751 2513 2822 κρίνεσθαι
2545 2751 2735 2808 λοιπὸν
2766 2753 3171 2808 ἀποκτείναντα
3213 2754 3307 2809 τὸν
3349 2753 3570 2826 ἐχθρὸν,

1962 2851 2058 2905 καὶ
2088 2850 2152 2904 :6
2196 2849 2338 2920 μετά
2380 2851 2473 2905 τὸν
2526 2853 2689 2922 φόνον
2732 2852 2924 2908 τοῦτον
2964 2853 3224 2908 δύνασθαι
3275 2854 3370 2907 τδν
3402 2852 3571 2924 νόμον

1963 2945 2340 3018 ὑπερϐαίνειν,
2375 2949 2474 3002 καὶ
2513 2949 2684 3003 πολλὰ
2719 2950 2884 3021 ἔτερα
2916 2950 3146 3004 πλείονα
3175 2949 3387 3006 τούτων
3417 2949 3572 3004 έϐιά·

1965 3040 2092 3106 ζετο
2112 3041 2210 3094 καὶ
2230 3043 2548 3112 ἠνάγκαζεν
2573 3042 2790 3114 ώθῆσαι
2816 3044 2879 3098 :6
2903 3043 3057 3114 ξίφος
3077 3045 3160 3109 είς
3179 3045 3409 3098 έκεῖνον.
3428 3044 3570 3099 Ἀλλ’

1960 3136 2138 3193 οὐδενὶ
2166 3137 2375 3193 τούτων
2406 3135 2571 3206 εἶξεν,
2623 3141 2742 3194 ἀλλ’
2769 3141 2964 3211 έμενεν
2992 3139 3188 3212 ῶσπερ
3215 3158 3302 3205 τις
3330 3141 3571 3212 ἀδάμας,

1877 3277 1884 3283 .
1962 3233 2223 3300 ἀκίνητον
2249 3233 2344 3289 τδν
2373 3235 2476 3306 τῆς
2513 3235 2838 3305 φιλοσοφίας
2887 3235 3166 3309 διατηρῶν
3213 3236 3399 3308 νόμον.
3438 3231 3575 3292 Εἶτα

1962 3331 2053 3386 ἴνα
2082 3336 2159 3403 μή
2181 3332 2350 3405 λέγῃς
2377 3335 2461 3388 δτι
2491 3333 2615 3388 οὐδὲ
2659 3332 2833 3388 ιπαθέ
2875 3351 2931 3388 τι
2975 3333 3244 3397 τοιοῦτον,
3277 3328 3391 3389 οἷον
3423 3334 3574 3399 είκδς

1959 3424 2054 3501 ἦν,
2079 3428 2195 3482 ἀλλ’
2223 3429 2552 3500 ἀναισθησία
2581 3429 2644 3484 :6
2670 3429 2961 3502 γινόμενον
2982 3425 3074 3504 ἦν,
3102 3430 3239 3503 οὐχὶ
3258 3429 3572 3501 φιλοσοφία,

1962 3527 2066 3596 δρα
2090 3524 2211 3591 πῶς
2242 3526 2541 3598 ἀγριωθεὶς
2583 3527 2978 3600 ἐκαρτέρησεν.
3017 3529 3141 3582 Ὅτι
3180 3527 3290 3600 γάρ
3319 3525 3470 3598 αὐτῷ
3495 3526 3576 3580 δι-

1964 3620 2165 3692 ανέστη
2189 3620 2260 3674 τά
2283 3622 2508 3692 κύματα
2522 3622 2622 3692 τῆς
2641 3623 2835 3694 ὀργῆς,
2865 3624 2960 3677 καὶ
2981 3623 3149 3696 πολλὴ
3164 3624 3274 3677 τῶν
3295 3621 3576 3693 λογισμῶν

1965 3713 2194 3786 ἀκινήθη
2228 3719 2262 3785 ή
2304 3716 2464 3786 ζάλη,
2500 3718 2598 3770 καὶ
2633 3718 2726 3774 τδν
2754 3718 3001 3789 χειμῶνα
3028 3718 3275 3790 έχαλίνου
3313 3716 3394 3789 τῷ
3422 3717 3576 3790 φόϐῳ

1964 3810 2062 3864 τοῦ
2100 3811 2260 3876 Θεοῦ,
2288 3813 2384 3866 καὶ
2411 3811 2512 3882 τὴν
2544 3812 2788 3869 διάνοιαν
2817 3811 3090 3881 ἐπιέζετο,
3115 3817 3182 3870 ὲκ
3205 3816 3316 3870 τῶν
3343 3813 3577 3887 γενομέ-

1967 3923 2076 3961 νων
2107 3907 2258 3961 ἔστιν
2289 3907 2438 3963 ίδεῖν.
2476 3909 2730 3980 Ἀνέστη
2772 3911 2901 3984 γὰρ,
2937 3913 3095 3984 φησὶ,
3145 3912 3244 3968 καί
3266 3911 3481 3984 ἀφεῖλε
3508 3911 3576 3966 τὸ

1968 4005 2292 4074 πτερύγιον
2305 4005 2414 4074 τῆς
2424 4006 2739 4076 διπλοΐδος
2758 4009 2960 4063 Σαοὺλ
2975 4009 3296 4078 ⁸ιιῑιθραίιινς.
3313 4005 3470 4073 Εἶδες
3485 4007 3580 4063 πό-

1971 4099 2066 4165 σος
2079 4101 2292 4173 ἠγέρθη
2308 4103 2408 4174 τῆς
2423 4103 2594 4176 ὀργῆς
2613 4106 2641 4158 6
2662 4104 2873 4176 χειμών
2893 4123 2908 4173 ;
2933 4103 3074 4159 Ἀλλ’
3102 4105 3165 4160 οὐ
3191 4105 3436 4179 προῆλθε
3474 4121 3577 4161 πε-

1972 4197 2245 4270 ραιτέρω,
2273 4197 2395 4252 οὐδὲ
2424 4199 2724 4270 εἰργάσατο
2753 4201 2817 4256 :6
2843 4201 3105 4271 ναυάγιον
3127 4218 3141 4233 ·
3172 4203 3204 4255 6
3243 4203 3353 4274 1&9
3379 4199 3581 4274 κυϐερ-

1971 4284 2142 4354 νήτης
2179 4284 2398 4356 ταχέως
2426 4286 2771 4359 αἰσθόμενος.
2824 4290 2854 4342 6
2899 4289 3130 4360 εὐσεϐὴς
3158 4290 3444 4361 λογισμὸς,
3476 4306 3580 4358 γα-

1972 4370 2142 4444 λήνην
2187 4372 2309 4426 ἀντὶ
2353 4373 2622 4443 χειμῶνος
2663 4377 2942 4447 ἐποίησεν.
2991 4377 3290 4443 Ἐπάταξε
3324 4378 3436 4450 γάρ
3467 4380 3578 4432 αὑ-

1975 4461 2103 4524 τὸν,
2131 4461 2321 4529 φησὶν,
2339 4463 2377 4528 ἠ
2402 4461 2617 4530 καρδία
2641 4463 2851 4529 αὐτοῦ,
2867 4465 2964 4517 καὶ
2981 4465 3235 4536 καθάπερ
3267 4463 3576 4538 σκιρτῶντα

1976 4545 2074 4600 καὶ
2110 4548 2438 4620 μαινόμενον
2470 4548 2656 4613 ἴππον,
2697 4551 2791 4607 τὸν
2825 4551 2997 4623 θυμὸν
3027 4553 3360 4623 ἀνεχαίτισε.

2043 4663 2107 4716 ς’.
2133 4657 2396 4713 Τοιαῦται
2423 4660 2534 4712 τῶν
2584 4661 2755 4734 ἀγίων
2799 4664 2854 4715 αί
2891 4661 3091 4733 ψυχαί·
3143 4663 3335 4735 πρὶνῆ
3369 4664 3576 4728 πεσεῖν.

1975 4743 2316 4810 ἀνίστανται,
2341 4746 2474 4817 πρὶν
2495 4746 2528 4818 ἢ
2553 4749 2693 4818 πρὸς
2716 4748 2816 4818 τὴν
2841 4750 3121 4820 ἁμαρτίαν
3145 4747 3341 4813 ὲλθεΐν,
3357 4752 3581 4823 ἀναχαι-

1974 4830 2219 4894 τίζονται
2249 4873 2262 4894 ,
2298 4833 2488 4904 ἐπειδὴ
2517 4837 2750 4904 νήφουσι
2781 4839 2876 4892 καὶ
2905 4837 3200 4901 διαπαντός
3247 4841 3385 4893 εἰσιν
3414 4841 3580 4910 δγρη-

1978 4923 2217 4989 γορυῖαι.
2264 4922 2459 4975 Καίτοι
2494 4925 2661 4976 πόσον
2685 4924 2782 4978 τοῦ
2817 4923 3070 4996 σώματος
3106 4923 3175 4997 ἦν
3211 4926 3424 4981 καὶτοῦ
3454 4929 3581 4998 ίμα-

1978 5008 2095 5060 τίου
2127 5006 2281 5079 [75η
2315 5010 2375 5061 :6
2409 5009 2572 5079 μέσον
2595 5029 2607 5076 ;
2629 5010 2766 5064 Ἀλλ’
2793 5013 2942 5083 ὅμως
2974 5015 3166 5084 ἴσχυσε
3191 5015 3266 5085 μὴ
3293 5014 3581 5086 προελθεῖν

1979 5095 2310 5166 περαιτέρω,
2359 5097 2453 5148 καὶ
2486 5099 2571 5149 ἐπ’
2613 5098 2764 5169 αὐτῷ
2807 5100 2864 5153 δὲ
2903 5101 3080 5174 τούτῳ
3127 5104 3333 5174 σφόδρα
3385 5103 3579 5156 ἑαυτὸν

1981 5182 2356 5235 κατεδίκασεν.
2393 5183 2684 5249 Ἐπάταξε
2707 5185 2818 5258 γὰρ
2846 5189 3038 5242 αὐτὸν
3059 5193 3097 5256 ἡ
3129 5191 3345 5258 καρδία
3368 5191 3576 5254 αὑτοῦ,

1981 5271 2183 5338 φησὶν.
2225 5269 2314 5323 ὅτι
2346 5271 2564 5338 ἀφεῖλε
2596 5274 2664 5324 τὸ
2712 5277 3035 5344 πτερύγιον
3079 5278 3188 5344 τῆς
3232 5278 3578 5342 διπλοΐδος,

1981 5361 2079 5409 καὶ
2105 5356 2234 5410 εἶπε
2262 5358 2414 5424 πρὸς
2444 5360 2588 5425 τοὺς
2619 5359 2844 5428 ἄνδρας
2863 5380 2876 5392 ·
2908 5365 3208 5433 Μηδαμῶς
3247 5367 3375 5434 ἐμοὶ
3421 5366 3582 5434 παρὰ

1980 5446 2224 5511 Κυρίου.
2287 5446 2350 5498 Τί
2400 5448 2537 5510 ἐστι,
2584 5449 2883 5520 Μηδαμῶς
2935 5452 3066 5522 ἐμοὶ
3110 5455 3272 5522 παρὰ
3325 5454 3579 5522 κυρίους

1993 5535 2137 5586 Ἀντί
2183 5533 2313 5600 τοῦ,
2342 5535 2528 5602 Ἵλεώς
2581 5557 2670 5608 μοι
2717 5540 2953 5613 Κύριος,
3004 5547 3169 5612 φησὶ,
3207 5546 3301 5598 καὶ
3342 5544 3503 5609 αὐτὸς
3530 5547 3579 5598 εί

1986 5621 2328 5692 βουληθῖίην,
2380 5625 2455 5694 μὴ
2493 5630 2848 5700 συγχωρήσαι
2897 5632 2988 5701 μοί
3038 5651 3165 5688 ποτε
3214 5632 3375 5686 τοῦτο
3413 5632 3580 5704 ὲργάο

1986 5708 2180 5761 σασθαι
2224 5714 2250 5761 6
2284 5710 2450 5777 Θεὸς,
2493 5715 2628 5784 μηδὲ
2668 5716 3014 5788 ἐπιτρέψειεν
3046 5722 3123 5783 είς
3163 5719 3363 5790 ταύτην
3405 5719 3581 5774 ἐλθεῖν

1985 5797 2080 5867 τὴν
2112 5797 2409 5872 ἁμαρτίαν.
2459 5801 2675 5875 Ἐπειδὴ
2717 5804 2825 5876 γὰρ
2861 5801 2968 5860 οἶδε
3007 5808 3106 5878 τὴν
3138 5806 3392 5878 τοιαύτην
3426 5807 3578 5878 φιλο-
