4066 6452
181 562 429 611 naturam
459 547 772 610 hnnianam,
807 537 1118 610 caelestique
1164 535 1533 607 opusthabere
1563 530 1784 593 auxilio.

181 659 351 714 seque
381 655 518 712 pene
559 640 627 696 ad
670 635 876 692 eadem
907 633 1253 706 processisse,
1285 638 1558 700 precatur,
1590 634 1649 680 ut
1679 624 1790 714 Do-

182 713 364 790 minus
404 732 506 788 sibi
534 736 821 786 conservet
851 737 1070 780 manum
1116 719 1472 790 impollutam.
1501 715 1648 784 Quid.
1687 713 1792 770 hoc

181 826 367 882 animo
406 820 576 893 possit
610 831 731 874 esse
769 814 995 872 mitius?
1037 815 1122 868 An
1169 812 1313 868 hunc
1338 809 1582 866 dicemus
1610 804 1790 862 homi-

181 931 328 981 nem,
361 911 457 983 qui
483 912 537 966 in
565 916 756 965 natura
785 905 1020 962 humana
1053 903 1218 958 vitam
1247 899 1559 972 pmtiterit
1583 894 1792 967 angeli-

180 1021 302 1062 cam
327 1003 355 1058 ἲ
382 1002 580 1059 Verum
609 999 663 1055 id
692 1013 798 1053 non
825 1009 1061 1068 passura:
1085 1001 1212 1048 sunt
1237 991 1434 1048 divina:
1461 989 1630 1060 leges.
1660 987 1793 1054 Quis

180 1093 612 1164 enim,obsecro,
635 1089 790 1145 facile
818 1102 849 1142 a
880 1086 991 1141 Deo
1010 1081 1274 1153 ejusmodi
1297 1096 1411 1137 rem
1437 1077 1626 1152 petat?
1652 1077 1792 1148 Quid

181 1184 335 1252 dixi,
365 1167 714 1251 huiusmodi?
751 1175 884 1246 Quis
926 1175 1256 1239 sustineret,
1287 1185 1394 1226 non
1438 1167 1652 1240 precari
1696 1166 1796 1222 ad-

186 1289 382 1332 versus
409 1287 532 1328 eum
552 1269 642 1341 qui
669 1269 931 1324 molestus
953 1264 1142 1320 fuisset
1159 1263 1185 1317 τ
1209 1261 1346 1344 Nam
1374 1260 1621 1332 plerique
1643 1271 1792 1312 mor-

183 1367 321 1422 tales
345 1378 414 1419 eo
437 1360 663 1418 feritatis
687 1358 895 1427 abrepti
916 1365 1062 1418 sunt,
1093 1361 1153 1408 ut
1177 1366 1299 1407 cum
1329 1351 1439 1406 sint
1463 1349 1598 1404 adeo
1626 1345 1797 1402 imbe-

181 1455 335 1508 cilles
359 1494 375 1518 ,
386 1460 468 1528 ,ιιι
505 1464 613 1505 non
651 1456 852 1520 queant
878 1460 1002 1500 eum
1031 1459 1062 1498 a
1089 1456 1199 1514 quo
1237 1438 1472 1496 lacessiti
1513 1446 1642 1493 sunt
1682 1435 1796 1490 ullo

183 1546 330 1602 Inan
355 1542 593 1603 afllcere.
626 1541 790 1596 Deam
816 1536 885 1592 ad
909 1536 1165 1590 ultionem
1193 1534 1462 1595 invocent,
1492 1539 1555 1586 nt
1577 1528 1680 1585 sibi
1704 1528 1798 1584 det

183 1639 495 1694 facultatem
522 1634 750 1690 nocendi
774 1634 862 1698 iis,
881 1632 968 1703 qui
990 1630 1093 1685 sibi
1119 1629 1257 1684 mala
1274 1627 1524 1682 intulere.
1547 1623 1647 1680 Hic
1663 1635 1798 1678 vero

186 1731 292 1785 illis
321 1727 572 1783 omnibus
601 1727 747 1780 velut
773 1739 840 1779 ex
875 1723 1139 1777 diametro
1179 1719 1450 1775 contraria
1485 1715 1794 1788 precando,

185 1825 342 1890 rugat
369 1834 435 1873 ne
463 1815 817 1887 permittatut
847 1826 1039 1866 manus
1067 1809 1288 1880 injiciat.
1319 1808 1544 1878 loquens
1575 1805 1718 1861 hunc
1742 1805 1798 1860 in

186 1910 410 1964 modum
445 1923 458 1961 :
493 1905 574 1961 Ne
609 1906 737 1959 milii
775 1903 872 1957 hoc
899 1902 1098 1956 accidat
1131 1917 1164 1954 a
1187 1899 1412 1955 Domino
1436 1941 1451 1964 ,
1487 1907 1544 1952 ut
1567 1895 1798 1967 injiciam

185 2015 398 2054 manum
427 2013 588 2052 meam
613 1997 665 2049 in
701 1995 847 2049 illum
881 1992 956 2064 (I.
989 1991 1117 2061 Reg.
1145 1990 1236 2047 24.
1274 1989 1330 2060 6)
1357 2007 1371 2044 :
1395 1987 1619 2061 perinde
1646 1986 1797 2059 quasi

185 2091 259 2146 de
291 2090 400 2143 ﬁlio
428 2093 484 2142 et
507 2087 574 2142 de
602 2086 776 2156 prole,
808 2085 880 2138 ita
904 2083 970 2138 de
995 2082 1150 2137 hoste
1181 2081 1433 2152 loquitur.

264 2181 429 2251 Reges
455 2177 672 2233 revereri
699 2183 914 2246 Oportet.
951 2172 1163 2226 Hostem
1195 2170 1366 2226 Dauid
1398 2168 1679 2238 honoriﬁce
1701 2183 1800 2237 ap-

187 2272 368 2341 pellat.
417 2297 488 2309 --
516 2267 700 2337 Neque
730 2263 970 2336 pepercit
1000 2271 1205 2317 tantum
1231 2300 1248 2327 ,
1280 2275 1465 2316 verum
1495 2275 1550 2314 et
1577 2272 1804 2314 excusa.

189 2366 393 2416 tionem
451 2375 548 2430 pro
597 2373 664 2414 eo
712 2367 882 2428 parat.
930 2355 1068 2410 Vide
1118 2369 1248 2410 vero
1293 2367 1453 2424 quam
1508 2349 1802 2422 prudenter

187 2464 461 2524 quamque
486 2451 778 2520 sapienter.
811 2448 1088 2519 Siquidem
1117 2462 1239 2502 cum
1269 2447 1433 2500 vitam
1471 2443 1650 2501 Sahlis
1675 2458 1799 2513 per-

189 2553 460 2604 scrutans,
491 2542 623 2596 nihil
655 2543 946 2597 invenisset
977 2539 1127 2605 boni,
1164 2546 1223 2593 ut
1246 2537 1428 2592 dicere
1455 2543 1654 2605 posset,
1682 2532 1802 2588 Non

189 2651 309 2690 sum
339 2635 408 2689 ab
430 2634 522 2688 illo
549 2634 730 2696 laesus,
764 2647 863 2687 nec
891 2631 1002 2686 ullo
1030 2629 1252 2685 allectus
1279 2627 1622 2683 incommodo
1648 2626 1803 2698 (pro-

192 2728 339 2779 tinus
392 2725 538 2780 euim
600 2723 685 2778 his
728 2722 1070 2779 reclamaturi
1117 2728 1273 2775 erant
1319 2719 1515 2774 milites
1558 2720 1649 2789 qui
1703 2716 1802 2772 ad-

189 2817 630 2886 crant,regisque
674 2814 932 2869 malitiam
973 2813 1344 2882 experimento
1388 2809 1798 2882 cognoverant):

190 2907 294 2960 alia
322 2915 569 2976 exparte
593 2904 934 2966 circumibat,
958 2901 1182 2958 studens
1205 2901 1534 2972 probabilem
1563 2899 1805 2955 invenire

192 2998 620 3052 excusationem.
652 2993 705 3048 Id
732 3009 855 3049 cum
891 3009 999 3047 non
1031 3001 1232 3064 posset,
1267 3007 1366 3047 nec
1391 2991 1459 3046 ab
1497 2991 1646 3046 illius
1673 2989 1802 3056 vita,

194 3104 297 3143 nec
338 3103 369 3141 a
409 3087 586 3152 factis,
629 3086 696 3141 ad
743 3085 1057 3156 dignitatem
1105 3083 1247 3139 illius
1294 3083 1534 3154 confugit
1575 3082 1804 3136 dicens:

194 3178 452 3246 Quoniam
503 3178 722 3231 christus
754 3174 962 3231 Domini
1008 3184 1100 3228 est.
1161 3173 1301 3240 Quid
1346 3172 1462 3239 ais,
1519 3171 1806 3252 inquiunt?

193 3271 340 3342 quod
392 3270 690 3342 scelestus,
738 3267 881 3338 quod
929 3266 1226 3323 sceleribus
1276 3274 1516 3411 OperY,
1548 3279 1612 3318 ac
1662 3263 1806 3319 vitiis

194 3362 678 3411 innumerabilibus
721 3359 990 3411 refertus.
1031 3367 1088 3411 et
1140 3359 1192 3411 in
1225 3372 1324 3411 nos
1366 3373 1430 3411 ex
1488 3372 1607 3411 ctua
1655 3354 1806 3411 coni-

194 3362 678 3419 innumerabilibus
721 3359 990 3424 refertus,
1031 3367 1088 3414 et
1140 3359 1192 3412 in
1225 3372 1324 3412 nos
1366 3354 1607 3412 exl'lema
1655 3354 1806 3426 cogi-

200 3459 360 3512 tans?
393 3454 501 3510 Sed
544 3470 638 3509 rex
660 3461 765 3518 est,
795 3453 890 3509 sed
918 3453 1187 3523 princeps,
1215 3450 1311 3506 sed
1346 3449 1703 3520 principatum
1751 3447 1805 3503 ln

200 3563 299 3603 nos
334 3545 591 3615 suscepit.
621 3543 802 3615 Neque
824 3551 1002 3598 tamen
1030 3541 1185 3606 dixit,
1225 3542 1338 3596 [lex
1364 3548 1467 3606 est,
1495 3537 1612 3603 sed,
1654 3537 1805 3593 Chri-

199 3649 308 3693 stus
353 3636 557 3690 Domini
581 3646 674 3700 est,
723 3649 828 3690 non
856 3634 926 3688 ab
967 3633 1203 3690 humano
1244 3632 1469 3696 honore,
1501 3631 1596 3686 sed
1638 3645 1666 3684 a
1696 3645 1806 3685 ca:-

201 3730 320 3787 lesti
361 3729 563 3799 judicio
609 3735 823 3797 sumpto
871 3725 1166 3781 honorifico
1211 3724 1538 3780 testimonio.
1594 3721 1810 3778 Cento-

201 3824 343 3878 mnis
361 3864 376 3887 ,
417 3822 614 3891 inquit,
640 3834 961 3876 conservum
999 3818 1188 3873 tuum?
1214 3817 1482 3872 Reverere
1502 3815 1803 3870 dominum.

204 3913 524 3984 Aspernaris
547 3910 821 3966 electum?
850 3909 1024 3965 hletae
1065 3923 1189 3963 eum
1238 3908 1327 3978 qui
1372 3907 1550 3977 elegit.
1592 3906 1806 3962 Etenim

201 4004 246 4060 si
276 4003 521 4074 vulgares
546 4004 679 4057 istos
717 4000 999 4073 praefectos
1036 4001 1106 4056 ab
1132 3999 1460 4069 Imperatore
1499 3997 1807 4068 designatos

202 4091 411 4153 etiamsi
438 4097 546 4152 sint
575 4095 824 4166 improbi,
855 4094 902 4150 si
928 4093 1094 4158 fures,
1114 4093 1159 4147 si
1190 4092 1493 4162 praedones,
1523 4091 1567 4146 si
1600 4090 1805 4161 injusti,

203 4188 248 4243 si
278 4185 652 4257 quodcumque
685 4184 830 4239 aliud
872 4183 1068 4238 fuerint
1088 4223 1104 4249 ,
1129 4183 1381 4238 timemus
1409 4191 1464 4237 et
1487 4181 1806 4247 horremus,

205 4293 312 4334 nou
354 4287 574 4348 propter
601 4277 860 4332 malitiam
900 4275 1259 4344 despicientes
1295 4289 1424 4339 eos,
1465 4273 1560 4329 sed
1590 4281 1810 4345 propter

203 4369 516 4440 dignitatem
547 4367 688 4422 illius
717 4383 747 4422 a
782 4381 889 4439 quo
914 4366 1074 4422 electi
1099 4374 1226 4421 sunt
1255 4374 1566 4422 reverentes
1594 4382 1607 4419 :
1639 4364 1811 4420 multo

205 4460 439 4531 amplius
465 4457 516 4514 id
543 4458 720 4516 iacere
741 4459 990 4515 convenit
1018 4474 1142 4528 erga
1171 4473 1266 4514 eos
1289 4473 1424 4529 quos
1453 4458 1615 4528 elegit
1647 4458 1807 4514 Deus.

204 4550 454 4607 Nondum
479 4592 494 4617 ,
523 4550 727 4620 inquit,
778 4551 919 4608 Deus
959 4550 1228 4606 abdicavit
1269 4551 1423 4605 illum
1470 4550 1808 4621 principatu,

200 4642 444 4700 nondum
467 4642 591 4697 fecit
613 4657 736 4698 eum
770 4657 834 4698 es
867 4657 992 4710 rege
1014 4644 1300 4712 privatum.
1326 4642 1509 4712 Itaque
1529 4657 1598 4697 ne
1625 4641 1810 4698 inver-

208 4741 388 4789 tamns
411 4732 675 4798 ordinem,
709 4747 882 4803 neque
911 4747 1208 4802 pugnemus
1236 4747 1357 4788 cum
1385 4733 1520 4798 Deo,
1551 4733 1810 4803 apostoli-

200 4841 335 4882 cum
354 4823 482 4879 illud
511 4823 709 4880 dictum
733 4824 888 4880 factis
915 4833 1232 4896 prtestantes
1259 4843 1272 4880 :
1301 4825 1557 4894 Quoniam
1589 4827 1814 4897 quisquis

210 4917 395 4971 resistit
419 4917 673 4986 potestati,
699 4916 796 4971 Dei
816 4916 1126 4972 ordinationi
1145 4917 1367 4982 resistit;
1391 4918 1695 4988 quicumque
1718 4934 1815 4972 ait-

211 5020 311 5062 tera
338 5008 573 5061 resistunt
596 5050 611 5074 ,
640 5008 862 5078 sibiipsis
901 5010 1148 5079 accipient
1186 5009 1564 5064 damnationem
1616 5009 1810 5079 (Rom.

212 5100 304 5156 13.
329 5097 411 5170 2).
433 5098 549 5152 Non
579 5099 749 5153 solum
771 5099 1057 5170 appellavit
1087 5097 1234 5155 illum
1264 5099 1550 5166 christum,
1581 5100 1686 5156 hoc
1709 5110 1813 5167 est,

211 5199 430 5247 unctum
457 5201 510 5246 et
539 5206 755 5260 regem;
799 5208 983 5246 verum
1014 5193 1175 5247 etiam
1210 5208 1367 5247 suum
1409 5193 1688 5248 dominum
1716 5208 1814 5249 vo-

212 5283 374 5338 cavit.
392 5282 509 5339 Non
541 5293 625 5338 est
655 5283 941 5338 mediocris
968 5283 1340 5355 philosophiae,
1359 5285 1567 5340 hostem
1592 5284 1813 5342 honoris

213 5383 270 5428 et
295 5373 536 5444 obsequii
566 5373 838 5428 vocabulis
864 5374 1156 5444 appellare.
1178 5377 1352 5446 Atque
1373 5375 1422 5429 id
1447 5392 1634 5431 rursus
1657 5392 1814 5446 quam

213 5466 287 5520 sit
310 5481 580 5534 magnum,
607 5482 670 5521 ex
699 5467 783 5522 his
807 5482 926 5536 qua:
956 5468 1166 5522 caeteris
1181 5468 1429 5524 accidunt
1447 5479 1604 5540 queat
1623 5470 1817 5542 aliquis

214 5557 540 5626 perspicere.
566 5557 814 5628 Plerique
843 5557 1106 5627 siquidem
1147 5559 1394 5617 inimicos
1417 5576 1546 5616 suos
1572 5576 1641 5617 ne
1663 5562 1819 5619 nudis

212 5646 430 5719 quidem
461 5662 525 5701 ac
545 5649 873 5717 simplicibus
901 5649 1207 5705 nominibus
1226 5651 1499 5721 appellare
1526 5654 1816 5723 sustinent,

215 5743 312 5798 Sed
351 5743 468 5796 aliis
507 5743 779 5797 vocabulis
816 5743 1017 5798 odiosis
1058 5758 1157 5799 eos
1199 5744 1522 5800 nominant:
1557 5745 1819 5816 impium,

217 5834 488 5901 insanum,
522 5843 698 5890 mente
728 5843 975 5907 captum,
1004 5834 1257 5905 delirum,
1283 5837 1623 5908 pestilentem
1649 5855 1664 5894 :
1692 5839 1820 5896 alia-

1256 424 1348 483 υε
1383 419 1645 485 DAVIDE
1680 415 1775 479 ET
1810 412 2041 478 SAIJLE
2078 414 2358 477 HOIILIA
2398 416 2442 473 l.

3403 413 3513 474 086

1895 543 2002 601 qne
2026 529 2192 584 multa
2212 533 2543 593 contexunt,
2565 527 2757 599 hisque
2782 525 2934 584 notis
2956 525 3242 600 designant
3271 525 3501 582 hostem.

1896 619 1953 676 ld
1992 634 2114 676 esse
2157 634 2383 686 verum,
2414 619 2673 690 exertiplo
2720 634 2828 675 non
2865 619 3079 675 eminus
3110 620 3314 691 petito,
3355 619 3450 675 sed
3479 636 3512 676 ο

1895 709 2145 782 proximo
2171 718 2388 780 sumpto
2408 709 2636 794 docebo,
2664 710 2918 781 nimirum
2947 710 3018 768 ab
3038 710 3146 766 hoc
3173 710 3291 782 ipso
3317 709 3505 774 Same,

1897 803 1986 874 qui
2011 802 2216 873 justum
2242 802 2386 859 hunc
2423 802 2496 859 ob
2532 802 2828 861 vehemens
2876 803 3062 859 odium
3104 818 3214 859 non
3256 804 3515 860 sustinuit

1897 894 2118 965 proprio
2153 908 2351 950 vocare
2393 894 2642 962 nomine.
2672 894 2768 951 sed
2817 909 2942 951 cum
2981 890 3272 967 aliquando
3313 894 3512 951 festum

1896 986 2168 1058 quoddam
2194 986 2586 1052 celebraretur,
2614 987 2903 1058 requirens
2932 1001 3090 1053 eum,
3128 987 3377 1055 dicebat,
3410 985 3512 1044 Ubi

1897 1067 1973 1132 est
1997 1077 2138 1146 [ilius
2161 1077 2308 1133 Jesse
2329 1076 2351 1149 (
2373 1078 2426 1133 1.
2452 1075 2583 1150 Reg.
2613 1077 2707 1134 20.
2728 1079 2864 1151 27)?
2887 1077 2978 1135 Sic
3014 1087 3203 1135 autem
3222 1080 3514 1150 appellavit

1898 1184 2024 1226 eum
2054 1168 2249 1239 partim
2286 1168 2414 1226 odio
2452 1171 2654 1241 proprii
2697 1170 2965 1238 nominis,
3009 1173 3203 1243 partim
3246 1174 3509 1244 genitoris

1898 1261 2158 1316 vilitatem
2186 1270 2402 1327 notans,
2433 1274 2658 1331 sperans
2681 1261 2794 1317 fore
2822 1267 2881 1317 ut
2903 1261 3009 1318 hoc
3033 1271 3192 1335 pacto
3213 1263 3343 1335 justi
3372 1263 3512 1320 fama

1900 1347 2397 1406 contaminaretur:
2431 1349 2573 1407 haud
2612 1350 2923 1422 intelligens
2958 1351 3234 1408 hominem
3277 1353 3514 1409 nobilem

1901 1441 2280 1512 illustremque
2318 1440 2470 1497 reddi
2509 1443 2728 1510 solere,
2759 1457 2868 1498 non
2913 1445 3318 1515 progenitorum
3354 1445 3519 1504 clari-

1905 1540 2048 1597 tate,
2079 1531 2174 1588 sed
2221 1531 2387 1588 animi
2417 1534 2634 1589 virtute.
2672 1537 2743 1590 At
2782 1550 2891 1591 non
2939 1536 3124 1593 itidem
3165 1537 3290 1594 fecit
3328 1537 3519 1595 beatus

1853 1660 1869 1667 ς
1905 1622 2095 1680 David.
2125 1622 2313 1694 Neque
2337 1623 2484 1680 enim
2516 1624 2686 1695 patris
2715 1634 3076 1697 cognomento
3101 1627 3312 1684 vocavit
3342 1628 3514 1695 illum,

1901 1729 2226 1786 quamquam
2258 1714 2304 1768 is
2329 1729 2543 1786 quoque
2586 1715 2685 1771 fuit
2710 1716 3000 1773 admodum
3047 1717 3268 1774 humilis
3303 1726 3359 1774 et
3384 1734 3518 1775 con-

1904 1815 2140 1876 temptus
2167 1822 2182 1861 :
2210 1820 2387 1877 neque
2417 1807 2562 1862 nudo
2582 1806 2922 1880 simplicique
2946 1809 3168 1866 nomine
3195 1810 3522 1882 designavit,

1903 1898 1999 1954 sed
2021 1898 2294 1969 dignitatis
2322 1907 2378 1954 et
2404 1899 2736 1969 principatus
2758 1901 2931 1956 titulo.
2955 1900 3142 1972 Usque
3161 1901 3300 1958 adeo
3324 1918 3520 1973 purum

1903 1989 1974 2045 ab
2017 1989 2167 2044 omni
2215 1989 2590 2045 malevolentia
2628 1989 2851 2060 gerebat
2892 1991 3154 2047 animum.
3188 1990 3422 2048 Proinde
3463 2002 3519 2046 tu

1905 2095 2142 2152 quoque,
2170 2080 2449 2136 carissime
2467 2123 2483 2148 ,
2515 2079 2660 2136 hunc
2688 2082 2906 2137 imitans
2929 2122 2945 2149 ,
2974 2083 3107 2138 illud
3137 2084 3190 2137 in
3228 2083 3419 2154 primis
3440 2083 3523 2138 di-

1905 2172 2062 2238 scito,
2099 2187 2167 2228 ne
2207 2186 2461 2242 umquam
2506 2172 2781 2228 inimicum
2822 2172 3026 2230 odiosis
3066 2175 3396 2242 nominibus,
3425 2174 3520 2229 sed

1909 2262 2229 2320 honoriﬁcis
2257 2264 2439 2334 potius
2482 2264 2743 2334 appelles.
2780 2263 2994 2319 Etenim
3038 2265 3083 2319 si
3124 2279 3188 2320 os
3227 2265 3527 2321 assueverit

1907 2370 2030 2412 eum
2061 2356 2151 2427 qui
2183 2355 2324 2411 Iasit
2353 2355 2577 2412 honoris
2601 2355 2955 2427 obsequiique
2996 2355 3308 2411 nominibus
3333 2359 3523 2425 appel-

1907 2448 2044 2515 lare,
2066 2447 2279 2502 animus
2305 2444 2424 2501 hac
2447 2445 2672 2502 audiens
2690 2461 2720 2501 a
2746 2446 2927 2518 lingua
2952 2445 3144 2503 doctus
3169 2460 3276 2500 non
3298 2445 3526 2516 refugict

1908 2554 2030 2595 cum
2061 2539 2156 2596 illo
2183 2539 2361 2596 redire
2382 2539 2435 2594 in
2462 2541 2712 2611 gratiam.
2740 2538 2876 2595 Nam
2896 2539 3014 2609 ipsa
3033 2537 3197 2595 verba
3224 2537 3523 2594 remedium

1909 2629 2070 2689 erunt
2096 2633 2358 2702 optimum
2380 2631 2577 2688 ulceris
2607 2634 2660 2686 in
2687 2631 2854 2688 corde
2885 2631 3258 2687 tumescentis.

1983 2724 2038 2778 7.
2078 2723 2251 2780 David
2277 2740 2310 2777 a
2337 2723 2481 2778 nobis
2510 2724 2810 2780 imitandus.
2850 2753 2923 2765 --
2946 2724 3073 2780 Hazc
3097 2737 3242 2778 nunc
3270 2721 3526 2793 loquutus

1909 2832 2050 2885 sum,
2083 2834 2194 2874 non
2221 2826 2428 2873 tantum
2459 2825 2520 2872 ut
2543 2817 2827 2873 laudemus
2853 2817 3135 2882 Davidem,
3159 2814 3256 2870 sed
3281 2823 3338 2870 ut
3357 2829 3526 2870 amu-

1911 2908 2086 2964 lemur
2113 2922 2347 2978 quoque.
2382 2907 2534 2964 Hanc
2571 2908 2733 2978 igitur
2769 2906 3054 2963 historiam
3078 2907 3132 2962 in
3171 2921 3272 2962 suo
3299 2905 3530 2975 quisque

1911 2999 2077 3069 corde
2101 2997 2202 3053 sibi
2232 2997 2523 3068 depingat,
2559 2999 3017 3068 contemplatione
3046 2998 3210 3052 veluti
3240 3011 3403 3051 manu
3441 3011 3529 3049 as-

1911 3088 2066 3144 sidue
2103 3087 2158 3142 ln
2189 3094 2369 3143 mente
2395 3087 2677 3142 delineans
2703 3089 3018 3156 speluncam
3047 3087 3193 3141 illam
3231 3085 3522 3156 duplicem,

1913 3182 2089 3252 ipsum
2130 3178 2348 3236 Sahlem
2377 3177 2522 3233 intus
2545 3177 2907 3234 dormientem
2927 3219 2942 3241 ,
2968 3191 3269 3248 somnoque
3303 3175 3530 3247 perinde

1915 3281 1971 3329 ut
2011 3279 2200 3328 catena
2249 3269 2526 3337 vinctum,
2570 3270 2689 3337 ejus
2733 3283 2894 3338 quem
2947 3267 3268 3347 gravissime
3316 3267 3531 3322 la‘serat

1910 3365 2120 3422 dextrae
2164 3361 2508 3431 subjectum;
2557 3359 2728 3416 David
2774 3361 3146 3415 imminentem
3197 3359 3485 3415 do'rmienti
3511 3401 3527 3424 ,

1915 3461 2210 3525 prmsenles
2239 3451 2459 3517 milites,
2488 3457 2545 3506 et
2570 3449 2637 3505 ad
2665 3449 2868 3505 cmdem
2895 3449 3284 3515 adhortantes;
3312 3452 3528 3505 beatum

1916 3549 2064 3603 illum
2106 3544 2576 3617 philosophantem
2603 3585 2617 3609 ,
2647 3542 2755 3598 hoc
2795 3551 2907 3609 est,
2941 3550 2995 3597 et
3033 3551 3188 3597 suam
3228 3550 3284 3599 et
3313 3543 3560 3620 illum:

1916 3640 2051 3695 iram
2073 3637 2439 3698 cohibentem.
2471 3649 2705 3703 eumque
2729 3633 2820 3705 qui
2851 3643 2958 3689 tam
2989 3633 3154 3689 multa
3184 3619 3528 3702 peccaverat,

1915 3735 2284 3785 excusantem.
2314 3725 2442 3780 Hac
2466 3766 2480 3788 ,
2514 3725 2752 3793 inquam,
2782 3739 2891 3778 non
2922 3724 3096 3779 solum
3138 3723 3194 3779 in
3221 3724 3402 3778 animo
3429 3723 3528 3778 de-

1919 3821 2222 3892 pingamus,
2253 3831 2440 3872 verum
2466 3815 2628 3871 etiam
2664 3815 2717 3869 in
2746 3813 3095 3870 consessibus
3122 3813 3264 3869 inter
3295 3827 3394 3868 nos
3439 3828 3530 3866 8&-

1915 3911 2070 3968 sidue
2096 3911 2421 3979 loquamur:
2454 3906 2553 3962 has
2586 3905 2727 3976 apud
2755 3919 2998 3970 uxorem,
3034 3904 3132 3959 has
3157 3904 3297 3975 apud
3331 3904 3531 3961 liberos

1916 4004 2227 4075 frequenter
2280 4013 2604 4057 renovemus
2654 3998 3011 4054 narrationes.
3039 3995 3256 4052 Etenim
3301 3996 3417 4053 sive
3462 3985 3572 4052 de'

1916 4110 2044 4166 rege
2070 4093 2214 4163 loqui
2246 4091 2420 4160 voles,
2437 4105 2565 4146 ecce
2595 4103 2687 4144 rex
2716 4103 2735 4144 :
2761 4088 2875 4144 sive
2901 4087 2969 4143 de
2998 4088 3278 4154 militibus,
3307 4089 3422 4144 sive
3461 4089 3532 4144 de

1917 4201 1978 4241 re
2022 4181 2311 4248 familiari,
2335 4173 2450 4237 sive
2489 4179 2558 4235 de
2606 4179 2834 4251 publicis
2863 4179 3220 4251 civilibusque
3264 4180 3529 4252 negotiis,

1920 4276 2129 4332 videbis
2150 4276 2201 4329 in
2227 4273 2521 4343 Scripturis
2541 4272 2735 4328 horum
2758 4272 2998 4327 omnium
3024 4287 3273 4342 magnam
3293 4269 3531 4343 copiam.

1919 4365 2236 4437 Huiusmodi
2264 4364 2810 4422 commemorationes
2841 4363 3130 4419 maximam
3157 4362 3393 4420 aﬂ'erunt
3426 4364 3534 4420 uti-

1919 4462 2147 4517 litatem.
2184 4457 2521 4530 lmpossibile
2544 4465 2627 4512 est
2662 4457 2806 4512 enim
2832 4497 2848 4525 ,
2878 4455 3242 4526 impossibile,
3271 4456 3492 4528 inquam
3513 4497 3532 4522 ,

1919 4567 2023 4621 est,
2051 4556 2287 4612 animum
2327 4553 2381 4608 in
2413 4549 2720 4620 hujusmodi
2747 4549 2990 4606 historiis
3013 4558 3342 4617 versantem,
3371 4564 3404 4606 a
3429 4564 3531 4606 cu-

1918 4649 2234 4723 piditatibus
2261 4646 2530 4718 superari.
2556 4643 2702 4716 Ergo
2722 4657 2792 4700 ne
2817 4651 3029 4715 tempus
3052 4643 3313 4699 inutiliter
3336 4657 3534 4700 consu-

1920 4754 2154 4804 mamus,
2177 4751 2315 4794 neve
2338 4735 2505 4790 vitam
2537 4743 2777 4790 nostram
2809 4731 3007 4788 frustra
3033 4741 3272 4789 teramus
3292 4731 3347 4790 in
3372 4737 3538 4808 nugis

1922 4831 2119 4900 ineptis
2149 4844 2212 4884 ac
2246 4825 2693 4898 supervacaneis,
2723 4824 2940 4880 fortium
2979 4824 3222 4880 virorum
3261 4823 3534 4880 discamus

1921 4937 2011 4980 res
2052 4931 2254 4994 gestas,
2287 4935 2352 4975 ac
2391 4919 2461 4975 de
2499 4919 2583 4975 his
2628 4916 2847 4974 assidue
2885 4917 3237 4974 disseramus.
3288 4916 3441 4985 Quod
3490 4917 3534 4971 si

1922 5014 2042 5088 quis
2073 5013 2126 5069 in
2154 5024 2414 5067 consessu
2452 5009 2688 5065 Voluerit
2716 5018 2808 5064 aut
2843 5007 2913 5064 de
2957 5008 3313 5079 spectaculis,
3342 5018 3434 5063 aut
3469 5008 3537 5064 de

1922 5122 2082 5161 cursu
2111 5116 2398 5174 equorum,
2420 5109 2513 5156 aut
2532 5100 2601 5157 de
2623 5101 2789 5157 rebus
2816 5099 2950 5155 nihil
2971 5100 3039 5154 ad
3065 5107 3119 5156 te
3141 5099 3538 5171 pertinentibus

1923 5196 2084 5253 verba
2113 5194 2316 5260 facere,
2347 5192 2417 5247 ab
2461 5191 2550 5246 illa
2591 5191 2818 5248 materia
2863 5191 2947 5247 fac
2971 5206 3097 5247 eum
3124 5205 3369 5257 revoces,
3399 5199 3456 5247 et
3485 5191 3536 5245 in

1923 5287 2188 5360 ejusmodi
2215 5285 2579 5342 narrationem
2621 5285 2864 5351 inducas,
2891 5301 3000 5356 quo
3024 5284 3186 5341 simul
3217 5293 3272 5341 et
3298 5291 3540 5356 purgatis

1924 5381 2147 5446 animis,
2178 5388 2235 5434 et
2267 5377 2564 5448 voluptate,
2601 5394 2722 5448 qua:
2754 5379 2993 5450 periculo
3019 5387 3235 5446 careat,
3260 5378 3537 5445 delectati,

1924 5473 2160 5543 denique
2200 5469 2302 5541 ipsi
2339 5471 2500 5526 mites
2529 5484 2593 5525 ac
2622 5470 2915 5540 placabiles
2952 5485 3080 5541 erga
3124 5479 3352 5525 cunctos
3398 5471 3541 5524 male

1924 5564 1995 5620 de
2025 5563 2178 5619 nobis
2207 5561 2432 5617 meritos
2462 5560 2608 5628 facti,
2633 5577 2699 5617 ex
2743 5561 2845 5618 hac
2880 5563 2985 5617 vita
3028 5563 3342 5632 migremus,
3368 5563 3421 5616 in
3454 5559 3535 5616 fn-

1927 5667 2050 5713 turo
2075 5655 2274 5712 saeculo
2306 5655 2514 5712 nullum
2557 5654 2818 5712 habentes
2858 5655 3166 5720 inimicum,
3206 5655 3344 5711 bona
3372 5656 3534 5711 etiam

1927 5760 2130 5805 interna
2170 5761 2589 5819 consequamur,
2629 5747 2799 5817 gratia
2827 5754 2883 5802 et
2920 5745 3163 5801 bonitate
3201 5745 3410 5802 Domitii
3441 5759 3535 5802 no-

1929 5841 2026 5895 stri
2055 5838 2182 5896 Jesu
2212 5838 2435 5909 Christi,
2462 5839 2548 5895 cui
2574 5837 2745 5910 gloria
2775 5837 2829 5892 in
2858 5836 3072 5894 saecula.
3097 5837 3294 5895 Amen.
