4066 6470
588 383 692 442 681

1183 488 1463 553 llOMlLIA
1503 489 1568 544 Il.

585 601 738 671 Quod
754 617 991 675 mgnum
1009 603 1074 657 sit
1099 602 1309 668 bonum,
1334 618 1434 656 non
1460 611 1655 657 tantum
1675 617 1904 659 exercere
1922 606 2172 670 virtutem,

655 676 975 754 set-uinetiam
1012 693 1226 749 laudare
1251 710 1270 748 :
1291 694 1523 765 quodque
1567 693 1733 747 Dauid
1765 695 2173 766 magnificentius

653 784 902 847 tropcum
942 779 1156 833 erexerit
1195 777 1448 848 parcendo
1493 776 1681 841 Sauli,
1727 793 1880 847 quam
1921 786 2175 848 prostrato

647 864 856 921 Goliam
875 868 1136 938 :qaodque
1147 868 1254 921 hac
1268 868 1458 938 faciem
1477 865 1638 936 magis
1652 865 1898 936 profuerit
1910 868 2006 922 sibi
2023 884 2174 939 quant

651 957 804 1014 Soﬁli
826 976 848 1013 :
871 960 1031 1030 deque
1048 958 1370 1014 accusatione
1393 959 1553 1029 ipsius
1577 959 1718 1029 apud
1741 958 1970 1015 Saﬂlem.

653 1076 704 1130 l.
731 1073 969 1129 Laudare
992 1072 1172 1127 virtute
1207 1072 1449 1142 prmditos
1474 1072 1700 1142 prodest.
1722 1101 1798 1114 --
1815 1072 1926 1128 Vos
1953 1073 2169 1144 quidem

580 1178 757 1233 nuper
791 1162 1048 1218 laudastis
1078 1161 1335 1217 Davidem
1364 1161 1438 1216 ob
1479 1162 1740 1218 malorum
1789 1163 2168 1230 tolerantiam;

573 1268 677 1324 ego
699 1255 931 1309 vicissim
958 1253 1260 1308 admirabar
1299 1263 1534 1309 vestram
1568 1268 1695 1323 erga
1725 1254 1978 1320 Davidem
2008 1255 2168 1311 bene-

573 1341 964 1400 volentiam'ac
1007 1344 1246 1400 caritatis
1287 1343 1559 1413 aﬂ'ectum.
1608 1343 1723 1399 Non
1771 1345 1915 1399 enim
1957 1355 2170 1414 Oportet

573 1433 725 1489 adire
773 1434 935 1489 modo
962 1443 1018 1490 et
1055 1434 1295 1489 aemulari
1338 1430 1625 1498 virtutem,
1673 1434 2026 1490 verumetiam
2072 1451 2168 1492 eos

570 1525 662 1594 qui
691 1525 941 1581 virtutem
968 1526 1368 1595 amplectuntur
1385 1566 1399 1590 ,
1427 1524 1672 1581 laudibus
1701 1527 1968 1596 evehere,
1996 1535 2053 1583 et
2073 1529 2167 1584 ad-

571 1599 1200 1684 mirandos'pmdicarc,
1233 1615 1391 1670 nobis
1419 1614 1650 1670 fructum
1678 1615 1906 1685 aliquem
1932 1631 2166 1687 eumque

570 1688 725 1760 haud.
759 1705 1034 1774 vulgarem
1088 1704 1284 1760 affert:
1326 1704 1778 1776 quemadmodum
1822 1719 1889 1761 ex
1931 1705 2165 1763 adverso

569 1796 888 1865 pravitatem
921 1813 1024 1852 non
1058 1797 1294 1865 aemulari
1337 1807 1562 1862 tantum,
1604 1791 1961 1853 verumetiam'
1997 1798 2050 1854 iu
2096 1814 2161 1855 ea

567 1886 806 1942 viventes
849 1887 1102 1953 laudare,
1150 1880 1466 1957 supplicium
1508 1887 1652 1942 haud
1696 1887 1967 1944 mediocre
2009 1889 2162 1944 nobis

564 1987 716 2042 parm
735 1996 749 2032 :
768 1988 822 2032 et
849 1982 890 2032 si
911 1978 988 2033 l'as
1015 1989 1098 2034 est
1121 1978 1368 2045 quiddam
1397 1995 1591 2034 novum
1613 1987 1668 2033 et
1692 1978 2060 2034 admirandum
2081 1979 2163 2036 di-

565 2082 723 2132 cere,
749 2070 964 2138 gravius
991 2069 1312 2141 supplicium
1341 2078 1522 2125 manet
1547 2070 1687 2137 illos,
1720 2086 1879 2140 quam
1904 2071 2048 2141 ipsos
2069 2071 2160 2142 qui

567 2157 706 2210 mide
722 2160 930 2212 vivunt.
958 2151 1012 2211 id
1035 2158 1318 2213 declarans
1337 2159 1558 2225 Paulus,
1581 2169 1922 2230 posteaquam
1944 2176 2160 2219 omnem

569 2245 785 2301 malitiae
825 2248 1061 2318 speciem
1091 2237 1500 2315 enumerasset,
1532 2259 1944 2320 accusassetque
1969 2241 2160 2331 omnes

564 2339 654 2407 qui
683 2338 829 2409 leges
855 2340 947 2394 Dei
976 2340 1314 2406 conculcaut,
1345 2340 1416 2396 de
1444 2342 1552 2396 illis
1579 2341 1708 2411 ipsis
1764 2342 2017 2413 sulu'icit:
2051 2332 2156 2409 Qui

566 2441 684 2479 rum
708 2425 808 2482 .Dei
810 2427 1087 2496 justitiam
1102 2440 1326 2499 nossent,
1347 2431 1486 2503 quod
1511 2427 1598 2503 qui
1620 2432 1745 2487 talio
1766 2436 1982 2503 faciunt,
2014 2435 2158 2507 digni

561 2526 682 2573 sunt
710 2529 897 2581 morte.
944 2537 1050 2575 non
1093 2521 1256 2590 solum
1286 2537 1347 2576 eo
1382 2523 1601 2593 faciunt,
1631 2524 1719 2578 sed
1744 2534 1792 2579 et
1829 2527 2157 2598 comprobant

563 2609 663 2666 illa.
680 2611 923 2683 ﬁnientes
943 2626 978 2665 ..°
1018 2611 1131 2666 ideo
1157 2612 1517 2668 inexcusabilis
1546 2631 1618 2678 es,
1646 2631 1676 2669 o
1706 2615 1854 2669 homo
1874 2615 1895 2686 (
1916 2615 2067 2670 Rom.
2100 2618 2154 2673 l.

565 2700 658 2756 32.
686 2711 732 2755 et
751 2693 798 2755 ὲ.
824 2701 879 2755 2.
913 2719 961 2756 υ.
993 2703 1071 2773 l).
1102 2703 1262 2759 Vides
1289 2718 1412 2758 eum
1436 2704 1508 2760 ita
1537 2705 1678 2775 loqui
1699 2714 1757 2761 ut
1778 2706 2029 2769 ostendat
2052 2697 2156 2764 hoc

563 2804 685 2846 esse
708 2792 924 2861 gravius
951 2792 1063 2848 illo.
1094 2792 1233 2859 Nam,
1258 2793 1478 2856 laudare,
1499 2793 1891 2865 delinquentes,
1918 2796 2063 2868 quod
2086 2797 2154 2853 ad

561 2881 878 2958 supplicium
897 2884 1157 2952 pertinet,
1180 2883 1336 2955 longe
1362 2873 1481 2955 plus
1505 2894 1591 2940 est
1611 2900 1778 2956 .quam
1798 2886 2112 2959 delinquere
2134 2889 2180 2947 ἐ-

526 2971 724 3043 ‘idque
748 2972 870 3044 iure
900 2975 1122 3042 merito,
1150 2976 1271 3047 quia
1309 2976 1413 3031 hoc
1451 2976 1760 3048 suffragium
1803 2979 2157 3050 proficiscitur

559 3063 631 3121 ab
657 3064 836 3121 animo
866 3067 1023 3135 plane
1043 3076 1302 3135 corrupto
1320 3109 1336 3130 ,
1368 3078 1424 3123 et
1461 3067 1743 3124 insanabili
1783 3071 1972 3126 morbo
1999 3070 2153 3127 labo-

557 3162 735 3209 raute.
760 3155 1033 3224 Siquidem
1057 3157 1104 3211 is
1126 3157 1214 3225 qui
1235 3157 1361 3216 dum
1384 3166 1590 3227 peccat,
1617 3157 1938 3215 condemnat
1959 3175 2151 3231 pecca-

563 3255 676 3313 tu
706 3263 902 3315 statim,
929 3247 1129 3318 poterit
1157 3248 1448 3318 aliquando
1485 3250 1745 3319 temporis
1773 3265 2059 3322 progressu
2082 3253 2153 3308 ad

557 3351 618 3392 se
643 3336 847 3403 redire;
875 3337 966 3408 qui
1003 3354 1133 3401 vero
1160 3338 1344 3394 laudat
1372 3328 1628 3394 malitiam
1648 3382 1665 3407 ,
1695 3340 1743 3395 is
1766 3340 2004 3410 seipsum
2039 3344 2150 3414 pri-

559 3428 702 3508 vavit
723 3429 1019 3503 curatione,
1046 3445 1204 3500 quam
1226 3429 1385 3486 aﬂ'ert
1413 3430 1745 3502 poenitentia.
1770 3432 2000 3490 Proinde
2031 3450 2148 3492 me-

555 3519 664 3575 rito
687 3518 882 3598 Paulus
917 3521 1279 3589 pronuntiavit
1303 3520 1406 3580 hoc
1435 3522 1528 3579 illo
1553 3537 1674 3578 esse
1702 3524 1935 3595 gravius.
1968 3525 2150 3597 Itaque

555 3610 698 3666 sicut
722 3626 829 3681 non
881 3620 1090 3668 tantum
1137 3613 1178 3668 ii
1194 3615 1284 3684 qui
1323 3628 1488 3685 prava
1513 3615 1748 3682 faciunt,
1797 3619 2145 3674 verumetiam

555 3703 645 3774 qui
690 3705 821 3760 tales
859 3705 1079 3761 laudant
1104 3720 1166 3760 ac
1193 3705 1524 3775 praedicant,
1551 3708 1794 3761 eamdem
1815 3748 1832 3774 ,
1863 3718 1956 3763 aut
1985 3710 2146 3766 etiam

553 3793 855 3862 graviorem
881 3809 1092 3864 pinnam
1120 3795 1416 3864 sortiuntur
1446 3812 1462 3849 :
1491 3795 1563 3850 ita
1587 3796 1677 3866 qui
1704 3796 1875 3852 bonos
1901 3798 2148 3854 laudibus

553 3882 861 3957 vehuntrsc
901 3883 1195 3952 pradicant
1229 3925 1247 3952 ,
1287 3898 1607 3940 coronarum
1649 3885 1754 3941 illis
1791 3887 2146 3965 repositamm

553 3973 691 4028 ﬁunt
711 3973 1020 4044 participes.
1046 3973 1198 4051 Quod
1224 3974 1401 4065 ipsum
1422 3975 1498 4042 ita
1523 3989 1646 4032 esse
1669 3992 1701 4033 e
1721 3968 2004 4056 Scriptura
2019 3977 2149 4065 licet

549 4064 874 4135 perspicere.
913 4064 1052 4121 Deus
1069 4065 1219 4137 enim
1248 4067 1319 4122 ita
1357 4064 1592 4137 loquitur
1618 4065 1849 4129 Abrahae
1880 4085 1896 4120 :
1929 4062 2147 4123 Beudi.

551 4155 774 4219 sentibus
795 4155 882 4209 tibi
907 4156 1216 4230 benedicens,
1239 4166 1284 4209 et
1303 4156 1717 4212 moledicentibtts
1737 4157 1826 4212 tibi
1844 4149 2145 4214 maledicam

550 4242 723 4315 (Gen.
756 4245 844 4312 12.
874 4246 967 4318 5,).
998 4244 1147 4319 Idem
1183 4247 1241 4311 in
1265 4244 1557 4318 Olympicis
1595 4245 1978 4309 certaminibus
2005 4249 2147 4307 acci-

547 4335 676 4409 dere
704 4336 901 4392 videbit
933 4335 1340 4413 quivis.,Neque
1359 4336 1501 4408 enim
1528 4337 1728 4396 athleta
1755 4345 1958 4402 tantum
1979 4353 2139 4396 corc—

546 4441 670 4483 nam
694 4420 930 4502 gestans,
953 4443 1126 4506 neque
1146 4428 1235 4497 qui
1267 4426 1509 4482 laborem
1530 4441 1596 4484 ac
1623 4426 1876 4484 sudorem
1921 4419 2145 4498 pertulit

547 4518 728 4584 modo,
752 4533 943 4578 verum
966 4527 1020 4574 et
1046 4518 1089 4572 is
1113 4518 1201 4587 qui
1228 4517 1407 4588 laudat
1429 4516 1706 4584 victorem,
1740 4533 1847 4587 non
1869 4519 2140 4585 minimam

546 4609 719 4664 laudis
757 4610 898 4666 illius
926 4611 1252 4680 voluptatem
1293 4609 1552 4685 decerpit.
1583 4610 1925 4684 Quapropter
1952 4621 2007 4670 et
2039 4629 2141 4686 ego

546 4714 652 4754 non
677 4699 850 4773 solum
878 4715 1196 4772 generosum
1219 4701 1367 4756 illum
1388 4715 1451 4757 ac
1467 4702 1863 4772 magnanimum
1883 4704 1955 4761 ob
1972 4704 2140 4761 animi

544 4790 932 4862 philosophiam
974 4791 1186 4847 beatum
1214 4791 1450 4862 praedico
1471 4833 1488 4856 ,
1521 4806 1705 4847 verum
1738 4800 1794 4848 et
1822 4807 1918 4848 vos
1943 4795 2013 4850 ob
2038 4796 2139 4851 be-

541 4882 790 4937 nevolum
823 4897 945 4952 erga
976 4882 1125 4936 illum
1151 4882 1410 4937 animum.
1441 4880 1538 4947 Ille
1562 4897 1794 4953 namque
1819 4885 2046 4939 certavit
2073 4901 2139 4942 ac

541 4971 670 5027 vicit
695 5015 710 5036 ,
741 4978 1120 5044 coronamque"
1151 4973 1266 5027 tulit
1296 4989 1311 5026 :
1353 4986 1447 5027 vos
1477 4980 1652 5050 autem
1694 4974 1817 5046 quia
1860 4975 2138 5031 victoriam

538 5061 811 5129 laudastis,
831 5079 935 5119 non
960 5063 1512 5123 mediocremcoronce
1534 5073 1738 5135 partem
1755 5056 1907 5123 vehis
1925 5069 2136 5125 tulistis.

541 5153 610 5210 Ut
647 5155 805 5224 igitur
848 5155 1069 5211 uberior
1097 5157 1166 5210 sit
1209 5156 1362 5211 vobis
1407 5156 1506 5220 ista
1536 5156 1779 5227 voluptas
1803 5198 1817 5222 ,
1846 5174 1909 5215 ac
1935 5160 2139 5219 fructus

538 5239 890 5300 abundantior
916 5289 930 5310 ,
962 5248 1195 5317 agedum~
1219 5249 1453 5318 reliquas
1479 5264 1687 5319 quoque
1718 5251 1874 5321 hujus
1900 5251 2138 5310 historia:

540 5346 717 5402 partes
740 5339 884 5391 vobis
907 5338 1296 5406 persolvamus.
1321 5339 1451 5394 Cum
1479 5338 1714 5396 historia:
1744 5343 1972 5411 scriptor
1993 5359 2139 5397 com-

543 5440 897 5484 memorasset
923 5431 1085 5484 verba
1099 5426 1122 5496 ‘,
1151 5431 1346 5500 quibus
1375 5431 1537 5487 David
1569 5433 1767 5505 caedem
1797 5434 2134 5503 reprobat-it,

542 5520 764 5588 subjecit
791 5520 885 5583 1N
892 5540 954 5575 on
985 5525 1209 5591 permisit
1233 5525 1358 5589 illis,
1403 5535 1458 5579 ut
1483 5538 1747 5596 surgerent
1773 5529 2136 5584 et-occiderent

544 5607 673 5664 Sunt
704 5611 790 5679 (l.
824 5610 948 5682 Reg.
984 5615 1072 5668 24.
1108 5615 1184 5685 8)
1214 5633 1226 5668 :
1259 5617 1414 5672 simul
1458 5625 1513 5672 et
1559 5617 1770 5672 illorum
1814 5617 2022 5674 animos
2068 5619 2133 5674 ad

542 5696 739 5757 ozmlem
772 5718 1065 5775 promptos,
1094 5717 1144 5762 et
1175 5707 1330 5779 hujus
1372 5708 1734 5766 fortitudinem
1762 5709 2136 5770 demonstrare

543 5793 743 5850 volens.
794 5799 859 5854 At
907 5799 1054 5857 multi
1117 5801 1383 5872 δίωξιηηὶ
1429 5800 1676 5862 videnlur
1718 5802 2127 5880 philosophari,

1371 379 1430 438 S.
1469 377 1749 438 JOANNIS
1782 375 2262 441 CHRYSOSTOMI
2300 380 2621 441 ARCHIEP.
2661 381 3204 446 CONSTANTINOP.

3782 392 3880 454 ωε

2281 492 2490 550 etiamsi
2523 494 2622 564 ipsi
2654 495 2709 550 in
2734 511 2793 552 se
2825 512 2929 552 non
2957 499 3222 570 recipiunt
3266 499 3612 558 homicidium
3635 544 3653 570 ,
3695 506 3879 562 nolunt

2283 578 2460 640 tamen
2490 587 2625 643 alios
2662 587 2753 656 qui
2781 589 2982 645 cuidem
3029 602 3219 662 parant
3241 593 3532 649 cohibere.
3559 596 3632 650 At
3661 610 3771 652 non
3813 599 3877 652 ita

2281 673 2467 742 David,
2495 677 2589 732 sed
2614 677 2834 746 perinde
2855 693 2918 734 ac
2937 680 2984 735 si
3005 681 3306 752 depositum
3325 683 3542 755 aliquod
3558 688 3880 756 accepisset,

2279 780 2377 837 pro
2416 785 2523 840 quo
2551 771 2814 829 rationem
2856 773 3163 831 redditurus
3191 785 3336 832 esset
3360 817 3376 841 ,
3422 777 3493 833 ita
3524 792 3635 834 non
3674 788 3877 835 tantum

2278 859 2393 929 ipse
2421 876 2525 916 non
2554 864 2730 934 attigit
2755 866 3050 931 inimicum,-
3076 883 3261 926 verum
3283 870 3445 924 etiam
3471 871 3610 926 alios
3637 872 3878 930 occidero

2274 952 2517 1009 volentes
2541 957 2801 1025 coercuit,
2830 959 3046 1015 satelles
3079 960 3314 1029 optimus
3339 972 3394 1017 et
3427 967 3675 1033 corporis
3699 979 3878 1023 custos

2275 1059 2373 1114 pro
2390 1043 2542 1137 hoste
2562 1045 2750 1137 lactus.
2775 1049 2959 1120 Itaque
2978 1067 3083 1107 non
3104 1053 3365 1109 aberrarit
3379 1069 3408 1108 a
3430 1059 3698 1137 νει-οη(ιυὶ
3719 1059 3881 1128 dicat,

2276 1133 2530 1190 Davidem
2559 1135 2613 1192 id
2655 1141 2914 1209 temporis
2942 1141 2995 1195 in
3023 1143 3242 1213 gravius
3271 1144 3522 1203 incidisse
3550 1133 3848 1206 discrimen
3865 1192 3880 1219 ,

2271 1242 2431 1297 quam
2463 1227 2636 1298 ipsum
2675 1229 2920 1288 Saitlem.
2948 1232 3135 1301 Neque
3163 1236 3308 1290 enim
3341 1237 3458 1292 leve
3485 1249 3762 1297 certamen
3791 1239 3885 1312 pe-

2271 1317 2604 1390 riculumque
2624 1321 2940 1387 sustinebat,
2964 1322 3092 1378 dum
3117 1326 3364 1382 omnibus
3389 1328 3562 1384 modis
3586 1332 3883 1388 conabatur

2270 1407 2417 1464 illum
2456 1411 2527 1466 ab
2568 1411 2776 1469 insidiis
2800 1414 3047 1486 eripere,
3080 1432 3215 1486 quas
3242 1418 3290 1473 ei
3333 1419 3594 1489 parabant
3634 1423 3880 1480 milites:

2268 1513 2443 1569 neque
2465 1501 2691 1572 perinde
2717 1507 2989 1561 metuebat
3004 1521 3072 1562 ne
3092 1511 3208 1577 ipse
3223 1510 3572 1578 occideretur,
3595 1529 3662 1569 ac
3691 1513 3885 1570 fortui-

2268 1587 2427 1646 dabat
2455 1605 2525 1647 ne
2553 1593 2674 1663 quis
2702 1594 2928 1654 militum
2960 1595 3055 1651 ira:
3079 1598 3384 1668 obsequens
3416 1601 3751 1660 interﬁceret
3779 1605 3882 1662 bo.

2266 1679 2464 1735 minem
2496 1699 2510 1736 :
2543 1696 2770 1754 eamque
2800 1685 2869 1740 ob
2898 1701 3115 1746 causam
3137 1690 3404 1758 ejusmodi
3425 1706 3772 1750 commentus
3791 1708 3880 1753 est

2265 1772 2688 1830 excusntionem.
2726 1777 2900 1846 Atque
2925 1777 3002 1832 illi
3029 1779 3245 1848 quidem
3279 1783 3628 1849 accusabant,
3657 1801 3883 1845 accusa-

2263 1862 2422 1917 batur
2448 1873 2640 1922 autem
2667 1867 2801 1923 Saﬁl'
2825 1868 3103 1925 dormiens
3131 1911 3145 1934 ,
3178 1872 3275 1928 sed
3305 1873 3543 1930 defendit
3586 1877 3842 1935 inimicus
3866 1925 3880 1948 ,

2267 1953 2410 2009 Deus
2445 1970 2576 2011 vero
2593 1957 2756 2026 iudex
2789 1967 2940 2025 erat,
2971 1974 3034 2014 ac
3063 1961 3279 2016 Davidis
3304 1967 3633 2023 sententiam
3673 1970 3882 2025 contir-

2264 2047 2447 2102 mavit;
2470 2046 2653 2119 Neque
2674 2049 2814 2104 enim
2841 2052 3043 2122 absque
3069 2052 3164 2108 Dei
3191 2055 3442 2123 prmsidio
3465 2058 3728 2117 valuisset
3746 2062 3883 2122 illus

2263 2138 2503 2197 furentes
2521 2141 2738 2200 vincere
2761 2160 2776 2198 :
2804 2145 2901 2200 sed
2926 2146 3040 2200 haec
3061 2155 3180 2202 erat
3202 2148 3292 2204 Dei
3316 2150 3482 2221 gratia
3515 2153 3568 2206 in
3595 2154 3882 2224 prophetat

2254 2230 2418 2288 labiis
2445 2231 2688 2290 residens
2706 2274 2722 2297 ,
2747 2251 2868 2304 quae
2894 2235 3053 2291 veluti
3081 2237 3364 2312 suadelam,
3391 2243 3682 2312 quamdam
3711 2245 3880 2302 adde-

2261 2319 2545 2394 batv'illius
2586 2326 2783 2381 verbis.
2826 2325 3060 2384 Tametsi
3097 2332 3205 2385 non
3266 2332 3383 2388 leve
3435 2345 3773 2392 momentum
3821 2349 3878 2396 et

2262 2414 2428 2471 David
2447 2415 2554 2473 huc
2575 2408 2774 2485 attulit,
2797 2420 2887 2490 qui
2911 2402 3162 2491 quoniam
3186 2423 3307 2480 illos
3327 2427 3609 2496 superiore
3631 2437 3880 2500 tempore

2260 2505 2340 2560 sic
2364 2506 2699 2574 instituerat,
2727 2509 2926 2566 idcirco
2951 2514 3005 2566 in
3045 2515 3272 2569 articulo
3300 2518 3618 2574 certaminis
3658 2535 3876 2589 paratos

2261 2594 2381 2650 illos
2405 2610 2471 2651 ac
2513 2598 2808 2669 morigeros
2837 2602 3062 2670 reperit.
3102 2602 3397 2660 Prtel‘uerat
3438 2607 3583 2661 enim
3624 2609 3732 2664 illis
3764 2626 3873 2666 non

2259 2693 2319 2740 ut
2343 2685 2466 2742 belli
2492 2685 2600 2743 dus
2629 2689 2886 2748 militibus
2907 2732 2922 2755 ,
2952 2692 3046 2748 sed
3083 2703 3142 2750 ut
3182 2695 3436 2751 sacerdos
3460 2737 3475 2763 ,
3503 2697 3727 2770 jamque
3751 2717 3874 2774 spc-

2258 2775 2416 2832 lunca
2447 2777 2533 2834 illa
2560 2788 2680 2834 erat
2705 2781 2959 2838 ecclesia.

2330 2869 2656 2940 Santi/icium
2700 2871 2852 2941 oﬁ'ert
2889 2872 2998 2930 Deo
3051 2874 3218 2931 David
3241 2919 3258 2946 ,
3304 2878 3580 2937 immolaris
3619 2882 3774 2938 iram.
3801 2914 3873 2930 --

2257 2959 2349 3017 Sic
2371 2961 2822 3031 quemadmodum
2857 2964 3051 3037 aliquis
3084 2969 3322 3040 episcopi
3366 2971 3588 3028 sortitus
3627 2989 3864 3050 munus,

2256 3052 2323 3108 ad
2355 3054 2475 3109 illos
2497 3056 2812 3113 concionem
2849 3058 3077 3115 habebat
3102 3101 3120 3126 ,
3149 3075 3213 3115 ac
3245 3073 3460 3131 peracta
3490 3067 3759 3123 concione
3785 3084 3868 3124 sa-

2256 3143 2514 3200 crillcium
2541 3145 2755 3214 obtulit,
2787 3148 2947 3218 idque
2966 3149 3283 3207 admirabile
3311 3153 3584 3222 quoddam
3613 3156 3868 3231 dictuque

2256 3235 2589 3305 incredibile,
2622 3254 2731 3294 non
2757 3250 2992 3298 mactato
3018 3244 3184 3299 vitulo
3201 3285 3218 3310 ,
3248 3253 3339 3300 aut
3368 3247 3551 3302 occiso
3576 3263 3743 3320 agno,
3770 3251 3864 3307 sed

2254 3329 2398 3404 quod
2431 3328 2515 3385 his
2545 3336 2663 3384 erat
2703 3331 2872 3387 multo
2896 3332 3363 3402 honoriﬁcentius,
3392 3338 3866 3414 mansuetudinem

2254 3428 2310 3476 et
2357 3419 2742 3477 humanitatem
2802 3421 3039 3479 oderas
3090 3425 3206 3482 Dco
3237 3465 3253 3489 ,
3304 3434 3466 3498 atque
3505 3428 3867 3487 irrationabili

2253 3511 2599 3580 anim‘i_motu
2629 3523 2882 3582 mactato,
2905 3516 3192 3586 occisaque
3235 3517 3532 3586 iracundia,
3562 3529 3620 3576 et
3641 3525 3872 3579 mortill-

2252 3590 2387 3668 catis
2417 3602 2696 3670 membris,
2721 3619 2841 3674 quae
2879 3614 3003 3660 sunt
3027 3619 3188 3676 super
3219 3615 3439 3663 terram.
3479 3609 3549 3664 Et
3576 3609 3753 3668 {acuis
3789 3625 3874 3671 est

2252 3695 2394 3752 idem
2422 3705 2534 3751 tum
2561 3696 2773 3752 victima
2793 3739 2810 3765 ,
2842 3706 2953 3753 tum
2981 3699 3308 3756 sacriﬁcatus
3330 3741 3348 3768 ,
3374 3710 3493 3769 tum
3509 3703 3684 3760 altare
3713 3705 3735 3777 (
3755 3705 3867 3764 Col.

2253 3788 2306 3842 3.
2338 3787 2374 3844 li
2392 3789 2433 3858 ).
2451 3785 2728 3858 Siquidem
2752 3788 2808 3844 et
2830 3790 2967 3844 ratio
2981 3805 3102 3860 qua:
3116 3789 3379 3848 oﬂ'erebat
3392 3794 3867 3855 mansuetudinem

2250 3887 2413 3949 atque
2438 3878 2845 3944 humanitatem,
2863 3889 2920 3935 et
2934 3880 3048 3950 ipsa
3065 3882 3370 3938 humanitas
3387 3897 3452 3938 ac
3469 3887 3857 3955 mansuetudo,

2251 3971 2482 4042 denique
2518 3985 2614 4026 cor
2649 3971 2705 4026 in
2743 3985 2851 4042 quo
2879 3971 2997 4027 btec
3036 3971 3436 4042 merebantur,
3480 3977 3667 4035 omnia
3708 3990 3866 4039 eram

2250 4059 2492 4131 ejusdem
2523 4059 2777 4118 hominis.

2273 4147 2280 4156 '
2320 4149 2378 4205 2.
2418 4143 2778 4222 Posteaquam
2821 4151 2982 4223 igitur
3018 4140 3156 4210 hanc
3185 4152 3515 4213 immolasset
3543 4158 3861 4229 νάειν-ιω

2249 4232 2521 4298 victimam
2545 4285 2561 4310 ,
2597 4254 2722 4298 tunc
2769 4244 3048 4299 victoriam
3091 4247 3308 4313 retulit,
3355 4263 3528 4319 neque
3562 4251 3860 4326 quidquam

2251 4334 2594 4403 praetermisit
2615 4335 2760 4405 quod
2779 4336 2845 4390 ad
2876 4345 3133 4405 tropaeum
3164 4347 3448 4408 spectaret.
3477 4345 3715 4399 surrtxit
3735 4354 3858 4400 tan-

2249 4424 2374 4481 dem
2400 4425 2591 4483 borum
2614 4427 2968 4483 certaminum
2999 4427 3218 4483 materia
3243 4427 3394 4495 Sainl,
3415 4438 3471 4486 et
3493 4445 3751 4501 egressus
3776 4445 3862 4492 est

2247 4531 2279 4573 e
2300 4516 2574 4589 spelunca,
2599 4522 2813 4589 ignarus
2834 4519 3074 4574 omnium
3095 4535 3215 4589 qua:
3234 4529 3383 4592 gesta
3405 4521 3634 4579 inerant.
3667 4523 3860 4596 Egres-

2247 4625 2334 4664 sus
2373 4619 2446 4665 est
2485 4621 2656 4664 autem
2698 4619 2812 4679 post
2839 4609 2987 4664 illum
3027 4619 3073 4664 et
3112 4609 3285 4665 David
3309 4611 3328 4682 (
3352 4612 3403 4666 Ι.
3447 4609 3576 4684 Reg.
3612 4613 3708 4668 25.
3738 4616 3854 4686 9),

2248 4701 2431 4758 liberis
2457 4700 2722 4771 deinceps
2750 4702 2925 4756 oculis
2965 4701 3158 4757 caelum
3185 4702 3398 4758 intuens
3420 4744 3436 4768 ,
3466 4718 3531 4759 ac
3571 4715 3686 4761 tum
3716 4716 3855 4762 tem-

2249 4793 2392 4867 poris
2417 4796 2582 4864 magis
2612 4775 2870 4865 gaudens,
2888 4809 3046 4865 quam
3072 4808 3192 4850 cum
3212 4794 3425 4851 Golith
3448 4800 3852 4868 prostravissct,

2245 4882 2309 4942 ac
2348 4886 2559 4942 barbari
2588 4896 2749 4958 caput
2776 4896 3124 4958 amputasset.
3155 4887 3428 4957 Siquidem
3461 4889 3575 4944 hare
3615 4890 3704 4945 illa
3734 4907 3851 4947 tm-

2245 4979 2582 5049 gnillceutior
2609 4988 2724 5032 crat
2753 4980 2995 5039 victoria.
3027 4978 3143 5034 ha'c
3169 4979 3625 5055 magniﬁcentiora
3655 4969 3844 5052 spolia,

2246 5072 2311 5126 hu
2332 5087 2363 5128 c
2387 5071 2567 5142 praeda
2608 5072 2896 5137 illustriur,
2929 5072 3032 5127 hoc
3062 5071 3344 5142 gloriosius
3383 5066 3672 5143 troptnum.
3716 5077 3849 5132 Nam

2244 5167 2350 5222 illic
2376 5173 2430 5220 et
2461 5162 2620 5219 funda
2665 5172 2719 5218 ct
2743 5163 3010 5233 lapidibus
3047 5172 3102 5218 et
3141 5164 3255 5218 acie
3285 5164 3516 5221 habebat
3551 5182 3692 5238 opus
3721 5186 3736 5223 :
3766 5169 3850 5235 hic

2244 5273 2371 5314 vero
2390 5266 2580 5338 cqncta
2611 5255 2888 5324 prudentia
2911 5254 3223 5326 rationeque
3249 5265 3458 5326 peracta
3480 5268 3623 5323 sunt,
3649 5274 3714 5314 ac
3733 5263 3850 5319 sine

2242 5349 2404 5404 armis
2445 5348 2666 5414 contigit
2711 5347 2932 5401 victoria
2958 5388 2970 5411 ,
3004 5355 3162 5417 atque
3212 5348 3548 5403 incruentum
3584 5358 3846 5421 tropaeum

2229 5448 2478 5495 erectum
2524 5449 2627 5494 est.
2664 5438 2849 5508 Itaque
2892 5438 3054 5494 rediit
3096 5455 3203 5494 non
3250 5440 3463 5494 barbari
3505 5442 3648 5499 illius
3687 5458 3847 5514 caput

2241 5539 2455 5599 gestans
2481 5570 2496 5595 ,
2525 5530 2616 5584 sed
2640 5529 2801 5582 animi
2827 5529 3239 5584 commetionem
3281 5529 3516 5584 sedatam
3540 5570 3559 5599 ,
3586 5533 3683 5590 sed
3713 5536 3845 5591 iram

2242 5629 2548 5676 enervatam
2581 5636 2595 5675 :
2623 5636 2795 5691 neque
2824 5620 2940 5677 btec
2976 5622 3147 5692 spolia
3189 5623 3426 5693 reposuit
3447 5623 3841 5696 Jerosolyture,

2241 5713 2333 5770 sed
2364 5717 2414 5769 in
2454 5715 2586 5770 caalo
2612 5754 2626 5780 ,
2654 5715 2816 5785 inque
2857 5728 3088 5786 superna
3131 5713 3217 5769 iila
3262 5716 3494 5770 civitate.
3538 5715 3695 5773 Nunc
3737 5736 3840 5772 tum

2239 5806 2476 5879 choreas,
2492 5815 2712 5879 agentes
2732 5803 2948 5866 obviam
2972 5808 3254 5866 veniebant
3275 5806 3487 5864 femina:
3513 5809 3842 5884 excipientes
