4066 6424
215 369 326 426 689

217 483 370 540 illum
400 499 521 540 cum
550 485 815 552 laudibus,
843 484 937 540 sed
967 483 1276 555 angelorum
1312 483 1536 554 populus
1555 499 1587 540 e
1610 484 1823 538 sublimi

214 576 595 648 applaudebat,
622 577 894 632 admirans
923 577 1039 647 ejus
1068 577 1462 647 philosotihiam
1494 585 1549 630 et
1574 575 1823 630 humani-

217 675 406 722 tatem.
434 667 689 721 Ascendit
709 667 852 721 enim
877 667 1031 722 hoste
1058 667 1366 722 vulneribus
1390 666 1684 721 innumeris
1705 679 1828 719 sau-

209 759 356 812 ciato
379 797 396 822 ,
428 768 485 811 ut
514 757 604 826 qui
645 759 854 813 tametsi
883 767 1154 813 servasset
1179 758 1398 812 Saulem
1423 799 1437 823 ,
1467 766 1643 811 tamen
1675 757 1823 811 illum

212 861 404 903 revera
434 847 641 902 hostem
671 848 941 904 diabolum
976 849 1156 903 multis
1185 848 1353 918 plagis
1393 846 1640 902 conﬁxit.
1673 846 1826 901 Sicut

211 939 358 993 enim
402 938 556 993 nobis
605 954 701 1008 per
747 940 1076 994 iracundiam
1124 941 1262 996 inter
1291 954 1389 994 nos
1426 939 1820 1009 pugnantibus,

208 1041 266 1087 et
289 1044 477 1088 mutuo
502 1034 752 1089 conﬂictu
782 1035 1012 1101 collisis,
1055 1035 1144 1091 ille
1175 1047 1283 1090 tum
1325 1035 1559 1105 gaudet,
1593 1046 1702 1091 tum
1733 1037 1824 1091 la:-

209 1129 398 1176 tatur:
431 1123 502 1178 ita
547 1125 702 1178 nobis
745 1139 930 1194 pacem
974 1135 1029 1180 ct
1072 1125 1416 1180 concordiam
1460 1125 1818 1195 habentibus,

206 1212 452 1284 iramque
480 1215 886 1270 moderantibus
907 1257 922 1281 ,
956 1216 1508 1271 rursuscontrahitur
1531 1231 1594 1271 ac
1629 1217 1819 1286 dejici-

207 1313 311 1370 tur,
341 1305 594 1361 nimirum
628 1307 803 1362 hostis
831 1308 979 1378 pacis
1007 1318 1060 1363 et
1088 1308 1339 1364 inimicus
1376 1309 1679 1364 concordia:
1708 1349 1724 1374 ,
1764 1323 1821 1370 et

205 1397 422 1453 invidia:
463 1409 634 1468 pater.
684 1400 946 1470 Egressus
991 1409 1076 1456 est
1121 1402 1282 1471 igitur
1327 1400 1489 1456 David
1515 1443 1530 1469 ,
1575 1401 1816 1457 dextram

203 1488 348 1543 illam
379 1491 541 1544 totius
567 1491 713 1546 orbis
735 1493 906 1562 pretio
930 1508 1112 1562 parem
1133 1494 1291 1548 simul
1316 1509 1437 1548 cum
1464 1494 1638 1563 capite
1658 1509 1816 1548 enro-

202 1591 385 1636 natam
412 1593 646 1651 gestans.
680 1583 830 1639 Sicut
858 1585 1000 1638 enim
1041 1600 1186 1655 δίκερε
1216 1586 1569 1655 Imperatores
1594 1599 1813 1654 eorum,

205 1674 299 1744 qui
331 1675 547 1744 egregie
581 1689 641 1730 se
672 1675 724 1729 in
754 1675 989 1746 pugilum
1022 1679 1318 1733 certamine
1347 1688 1660 1749 gesserunt,
1686 1690 1814 1737 ante

197 1776 362 1836 caput
403 1777 663 1822 coronant
708 1767 952 1824 dextram
998 1779 1091 1826 aut
1135 1771 1330 1842 pugilis
1378 1779 1472 1826 aut
1515 1773 1816 1842 pancratia-

197 1865 299 1912 σιω
325 1854 407 1929 (a)
443 1859 556 1940 :ita
599 1871 652 1914 et
695 1860 837 1916 Deus
879 1876 1096 1916 manum
1142 1863 1287 1916 illam
1333 1865 1653 1932 coronavit,
1689 1880 1810 1936 qua:

194 1949 433 2020 gladium
465 1965 655 2021 purum
684 1953 918 2022 potuerit
939 1953 1191 2022 educere,
1216 1970 1508 2027 ensemque
1533 1957 1641 2013 Deo
1667 1958 1812 2014 nullo

197 2039 460 2110 sanguine
500 2041 922 2097 contaminatum
944 2043 1231 2100 ostendere
1255 2087 1269 2110 ,
1298 2045 1530 2117 denique
1554 2046 1812 2103 adversus

198 2138 402 2184 mittam
435 2130 725 2187 iracundize
771 2135 1062 2202 procellam
1101 2137 1375 2192 resistere.
1403 2137 1519 2192 Non
1561 2155 1810 2210 egressus

193 2230 278 2275 est
304 2228 522 2292 gestans
546 2221 723 2278 Saulis
752 2223 996 2280 diadema
1021 2267 1036 2292 ,
1068 2227 1162 2280 sed
1189 2241 1440 2296 egressus
1469 2237 1554 2283 est
1592 2242 1809 2300 gestans

191 2333 450 2372 coronam
469 2318 724 2389 justitize;
751 2335 860 2375 non
889 2335 1139 2392 egressus
1161 2331 1246 2377 est
1272 2333 1489 2393 gestans
1515 2325 1658 2394 regis
1683 2341 1807 2395 pur-

190 2425 416 2480 puream
452 2422 677 2479 vestem,
709 2413 805 2469 sed
837 2428 1088 2484 egressus
1121 2423 1204 2469 est
1227 2415 1453 2469 amictus
1478 2415 1808 2472 humanitate

190 2510 440 2556 naturam
464 2501 752 2557 humanam
773 2513 1086 2575 superante,
1110 2503 1250 2575 quod
1275 2505 1493 2576 pallium
1517 2514 1599 2562 est
1622 2508 1806 2576 quavis

189 2592 329 2646 stola
361 2593 809 2663 magniﬁcentius.

264 2687 472 2756 Confert
497 2685 740 2741 Devidem
771 2705 884 2742 cum
909 2689 1066 2744 tribus
1087 2692 1272 2758 pueris.
1299 2689 1450 2744 Nihil
1474 2692 1629 2744 tutius
1653 2707 1806 2760 quam

190 2796 401 2850 parcere
422 2781 648 2834 inimico.
667 2810 737 2821 —
753 2781 1020 2851 Egressus
1045 2791 1127 2836 est
1152 2799 1182 2838 e
1206 2783 1480 2853 spelunca,
1514 2793 1654 2836 tanta
1681 2799 1803 2838 cum

187 2871 394 2941 gloria,
435 2886 556 2926 cum
595 2881 792 2940 quanta
822 2882 929 2927 tres
958 2873 1106 2942 pueri
1133 2875 1334 2943 egressi
1367 2882 1492 2927 sunt
1534 2889 1565 2928 e
1593 2873 1804 2928 camino

186 2962 434 3018 ardente.
485 2961 615 3016 Nam
648 2963 858 3035 utillos
892 2979 998 3017 non
1044 2965 1247 3019 exussit
1280 2965 1415 3035 ignis
1438 3003 1453 3028 ,
1484 2965 1556 3018 ita
1591 2964 1674 3018 hic
1699 2980 1803 3019 non

190 3053 550 3122 conflagravit
579 3053 672 3107 irre
701 3033 973 3108 incendio.
1019 3053 1088 3108 Et
1128 3055 1230 3109 illis
1257 3033 1474 3124 quidem
1503 3054 1634 3109 foris
1670 3054 1802 3111 nihil

183 3144 361 3215 ignis,
390 3144 440 3197 in
468 3159 575 3213 quo
599 3145 984 3211 versabantur,
1018 3150 1199 3201 nocuit
1219 3145 1396 3216 (Dan.
1420 3146 1492 3219 3)
1524 3166 1537 3201 :
1563 3147 1648 3203 hic
1671 3163 1801 3204 vero

185 3250 314 3291 cum
347 3236 488 3291 intus
517 3236 740 3292 haberet
779 3237 1042 3292 carbones
1069 3253 1331 3294 accensos
1354 3281 1370 3306 ,
1403 3254 1523 3294 cum
1555 3238 1686 3295 foris
1715 3241 1798 3294 vi.

186 3327 342 3384 deret
361 3329 631 3382 diabolum
652 3330 920 3384 caminum
943 3329 1340 3396 incendentem,
1363 3330 1432 3385 ab
1452 3330 1652 3386 inimici
1673 3345 1802 3386 con-

182 3431 398 3492 specto,
421 3421 489 3475 ab
507 3423 881 3477 exhortatione
901 3423 1151 3490 militum,
1174 3440 1203 3479 a
1222 3423 1474 3481 facilitate
1491 3423 1800 3494 perﬁciendi

192 3534 208 3564 ι
228 3514 424 3580 sedem,
445 3529 475 3568 a
503 3513 791 3570 solitudine
809 3530 995 3570 eorum
1016 3516 1108 3585 qui
1124 3516 1267 3570 Sauli
1289 3525 1513 3587 possent
1531 3516 1797 3583 auxiliari,

183 3619 216 3657 a
253 3605 647 3673 prteteritorum
679 3605 936 3660 memoria
964 3647 977 3671 ,
1022 3620 1052 3658 a
1094 3605 1398 3660 futurorum
1441 3605 1799 3676 periculorum

184 3698 334 3744 metu
367 3688 663 3760 (siquidem
697 3692 812 3744 haec
855 3701 910 3744 et
934 3690 1248 3756 sarmentis,
1279 3690 1428 3760 pice,
1465 3689 1709 3760 stipulis,
1737 3707 1802 3750 ac

182 3782 399 3837 caeteris
428 3781 708 3844 omnibus,
738 3781 934 3851 quibus
964 3782 1206 3836 caminus
1235 3782 1326 3838 ille
1357 3782 1681 3855 Babylonius
1717 3785 1800 3838 in-

183 3871 542 3937 cendebatur,
572 3871 888 3926 lucidiorem
911 3872 1218 3927 excitabant
1243 3872 1512 3928 ﬂammam
1531 3873 1553 3944 )
1572 3915 1588 3941 ,
1617 3883 1797 3952 tamen

179 3979 297 4025 non
335 3965 534 4020 exarsit
562 3965 754 4032 David,
784 3981 959 4037 neque
986 3965 1092 4020 ullo
1132 3975 1288 4035 pacto
1315 3967 1392 4021 sic
1423 3966 1522 4021 fuit
1549 3965 1791 4036 affectus,

184 4067 246 4112 ut
271 4067 690 4113 consentaneum
719 4065 834 4111 erat
860 4073 980 4112 eum
1006 4057 1146 4113 efﬁci
1173 4077 1185 4112 :
1211 4057 1306 4113 sed
1331 4059 1495 4114 exivit
1525 4074 1711 4129 purus,
1742 4068 1799 4115 et

173 4153 412 4207 intuitus
439 4151 638 4205 inimici
664 4151 875 4216 faciem,
901 4151 1028 4207 hinc
1047 4153 1280 4208 maxime
1304 4153 1532 4222 sumpsit
1557 4155 1794 4210 animum

184 4244 382 4300 fortem
428 4259 492 4299 ac
536 4243 988 4313 philosopliicum.
1036 4243 1171 4299 Cum
1219 4246 1363 4300 enim
1399 4245 1608 4300 videret
1643 4245 1796 4302 illum

181 4333 428 4390 dormire
453 4377 468 4399 ,
511 4351 574 4389 ac
604 4350 823 4390 manere
870 4336 1202 4392 immobilem
1228 4378 1244 4402 ,
1289 4351 1462 4407 neque
1505 4337 1793 4408 quidquam

181 4438 349 4494 posse
375 4422 574 4489 facere,
606 4440 706 4479 suo
735 4440 856 4480 cum
887 4426 1068 4480 animo
1096 4426 1349 4492 loquutus
1370 4435 1454 4483 est
1483 4442 1498 4480 :
1531 4428 1618 4483 ubi
1650 4444 1795 4484 nunc

179 4515 278 4572 ille
302 4515 487 4570 furor?
510 4515 596 4570 ubi
621 4515 707 4570 illa
739 4517 974 4571 malitia?
996 4517 1081 4572 ubi
1107 4525 1183 4572 tot
1201 4520 1434 4585 technaa,
1460 4529 1536 4574 tot
1560 4520 1794 4576 insidiae?

181 4606 448 4663 Abierunt
468 4609 643 4662 omnia
671 4607 784 4670 illa,
810 4610 1192 4682 perieruntque
1211 4611 1386 4681 exigui
1411 4611 1584 4666 somni
1615 4612 1794 4668 incur-

177 4715 248 4757 su
275 4716 287 4754 :
313 4699 454 4770 jacet
480 4701 729 4769 alligatus
757 4716 884 4768 rex,
917 4717 1038 4756 cum
1082 4701 1213 4756 nihil
1247 4701 1440 4758 horum
1474 4718 1574 4758 nos
1617 4720 1790 4775 neque

176 4792 616 4863 cogitaverimus,
642 4807 812 4861 neque
831 4792 1236 4861 perfecerimus.
1249 4791 1628 4864 Conspiciebat
1644 4796 1791 4851 illum

177 4884 629 4950 dormientetn,ac
643 4885 710 4939 de
726 4894 896 4939 morte
910 4884 1158 4940 omnibus
1173 4886 1441 4940 communi
1455 4886 1798 4957 philosopha-

177 4975 362 5032 batur.
401 4973 633 5030 Somnus
666 4977 810 5044 enim
833 4974 963 5028 nihil
990 4976 1133 5030 aliud
1154 4986 1260 5040 est,
1284 4992 1445 5046 quam
1473 4993 1619 5033 mors
1656 4988 1795 5035 tein-

186 5065 403 5138 poraria
427 5107 443 5132 ,
475 5075 530 5122 et
553 5065 894 5136 quotidianus
936 5068 1206 5122 interitus.
1236 5067 1388 5122 llaud
1413 5069 1793 5140 intempestive

176 5155 305 5230 quis
343 5157 428 5212 hic
469 5159 775 5212 meminerit
817 5159 977 5212 etiam
1023 5159 1277 5215 Danielis.
1326 5159 1789 5226 Quemadmodum

178 5249 328 5306 enirn
351 5238 440 5305 ille
457 5249 700 5304 ascendit
719 5265 748 5304 a
773 5250 888 5305 lacu
917 5252 1182 5320 superatis
1205 5251 1333 5306 feris
1358 5253 1603 5310 leonibus
1623 5253 1788 5323 (Dan.

182 5344 298 5412 ιι)
330 5385 346 5411 ,
380 5345 452 5399 ita
481 5353 538 5400 et
579 5345 667 5399 hic
705 5363 737 5399 c
771 5360 940 5415 specu
986 5347 1222 5415 prodiit,
1249 5347 1368 5402 aliis
1405 5347 1592 5406 bestiis
1637 5349 1793 5421 longe

181 5434 501 5492 savioribus
540 5435 790 5491 devictis.
820 5436 952 5491 Nam
993 5437 1134 5493 sicut
1169 5438 1314 5508 justo
1343 5437 1419 5492 illi
1455 5439 1640 5495 leones
1666 5440 1791 5496 hinc
1823 5433 1828 5440 ’

184 5537 349 5599 atque
376 5527 502 5585 hinc
525 5528 854 5597 assidebam,
887 5530 959 5586 ita
987 5529 1132 5587 hunc
1158 5529 1406 5587 omnibus
1432 5531 1680 5588 leonibus
1707 5531 1789 5587 ei-

205 5706 323 5818 tuSa)
358 5708 693 5778 pancratiastae
718 5711 859 5757 erant
881 5706 984 5780 qui.
1005 5707 1054 5755 in
1079 5705 1334 5778 pentatblo
1372 5718 1463 5780 seu
1488 5706 1792 5818 inﬁmae

185 5769 202 5816 I
275 5770 318 5818 is
341 5774 554 5818 victores
572 5765 790 5818 fuerant.
813 5767 879 5818 de
904 5770 1083 5818 auibus
1109 5767 1238 5818 ludis
1281 5765 1504 5818 pluribus
1662 5781 1721 5818 us
1746 5784 1791 5818 in

185 5774 318 5818 ludis
341 5774 554 5818 victores
572 5774 790 5840 fuerant,
813 5774 879 5818 de
904 5774 1083 5841 quibus
1109 5774 1238 5818 ludis
1281 5774 1504 5841 pluribus
1527 5774 1721 5881 (minus
1745 5774 1791 5818 in

185 5825 316 5881 libro
332 5828 397 5880 de
413 5831 721 5896 Antiquitate
744 5827 1092 5894 explanauone
1109 5839 1161 5883 et
1183 5829 1515 5883 schematibus
1588 5836 1788 5882 ustrata.

1267 368 1356 424 DE
1401 365 1654 423 DAVle
1698 363 1786 420 ΕΤ
1823 365 2053 426 δειυιε
2095 372 2370 432 ΠΟΜΙΙΑΙΑ
2421 378 2482 434 ιι.

1937 483 2218 545 fcratiorcs
2245 508 2308 546 ac
2332 494 2616 550 validiores
2645 499 2806 552 animi
2835 510 3011 555 motus
3039 503 3352 561 invaserunt
3383 526 3394 561 :
3419 509 3545 566 hinc

1938 576 2230 648 indignatio
2262 584 2330 638 de
2363 589 2670 654 praeteritis,
2704 590 2850 646 illinc
2873 591 3170 649 futurorum
3202 609 3416 655 metus:
3450 617 3544 656 ve-

1935 687 2052 725 rum
2087 676 2275 730 horum
2306 688 2590 751 utrumque
2620 681 2707 738 hic
2729 687 2988 753 coercuit,
3023 702 3114 742 ora
3147 689 3331 746 bestiis
3359 691 3544 748 occlu-

1933 761 2086 828 dcus,
2119 764 2249 833 ipsis
2281 766 2429 823 factis
2455 771 2656 828 docens
2677 816 2690 838 ,
2713 775 2847 828 nihil
2878 792 2997 832 esse
3027 780 3191 834 tutius
3223 797 3383 850 quam
3414 800 3540 853 par-

1932 869 2058 940 cere
2083 860 2321 924 inimico,
2354 873 2540 918 contra
2572 866 2703 920 nihil
2733 868 3106 935 periculosius,
3131 887 3290 940 quam
3321 890 3378 929 se
3399 877 3540 931 velle

1932 939 2112 996 ulcisci
2134 957 2197 997 ac
2225 944 2511 1000 vindictam
2532 962 2767 1004 sumere.
2798 951 2950 1007 Alter
2977 953 3136 1022 igitur
3152 939 3249 1025 qui
3279 967 3540 1014 statuerat

1931 1029 2184 1088 invadere
2207 1076 2222 1102 ,
2257 1036 2429 1092 nudus
2473 1049 2527 1094 et
2569 1039 2789 1096 inermis
2814 1083 2828 1107 ,
2859 1044 3216 1115 omnibusque
3244 1048 3537 1106 destitutus

1929 1123 2140 1178 auxiliis
2163 1141 2266 1179 non
2289 1126 2446 1183 aliter
2465 1144 2625 1198 quam
2647 1133 2890 1201 captivus
2913 1135 2965 1188 in
2989 1151 3179 1192 manus
3201 1138 3401 1193 inimici
3425 1150 3538 1194 tra-

1927 1212 2069 1268 ditus
2106 1215 2319 1284 jacebat
2352 1236 2364 1270 :
2397 1219 2483 1273 hic
2525 1235 2652 1276 vero
2695 1221 2821 1277 dum
2872 1225 3059 1292 cedit,
3108 1237 3163 1281 et
3203 1228 3401 1299 ubique
3445 1230 3537 1285 dat

1926 1303 2123 1372 locum,
2152 1306 2384 1379 dumque
2411 1326 2478 1365 ne
2500 1310 2646 1380 juste
2669 1313 2885 1384 quidem
2923 1316 3036 1371 vult
3057 1333 3248 1372 manus
3275 1321 3534 1391 injicere,

1924 1397 2042 1452 sine
2067 1399 2350 1465 machinis,
2384 1403 2501 1457 sine
2526 1407 2693 1460 armis
2712 1447 2727 1474 ,
2760 1407 2878 1463 sine
2904 1410 3143 1480 equitatu
3161 1452 3176 1476 ,
3206 1411 3327 1466 sine
3354 1413 3538 1468 militi-

1923 1488 2041 1554 bus,
2075 1493 2282 1546 hostem
2313 1493 2363 1546 in
2397 1503 2720 1563 potestatem
2751 1511 2904 1553 suam
2927 1501 3172 1570 accepit;
3204 1511 3257 1556 ct
3281 1502 3424 1572 quod
3451 1513 3536 1558 est

1923 1581 2160 1636 omnium
2193 1583 2520 1651 maximum,
2553 1586 2722 1643 Deum
2762 1602 2887 1659 erga
2928 1603 2988 1644 se
3030 1590 3533 1650 benevolentiorem

1921 1672 2176 1728 reddidit.

1990 1765 2043 1819 3.
2081 1768 2286 1835 Quanta
2321 1771 2626 1842 tuerifecerit
2664 1773 2861 1843 David,
2903 1786 3101 1832 servato
3132 1777 3310 1833 Saﬁle.
3363 1780 3531 1836 ιιυιιο

1918 1860 2087 1928 majus
2116 1877 2324 1930 parcere
2347 1881 2500 1932 quam
2536 1867 2762 1933 perdere.
2793 1898 2867 1908 —
2893 1867 3007 1922 Non
3036 1869 3179 1924 enim
3209 1886 3275 1925 eo
3303 1870 3523 1928 beatum

1917 1953 2151 2021 praedico
2177 1966 2419 2010 sanctum
2451 1957 2599 2012 illum
2618 2001 2632 2025 ,
2661 1961 2800 2028 quod
2837 1961 3046 2016 hostem
3082 1962 3277 2019 viderit
3303 1965 3402 2018 sub
3431 1982 3530 2036 pe-

1917 2041 2074 2098 dibus
2105 2046 2218 2101 suis
2238 2047 2531 2117 jaceutem,
2563 2051 2657 2106 sed
2689 2052 2833 2122 quod
2862 2053 2935 2108 illi
2967 2053 3018 2108 in
3050 2070 3240 2109 manus
3270 2056 3397 2110 dato
3429 2071 3527 2127 pc-

1915 2137 2166 2204 percerit.
2191 2139 2430 2204 Quorum
2457 2142 2685 2196 alterum
2716 2142 2817 2196 fuit
2843 2158 2977 2213 Optls
3003 2144 3199 2199 divinas
3232 2149 3484 2215 potentia:
3505 2190 3521 2214 ,

1914 2228 2139 2284 alterum
2180 2232 2294 2301 ejus
2331 2231 2702 2304 philosophire.
2740 2235 3022 2300 Quomodo
3045 2236 3244 2291 milites
3267 2235 3524 2307 deinceps

1915 2317 2065 2373 illum
2080 2320 2412 2375 observasse
2441 2333 2860 2378 consentaneum
2894 2323 3027 2390 fuit,
3061 2335 3257 2394 quanta
3285 2342 3408 2397 erga
3451 2328 3520 2380 il-

1913 2409 2021 2464 lum
2053 2411 2424 2467 benevolentia
2466 2413 2629 2470 fuisse
2671 2414 2934 2470 affectos?
2980 2415 3111 2470 Nam
3154 2416 3200 2471 si
3235 2417 3382 2472 mille
3421 2416 3520 2472 ha-

1912 2500 2155 2557 buissent
2184 2503 2351 2570 vitas,
2379 2518 2560 2558 annon
2586 2515 2833 2575 prompte
2877 2506 3263 2576 impendisscnt
3294 2524 3391 2576 pro
3417 2524 3519 2562 suo

1911 2591 2077 2658 duce,
2106 2595 2216 2663 jam
2249 2610 2312 2649 ex
2346 2598 2641 2651 reverentia
2673 2612 2832 2667 quam
2861 2598 2998 2652 hosti
3027 2601 3272 2668 przr'stitit
3294 2643 3308 2666 ,
3341 2602 3519 2671 rcipsa

1912 2698 2251 2758 perspectum
2283 2689 2570 2757 habentes,
2615 2705 2774 2760 quam
2800 2691 3118 2746 benevolum
3148 2694 3385 2749 animum
3417 2708 3517 2765 ge-

1910 2791 2055 2836 reret
2085 2796 2208 2851 erga
2233 2781 2406 2836 suos?
2432 2782 2565 2836 Nam
2597 2783 2641 2836 is
2667 2784 2756 2853 qui
2795 2784 2941 2839 mitis
2968 2800 3032 2839 ac
3061 2796 3377 2841 mansuetus
3403 2798 3520 2842 erat

1910 2872 1961 2925 in
1992 2885 2085 2926 cos
2105 2914 2120 2937 ,
2166 2887 2196 2926 τι
2228 2873 2421 2941 quibus
2452 2874 2696 2927 molestia
2729 2873 2951 2928 affectus
2973 2884 3088 2941 est,
3136 2876 3304 2930 multo
3346 2877 3519 2946 magis

1909 2964 2009 3016 erit
2039 2979 2161 3032 erga
2191 2963 2483 3018 benevolos
2514 2981 2636 3019 cum
2668 2964 2919 3019 allectum
2941 2976 3191 3036 gesturus
3217 2985 3229 3019 :
3259 2981 3378 3036 qua:
3402 2983 3520 3038 pro-

1909 3055 2047 3112 fecto
2078 3073 2164 3114 res
2192 3057 2293 3112 fuit
2315 3057 2390 3113 illi
2414 3058 2708 3113 maximum
2735 3059 3041 3114 securitatis
3069 3060 3285 3130 pignus.
3313 3063 3382 3114 At
3404 3075 3511 3115 non

1907 3149 1960 3203 in
2007 3148 2176 3217 ipsum
2203 3149 2363 3205 modo
2409 3149 2879 3205 benevolentiorcs
2925 3159 3121 3216 erant,
3157 3151 3512 3207 verumetiaIu

1907 3242 2167 3297 adversus
2198 3241 2384 3298 hostes
2410 3243 2770 3313 promptiores
2803 3259 2817 3297 :
2846 3242 2988 3314 quod
3015 3244 3216 3298 scirent
3255 3259 3314 3313 se
3345 3244 3513 3299 Deum

1908 3334 2108 3390 habere
2137 3345 2606 3407 propugnatorem,
2631 3337 2722 3406 qui
2752 3352 2969 3407 semper
2989 3336 3202 3392 adesset
3223 3337 3366 3402 duci,
3398 3352 3517 3392 om-

1906 3429 2064 3484 nibus
2094 3429 2239 3483 illius
2267 3430 2432 3500 geStis
2462 3428 2814 3500 prosliiciens.
2849 3428 3054 3484 Idcirco
3086 3439 3269 3498 postea
3302 3426 3512 3496 Davidi,

1908 3535 2013 3575 non
2046 3520 2155 3589 jam
2198 3529 2255 3574 ut
2299 3519 2500 3574 homini
2529 3562 2542 3585 ,
2595 3520 2690 3576 sed
2719 3528 2776 3576 ut
2800 3519 2990 3590 angelo
3021 3519 3298 3588 parebant.
3332 3519 3515 3590 itaque

1907 3610 2073 3665 David
2098 3619 2150 3665 et
2181 3612 2490 3680 priusquam
2524 3612 2667 3667 Deus
2692 3612 2795 3681 ipsi
2828 3611 3133 3665 mercedem
3165 3610 3512 3679 rependerat,

1905 3701 2067 3757 etiam
2095 3701 2147 3756 in
2175 3702 2276 3756 bac
2290 3702 2398 3757 vita
2425 3703 2596 3773 majus
2623 3704 2830 3772 accepit
2851 3701 3154 3772 prastninm,
3173 3716 3237 3756 ac
3260 3701 3514 3758 illustrio~

1905 3809 2021 3848 rem
2054 3793 2174 3849 tulit
2221 3795 2499 3850 victoriam
2530 3803 2744 3850 servato
2771 3794 2952 3859 Saule,
2976 3808 3135 3864 quam
3165 3793 3209 3847 si
3241 3808 3364 3848 eum
3390 3808 3508 3849 ma-

1902 3893 2122 3940 ctasset.
2149 3884 2302 3952 Quod
2329 3884 2472 3940 enim
2503 3894 2706 3938 tantum
2726 3882 3087 3941 lucrifecisset
3111 3885 3298 3940 occiso
3323 3885 3508 3950 hoste,

1903 3986 2160 4048 quantum
2201 3991 2344 4032 nunc
2373 3975 2494 4030 tulit
2541 3974 2618 4029 illi
2655 3973 2971 4046 parcendo?
3003 3973 3128 4028 llmc
3175 3973 3337 4042 igitur
3372 3983 3427 4028 et
3459 3983 3509 4032 ll

1906 4079 2082 4125 tecum
2109 4066 2376 4138 expende,
2410 4067 2497 4120 ubi
2529 4067 2738 4135 ceperis
2764 4081 2886 4120 eum
2918 4066 3006 4136 qui
3032 4074 3085 4121 te
3122 4065 3260 4121 laes':t
3283 4107 3302 4133 ,
3342 4066 3514 4121 multo

1903 4177 2022 4217 esse
2051 4162 2223 4230 majus
2250 4175 2314 4215 ac
2341 4158 2606 4214 lucrosius
2631 4172 2858 4230 parcere
2879 4198 2897 4225 ,
2934 4172 3093 4228 quam
3122 4157 3375 4228 perdere.
3421 4155 3512 4212 Si-

1902 4253 2119 4326 quidem
2165 4253 2210 4308 is
2231 4252 2323 4323 qui
2354 4251 2552 4307 occidit
2590 4250 2868 4306 inimicum
2893 4289 2908 4314 ,
2950 4249 3265 4322 frequenter
3299 4259 3355 4306 et
3393 4248 3513 4319 ipso

1901 4361 2023 4402 sese
2047 4343 2449 4410 condemnabit,
2475 4357 2694 4413 pravam
2719 4355 2915 4412 gerens
2935 4341 3343 4406 conscientiam,
3375 4339 3506 4396 dum

1902 4441 1954 4494 in
1981 4438 2221 4508 singulos
2245 4434 2360 4491 dies
2384 4445 2438 4490 ct
2467 4433 2706 4505 singulas
2728 4433 2892 4488 horas
2938 4447 2969 4486 a
3011 4439 3235 4502 peccato
3275 4431 3370 4487 illo
3413 4446 3507 4486 ιιι-ε

1901 4539 2060 4603 gente
2089 4528 2357 4600 amigetur
2387 4544 2400 4582 :
2431 4535 2489 4582 at
2513 4526 2604 4597 qui
2632 4524 2870 4596 pepercit
2894 4565 2909 4589 ,
2955 4523 3215 4594 brevique
3263 4532 3513 4594 tempore

1900 4623 2030 4678 vicit
2054 4621 2276 4676 affectus
2306 4633 2456 4682 suos,
2485 4625 2606 4686 post
2631 4613 2865 4672 exsultat
2892 4628 2955 4669 ac
2979 4613 3279 4670 delectatur
3303 4612 3507 4684 optima

1902 4728 1999 4783 spe
2024 4711 2188 4767 fultus
2210 4752 2225 4776 ,
2273 4724 2337 4765 ac
2376 4707 2676 4764 tolerantia:
2703 4705 2926 4778 praimia
2947 4712 3268 4776 exspectans
3297 4718 3330 4760 a
3371 4707 3506 4780 Deo.

1899 4803 2054 4872 Quod
2084 4803 2128 4859 si
2156 4801 2372 4875 quando
2413 4799 2465 4856 in
2496 4799 2712 4871 aliquod
2753 4798 2954 4853 malum
2995 4795 3284 4863 inciderit,
3342 4795 3506 4853 multa

1900 4910 2022 4951 cum
2053 4894 2246 4950 ﬁducia
2277 4891 2582 4949 mercedem
2626 4905 2660 4947 a
2694 4890 2806 4946 Deo
2831 4899 3083 4961 reposcet
3109 4907 3123 4944 :
3150 4887 3478 4961 quemadmo
3498 4917 3511 4933 ο

1900 4986 2029 5042 dum
2056 4997 2112 5042 et
2136 4986 2224 5042 hic
2249 5001 2441 5056 magna
2471 4987 2715 5056 miraque
2745 4986 2800 5038 in
2824 4983 3036 5038 hostem
3066 4980 3321 5037 exbihitze
3345 4995 3478 5040 rcve
3497 5010 3510 5023 -

1899 5079 2088 5135 rentia:
2113 5078 2330 5147 pra-mia
2377 5077 2632 5148 deinceps
2672 5074 2928 5130 divinitus
2970 5073 3194 5144 recepit.
3236 5072 3347 5140 Sed
3388 5088 3510 5145 quas

1901 5178 2198 5238 sequuntur
2240 5166 2541 5223 videamus.
2605 5164 2780 5221 Exivit
2824 5162 2995 5218 David
3042 5179 3068 5218 e
3110 5163 3356 5234 spelunca
3398 5171 3511 5233 post

1903 5262 2146 5328 Sailem,
2196 5263 2534 5334 clamavitque
2566 5269 2682 5331 post
2716 5250 2864 5314 illum
2889 5300 2905 5321 ,
2947 5258 3022 5312 ita
3053 5255 3225 5312 dicens
3245 5271 3265 5312 :
3292 5254 3512 5311 Domine

1901 5357 1970 5408 mi
1997 5371 2106 5410 rex.
2138 5353 2204 5408 Et
2228 5354 2448 5426 respexit
2477 5351 2610 5408 Suri!
2633 5360 2746 5419 post
2769 5361 2965 5422 tergum
2985 5365 3157 5415 suum,
3178 5358 3228 5402 et
3253 5346 3514 5403 inclinans

1899 5465 1955 5503 se
1982 5446 2152 5501 David
2194 5447 2247 5499 in
2299 5447 2431 5517 facie
2475 5434 2760 5514 prostratus
2784 5433 2840 5496 in
2867 5453 3068 5518 terram
3110 5440 3342 5495 adorauit
3395 5456 3512 5495 eum

1901 5539 1994 5608 (l.
2021 5538 2148 5609 Reg.
2176 5535 2266 5592 ΞΑ.
2295 5537 2386 5606 9).
2411 5535 2539 5591 llaec
2569 5551 2674 5590 non
2707 5536 2884 5588 minus
2923 5531 3174 5588 adferunt
3203 5535 3508 5589 ornamenti

1903 5631 2120 5696 Davidi,
2153 5646 2313 5702 quam
2357 5640 2602 5685 servatus
2649 5628 2836 5682 hostis.
2881 5617 3066 5697 Neque
3099 5625 3244 5680 enim
3273 5624 3510 5696 vulgaris

1903 5733 2020 5781 erat
2061 5725 2224 5779 animi
2251 5765 2267 5791 ,
2317 5738 2424 5778 non
2454 5721 2628 5777 inflari
2674 5720 2952 5777 beneﬁciis
2983 5721 3032 5775 in
3065 5720 3372 5791 proximum
3399 5719 3508 5776 cnl-

1904 5821 2057 5886 latis,
2104 5831 2278 5888 neque
2327 5798 2405 5872 sic
2449 5814 2588 5870 affici
2639 5823 2700 5869 ut
2741 5811 2916 5870 solent
2963 5810 3209 5885 plerique
3243 5825 3277 5869 e
3307 5808 3511 5883 vulgo,
