4066 6430
571 405 675 460 ὕθὶ

576 516 668 585 qui
706 509 924 583 perinde
952 513 1008 560 ut
1036 498 1298 569 mancipia
1339 491 1655 585 superciliis
1679 483 1918 584 adductis
1957 475 2138 585 despi-

576 569 728 660 ciunt
749 614 879 670 quos
909 592 1167 650 beneﬁcio
1200 585 1429 658 juverint
1455 580 1592 670 (α).
1629 579 1700 632 At
1726 590 1830 670 non
1860 573 1930 625 ita
1957 569 2143 670 beatus

809 686 934 757 quin
962 684 1139 755 potius
1162 656 1280 749 post
1306 676 1541 743 impensa
1581 663 1832 722 beneﬁcia
1858 656 2144 714 modestior

580 780 839 852 apparuit.
868 776 929 832 lu
969 786 1128 828 causa
1159 769 1292 832 fuit,
1331 761 1470 833 quod
1497 757 1626 852 nihil
1655 764 1984 852 eorum-quae
2010 759 2143 814 prte-

578 839 724 928 ciare
751 877 898 941 gesta
921 865 1167 924 fuerant,
1213 871 1321 911 sua:
1348 853 1512 923 ipsius
1536 845 1804 903 industria:
1828 839 2144 941 ferebat-uac-

582 927 791 1032 ceptum
814 1000 828 1023 ,
860 956 953 1011 sed
981 963 1147 1008 totum
1177 947 1354 1002 divino
1384 939 1588 998 muneri
1615 933 1966 991 adscribebat.
1994 927 2146 983 Ideo-

584 1028 688 1120 que
711 1049 798 1118 qui
822 1049 1081 1106 servarat,
1104 1038 1242 1092 idem
1258 1033 1510 1088 adorabat
1527 1035 1815 1086 servatum,
1833 1028 2150 1120 rursumque

585 1107 762 1208 regem
788 1131 1110 1193 nominabat,
1139 1136 1196 1181 et
1219 1138 1277 1179 se
1302 1134 1537 1181 servum,
1572 1116 1641 1171 ob
1667 1113 1806 1168 illius
1840 1107 2148 1206 dignitatem

587 1194 746 1281 animi
777 1235 1034 1279 tumorem
1066 1216 1359 1285 reprimens
1382 1249 1398 1274 ,
1431 1210 1666 1275 iramque
1691 1203 1958 1268 mitigans,
1989 1205 2042 1250 et
2070 1194 2152 1246 iu-

591 1315 780 1370 vidiam
808 1311 1147 1367 submovens.
1182 1301 1470 1357 Audiamus
1491 1307 1653 1366 porro
1681 1301 1735 1345 et
1759 1286 2149 1370 excusationem

591 1406 780 1473 ipsam.
812 1400 914 1455 Cur
934 1397 1080 1452 audis
1104 1393 1249 1449 verba
1275 1388 1467 1461 pepuli,
1497 1384 1763 1437 dicentium
1784 1420 1796 1442 ,
1840 1375 1969 1428 Ecce
1993 1369 2153 1473 David

588 1463 765 1564 ιίηιενίι
790 1493 1008 1548 animam
1033 1498 1167 1540 tuam
1193 1485 1264 1553 (l.
1288 1481 1413 1549 Reg.
1439 1477 1531 1531 at.
1563 1472 1669 1564 toi
1689 1472 1724 1564 ?_
1752 1469 1820 1524 Et
1859 1477 2033 1521 tamen
2064 1463 2152 1532 qui

594 1562 732 1639 hanc
760 1576 1070 1646 conscripsit
1096 1571 1366 1628 historiam
1387 1608 1403 1633 ,
1449 1567 1595 1637 prius
1621 1562 1754 1616 dixit
1783 1565 1949 1612 totum
1984 1567 2152 1646 popu-

594 1676 700 1728 lum
738 1672 899 1725 fuisse
931 1682 1052 1721 eum
1098 1662 1256 1718 David
1284 1702 1298 1726 ,
1338 1672 1562 1726 eumque
1598 1651 1885 1724 gratiosum
1913 1647 2076 1701 fuisse
2099 1645 2152 1698 in

599 1762 766 1816 oculis
793 1772 1062 1814 servorum
1092 1754 1251 1823 regis,
1284 1757 1336 1805 et
1356 1745 1610 1819 principis
1637 1743 1795 1798 lilium
1823 1738 2154 1794 universum-

594 1867 696 1921 que
725 1849 1011 1905 exercitum
1051 1845 1228 1897 animo
1263 1840 1475 1894 stetisse
1499 1851 1526 1888 a
1557 1832 1752 1888 Davide
1909 1827 2037 1921 Reg.
2068 1823 2154 1878 18.

595 1917 681 1994 is.
707 1940 796 1993 ea.
828 1940 916 1992 es.
941 1946 986 1988 et
1013 1951 1060 1988 ε.
1090 1933 1175 1988 l9.
1206 1933 1281 2000 ι).
1308 1929 1422 1996 Quo
1447 1933 1600 1996 pacto
1621 1920 1880 1993 igiturhic
1905 1918 1978 1971 ait
2001 1917 2159 1970 fuisse

599 2031 686 2096 qui
717 2029 846 2081 falso
872 2025 1137 2080 deferrent
1174 2022 1376 2090 ipsum,
1414 2031 1478 2071 ae
1502 2014 1714 2071 Saulem
1743 2012 1796 2065 in
1822 2025 1943 2065 eum
1968 2022 2160 2077 provo-

596 2118 817 2171 carent?
842 2114 988 2182 Quod
1011 2113 1150 2169 enim
1173 2125 1279 2165 non
1298 2109 1520 2162 aliorum
1551 2103 1818 2164 instinctu,
1844 2097 1936 2153 sed
1966 2098 2077 2165 ipse
2097 2109 2159 2149 ex

585 2207 813 2276 ‘proprio
835 2206 1010 2256 animo
1039 2201 1290 2254 malitiam
1335 2197 1467 2249 hanc
1512 2192 1838 2262 peperisset,
1871 2197 1927 2241 ut
1969 2185 2160 2240 bellum

597 2273 806 2365 gereret
822 2307 941 2346 cum
962 2291 1126 2357 justo,
1151 2286 1354 2340 declara
1366 2284 1434 2335 rit
1453 2281 1539 2351 qui
1566 2279 1806 2333 volumen
1827 2273 2159 2340 conscripsit,

597 2403 718 2441 cum
749 2387 819 2439 ait
847 2399 876 2436 e
905 2381 1148 2435 laudibus
1177 2376 1389 2431 Davidis
1419 2382 1593 2428 natam
1620 2385 1737 2426 esse
1773 2367 2019 2422 invidiam
2044 2405 2059 2428 ,
2102 2376 2164 2417 ac

599 2476 789 2531 deinde
817 2474 1047 2528 crevisse
1084 2471 1136 2524 in
1171 2469 1284 2522 dies
1310 2467 1382 2536 (l.
1400 2466 1523 2534 Reg.
1546 2464 1630 2518 18.
1657 2463 1710 2517 9.
1733 2460 1848 2531 29).
1875 2459 2043 2523 Quam
2071 2455 2168 2522 igi-

601 2574 686 2618 tur
710 2564 778 2617 ob
806 2575 1016 2615 causam
1042 2560 1242 2613 crimen
1272 2555 1532 2610 transtulit
1553 2553 1603 2606 in
1631 2551 1794 2614 alios,
1819 2548 2001 2603 dicens
2029 2565 2042 2600 :
2067 2546 2168 2599 Cur

601 2655 752 2708 audis
772 2653 915 2707 verba
937 2649 1108 2719 populi
1130 2647 1220 2711 tui,
1240 2645 1531 2709 dicentium,
1551 2643 1677 2695 Ecce
1689 2639 1854 2694 David
1869 2637 2044 2706 quierit
2060 2635 2172 2688 ani-

603 2766 736 2803 mam
756 2760 891 2801 tuam
910 2747 934 2799 .’
951 2743 1206 2802 Nimirum
1233 2750 1290 2795 ut
1313 2739 1387 2793 illi
1416 2737 1674 2807 praeberet
1700 2732 2030 2787 occasionem
2063 2743 2164 2783 ex-

603 2838 836 2894 cutiendi
864 2835 1136 2891 malitiam.
1167 2833 1277 2886 Hoc
1302 2831 1546 2884 nimirum
1572 2835 1626 2880 et
1646 2832 1889 2894 parentes
1912 2835 2054 2891 saepe
2082 2820 2163 2874 fa-

604 2929 750 2982 ciunt
795 2940 916 2994 erga
965 2923 1140 2988 filios,
1187 2920 1310 2974 dum
1355 2915 1614 2988 quispiam
1665 2911 1956 2982 corripiens
2004 2909 2166 2964 illium

605 3031 757 3071 suum
779 3021 1104 3081 corruptum,
1134 3009 1399 3077 multaque
1425 3012 1700 3075 operatum
1735 3002 1898 3066 mala,
1931 2999 2171 3071 quamvis

605 3106 705 3160 sibi
738 3116 1046 3173 persuasum
1078 3100 1268 3157 habeat
1291 3139 1307 3164 ,
1351 3097 1498 3151 illum
1529 3110 1595 3150 ex
1625 3093 1835 3164 propria
1879 3091 2079 3146 malitia
2103 3088 2171 3144 ad

607 3195 842 3266 perditos
866 3207 1042 3248 mores
1072 3189 1336 3261 appulisse
1362 3228 1377 3254 ,
1421 3187 1728 3255 frequenter
1755 3193 1930 3238 tamen
1960 3182 2013 3237 in
2040 3180 2171 3236 alios

606 3285 812 3353 culpam
841 3281 1046 3351 rejicit,
1094 3281 1166 3333 ita
1210 3279 1432 3348 loquens
1462 3293 1474 3329 :
1499 3275 1629 3329 Novi
1675 3288 1779 3327 non
1819 3272 1983 3327 fuisse
2021 3280 2170 3326 tuum

608 3373 858 3428 delictum
879 3411 895 3436 ,
921 3368 1014 3424 sed
1043 3368 1131 3422 alii
1159 3375 1210 3421 te
1237 3373 1588 3434 corruperunt
1623 3377 1685 3417 ac
1710 3361 2035 3417 seduxerunt
2066 3375 2078 3412 :
2112 3359 2174 3412 il-

612 3463 778 3517 lorum
805 3468 886 3516 est
911 3466 1076 3514 totum
1121 3455 1222 3511 hoc
1260 3464 1553 3525 peccatum.
1575 3451 1704 3507 Nam
1732 3450 1846 3505 haec
1870 3447 2087 3504 audiens
2114 3445 2175 3499 il-

609 3553 745 3617 lius,
773 3548 963 3618 poterit
989 3547 1237 3617 paulatim
1263 3559 1293 3598 a
1317 3540 1514 3599 malitia
1545 3542 1862 3612 resipiscens
1880 3538 2084 3594 facilius
2107 3537 2175 3593 ad

611 3643 799 3696 bonam
826 3639 1028 3710 frugem
1051 3638 1263 3704 reverti,
1290 3634 1412 3690 dum
1435 3634 1655 3704 pudeilt,
1683 3631 2050 3701 crubescitque
2078 3629 2178 3684 hac

610 3733 765 3787 laude
788 3731 955 3784 videri
985 3728 1249 3796 indignus.
1274 3725 1414 3780 Idem
1443 3725 1567 3778 fecit
1591 3723 1786 3778 Paulus
1815 3721 2052 3777 scribens
2075 3720 2179 3775 Ga-

611 3823 751 3878 latis.
786 3823 911 3876 Post
940 3819 1133 3873 multos
1163 3818 1282 3872 illos
1307 3830 1372 3871 ac
1397 3816 1583 3885 longos
1619 3805 1893 3870 sermones
1911 3853 1926 3875 ,
1953 3818 2180 3881 postque

611 3925 719 3965 non
742 3906 1234 3964 commemorandas
1259 3905 1642 3966 accusationes,
1669 3903 1862 3971 quibus
1883 3901 2002 3956 illos
2025 3914 2181 3956 aecu-

612 4008 776 4064 sarat,
798 3998 897 4054 sub
917 3995 1154 4066 epistola:
1184 3993 1340 4048 linem
1372 3994 1554 4048 voletis
1582 3993 1650 4046 ab
1675 3992 1776 4046 illis
1803 4004 2050 4045 amovere
2069 3988 2181 4043 cul-

614 4104 759 4161 pam,
785 4097 842 4143 ut
865 4085 1244 4156 aliquantulum
1276 4097 1305 4137 a
1331 4081 1638 4138 criminibus
1663 4079 1889 4135 recreati
1918 4077 1984 4132 ad
2014 4091 2178 4133 excu-

613 4179 872 4235 sationem
899 4177 1080 4233 venire
1109 4181 1340 4246 queant,
1385 4173 1527 4227 hunc
1554 4172 1606 4226 in
1645 4170 1859 4225 modum
1899 4167 2131 4237 loquitur
2161 4183 2176 4221 :

614 4270 726 4342 Ego
751 4269 952 4339 conﬁdo
980 4269 1044 4321 de
1067 4266 1222 4333 vobis,
1251 4263 1387 4335 quod
1409 4263 1536 4316 nihil
1572 4260 1715 4315 aliud
1751 4259 1967 4314 sentietis
1988 4273 2008 4310 :
2033 4266 2181 4312 aete-

611 4379 724 4417 rum
741 4363 826 4431 qui
845 4377 930 4415 vos
954 4357 1228 4430 perturbat,
1253 4359 1376 4426 feret
1394 4353 1647 4422 judicium
1670 4351 1896 4421 quisquis
1917 4350 2004 4404 ille
2031 4349 2184 4420 fuerit

613 4450 768 4526 (Gal.
795 4451 848 4506 5.
882 4448 1007 4519 10).
1038 4445 1223 4502 Itidem
1257 4443 1383 4499 fecit
1421 4452 1474 4498 et
1513 4441 1674 4497 David
1707 4440 1792 4495 hic
1820 4458 1836 4495 :
1872 4453 1994 4494 cum
2037 4440 2183 4494 enim

617 4545 710 4605 ait,
733 4539 836 4598 Cur
855 4539 1002 4595 audis
1020 4537 1168 4594 verba
1190 4536 1364 4609 populi
1390 4535 1598 4589 dicentis
1621 4549 1640 4588 :
1663 4532 1794 4587 Ecce
1817 4529 1984 4586 Dauid
2004 4531 2186 4601 quierit

614 4633 836 4687 animm
881 4629 1058 4684 tuam!
1097 4627 1295 4683 iudicat
1330 4626 1462 4682 alios
1503 4639 1623 4681 esse
1669 4624 1757 4695 qui
1792 4630 2181 4692 provocarent,

619 4722 752 4775 alios
771 4720 1110 4790 quianimutn
1138 4718 1279 4773 illius
1301 4716 1596 4781 iniicerent,
1624 4715 1792 4770 mcdis
1807 4714 2052 4769 omnibus
2073 4721 2184 4768 stu—

613 4810 745 4864 dens
766 4809 840 4865 illi
859 4809 1128 4880 porrigere
1146 4805 1501 4864 excusationis
1521 4805 1874 4862 occasionem.
1891 4803 2010 4859 Mox
2031 4817 2181 4858 suam

614 4899 778 4969 ipsius
807 4912 1017 4954 causam
1042 4912 1204 4970 agens
1227 4896 1302 4952 ait
1327 4912 1340 4949 :
1370 4893 1436 4949 Et
1455 4910 1566 4949 ecce
1588 4895 1812 4948 siderum
1839 4895 1972 4948 oculi
1999 4895 2070 4948 tui
2094 4894 2185 4949 lio-

615 4988 697 5042 dic
719 5028 735 5053 ,
766 4987 899 5056 quod
926 4987 1187 5042 tradiderit
1214 4997 1261 5040 te
1283 4983 1531 5040 Dominus
1558 4985 1611 5038 in
1636 5001 1815 5040 manu
1841 5001 1978 5040 meas
1996 4986 2049 5040 in
2073 5001 2190 5056 spe-

621 5080 767 5132 lunca
787 5119 803 5145 ,
845 5078 1074 5150 quodque
1123 5076 1367 5130 noluerim
1395 5075 1617 5130 occidere
1644 5083 1711 5142 te,
1759 5076 1848 5131 sed
1878 5075 2186 5148 pepercerim

620 5172 728 5240 tibi,
760 5171 1069 5239 diser-imque
1088 5186 1108 5224 :
1135 5167 1256 5223 Non
1275 5169 1502 5240 iujiciam
1527 5184 1730 5223 manum
1756 5184 1916 5222 meam
1944 5169 1997 5223 in
2022 5168 2186 5222 domi-

617 5279 740 5317 num
767 5277 949 5328 meum,
977 5261 1211 5333 quoniam
1237 5260 1454 5315 strictus
1481 5257 1689 5314 Domini
1711 5269 1784 5315 est
1814 5259 1902 5330 (1.
1931 5259 2061 5331 Reg.
2089 5257 2183 5315 24.

618 5355 678 5409 11
702 5353 744 5423 ).
773 5353 853 5408 llli
879 5352 1111 5424 quidem,
1142 5352 1331 5422 inquit,
1346 5351 1533 5407 verbis
1553 5348 1960 5417 calumniantur,
1991 5359 2047 5405 at
2075 5364 2176 5420 ego

621 5443 793 5515 rcipsa
818 5458 908 5499 me
936 5457 1122 5513 purgo,
1151 5442 1383 5512 ipsisque
1410 5440 1561 5496 factis
1580 5438 1790 5512 depello
1815 5440 2037 5496 crimen.
2059 5440 2185 5495 Mihi

611 5536 750 5593 nihil
776 5550 910 5609 opus
928 5544 1012 5592 est
1033 5534 1211 5591 verbis
1232 5574 1248 5602 ,
1296 5547 1416 5590 cum
1446 5533 1560 5606 ipse
1585 5547 1762 5590 rerum
1791 5533 1964 5589 exitus
1999 5532 2184 5604 quavis

679 5712 755 5776 (ο)
785 5719 901 5776 ποι.
921 5724 1048 5764 unus
1061 5709 1328 5765 mutilam
1350 5711 1557 5765 exhibet
1575 5712 1703 5764 hanc
1723 5715 2038 5766 sententiam.

1311 383 1369 440 S.
1407 372 1682 436 JOANNIS
1714 359 2180 426 CllRYSOSTOlll
2219 346 3099 412 ARCUIEP."(XINSTANTINOP.

2247 472 2488 526 oratione
2515 468 2708 524 clarius
2732 466 2898 536 possit
2919 473 2974 520 te
3001 461 3218 525 docere,
3242 456 3455 527 quinam
3481 453 3589 509 sint
3617 450 3696 508 illi
3713 495 3730 517 ,
3766 463 3825 508 et

2245 561 2335 629 qui
2361 575 2459 629 ego
2483 601 2496 623 ,
2533 571 2597 611 ac
2616 554 2883 625 quomodo
2909 555 3052 607 facta
3081 549 3151 604 sit
3181 548 3458 602 adversum
3483 559 3570 599 me
3595 545 3826 599 mendax

2243 651 2436 705 delatio
2459 689 2475 715 ,
2503 657 2559 702 et
2591 645 2871 702 calumnia.
2906 638 3101 697 llarum
3129 653 3309 695 rerum
3346 652 3450 691 non
3481 635 3646 689 alium
3667 675 3684 700 ,
3729 633 3828 688 sed

2247 742 2586 809 temetipsum
2611 745 2796 792 testem
2823 735 3030 797 inroco,
3050 731 3298 800 teipsum,
3329 729 3567 797 inquam,
3589 724 3684 796 qui
3704 737 3832 779 meo

2249 827 2506 884 beneﬂcio
2535 834 2775 881 servatus
2799 837 2880 878 es.
3241 816 3249 821 ’

2317 919 2370 972 4.
2414 914 2523 971 Sed
2562 912 2828 984 quomodo
2863 909 3032 983 potuit
3077 907 3204 964 Sani
3255 909 3443 960 harum
3482 917 3663 958 rerum
3709 914 3822 957 esst

2243 1009 2420 1073 testis,
2442 1008 2670 1078 quicum
2697 1004 2812 1058 haec
2841 1002 3048 1066 ﬂerent,
3082 997 3400 1060 dormiebat,
3422 1010 3492 1049 ac
3512 1007 3836 1062 neque-ver-

2253 1102 2315 1155 ba
2341 1099 2560 1164 audivit,
2591 1110 2763 1165 neque
2790 1095 3041 1150 Davidem
3069 1092 3201 1146 vidit
3226 1101 3336 1145 tum
3356 1095 3701 1159 praesentem,
3731 1098 3833 1137 nco

2251 1206 2354 1259 que
2391 1203 2510 1241 cum
2554 1185 2806 1240 militibus
2859 1183 3253 1252 colloquentem
3278 1179 3303 1230 τ
3344 1174 3622 1243 Quomodo
3673 1174 3842 1242 igitur

2251 1291 2611 1340 occurremus,
2633 1287 2690 1329 at
2713 1272 2931 1330 evidens
2950 1270 3238 1326 declaratio
3260 1266 3389 1321 iiat?
3410 1265 3476 1320 Si
3490 1267 3632 1318 enim
3665 1272 3842 1318 testes

2245 1376 2504 1432 citasset,
2543 1366 2667 1420 Saul
2711 1373 3016 1433 suspectum
3044 1360 3313 1430 habuisset
3359 1370 3548 1413 eorum
3589 1357 3842 1411 testimo-

2256 1461 2399 1513 nium
2421 1498 2436 1520 ,
2468 1470 2664 1524 eosque
2689 1454 2834 1522 justo
2860 1451 3101 1506 faventes
3128 1465 3190 1504 ea
3221 1447 3366 1519 loqui
3390 1456 3650 1518 putasset.
3684 1443 3845 1512 Quod

2258 1548 2302 1601 si
2329 1543 2819 1600 ratiocinationibus
2859 1556 2924 1596 ac
2963 1538 3329 1610 probabilibus
3357 1536 3686 1605 argumentis
3717 1545 3845 1588 ten-

2257 1645 2419 1692 tasset
2443 1649 2696 1691 excursare
2716 1646 2857 1696 sese,
2889 1629 3119 1684 futurum
3147 1635 3281 1694 erat,
3314 1635 3369 1680 ut
3389 1626 3564 1679 minus
3592 1624 3690 1693 ipsi
3717 1637 3848 1676 crc-

2256 1727 2492 1790 dcretur,
2511 1724 2703 1794 quippe
2722 1723 2829 1792 iam
2847 1726 3100 1789 corrupto
3116 1717 3308 1786 judicis
3334 1716 3533 1770 animo.
3557 1713 3850 1780 Quomodo

2259 1817 2397 1870 enim
2427 1815 2472 1869 is
2491 1814 2579 1884 qui
2608 1819 2684 1866 tot
2705 1809 2977 1866 beneﬁciis
3020 1807 3240 1862 affectus
3267 1805 3435 1860 nihilo
3478 1804 3656 1860 secius
3701 1803 3851 1857 bello

2258 1905 2669 1975 persequebatur
2688 1902 2816 1956 nihil
2836 1899 3225 1962 commeritum,
3259 1895 3812 1965 suspicari‘potuissct
3829 1933 3845 1957 ,

2260 1995 2401 2065 quod
2430 1994 2620 2064 aliquis
2637 1992 2827 2062 injuria
2850 1989 3091 2055 aﬂectus,
3110 2003 3231 2044 eum
3253 1988 3342 2057 qui
3366 1987 3562 2041 fecerat
3589 1985 3848 2053 injuriam

2263 2097 2446 2142 nactus
2473 2088 2526 2139 in
2552 2097 2740 2139 manus
2763 2125 2776 2148 ,
2816 2083 2915 2156 ipsi
2943 2080 3307 2151 pepercisset?
3345 2077 3661 2146 Plerumque
3702 2076 3852 2130 enim

2263 2176 2448 2245 vulgus
2475 2174 2750 2228 hominum
2773 2186 2836 2227 ex
2860 2187 2959 2225 suo
2979 2170 3156 2224 animo
3174 2168 3239 2222 de
3260 2169 3376 2220 aliis
3399 2166 3603 2236 judicat
3632 2184 3647 2219 :
3677 2166 3851 2228 velut,

2264 2265 2352 2335 qui
2379 2265 2589 2319 assidue
2613 2262 2924 2327 inebriatur,
2948 2258 3086 2314 haud
3111 2257 3264 2312 facile
3285 2255 3513 2311 credere
3537 2255 3710 2324 possit
3731 2270 3853 2311 esse

2265 2356 2563 2426 quempiam
2589 2352 2856 2407 hominem
2884 2350 3063 2405 sobrie
3083 2351 3384 2412 viventem;
3418 2347 3506 2416 qui
3532 2348 3730 2401 scortis
3760 2362 3855 2400 ra-

2266 2454 2370 2510 eat,
2403 2445 2560 2500 etiam
2587 2443 2778 2513 pudice
2796 2442 3034 2496 viventes
3057 2440 3217 2496 habet
3239 2454 3337 2509 pro
3356 2437 3852 2498 incontinentibus;

2268 2549 2452 2589 rursus
2477 2535 2563 2603 qui
2591 2548 2675 2587 res
2696 2533 2835 2601 rapit
2857 2532 3075 2596 alienas,
3105 2546 3209 2584 non
3236 2528 3392 2583 facile
3417 2526 3850 2595 persuadebitur,

2269 2638 2386 2678 esse
2423 2622 2662 2676 homines
2689 2621 2778 2690 qui
2810 2635 2904 2675 sua
2939 2634 3149 2690 quoque
3193 2616 3534 2688 profundant.
3579 2617 3846 2672 Similiter

2269 2723 2322 2769 et
2352 2714 2436 2769 hic
2463 2713 2626 2768 semel
2652 2722 2940 2782 occupatus
2962 2714 3036 2766 ira
3057 2726 3162 2766 non
3190 2709 3348 2764 facile
3374 2707 3692 2764 credidisset
3721 2723 3842 2764 esse

2270 2803 2538 2857 hominem
2582 2816 2749 2872 usque
2789 2802 2923 2857 adeo
2947 2803 3056 2856 suis
3076 2799 3351 2856 all‘eetibus
3378 2799 3712 2868 superiorem
3734 2841 3750 2864 ,
3797 2809 3855 2854 ut

2271 2907 2376 2948 non
2418 2891 2577 2948 modo
2617 2891 2747 2947 nihil
2787 2891 3027 2958 laederet,
3070 2906 3254 2946 verum
3282 2898 3335 2946 et
3360 2905 3480 2944 eum
3513 2891 3602 2960 qui
3646 2875 3856 2946 la‘serai

2273 2993 2535 3041 servaret.
2566 2984 2826 3051 Qucniam
2867 2984 3028 3054 igitur
3047 2991 3101 3038 et
3127 2982 3337 3037 animus
3373 2981 3566 3051 iudicis
3593 2989 3712 3035 erat
3732 2994 3856 3035 cor-

2272 3085 2461 3145 ruptus
2486 3116 2500 3140 ,
2536 3085 2589 3130 et
2610 3083 2771 3130 testes
2797 3075 2843 3128 si
2870 3073 3112 3144 producti
3147 3071 3404 3136 fuissent,
3451 3071 3506 3126 in
3549 3071 3860 3141 suspicione

2273 3175 2425 3221 erant
2453 3165 2647 3232 futuri,
2698 3164 2920 3220 consilio
2958 3163 3202 3234 prudenti
3237 3162 3437 3232 reperit
3479 3161 3855 3231 probationem

2273 3255 2577 3327 quamdam,
2601 3270 2720 3326 qua:
2741 3263 2915 3326 posset
2937 3263 2993 3310 et
3011 3254 3170 3309 valde
3186 3252 3581 3324 impudentibus
3599 3267 3664 3308 os
3687 3253 3849 3307 obtu-

2275 3361 2413 3401 rare.
2466 3345 2719 3413 Quaenam
2765 3354 2848 3400 est
2878 3345 3039 3400 haec?
3083 3344 3298 3400 Lacinia
3325 3343 3655 3414 chlamydis,
3699 3357 3861 3412 quam

2275 3436 2598 3506 protendens
2643 3435 2855 3491 dicebat
2898 3453 2912 3490 :
2944 3433 3075 3489 Ecce
3124 3433 3309 3488 lacinia
3349 3432 3635 3504 chlamydis
3666 3441 3767 3488 tua
3805 3434 3863 3488 in

2275 3542 2430 3580 nianu
2455 3541 2588 3592 mea,
2609 3541 2760 3594 quam
2784 3525 2989 3587 abstuli,
3013 3539 3102 3577 nec
3121 3522 3283 3577 occidi
3301 3531 3347 3576 te
3366 3522 3440 3594 (1.
3464 3522 3594 3593 Reg.
3620 3521 3714 3576 9.4.
3743 3522 3860 3592 12).

2278 3617 2455 3672 Mutus
2477 3616 2689 3685 quidem
2721 3615 2892 3680 testis,
2919 3615 3013 3671 sed
3039 3614 3291 3669 omnibus
3316 3627 3500 3669 vocem
3543 3613 3867 3670 habentibus

2280 3706 2590 3762 evidentior.
2617 3705 2802 3776 Neque
2818 3705 2958 3760 enim
2981 3705 3026 3760 si
3052 3719 3159 3759 non
3191 3703 3429 3771 fuissem,
3453 3703 3645 3774 inquit,
3677 3705 3866 3774 proxi-

2281 3811 2400 3852 mus
2419 3837 2433 3861 ,
2463 3810 2527 3850 ac
2541 3795 2752 3865 corpori
2780 3805 2871 3850 tuo
2894 3795 3098 3850 vicinus
3117 3793 3404 3860 stetissem,
3429 3793 3727 3863 potuissem
3771 3808 3866 3850 ve-

2281 3885 2380 3941 stis
2403 3895 2677 3955 amputare
2705 3895 2930 3955 partem.
2966 3885 3123 3941 Vides
3147 3891 3403 3954 quantum
3433 3883 3503 3938 sit
3530 3893 3708 3939 ortum
3736 3883 3865 3940 boui

2283 3992 2347 4031 ex
2372 3990 2458 4042 eo,
2485 3974 2626 4046 quod
2652 3973 2806 4029 initio
2830 3983 3128 4029 commotus
3153 3973 3327 4030 fuerat
3346 3973 3547 4029 David?
3574 3972 3690 4029 Nisi
3719 3975 3865 4030 enim

2282 4064 2348 4119 ad
2377 4066 2509 4119 iram
2534 4071 2833 4119 commotus
2872 4063 3096 4131 fuisset,
3137 4077 3311 4134 neque
3337 4062 3733 4133 philosophiam
3766 4065 3867 4118 ho-

2282 4154 2444 4209 minis
2464 4154 2896 4224 cognovissemus
2925 4154 3086 4225 (nam
3110 4154 3378 4224 plerisque
3405 4167 3512 4209 non
3534 4168 3601 4211 ex
3623 4153 3870 4225 philoso-

2283 4243 2431 4314 phia,
2459 4243 2554 4298 Sed
2581 4258 2647 4299 ex
2671 4252 2888 4315 stupore
2921 4245 3223 4315 pepercisse
3245 4245 3392 4300 visus
3420 4242 3663 4315 fuisset),
3690 4259 3870 4316 neque

2283 4333 2578 4406 chlamydis
2625 4343 2828 4406 partem
2867 4343 3194 4406 amputasset
3221 4350 3236 4386 :
3263 4333 3408 4404 quod
3436 4334 3484 4390 si
3522 4349 3630 4390 non
3677 4349 3868 4406 ampu-

2288 4432 2472 4491 tasset,
2502 4437 2609 4479 non
2638 4432 2846 4495 poterat
2872 4425 2991 4482 aliis
3013 4425 3338 4497 argumentis
3362 4425 3581 4482 iniice
3603 4424 3765 4483 ﬁdem
3788 4426 3869 4482 fa-

2287 4531 2431 4571 cere.
2459 4514 2609 4570 Nunc
2632 4529 2763 4572 vero
2785 4514 3034 4586 quoniam
3072 4523 3128 4571 et
3153 4524 3449 4572 commotus
3473 4517 3570 4571 fuit
3592 4525 3650 4572 et
3674 4531 3868 4590 θωνα.

2290 4609 2446 4674 tavit,
2491 4622 2604 4664 sua
2645 4607 2993 4678 providentiae
3039 4605 3392 4663 certissimum
3434 4607 3668 4678 praebuit
3711 4623 3873 4681 argn-

2289 4708 2547 4754 mentum.
2580 4697 2842 4765 Quoniam
2885 4697 3048 4768 igitur
3075 4706 3182 4754 tam
3206 4711 3390 4754 verum
3419 4705 3477 4754 et
3502 4695 3866 4755 indubitatum

2291 4790 2647 4846 testimonium
2685 4789 2944 4855 exhibuit,
2983 4789 3157 4860 ipsum
3200 4803 3325 4844 mox
3353 4788 3629 4845 inimicum
3647 4798 3708 4845 et
3726 4791 3870 4862 judi-

2287 4896 2406 4938 ccm
2430 4887 2484 4936 et
2511 4889 2700 4936 testem
2745 4878 2873 4934 facit
2901 4893 3025 4954 suae
3063 4893 3191 4950 erga
3229 4877 3380 4933 illum
3406 4879 3870 4954 reverentic,_lo-

2289 4988 2459 5043 quens
2500 4971 2642 5028 hunc
2684 4972 2737 5027 in
2789 4950 3005 5026 modum
3033 4987 3048 5023 :
3077 4949 3331 5041 Cognosce
3353 4982 3401 5024 ct
3418 4970 3532 5025 vids
3555 4971 3710 5026 hodie

2290 5080 2388 5117 nou
2416 5071 2491 5117 est
2514 5063 2569 5117 in
2595 5078 2747 5117 manu
2768 5077 2879 5116 mea
2900 5062 3158 5132 iniquitas,
3181 5075 3342 5130 neque
3360 5069 3676 5133 contemplata
3699 5065 3796 5128 tui,
3825 5072 3871 5118 at

2289 5156 2472 5225 alligas
2495 5155 2721 5208 animans
2747 5169 2909 5207 nteant
2929 5192 2946 5218 ,
2984 5160 3038 5206 ut
3060 5152 3236 5221 capias
3263 5167 3376 5206 nat
3401 5149 3698 5226 (Ibidem).
3735 5153 3872 5211 nine

2291 5247 2378 5303 vel
2397 5245 2628 5302 maxime
2650 5244 2769 5315 quis
2791 5242 3041 5299 admit-ari
3069 5241 3263 5298 debeat
3284 5242 3427 5298 illius
3455 5245 3871 5315 magnanimita-

2292 5347 2423 5404 tem,
2449 5333 2591 5407 quod
2615 5311 2724 5390 non
2751 5322 2912 5388 suniit
2931 5331 3325 5388 excusationem
3343 5331 3448 5386 nisi
3471 5311 3636 5386 abiis
3657 5348 3782 5402 quae
3806 5348 3874 5390 eo

2294 5428 2380 5484 die
2404 5425 2724 5482 acciderant.
2759 5422 2891 5480 Nam
2925 5422 3028 5480 hoc
3058 5421 3259 5489 iunuit',
3307 5435 3429 5476 cum
3466 5420 3542 5475 ait
3569 5437 3584 5475 :
3615 5420 3876 5492 Cognosce

2292 5526 2340 5573 et
2376 5517 2486 5573 side
2528 5513 2696 5571 hodie.
2722 5511 2866 5569 Nihil
2902 5512 3046 5568 enim
3069 5511 3260 5582 loquor
3294 5508 3364 5566 de
3403 5509 3664 5565 antaetis
3692 5528 3708 5564 :
3739 5511 3873 5567 mihi

2293 5607 2360 5663 ad
2401 5605 2767 5678 probationem
2794 5602 2926 5661 satis
2947 5610 3033 5659 est
3069 5601 3157 5657 hic
3199 5599 3335 5657 dies.
3382 5599 3619 5656 Tametsi
3659 5610 3874 5669 poterat

2294 5697 2460 5755 multa
2483 5710 2780 5770 magnaque
2806 5709 3130 5754 enumerare
3163 5690 3453 5762 beneﬁcia,
3483 5705 3605 5763 quae
3628 5691 3776 5766 prius
3815 5693 3868 5749 ia
