4066 6456
268 376 377 435 693

262 491 418 547 illum
448 487 770 555 contulerat,
798 485 846 542 si
868 482 1174 541 voluisset:
1203 488 1417 552 poterat
1434 491 1863 541 commemorare

262 583 538 654 singulare
561 591 835 638 certamen
860 618 875 643 ,
919 577 1063 649 quod
1093 591 1214 632 cum
1246 575 1475 631 barbam
1516 580 1825 640 susceperat
1845 609 1861 635 ,

260 686 326 730 se
368 673 590 728 dicere:
621 669 756 726 Cum
803 668 1005 725 bellum
1052 665 1429 731 barbaricum,
1477 678 1574 718 ceu
1602 661 1861 715 diluvium

257 762 531 833 quoddam
556 802 572 826 ,
622 762 928 816 universam
952 758 1222 814 civitatem
1251 763 1396 812 esset
1438 754 1816 824 dissipaturum
1840 792 1857 820 ,

1252 365 1342 425 DE
1383 361 1641 425 DAVIDE
1681 359 1768 419 ET
1806 350 2034 418 SAULE
2076 359 2355 420 IIOXILIA
2397 363 2460 419 ll.

3459 376 3567 433 69-5

1968 471 2120 531 illum
2170 491 2421 547 umquam
2459 476 2710 536 hostilem
2746 480 2800 535 in
2837 493 2898 536 se
2945 479 3184 537 animum
3225 482 3565 553 positurum,

1968 564 2238 623 submovit
2263 581 2383 624 sese
2403 567 2472 623 ab
2484 568 2651 624 oculis
2680 570 2841 635 illius,
2874 580 2930 627 et
2952 571 3093 642 apud
3119 571 3379 629 barbaros
3402 573 3575 629 vitam

1966 658 2191 727 agebat,
2230 660 2492 727 serviens,
2519 658 2728 716 honore
2755 662 3014 732 privatus,
3057 663 3263 735 pudore
3303 664 3575 733 suilirsus,

1967 747 2242 806 laboreae
2268 751 2483 808 miseria
2507 752 2610 809 sibi
2642 753 2742 822 ipsi
2769 768 2963 823 parans
2988 755 3057 811 ad
3083 756 3285 813 victum
3316 772 3571 814 necessst

259 851 624 909 consternatis
649 851 802 907 vobis
823 864 886 906 ac
913 857 1057 905 metu
1080 847 1323 918 trepidis,
1352 843 1695 915 quotidieque
1716 859 1864 898 mor-
1966 840 2064 901 ria.
2093 842 2254 912 Atqui
2281 857 2391 898 non
2420 844 2524 899 hoc
2549 852 2752 900 tantum
2778 853 2862 901 est
2886 846 3031 917 quod
3056 850 3337 915 miremur,
3367 850 3463 905 sed
3499 853 3568 906 il-

260 952 367 998 tem
416 941 853 1011 exspectantibus
876 982 893 1007 ,
936 954 1040 1009 ego
1080 937 1347 994 accedens
1379 936 1594 992 nemine
1616 934 1859 1019 compel-

258 1031 403 1088 lento
427 1073 441 1095 ,
472 1033 581 1086 imo
629 1041 680 1087 te
725 1029 1043 1101 prohibente
1087 1043 1153 1084 ac
1196 1022 1463 1083 ietiuente
1487 1026 1805 1096 diutuleque
1839 1042 1853 1080 :

257 1122 384 1179 Non
409 1125 597 1194 poteris
625 1124 718 1189 ire,
748 1121 987 1193 quoniam
1016 1134 1143 1191 puer
1166 1137 1218 1174 es
1236 1161 1252 1186 ,
1298 1118 1386 1173 ille
1413 1127 1580 1172 autem
1599 1118 1676 1171 vir
1698 1116 1859 1171 bella-

255 1225 335 1269 tor
357 1232 391 1268 α
409 1218 677 1286 juventam
706 1229 799 1268 sua
816 1211 895 1286 (ι.
920 1211 1051 1283 Reg.
1072 1213 1161 1267 l7.
1185 1210 1281 1279 35)
1305 1229 1319 1265 :
1349 1225 1458 1265 non
1483 1225 1570 1264 me
1590 1208 1852 1274 continui,

254 1304 351 1361 sed
377 1317 516 1358 unus
540 1318 640 1375 pro
667 1303 916 1360 omnibus
943 1302 1102 1357 insilii
1128 1342 1145 1366 ,
1194 1301 1405 1357 hostem
1427 1300 1624 1369 excepi
1647 1340 1663 1366 ,
1691 1307 1859 1368 caput

252 1394 548 1464 amputavi,
572 1408 636 1449 ac
653 1393 816 1449 veluti
840 1393 1091 1448 torrentis
1111 1391 1366 1463 impetum
1389 1391 1697 1462 quemdam,
1726 1390 1852 1445 bar-

252 1485 506 1541 barorum
530 1484 741 1540 illorum
770 1485 1001 1542 insultas
1019 1483 1200 1555 depuli
1219 1526 1234 1552 ,
1278 1485 1664 1555 rempublicam
1690 1485 1855 1540 vacil-

254 1575 453 1632 lantem
479 1577 813 1632 constabilivi
840 1594 853 1630 :
877 1592 940 1631 ac
966 1591 1061 1647 per
1088 1590 1176 1631 me
1204 1585 1258 1630 tu
1285 1575 1502 1647 quidem
1533 1591 1755 1645 regnum
1789 1591 1855 1632 se

251 1665 439 1733 vitam,
470 1666 655 1722 umteri
681 1681 811 1722 vero
838 1679 1028 1723 omnes
1052 1674 1246 1734 praeter
1271 1666 1457 1730 vitam,
1484 1666 1754 1721 civitatem
1784 1680 1849 1721 ac

252 1754 466 1822 domos,
493 1754 695 1811 liberos
718 1765 771 1811 et
798 1770 992 1811 uxores
1020 1764 1220 1811 tenent.
1262 1757 1341 1810 Ac
1369 1756 1632 1826 postillud
1662 1770 1851 1812 rursus

252 1858 539 1919 troprnum,
568 1858 625 1905 et
647 1850 749 1904 alia
776 1849 913 1905 bella
939 1865 1061 1921 qua
1089 1850 1305 1906 fortiter
1323 1865 1388 1906 ae
1416 1851 1639 1907 feliciter
1665 1863 1849 1922 gesse-

250 1944 355 2002 rat,
384 1936 489 1994 hoc
517 1954 623 1994 non
653 1939 938 2007 interiora,
955 1941 1126 2009 potuit
1148 1955 1597 1997 commemorare.
1626 1942 1705 1997 Ad
1729 1942 1849 1997 haec

246 2027 393 2097 quod
429 2044 551 2084 cum
581 2031 750 2087 semel
780 2039 941 2101 atque
969 2033 1161 2087 iterum
1187 2072 1203 2097 ,
1233 2034 1342 2086 imo
1368 2032 1565 2101 saepius
1589 2039 1853 2087 tentasset

248 2121 424 2189 ipsum
451 2132 484 2175 e
526 2118 705 2174 medio
752 2119 971 2183 tollere,
1018 2119 1367 2189 lanceamque
1411 2120 1463 2173 in
1504 2127 1666 2190 caput
1705 2120 1849 2175 illius

246 2207 495 2263 torsisset
526 2226 539 2262 :
568 2222 675 2264 non
706 2217 886 2266 tamen
926 2210 1173 2267 meminit
1214 2211 1513 2277 malorum;
1545 2211 1671 2266 item
1701 2214 1844 2282 quod

257 2308 379 2368 post
406 2298 495 2354 illa
523 2309 692 2371 gesta,
731 2317 853 2358 cum
880 2300 1011 2358 Sani
1038 2301 1258 2359 deberet
1287 2303 1479 2373 prioris
1506 2318 1696 2375 pugnm
1725 2304 1846 2361 red-

243 2384 378 2443 dere
403 2390 647 2458 praemia,
678 2392 1206 2461 poposceritdotem,
1236 2408 1342 2449 non
1370 2408 1577 2462 aurum,
1617 2411 1722 2451 non
1750 2411 1843 2451 ar-

244 2486 487 2548 gentum,
528 2480 623 2535 sed
651 2481 854 2537 caedem
884 2490 939 2538 et
965 2483 1385 2539 internecionem
1416 2501 1429 2537 :
1458 2499 1523 2539 ac
1549 2500 1617 2540 ne
1645 2485 1694 2541 id
1721 2486 1842 2557 qui-

240 2566 368 2635 4cm
393 2567 639 2625 abnuerit
678 2570 867 2627 David.
910 2570 1021 2629 Nec
1046 2572 1147 2629 ista
1170 2580 1399 2641 tantum,
1442 2574 1537 2629 sed
1576 2574 1840 2631 bisetiam

242 2660 415 2715 multo
464 2671 573 2716 tum
618 2663 768 2733 plura
813 2672 925 2720 tum
970 2665 1173 2735 majora
1206 2666 1387 2724 dicere
1410 2670 1585 2738 potuit
1614 2687 1626 2724 :
1655 2685 1841 2726 verum

243 2752 377 2807 nihil
402 2751 593 2808 horum
620 2753 791 2822 dixit,
834 2769 1011 2826 neque
1047 2756 1102 2813 ei
1133 2766 1250 2813 erat
1277 2758 1488 2813 animus
1533 2759 1607 2814 illi
1644 2776 1840 2830 expro-

243 2842 402 2898 brare
430 2843 706 2909 beneficia,
735 2844 830 2901 sed
857 2854 1063 2901 tantum
1094 2848 1419 2917 persuadere
1448 2864 1507 2906 se
1533 2866 1655 2907 esse
1675 2868 1840 2909 unum

240 2947 321 2988 ex=
340 2948 528 2989 eorum
556 2950 804 3003 numero,
832 2938 922 3007 qui
953 2937 1124 3007 ipsum
1147 2947 1203 2994 et
1220 2950 1465 2996 amarent
1489 2957 1553 2996 ac
1576 2942 1837 3010 colerent,

242 3037 353 3079 non
380 3025 471 3094 qui
497 3025 840 3081 rebellionem
865 3036 960 3082 aut
986 3026 1207 3084 insidias
1234 3030 1572 3086 molirentur.

315 3112 484 3169 Unius
525 3114 621 3169 Dei
663 3114 970 3171 voluntatem
994 3128 1185 3185 spectat
1223 3118 1424 3185 Dauid;
1450 3132 1663 3177 mortem
1701 3123 1839 3179 Sati-

236 3205 304 3258 lt's
329 3205 501 3274 deﬂet.
525 3204 802 3276 Lacrymas
825 3208 1145 3263 audientibus
1166 3220 1327 3265 monet
1352 3210 1838 3283 Chrysalum“.—

235 3292 367 3350 ldeo
396 3296 771 3364 pruztertttissis
800 3296 902 3351 illis
930 3298 1209 3364 omnibus,
1254 3308 1458 3355 tantum
1482 3302 1624 3371 quod
1652 3318 1719 3360 eo
1746 3319 1839 3360 ac-

234 3386 439 3442 ciderat
462 3387 568 3452 die,
603 3389 656 3442 in
686 3387 1053 3444 defensionem
1080 3390 1323 3446 adduxit.
1357 3392 1536 3462 Usque
1570 3394 1707 3450 adeo
1733 3410 1833 3466 pu-

232 3492 330 3533 rus
366 3486 510 3541 erat.
543 3478 690 3533 etab
723 3480 870 3533 omni
898 3480 1043 3534 inani
1081 3480 1253 3551 gloria
1292 3482 1571 3551 immunis,
1604 3500 1703 3539 nec
1725 3486 1834 3541 alio

233 3569 497 3637 respexit,
521 3584 679 3637 quam
707 3569 777 3624 ad
805 3570 960 3626 unius
994 3570 1086 3626 Dei
1115 3571 1465 3629 voluntatem.
1492 3575 1691 3631 Deinde
1716 3578 1829 3632 ait:

230 3656 439 3713 Iudice!
485 3658 735 3715 Dominus
776 3661 907 3716 inter
951 3677 1032 3716 me
1063 3668 1111 3716 et
1155 3672 1204 3717 ω
1247 3662 1422 3734 (Ibid.
1450 3679 1498 3718 ο.
1535 3667 1664 3735 l5).
1717 3666 1834 3724 Hoc

232 3752 458 3807 verbum
484 3750 617 3807 dixit
642 3770 748 3808 non
774 3754 929 3825 quod
942 3765 1166 3826 cuperet
1185 3758 1358 3826 puniri
1378 3758 1615 3827 Saulem,
1646 3769 1739 3816 aut
1762 3762 1832 3818 de

232 3844 331 3899 illo
357 3859 544 3913 punias
570 3845 740 3910 sumi,
784 3847 882 3916 sed
923 3856 982 3902 ut
1018 3848 1091 3903 illi
1122 3848 1466 3907 formidinem
1493 3852 1831 3923 injiceretex

233 3932 399 3988 futuri
437 3934 623 4001 jutlicii
662 3938 1171 3994 commemoratione
1208 3957 1221 3993 :
1263 3954 1439 4012 neque
1482 3951 1538 3997 ut
1582 3943 1831 4001 timorem

235 4022 511 4079 incuteret
527 4034 755 4091 tantum,
780 4037 1048 4081 verumut
1070 4029 1306 4098 seipsum
1331 4044 1362 4085 a
1387 4031 1628 4089 criminis
1655 4035 1831 4105 suspi-

231 4114 391 4170 ciuue
418 4124 683 4186 purgaret.
710 4116 1041 4188 Prmcipuam
1065 4119 1303 4188 quidem,
1338 4123 1530 4192 inquit,
1560 4118 1838 4193 probatio?

234 4221 361 4261 nem
387 4222 455 4261 ex
482 4207 611 4276 ipsis
640 4207 811 4263 habeo
837 4207 989 4264 factis
1014 4226 1028 4261 :
1057 4210 1269 4279 quodsi
1291 4226 1398 4267 non
1426 4214 1625 4279 credis,
1653 4215 1825 4285 ipsum

234 4295 407 4352 Deum
431 4296 623 4353 invoco
653 4307 865 4366 testem,
892 4303 985 4369 qui
1010 4300 1270 4370 cujusque
1292 4303 1489 4362 mentis
1511 4320 1705 4361 arcana
1730 4322 1827 4361 no-

233 4386 332 4452 vit,
355 4397 407 4442 et
432 4389 654 4444 scrutari
682 4400 858 4459 potest
883 4392 1261 4448 conscientias.

306 4480 360 4534 5.
386 4480 509 4534 llaec
546 4492 723 4537 autem
766 4482 1016 4553 loquutus
1062 4494 1165 4553 est,
1211 4485 1493 4543 declarans
1521 4506 1582 4559 se
1620 4506 1826 4561 nequa-

231 4585 394 4639 quam
434 4586 684 4625 ausurum
734 4572 896 4627 fuisse
933 4576 1204 4643 appeliare
1246 4577 1490 4634 iudicem
1532 4582 1825 4647 illum,.cui

234 4678 341 4715 non
372 4670 549 4731 potest
575 4664 793 4731 imponi,
818 4664 943 4718 etin
970 4681 1090 4720 sese
1118 4666 1618 4728 condemnationem
1645 4686 1825 4729 accer-

232 4768 375 4816 sere,
408 4753 505 4805 nisi
544 4756 901 4809 certissimum
944 4756 1182 4819 haberet.
1214 4774 1273 4815 se
1315 4760 1381 4815 ab
1420 4764 1562 4815 omni
1606 4765 1824 4819 insidia-

231 4858 351 4897 rum
392 4845 615 4896 crimine
656 4860 849 4913 purum
888 4859 1026 4900 esse.
1075 4847 1141 4900 Et
1169 4849 1311 4918 quod
1345 4864 1406 4905 ca
1438 4868 1555 4921 qua:
1601 4854 1827 4910 dicimus

234 4949 340 4989 non
371 4938 717 5001 conﬁunt-tr,
746 4937 839 4990 sed
870 4937 1011 5007 quod
1045 4939 1204 4994 simul
1241 4952 1294 4995 et
1319 4957 1439 4997 sese
1480 4961 1704 5015 purgare
1734 4964 1827 5002 cu-

231 5024 406 5093 piens,
443 5037 493 5077 et
525 5026 669 5080 ill-tm
701 5025 769 5078 ad
805 5027 1146 5083 sobrietatem
1176 5047 1447 5097 revocare,
1482 5037 1619 5088 illius
1644 5036 1823 5103 judicii

234 5113 359 5168 fecit
383 5116 733 5183 mentionem,
758 5116 846 5170 illa
875 5133 991 5186 qum
1006 5123 1114 5187 jam
1144 5132 1288 5188 gesta
1321 5122 1533 5179 fuerunt
1564 5120 1828 5183 sufficien-

236 5213 316 5258 ter
339 5207 662 5259 ostendunt:
694 5221 796 5259 non
826 5208 999 5262 minus
1024 5220 1202 5265 autem
1253 5212 1336 5268 bis
1366 5226 1419 5270 et
1449 5218 1555 5280 illa,
1583 5235 1701 5287 qua:
1731 5236 1825 5289 po-

232 5304 346 5349 stea
380 5295 683 5350 acciderunt
702 5338 718 5359 ,
746 5297 903 5367 hujus
932 5301 1007 5353 rei
1041 5302 1197 5357 fidem
1224 5306 1396 5359 facere
1420 5320 1660 5376 possunt.
1692 5310 1825 5367 Nam

232 5399 355 5439 cum
384 5400 571 5440 rursus
598 5387 722 5442 Saul
750 5387 1023 5443 incidisset
1050 5392 1100 5443 in
1130 5406 1321 5448 manus
1349 5396 1512 5463 ipsius
1532 5441 1545 5462 ,
1580 5410 1693 5466 post
1726 5402 1822 5455 da-

235 5486 341 5528 tam
386 5476 614 5531 salutem
662 5478 949 5547 insequens
990 5480 1172 5549 illum,
1222 5494 1275 5538 et
1320 5488 1565 5543 occidere
1605 5491 1820 5558 volens,

233 5579 463 5636 cumque
509 5578 686 5634 posset
721 5569 929 5623 hostem
958 5586 1079 5626 cum
1107 5575 1354 5630 universo
1383 5583 1619 5635 exercitu
1647 5585 1826 5639 conci-

234 5655 384 5723 dere,
423 5658 625 5711 dimisit
664 5659 810 5713 illum
841 5660 1103 5731 integrum
1129 5675 1183 5718 et
1214 5668 1550 5724 incolumem.
1598 5673 1827 5743 ideoque

238 5758 370 5801 cum
387 5748 541 5802 sciret
569 5749 813 5805 morbum
842 5754 979 5820 regis
1009 5755 1452 5815 ἰιηιηριῑῑεςειὺίῐριιι
1479 5779 1618 5829 esse,
1655 5781 1823 5837 ucth

1962 929 2055 985 lud
2082 945 2315 1003 quoque,
2342 932 2483 1003 quod
2512 943 2860 1006 posteaquam
2885 936 3129 993 audierat
3153 952 3335 1010 regem
3362 938 3416 994 in
3445 937 3577 1018 acie

1961 1019 2242 1087 cecidisse,
2272 1022 2486 1078 discidit
2510 1033 2734 1091 restem,
2765 1032 2821 1081 et
2858 1027 3040 1083 cinere
3066 1040 3127 1082 se
3151 1028 3475 1096 conspersit,
3506 1035 3562 1079 et

1961 1124 2028 1168 eo
2052 1111 2201 1169 luctu
2226 1113 2383 1195 luxit,
2415 1129 2522 1185 quo
2559 1117 2681 1186 quis
2711 1117 2919 1188 lugeret
2961 1118 3162 1173 amisso
3202 1118 3561 1187 primogenita

1958 1200 2321 1273 germanoque
2371 1205 2514 1271 filio;
2562 1206 2791 1263 subinde
2834 1224 3034 1264 nomen
3074 1209 3215 1264 illius
3264 1209 3560 1267 inclamans

1961 1308 2064 1349 una
2093 1309 2215 1349 cum
2243 1295 2337 1350 filii
2380 1297 2621 1365 nomine,
2652 1299 2965 1368 compositis
2994 1299 3155 1356 etiam
3182 1301 3462 1366 encomiis,
3495 1316 3561 1360 ac

1959 1398 2121 1441 voces
2141 1385 2322 1441 acerbi
2347 1387 2551 1443 doloris
2582 1396 2745 1444 testes
2771 1391 3045 1456 eminens,
3078 1389 3381 1460 impransus
3405 1407 3558 1445 man-

1957 1474 2031 1529 sit
2066 1491 2235 1547 usque
2260 1476 2331 1532 sd
2372 1493 2689 1549 vesperam,
2718 1494 3008 1536 exsccrans
3045 1489 3102 1537 et
3128 1481 3245 1551 ipsa
3290 1481 3406 1537 loca
3437 1498 3559 1553 qua:

1957 1561 2136 1619 Saulis
2163 1566 2475 1637 sanguinem
2500 1576 2842 1637 exceperant.
2870 1567 3092 1635 Montes,
3120 1568 3558 1639 inquit,.Gctboe',

1956 1667 2021 1707 ne
2052 1653 2201 1707 cadat
2237 1670 2391 1725 super
2427 1670 2512 1709 vos
2542 1672 2701 1728 neque
2741 1672 2847 1722 ros,
2898 1673 3055 1729 neque
3092 1658 3268 1728 pluvia
3305 1673 3326 1712 :
3358 1670 3551 1717 montes

1954 1743 2159 1804 mortis,
2200 1746 2441 1814 quoniam
2469 1745 2578 1800 illic
2618 1746 2819 1800 sublata
2860 1756 2978 1802 sunt
3020 1747 3349 1803 tabernacula
3379 1760 3558 1819 potetu-

1954 1839 2083 1891 tiunt
2132 1838 2209 1909 (2.
2242 1837 2372 1910 Reg.
2412 1843 2464 1896 l.
2493 1840 2603 1913 2t).
2649 1840 2802 1910 Quod
2847 1855 2993 1913 stepe
3025 1851 3209 1912 patres
3236 1840 3466 1909 faciunt,
3500 1854 3559 1901 ut

1952 1927 2170 1984 domum
2198 1931 2363 1986 etiam
2384 1940 2723 1999 aversentur,
2741 1944 2796 1990 et
2820 1934 2984 1990 limen
3008 1934 3253 1991 dolenter
3271 1935 3553 2006 aspiciant,

1952 2035 2050 2091 per
2078 2018 2222 2091 quod
2246 2022 2487 2077 extulere
2516 2020 2706 2088 filium,
2730 2022 2835 2078 hoc
2856 2034 2909 2079 et
2940 2021 3029 2079 hic
3050 2021 3195 2089 fecit,
3222 2039 3319 2081 eos
3344 2036 3557 2080 montes

1950 2110 2248 2179 devoveas,
2277 2111 2370 2183 qui
2397 2112 2601 2169 ctedem
2632 2113 2776 2168 illam
2807 2123 3158 2186 exceperant.
3186 2113 3309 2183 Odi,
3340 2116 3550 2186 inquit,

1951 2202 2125 2271 ipsum
2172 2202 2332 2258 etiam
2361 2203 2536 2259 locum
2562 2216 2779 2275 propter
2810 2217 3050 2260 mortuos
3080 2206 3190 2262 illic
3222 2216 3542 2276 prostratos.

1948 2292 2027 2348 Ne
2055 2293 2219 2366 igitur
2256 2294 2549 2365 irrigemini
2594 2294 2818 2364 posthac
2846 2294 3147 2351 cmlestibus
3173 2296 3382 2365 Pluviis,
3425 2298 3552 2367 quia

1948 2386 2091 2443 male
2111 2385 2281 2442 semel
2308 2385 2510 2457 irrigati
2530 2385 2663 2442 estis
2681 2386 2975 2442 amicorum
2997 2401 3243 2443 meorum
3269 2388 3549 2459 sanguine,

1948 2492 2120 2549 eaque
2164 2478 2387 2534 nomina
2423 2472 2650 2535 subinde
2678 2478 2976 2551 repetebat,
3022 2478 3094 2534 ita
3119 2478 3383 2551 loquens:
3410 2464 3551 2535 'Sm'tl

1947 2580 1993 2626 et
2019 2570 2304 2640 leuamus,
2340 2571 2584 2627 amabiles
2608 2589 2669 2627 ac
2691 2573 2933 2644 speciosi,
2959 2572 3013 2627 in
3038 2572 3139 2627 vita
3165 2588 3261 2628 sua
3293 2588 3395 2628 non
3432 2573 3551 2641 fue-

1945 2674 2063 2718 rant
2093 2664 2359 2731 disiuncti,
2381 2681 2469 2720 nec
2492 2674 2653 2720 morte
2679 2681 2773 2721 sua
2797 2660 3020 2738 separati
3043 2675 3161 2722 sunt
3188 2663 3350 2736 (Ibid.
3366 2664 3544 2736 mil).

1944 2753 2207 2823 Quoniam
2249 2756 2394 2811 enim
2436 2756 2678 2811 absentia
2725 2756 2941 2813 illorum
2981 2772 3207 2829 corpora
3247 2771 3357 2813 non
3399 2757 3552 2813 licuit

1942 2843 2214 2913 amplecti,
2246 2848 2463 2901 nomina
2494 2845 2703 2901 illorum
2733 2846 3049 2917 complexus
3071 2856 3175 2915 est,
3202 2862 3359 2904 suum
3391 2846 3548 2903 dolo-

1944 2951 2059 2992 rem
2082 2935 2231 2994 hisce
2254 2938 2427 2994 modis
2453 2948 2722 3008 quatenus
2749 2938 2898 2994 licuit
2916 2938 3124 2994 leniens
3147 2946 3201 2993 et
3222 2938 3543 2994 calamitatis

1942 3028 2362 3101 magnitudinem
2405 3031 2677 3099 mitigans.
2720 3028 2854 3095 Quia
2883 3029 3027 3086 enim
3053 3042 3085 3083 a
3114 3027 3299 3083 multis
3341 3028 3543 3087 malum

1940 3119 2226 3190 putabatur
2250 3117 2567 3190 insanabile,
2591 3118 2779 3175 ambos
2797 3116 2987 3175 eodem
3016 3117 3276 3174 cecidisse
3298 3117 3409 3185 die,
3438 3116 3543 3173 hoc

1941 3211 2116 3282 ipsum
2160 3212 2387 3282 arripuit
2432 3212 2484 3266 in
2546 3210 2930 3268 consolationis
2972 3199 3367 3280 argumentum.
3408 3206 3543 3263 Nam

1938 3302 2083 3373 quod
2127 3303 2223 3368 ait,
2259 3302 2324 3356 In
2372 3304 2472 3357 rita
2514 3320 2611 3359 sua
2647 3319 2752 3357 non
2794 3306 2996 3374 fuerant
3037 3302 3315 3373 disjuncti,
3362 3317 3453 3357 nec
3487 3302 3544 3357 in

1938 3402 2101 3449 morte
2133 3404 2252 3448 sunt
2285 3397 2530 3463 separati,
2561 3393 2727 3451 verba
2765 3402 2918 3449 erant
2943 3393 3075 3450 nihil
3117 3393 3259 3449 aliud
3294 3393 3539 3465 agentis,

1936 3500 2099 3557 quam
2127 3494 2187 3540 ut
2213 3485 2319 3540 hoo
2336 3485 2492 3541 cedat
2518 3485 2572 3541 in
2593 3484 2845 3542 solatium
2867 3484 3094 3541 doloris.
3119 3485 3240 3543 lam
3266 3485 3433 3552 enim,
3459 3485 3544 3539 in-

1935 3577 2071 3649 quit,
2094 3590 2201 3633 non
2229 3586 2404 3647 potest
2429 3576 2556 3644 dici,
2584 3576 2727 3648 quod
2750 3576 2891 3633 illius
2910 3576 3211 3648 orphanum
3233 3590 3355 3632 esse
3377 3590 3441 3632 se
3467 3576 3541 3631 lu-

1934 3677 2077 3739 geat,
2126 3682 2300 3740 neque
2339 3666 2482 3735 quod
2529 3674 2683 3739 pater
2721 3666 3006 3723 orbitatem
3044 3680 3196 3723 suam
3241 3665 3487 3736 deplorat
3522 3685 3538 3722 :

1933 3772 2122 3814 verum
2150 3757 2293 3829 quod
2336 3757 2516 3822 nullis,
2554 3758 2745 3828 inquit,
2784 3757 2996 3828 obtigit,
3027 3755 3136 3812 illis
3162 3756 3423 3827 contigit:
3453 3757 3537 3812 vi-

1934 3847 2132 3906 delicet
2156 3863 2263 3903 uno
2288 3847 2585 3918 eodemque
2609 3847 2700 3903 die
2734 3863 2766 3903 e
2794 3848 2928 3902 vivis
2959 3845 3131 3917 erepti
3159 3855 3285 3901 sunt
3302 3889 3318 3912 ,
3347 3856 3540 3903 neutro

1932 3938 2089 3996 alteri
2126 3938 2431 4009 superstite.
2467 3936 2820 3994 Existimabat
2854 3938 3000 3994 enim
3041 3938 3207 3993 vitam
3248 3937 3349 3993 sibi
3388 3938 3533 4008 inju-

1932 4029 2165 4086 cundam
2192 4029 2326 4096 fore,
2354 4030 2399 4084 si
2427 4030 2564 4085 alter
2586 4028 2655 4083 ab
2678 4029 2852 4083 altero
2877 4028 3065 4087 fuisset
3087 4029 3351 4084 divulsus.
3370 4027 3537 4085 Cum-

1934 4121 2227 4177 movemini
2258 4135 2420 4187 nunc,
2443 4120 3002 4191 lacrymamininune,
3024 4128 3079 4175 et
3106 4121 3289 4176 animo
3317 4130 3535 4191 pertur-

1932 4211 2171 4279 homini;
2200 4226 2370 4281 usque
2389 4210 2456 4265 ad
2479 4212 2836 4283 laerymarum
2857 4210 3171 4267 ell'usiunem
3200 4212 3385 4267 mutati
3408 4221 3537 4268 sunt

1932 4303 2073 4360 oculi
2100 4304 2309 4360 vestri?
2349 4302 2501 4358 Nune
2543 4302 2934 4373 mittiquisque
2971 4301 3287 4359 recordetur
3330 4303 3549 4365 inimici,

1933 4395 2022 4463 qui
2052 4392 2207 4459 laesit,
2242 4392 2748 4448 doloreetiamnum
2775 4392 2829 4446 in
2857 4393 3038 4447 animo
3063 4399 3343 4455 mstuantc,
3374 4398 3535 4463 atque

1934 4484 2078 4541 hunc
2102 4485 2379 4541 ctivivum
2420 4491 2629 4551 servet,
2663 4492 2718 4538 et
2758 4485 2867 4538 vita
2913 4482 3225 4538 defunctum
3261 4482 3530 4552 deploret,

1935 4576 2076 4631 haud
2102 4576 2317 4647 quidem
2347 4574 2414 4631 ad
2442 4576 2880 4641 ostentationem,
2912 4573 3007 4628 sed
3028 4589 3103 4627 ex
3134 4573 3339 4639 animo,
3373 4588 3533 4629 vero-

1931 4684 2036 4738 que
2066 4668 2262 4723 cordc:
2293 4668 2499 4721 etiamsi
2521 4665 2651 4736 quid
2677 4663 3053 4735 perferendum
3084 4664 3152 4717 sit
3182 4663 3527 4731 incommodi,

1936 4775 2002 4815 ne
2041 4759 2167 4829 quid
2211 4759 2446 4813 offendat
2473 4773 2597 4813 eum
2632 4757 2724 4828 qui
2771 4757 2928 4819 trusit,
2973 4758 3151 4811 ontuia
3183 4767 3297 4812 tum
3340 4756 3529 4821 faciat,

1933 4860 2044 4904 tum
2078 4849 2329 4919 patiatur.
2373 4862 2562 4916 magna
2597 4862 2627 4901 a
2666 4847 2776 4902 Deo
2817 4847 3418 4915 exspectaus‘prtemia.
3449 4848 3531 4903 En

1936 4940 2020 4994 bic
2048 4942 2208 4995 etiam
2239 4956 2458 5007 t‘vgttttm
2496 4939 2721 5008 adeptus
2747 4946 2849 5004 est,
2882 4953 2979 4992 nec
3020 4947 3193 4991 tamen
3238 4938 3534 5008 inquinavit

1934 5032 2079 5089 crede
2111 5046 2330 5093 manus,
2366 5030 2455 5084 :etl
2496 5031 2736 5084 dextram
2765 5029 2964 5084 habens
2992 5046 3197 5100 pUl'illl.
3233 5032 3306 5084 sic
3328 5046 3528 5085 cornua

1934 5124 2210 5179 redimitus
2242 5134 2337 5185 est,
2371 5124 2529 5177 siead
2557 5125 2749 5179 solium
2773 5122 3032 5187 ascendit,
3064 5138 3297 5191 purpura
3328 5137 3392 5177 ac
3416 5123 3531 5177 diat-

1933 5214 2142 5271 demate
2188 5214 2611 5282 magniﬁcentius
2640 5216 2941 5267 encomium
2988 5229 3235 5284 gesmns,
3286 5214 3546 5270 videlicet

1933 5307 2076 5377 quod
2124 5308 2260 5363 hosti
2307 5308 2669 5376 pepercisset,
2724 5306 2865 5375 quod
2912 5308 3157 5361 eumdem
3208 5309 3529 5363 exstinctum

1936 5401 2177 5456 lusisset.
2208 5398 2411 5454 Idcirco
2438 5413 2545 5452 non
2574 5398 2731 5451 vivus
2758 5397 2937 5461 modo,
2960 5396 3053 5452 sed
3080 5410 3131 5450 (τι
3160 5407 3399 5452 mortuus
3431 5400 3528 5453 bo-

1936 5496 2135 5549 ntinuut
2179 5495 2433 5547 memoria
2480 5495 2802 5550 celebratur.
2848 5494 3183 5563 Quapropter
3204 5496 3250 5550 si
3289 5496 3438 5565 cupis
3476 5505 3532 5551 et

1936 5586 2021 5641 hic
2047 5594 2355 5656 perpetuam
2393 5587 2649 5654 consequi
2689 5586 2941 5655 gloriam,
2974 5593 3027 5639 et
3052 5584 3161 5639 illic
3198 5586 3380 5642 solidis
3409 5602 3527 5655 per-

1934 5680 2034 5733 frui
2064 5679 2233 5739 b0uis,
2269 5678 2425 5746 hujus
2459 5679 2589 5746 justi
2627 5676 2872 5731 virtutem
2917 5677 3145 5742 imitare,
3179 5677 3528 5745 bujttstemth

1938 5771 2047 5827 lare
2086 5769 2496 5840 pltilosoldtiam,
2527 5769 2751 5825 ostende
2791 5768 2940 5825 factis
2971 5770 3098 5840 ipsis
3141 5766 3528 5838 hancinjuriar-
