4066 6428
601 519 725 561 ιίιιιι
762 500 1116 566 tolerantiam,
1160 504 1217 555 ut
1261 494 1477 551 eosdem
1517 493 1727 549 labores
1752 491 2041 555 sustinens,
2084 499 2176 543 ea-

601 597 726 651 dem
755 594 894 648 bona
921 586 1265 659 consequaris
1289 604 1302 640 2
1331 601 1452 657 quae
1480 586 1681 639 utinam
1725 581 1995 648 contingat
2027 574 2185 631 nobis

601 685 849 741 carnibus
873 681 1114 751 adipisci,
1145 679 1320 751 gratia
1354 685 1408 733 et
1432 675 1751 744 benignitate
1777 668 1983 726 Domini
2009 666 2184 723 nostri

599 777 727 831 Jesu
758 772 987 835 Christi,
1019 769 1107 826 cui
1150 785 1271 825 cum
1301 767 1458 822 Patre
1484 778 1584 818 una
1614 777 1733 816 cum
1760 767 1945 814 sancto
1977 755 2186 827 Spiritu

597 864 790 934 gloria,
831 861 1133 930 imperium,
1177 857 1367 921 honor,
1398 867 1537 908 nune
1567 861 1620 908 et
1648 863 1880 920 semper,
1909 855 1965 902 et
2000 847 2052 901 in
2079 858 2178 899 sto-

601 953 722 1008 cula
747 950 1085 1007 mulorum.
1119 949 1308 1000 Amen.

1197 1031 1477 1089 HOMILIA
1502 1029 1589 1085 lli.

603 1128 755 1198 Quod
770 1126 1102 1198 periculosum
1125 1123 1188 1176 sit
1203 1122 1343 1176 adire
1364 1118 1672 1191 spectacula,
1688 1125 1736 1170 et
1752 1130 1810 1169 ea
1821 1129 1906 1168 res
1923 1112 2180 1166 adulteros

677 1219 924 1290 perfectos.
961 1216 1140 1286 faciat,
1168 1223 1214 1269 et
1252 1213 1368 1267 hinc
1397 1211 1599 1265 tristitia
1625 1206 1969 1274 contentioque
1997 1217 2178 1256 nasca-

674 1325 794 1366 ttir:
835 1321 940 1364 tum
966 1308 1100 1379 quod
1129 1323 1274 1362 omne
1309 1303 1588 1360 tolerantiae
1626 1316 1783 1372 genus
1818 1297 1986 1352 Dauid
2011 1296 2064 1350 in
2092 1296 2176 1361 iis,

675 1420 790 1474 qua
812 1403 929 1474 fecit
957 1417 1079 1472 erga
1103 1399 1333 1464 Saiilem,
1362 1395 1648 1466 superarit:
1678 1399 1926 1463 postremo
1944 1388 2079 1459 quod
2101 1404 2179 1442 ra-

652 1495 846 1565 »piuam
873 1508 1015 1562 aqua
1042 1491 1216 1544 animo
1240 1491 1402 1559 ferre,
1421 1501 1523 1540 nou
1547 1484 1711 1537 ntinor
1736 1482 1890 1537 virtus
1917 1480 2000 1545 sit,
2026 1494 2178 1548 quam

675 1583 852 1653 largiri
877 1583 1263 1650 eleeutosynam.

675 1677 732 1729 t.
765 1671 1022 1742 Equidem
1055 1670 1287 1725 arbitror
1315 1666 1510 1723 multos
1538 1679 1602 1721 ex
1645 1664 1733 1732 iis,
1765 1663 1857 1732 qui
1884 1675 2054 1731 nuper
2079 1674 2179 1717 nos

602 1765 965 1826 deseruerant,
991 1769 1045 1815 et
1066 1758 1136 1814 ad
1159 1755 1450 1830 iniquitatis
1471 1753 1771 1824 spectacula
1793 1751 2176 1816 discesserant,

601 1854 762 1911 hodie
801 1859 1091 1924 prasentes
1125 1863 1265 1905 esse.
1306 1845 1545 1916 Optarim
1585 1854 1762 1899 autem
1793 1842 1922 1897 istos
1955 1841 2046 1911 qui
2072 1840 2180 1895 sint

603 1946 777 2014 pahm
807 1957 986 2005 nosse,
1024 1949 1082 1997 ut
1107 1954 1201 1997 eos
1227 1954 1258 1994 a
1299 1938 1467 1994 sacris
1493 1935 1768 1992 vestibulis
1808 1947 2042 2001 arceam,
2071 1947 2178 1987 non

601 2044 665 2090 ut
683 2042 936 2104 perpetuo
961 2028 1091 2087 loris
1114 2037 1376 2092 maneant,
1400 2026 1496 2084 sed
1513 2035 1569 2080 ut
1600 2024 1828 2080 correcti
1851 2019 2029 2078 denuo
2057 2020 2180 2077 red-

601 2133 767 2188 eant:
799 2120 1224 2194 quandoquidem
1253 2122 1304 2175 et
1323 2127 1500 2187 patres
1523 2116 1662 2172 illius
1685 2114 2054 2184 delinquentes
2076 2111 2183 2169 fre-

599 2223 828 2284 quenter
852 2227 919 2268 ex
947 2209 1155 2266 edibus
1167 2209 1401 2280 exigunt,
1418 2215 1473 2263 et
1485 2221 1515 2260 a
1527 2220 1709 2262 mensa
1719 2205 2053 2266 submovent.
2071 2218 2178 2258 non

600 2311 661 2359 ut
673 2316 885 2374 semper
897 2301 1042 2357 illinc
1053 2300 1315 2364 oxsulent,
1331 2297 1426 2354 sed
1450 2305 1509 2351 ut
1527 2295 1626 2351 hac
1641 2293 1972 2364 correptione
1985 2290 2178 2350 redditi

601 2391 872 2456 meliores,
885 2404 1007 2445 cum
1021 2387 1201 2444 debita
1215 2386 1372 2442 laude
1389 2394 1446 2442 et
1464 2386 1668 2441 honore
1685 2384 1742 2439 iu
1763 2392 2037 2454 paternam
2058 2381 2180 2438 red-

599 2488 724 2537 eant
746 2489 966 2536 sortem.
994 2474 1139 2533 idem
1159 2491 1289 2533 sane
1314 2476 1511 2531 faciunt
1538 2482 1592 2530 et
1611 2483 1869 2544 pastores,
1899 2471 2027 2528 dum
2050 2485 2180 2528 oves

597 2569 778 2627 scabie
787 2568 1032 2640 oppletas
1045 2582 1076 2624 a
1091 2566 1234 2624 sanis
1247 2574 1546 2638 segregant,
1562 2573 1622 2620 ut
1634 2564 1834 2620 misero
1848 2563 2036 2618 morbo
2045 2562 2182 2618 leva-

599 2671 692 2729 ιω,
711 2658 886 2715 denuo
903 2667 1014 2714 tuto
1033 2654 1100 2713 ad
1115 2669 1272 2714 sanas
1293 2663 1644 2719 revertantur,
1657 2669 1725 2709 ne
1739 2662 1949 2723 :ngrotse
1963 2665 2177 2723 gregem

599 2753 904 2808 universum
927 2765 1030 2807 suo
1049 2749 1147 2806 illo
1173 2750 1363 2806 morbo
1389 2747 1662 2818 impleant.
1685 2745 1808 2800 Ideo
1833 2745 2177 2814 cupiebamus

600 2842 735 2898 istos
749 2854 906 2896 nosse
923 2854 938 2904 ;
961 2839 1056 2896 sed
1077 2838 1316 2909 quamvis
1326 2850 1419 2892 eos
1431 2833 1672 2905 corporis
1683 2832 1853 2888 oculis
1865 2832 2178 2903 dignoscere

599 2944 706 2985 non
731 2928 1028 2996 «bamus,
1063 2927 1288 2983 verbum
1316 2934 1496 2982 tamen
1524 2936 1617 2978 eos
1646 2935 1864 2992 prorsus
1889 2931 2171 2992 agnoscet,

595 3029 948 3090 «inepteque
969 3018 1182 3080 illorum
1198 3017 1539 3079 conscientia,
1559 3013 1712 3069 facile
1740 3013 2096 3083 persuadebit,
2119 3021 2178 3069 ut

604 3123 706 3164 sua
742 3115 930 3178 sponte
961 3106 1306 3176 volentesque
1333 3113 1548 3169 exeant,
1587 3102 1786 3159 docens
1821 3102 1970 3158 illum
2002 3103 2176 3159 solum

598 3210 718 3255 esse
745 3197 906 3264 intus,
935 3196 1028 3266 qui
1051 3202 1281 3252 mentem
1303 3192 1404 3250 hac
1430 3192 1812 3249 exercitatione
1831 3191 2046 3262 dignam
2075 3191 2174 3246 lia-

599 3286 724 3345 beat
747 3305 762 3342 :
789 3286 951 3344 veluti
973 3294 1184 3352 contra,
1221 3283 1312 3355 qui
1339 3291 1587 3354 corrupte
1613 3281 1800 3338 vivens
1824 3296 1992 3337 sacra:
2019 3281 2176 3352 huius

599 3378 1024 3450 congregationis
1049 3377 1313 3447 particeps
1341 3384 1449 3444 est,
1473 3375 1680 3432 etiamsi
1716 3388 1944 3446 corpore
1967 3373 2055 3430 hic
2080 3375 2176 3430 ad-

597 3467 815 3534 stiterit,
842 3466 1075 3538 rejeetus
1095 3474 1198 3531 est,
1222 3463 1510 3535 veriusque
1526 3462 1822 3528 submotus,
1841 3477 2000 3534 quam
2023 3464 2062 3520 ii
2084 3465 2174 3535 qui

596 3559 742 3615 foras
775 3557 975 3613 exclusi
1022 3566 1147 3615 sunt
1199 3553 1298 3628 (α),
1341 3554 1534 3624 quibus
1573 3554 1806 3610 nondum
1840 3554 1966 3610 licet
2005 3569 2176 3610 sacrm

599 3661 802 3706 mensas
847 3645 1130 3717 participes
1175 3657 1319 3701 esse.
1353 3643 1629 3714 Siquidem
1657 3643 1733 3699 illi
1772 3644 2061 3700 secundum
2090 3643 2175 3700 di.

595 3741 749 3794 vinas
789 3738 935 3809 leges
962 3737 1168 3806 expulsi
1205 3735 1442 3806 forisque
1480 3743 1777 3800 manentes.
1822 3733 2081 3792 hactenus
2117 3739 2174 3792 in

598 3841 698 3898 spe
724 3827 861 3883 bona
889 3835 1016 3884 sunt
1049 3841 1066 3881 :
1094 3840 1216 3882 nam
1243 3824 1290 3881 si
1314 3823 1474 3880 modo
1502 3823 1667 3880 velint
1685 3824 1955 3895 corrigere
1979 3820 2174 3883 delicta

595 3933 716 3986 sua,
743 3918 816 3974 ob
840 3933 960 3988 qum
985 3933 1082 3987 per
1107 3909 1401 3972 Ecclesium
1430 3923 1557 3970 sunt
1588 3914 1768 3985 eiecti,
1797 3924 2051 3985 poterunt
2082 3916 2177 3973 de-

595 4024 707 4066 uuo
729 4023 850 4063 cum
876 4021 1004 4077 pura
1029 4005 1355 4063 conscientia
1379 4004 1594 4061 reverti.
1618 4004 1796 4074 Atqui
1821 4004 2028 4074 seipsos
2047 4019 2174 4060 con-

597 4097 988 4153 taminaverunt
1005 4135 1023 4163 ,
1052 4103 1106 4150 et
1129 4094 1386 4149 admoniti
1411 4108 1481 4147 ne
1501 4092 1647 4160 prius
1673 4092 1977 4160 introeant,
2001 4091 2175 4151 donec

597 4183 861 4240 maculam
886 4197 919 4238 e
945 4181 1235 4239 sceleribus
1257 4188 1584 4237 contractam
1609 4179 2174 4249 repurgarint,deinde

597 4273 936 4345 impudenter
961 4286 1022 4328 se
1043 4279 1254 4346 gerunt,
1278 4269 1473 4324 vulnus
1499 4276 1556 4324 et
1581 4266 1733 4324 ulcus
1756 4263 1919 4324 animi
1945 4266 2177 4324 reddunt

595 4363 841 4422 acerbius
862 4376 927 4420 ac
963 4363 1153 4433 majus.
1189 4359 1373 4433 Neque
1396 4359 1539 4415 enim
1564 4367 1671 4413 tam
1708 4371 1872 4429 grave
1899 4366 1983 4414 est
2002 4356 2178 4415 delin-

597 4467 787 4524 quere,
811 4466 969 4523 quam
996 4460 1115 4523 post
1136 4451 1390 4508 delictum
1409 4449 1742 4520 impudenter
1761 4462 1820 4504 se
1837 4463 2048 4519 gerere,
2072 4463 2177 4506 nec

597 4557 788 4615 parere
825 4541 1192 4600 sacerdotibus
1218 4542 1343 4598 talia
1364 4539 1696 4611 iubentibus.
1724 4539 1791 4595 Et
1822 4539 1950 4610 quid
1979 4539 2055 4608 hi,
2093 4540 2177 4597 in-

600 4637 809 4706 quiunt,
837 4635 972 4689 adeo
998 4634 1174 4704 magni
1207 4633 1430 4689 sceleris
1452 4631 1860 4697 commiserunt,
1886 4637 1945 4685 ut
1964 4630 2033 4686 ab
2058 4629 2177 4687 istis

600 4726 772 4782 sacris
799 4724 1051 4781 cancele
1078 4723 1294 4780 arcendi
1321 4722 1465 4778 sint?
1487 4723 1598 4780 imo
1625 4721 1767 4792 quod
1791 4721 2043 4778 delictum
2073 4720 2176 4778 hoc

596 4814 814 4887 gravius
838 4813 1033 4884 queris
1059 4814 1305 4881 istorum,
1332 4812 1425 4884 qui
1450 4827 1577 4868 cum
1609 4811 1814 4882 seipsos
1843 4811 1997 4881 plane
2023 4810 2176 4866 adul-

598 4907 735 4964 terio
769 4905 1200 4972 contaminarint,
1227 4904 1565 4976 impudenter
1587 4918 1653 4959 ac
1691 4902 1999 4960 rabidomm
2025 4918 2178 4961 more

594 5011 810 5062 canum,
837 4995 904 5050 ad
923 5009 1128 5051 sacram
1149 4993 1287 5051 hanc
1304 5007 1541 5050 mensam
1569 4992 1815 5050 iri-nunt?
1835 4992 1988 5061 Quod
2012 4993 2058 5049 si
2083 5008 2177 5049 vos

599 5089 668 5144 iis
707 5086 953 5143 adulterii
994 5086 1207 5142 modum
1235 5100 1578 5157 cognoscere,
1617 5098 1724 5139 non
1749 5098 1866 5139 mea
1891 5084 2053 5140 verba
2079 5083 2174 5140 tibi

597 5177 847 5241 referam,
876 5175 972 5232 sed
1001 5176 1142 5232 illius
1167 5177 1258 5246 qui
1284 5176 1352 5231 de
1378 5184 1491 5231 tota
1517 5174 1748 5230 hominis
1773 5175 1877 5229 vita
1900 5175 2174 5245 judicatu-

597 5281 694 5323 rus
717 5277 837 5323 est:
869 5265 971 5334 Qui
995 5265 1137 5322 enim
1166 5264 1361 5332 uiderit,
1394 5266 1584 5336 inquit,
1615 5264 1874 5319 mlierem
1897 5265 1967 5319 ad
1988 5282 2175 5321 coacu-

599 5355 890 5425 piscendam
927 5355 1090 5424 illam,
1119 5357 1235 5429 jam
1261 5356 1534 5411 inusitatus
1566 5365 1640 5410 est
1667 5371 1781 5411 eam
1805 5355 1858 5410 in
1894 5356 2044 5411 corde
2080 5375 2174 5414 suo

603 5443 814 5518 (lauit.
846 5445 901 5502 5.
924 5444 1039 5516 28).
1065 5446 1217 5514 Quod
1235 5446 1282 5503 si
1307 5446 1500 5502 mulier
1518 5444 1656 5502 forte
1682 5445 1737 5502 in
1764 5443 1886 5502 foro
1909 5445 2087 5515 obvia,
2113 5458 2169 5505 et

601 5536 898 5607 neglectius
934 5538 1075 5595 culta
1099 5551 1244 5610 saepe
1268 5538 1529 5594 ettriosius
1549 5535 1846 5593 intuentem
1878 5539 2022 5609 cepit
2057 5539 2176 5610 ipso

602 5627 780 5685 vultus
804 5635 1055 5697 aspectu;
1096 5628 1185 5685 isti
1213 5629 1302 5701 qui
1339 5643 1446 5686 non
1481 5627 1812 5700 simpliciter,
1859 5644 2030 5702 neque
2067 5631 2176 5690 for-

1361 382 1416 440 S.
1457 378 1731 439 JOANNIS
1767 365 2245 435 CHRYSOSTOMI
2281 367 2602 427 ARCHIEP.
2637 365 3177 426 EONSTANTINOP.

2290 481 2447 548 inito,
2479 482 2572 538 sed
2598 483 2795 552 studio,
2827 493 2885 541 et
2907 493 3053 539 tanto
3091 483 3299 552 studio,
3335 494 3393 540 ut
3417 484 3717 541 Ecclesiae:
3743 501 3864 557 quo-

2285 588 2391 644 que
2416 585 2780 639 oontemnant,
2805 585 2862 631 et
2881 574 2982 631 hac
3000 589 3159 631 causa
3187 585 3410 647 pergunt
3435 576 3582 642 illuc,
3607 591 3676 633 ac
3703 586 3866 634 totum

2285 663 2356 719 ibi
2382 662 2687 721 desidentes
2717 665 2858 722 diem
2901 666 2954 722 in
2992 666 3156 721 iacies
3193 667 3521 736 obiectarum
3553 667 3864 724 feminarum

2286 754 2498 813 illarum
2536 757 2738 813 defixos
2775 757 2972 817 habent
3006 756 3214 826 oculos,
3259 773 3363 833 qua
3407 758 3586 816 fronte
3623 768 3866 829 poseruat

2284 843 2486 913 dicere,
2510 861 2570 902 se
2611 861 2705 903 eas
2731 863 2839 903 non
2876 848 3073 904 vidisse
3111 848 3181 904 ad
3217 849 3744 920 concupiscendum?
3779 849 3867 905 ubi

2286 933 2448 990 verba
2477 949 2689 1006 quoque
2714 937 2978 994 accedunt
3005 938 3170 994 fracta
3197 938 3517 1010 lascivaque,
3551 940 3645 996 ubi
3669 940 3869 995 cautim

2285 1038 2383 1080 nes
2416 1029 2755 1096 meretriciae,
2795 1030 2886 1085 ubi
2923 1045 3026 1086 vox
3053 1030 3400 1088 vehementer
3426 1032 3493 1087 ad
3537 1032 3870 1102 voluptatem

2285 1118 2606 1187 composita,
2634 1119 2726 1174 ubi
2750 1121 2910 1176 stibio
2933 1121 3061 1191 picti
3082 1123 3241 1188 oculi,
3275 1123 3362 1178 ubi
3390 1121 3665 1177 coloribus
3692 1122 3872 1178 tincta

2283 1222 2453 1276 gente,
2483 1209 2572 1264 ubi
2597 1211 2762 1266 vestis
2785 1213 3049 1268 curiosius
3073 1213 3415 1278 concinnata,
3438 1214 3528 1270 ubi
3558 1215 3720 1269 totius
3745 1228 3869 1270 cor-

2285 1299 2428 1368 poris
2458 1300 2666 1358 lrabitus
2691 1303 2810 1359 fuco
2835 1305 3025 1374 plenus
3049 1311 3150 1368 est,
3181 1305 3389 1374 aliaque
3413 1306 3579 1360 multa
3607 1307 3872 1362 lenocinia

2282 1390 2351 1449 ad
2392 1390 2651 1448 fallendos
2683 1393 3107 1465 inescandosque
3134 1395 3401 1451 intuentes
3443 1397 3732 1461 instructa;
3781 1396 3877 1450 ubi

2282 1484 2527 1540 socordia
2569 1484 2943 1553 spectantium,
2990 1485 3259 1555 multaque
3285 1486 3552 1554 confusio,
3590 1487 3717 1543 hinc
3756 1488 3878 1559 ipse

2283 1573 2434 1630 locus
2466 1574 2533 1629 ad
2561 1574 2832 1630 lasciviam
2858 1575 3111 1643 invitans,
3147 1587 3259 1631 tum
3286 1578 3355 1633 ab
3383 1578 3449 1632 iis
3476 1578 3878 1634 acroamatihus

2282 1678 2400 1734 quae
2429 1674 2835 1734 prmcesscrunt,
2866 1674 2976 1721 tum
3012 1667 3082 1722 ab
3107 1666 3171 1722 iis
3198 1683 3317 1738 quae
3340 1679 3669 1739 consequuta
3706 1671 3881 1725 sunt?

2281 1752 2559 1808 Accedunt
2597 1753 2923 1810 irritamenta
2967 1771 3067 1827 per
3107 1756 3312 1814 ﬁstulas
3347 1773 3412 1814 ac
3439 1759 3617 1826 tibias,
3659 1760 3872 1831 aliaque

2281 1840 2397 1910 ejus
2424 1845 2638 1912 generis
2660 1844 2968 1912 modulatio,
3002 1846 3056 1900 in
3094 1845 3336 1903 fraudem
3365 1847 3609 1913 illiciens,
3640 1850 3870 1906 mentis-

2281 1943 2385 2000 que
2414 1932 2576 1987 robur
2599 1934 2878 1990 emolliens
2899 1974 2916 1999 ,
2955 1949 3021 1991 ac
3038 1937 3376 1992 meretricum
3406 1937 3616 1994 insidiis
3641 1949 3699 1994 et
3722 1939 3872 1997 dele-

2281 2027 2513 2082 ctatione
2543 2041 2850 2098 praeparans
2879 2027 2988 2083 illic
3027 2028 3382 2085 desidentium
3425 2031 3668 2096 anilitas,
3700 2031 3872 2088 effici-
3919 2029 3922 2032 ’

2281 2130 2482 2186 ensqtte
2507 2127 2565 2171 ut
2591 2117 2797 2173 facilius
2813 2118 3143 2188 capiantur‘.
3161 2120 3372 2175 Etenim
3402 2121 3448 2176 si
3478 2121 3588 2190 hic,
3606 2121 3696 2178 ubi
3727 2123 3872 2193 psal-

2282 2206 2377 2274 mi,
2402 2207 2490 2261 uhi
2520 2222 2728 2278 preces,
2759 2209 2847 2263 ubi
2866 2207 3170 2264 divinorum
3193 2210 3530 2280 eloquiorum
3571 2214 3872 2282 enarratio,

2281 2296 2370 2352 ubi
2401 2297 2495 2354 Dei
2524 2306 2713 2363 metus,
2739 2299 3011 2370 multaque
3033 2299 3222 2370 pietas,
3249 2300 3575 2372 frequenter,
3604 2319 3704 2360 ceu
3731 2306 3876 2362 latro

2279 2385 2542 2455 quispiam
2562 2397 2829 2454 versutus,
2852 2388 2992 2443 clam
3010 2389 3223 2458 obrepit
3238 2390 3670 2461 concupiscentia
3697 2411 3711 2448 :
3735 2408 3872 2462 quoa

2281 2474 2442 2530 modo
2484 2476 2572 2545 qui
2597 2476 2842 2532 desident
2869 2477 2922 2532 in
2951 2478 3185 2546 theatro,
3212 2478 3301 2550 qui
3329 2479 3462 2538 nihil
3487 2481 3607 2537 sani
3644 2482 3870 2539 audiunt

2282 2563 2588 2635 videatque,
2617 2565 2711 2620 sed
2735 2566 2900 2621 multa
2929 2566 3179 2623 dililuunt
3203 2568 3551 2638 turpitudine,
3584 2570 3755 2627 multa
3779 2587 3870 2630 Ie-

2281 2652 2466 2721 quitia,
2494 2654 2584 2723 qui
2609 2653 2841 2724 undique
2867 2654 3202 2711 obsidionem
3230 2659 3521 2728 patiuntur,
3553 2675 3657 2729 per
3681 2675 3864 2726 aures,

2281 2755 2377 2811 per
2393 2743 2598 2810 oculos,
2624 2743 2831 2814 possint
2851 2744 3046 2800 malam
3067 2759 3318 2818 superare
3338 2748 3828 2818 concupiscentiam
3841 2751 3869 2806 ι

2279 2831 2510 2887 Rursum
2541 2833 2586 2888 si
2625 2850 2730 2889 non
2757 2845 2998 2904 possunt,
3029 2836 3298 2906 quomodo
3327 2846 3582 2908 poterunt
3609 2856 3860 2913 umquam

2278 2921 2348 2976 ab
2373 2923 2617 2980 adulterii
2639 2924 2862 2981 crimine
2880 2925 3269 2984 absolvii'l‘um
3293 2930 3385 3000 qui
3414 2945 3525 2986 non
3551 2931 3710 2989 liberi
3735 2946 3861 2992 sunt

2279 3013 2349 3068 ab
2365 3013 2610 3069 adulterii
2634 3015 2878 3083 crimine,
2899 3015 3169 3087 quomodo
3193 3026 3446 3090 poterunt
3465 3021 3672 3092 absque
3694 3027 3864 3094 pmni-

2280 3107 2444 3161 tentia
2467 3104 2534 3160 ad
2554 3105 2671 3162 haec
2688 3121 2840 3163 sacra
2864 3108 3120 3164 vestibula
3138 3110 3416 3182 accedere,
3437 3110 3706 3186 huiusque
3730 3131 3864 3189 pra:-

2278 3195 2411 3251 clari
2437 3206 2729 3253 conventus
2754 3212 2876 3254 esse
2902 3199 3189 3270 participes
3206 3201 3232 3255 τ

2348 3309 2404 3367 2.
2426 3308 2591 3377 Quam
2611 3311 2832 3366 alienum
2850 3313 2915 3367 sit
2933 3328 2966 3367 a
2984 3313 3207 3368 moribus
3230 3314 3539 3386 ειη-ἔδω,
3560 3321 3866 3387 spectaculis

2279 3397 2606 3455 theatralibus
2637 3399 2890 3455 interesse.
2915 3431 2989 3442 —
3014 3402 3351 3474 Quapropter
3386 3406 3648 3477 equidem
3672 3396 3870 3468 hortor

2275 3500 2513 3560 rogoque
2531 3529 2546 3554 ,
2577 3499 2635 3544 ut
2661 3489 2810 3560 prius
2836 3492 3172 3549 confessione
3193 3508 3260 3548 ac
3289 3496 3600 3565 pmnitentia
3639 3499 3870 3572 aliisque

2277 3578 2528 3635 remediis
2552 3578 2802 3635 omnibus
2828 3594 2948 3636 sese
2970 3596 3000 3636 a
3022 3589 3244 3652 peccato
3264 3598 3331 3640 ex
3358 3585 3634 3645 theatricis
3659 3601 3871 3659 specta.

2277 3667 2414 3723 culis
2437 3676 2712 3724 contracto
2736 3681 3061 3742 perpurgent
3082 3713 3100 3738 ,
3122 3681 3282 3744 atque
3307 3673 3380 3730 ita
3405 3675 3620 3734 divinos
3644 3680 3869 3740 audiant

2279 3762 2575 3814 sermones.
2604 3758 2787 3829 Neque
2813 3762 2957 3818 enim
2982 3763 3324 3823 mediocriter
3346 3782 3379 3822 a
3408 3769 3564 3825 nobis
3589 3770 3868 3845 delinqui.

2278 3855 2398 3913 tur;
2424 3847 2476 3903 id
2509 3848 2651 3920 quod
2681 3849 2751 3906 ab
2777 3853 3035 3926 exemplis
3065 3855 3237 3910 cuivis
3265 3859 3547 3928 perspicue
3569 3861 3762 3920 videre
3799 3863 3868 3920 li.

2277 3947 2383 3993 cet.
2405 3935 2540 3994 Nam
2556 3938 2601 3993 si
2623 3938 2852 3997 famulus
2868 3941 2924 3996 in
2947 3942 3202 4010 arculam,
3223 3945 3316 4001 ubi
3334 3946 3520 4004 herilis
3539 3949 3868 4010 vestimenta

2277 4025 2512 4095 pretiosa
2551 4041 2821 4099 aureaque
2859 4031 3135 4087 recondita
3159 4041 3286 4089 sunt
3305 4074 3322 4099 ,
3351 4036 3602 4093 servilem
3631 4047 3871 4103 tantum

2275 4116 2525 4174 sordibus
2560 4131 2626 4174 ac
2659 4118 2842 4176 multis
2866 4118 3130 4190 pediculis
3165 4121 3420 4180 refertam
3448 4125 3695 4198 imponat
3713 4172 3731 4196 ,
3771 4146 3870 4204 age

2277 4207 2365 4263 die
2387 4208 2521 4268 mihi
2556 4224 2686 4267 num
2712 4225 2834 4267 eam
2866 4213 3245 4271 contmneliam
3279 4231 3439 4287 equo
3466 4220 3652 4278 animo
3684 4220 3871 4283 feras!

2278 4297 2415 4365 Quid
2433 4309 2614 4356 autem
2635 4300 2683 4358 si
2705 4301 2825 4372 quis
2849 4303 2903 4358 in
2932 4305 3209 4362 vasculum
3230 4321 3482 4379 aureum,
3507 4312 3564 4368 in
3587 4329 3701 4385 quo
3723 4331 3869 4375 sem-

2278 4405 2376 4462 per
2393 4401 2656 4464 unguenta
2677 4393 2879 4450 servari
2905 4397 3302 4466 consueverint,
3327 4409 3536 4459 stercus
3555 4418 3624 4460 ae
3646 4419 3869 4466 eam

2279 4479 2522 4538 infundat
2543 4521 2559 4547 ,
2599 4497 2780 4541 annon
2806 4485 2854 4540 ei
2882 4485 3067 4558 plagas
3100 4487 3368 4560 indigeres
3409 4495 3503 4564 qui
3539 4495 3724 4554 sceins
3765 4498 3869 4557 hoc

2276 4571 2633 4629 commisisset
2647 4572 2674 4628 ι
2694 4572 2902 4645 Ergone
2925 4577 3245 4634 scrinium
3261 4594 3328 4637 ac
3348 4595 3615 4650 nsonun,
3636 4590 3868 4647 vatium

2277 4669 2334 4716 et
2377 4672 2768 4732 unguentorum
2805 4673 2950 4721 tanta
2985 4682 3114 4723 cura
3151 4668 3591 4742 sollicitabimur,
3625 4679 3868 4741 animam

2280 4764 2407 4805 vero
2433 4760 2673 4809 nostram
2696 4753 2941 4810 omnibus
2969 4755 3086 4812 istis
3109 4757 3355 4816 viliorem
3381 4775 3503 4819 esse
3523 4766 3873 4833 putabimus!

2278 4849 2438 4909 atque
2461 4841 2550 4898 ubi
2576 4842 2805 4914 Spiritus
2835 4844 3067 4901 infusum
3090 4857 3175 4903 ost
3202 4860 3551 4920 unguentum,
3580 4868 3653 4910 eo
3678 4855 3869 4914 diabo-

2278 4929 2410 4987 licas
2429 4946 2650 5004 pompas
2668 4932 3049 4991 immittemus-i
3069 4950 3139 4993 eo
3162 4937 3370 4996 fabulas
3394 4953 3616 5013 satana,
3644 4961 3715 5005 eo
3737 4960 3869 5007 can-

2280 5023 2473 5080 tilenas
2495 5023 2808 5080 meretricia:
2837 5025 3178 5095 turpitudinis
3204 5029 3392 5100 plenas
3402 5032 3435 5087 -?
3459 5032 3555 5090 Dic
3578 5035 3737 5104 mihi,
3758 5055 3868 5110 quo

2278 5113 2462 5170 animo
2487 5114 2586 5170 ista
2611 5112 2748 5170 feret
2773 5113 2956 5170 Deus?
2979 5116 3141 5187 Atqui
3179 5133 3286 5175 non
3318 5129 3521 5180 tantum
3543 5135 3631 5184 est
3668 5127 3868 5185 discri-

2280 5217 2405 5259 men
2425 5203 2566 5260 inter
2574 5215 2902 5275 unguentum
2914 5214 2970 5263 et
2982 5220 3216 5276 omnum,
3242 5208 3381 5267 inter
3399 5224 3576 5270 vestes
3592 5215 3794 5274 heriles
3813 5230 3868 5277 et

2279 5293 2505 5351 serviles
2526 5335 2544 5363 ,
2575 5305 2833 5366 quantum
2851 5307 2936 5354 est
2961 5297 3102 5354 inter
3125 5299 3354 5371 Spiritus
3377 5303 3601 5372 gratiam
3626 5315 3683 5361 et
3709 5308 3869 5369 istam

2281 5398 2591 5453 perversam
2616 5386 2900 5443 actionem.
2927 5387 3044 5444 Non
3074 5391 3294 5458 metuis,
3320 5407 3354 5446 ο
3379 5395 3561 5463 ιιοιιιο,
3589 5396 3720 5461 dum
3741 5405 3867 5473 qui.

2281 5475 2383 5569 bus
2414 5477 2584 5569 oculis
2984 5481 3078 5552 qui
3104 5490 3188 5537 est
3226 5481 3279 5537 in
3307 5483 3582 5542 orchestra
3607 5501 3828 5560 spectas
3850 5536 3868 5569 ,

2281 5566 2371 5624 ubi
2409 5565 2737 5625 detestandis
2775 5568 3024 5627 adulterii
3059 5570 3252 5628 fabula:
3292 5587 3634 5648 peraguntur,
3675 5565 3868 5642 iisdem

2345 5720 2363 5756 ι
2399 5727 2517 5784 tteg.
2539 5718 2653 5781 duo,
2675 5720 2948 5786 («me
2967 5733 3056 5788 per
3076 5734 3135 5777 ca
3156 5730 3207 5774 st
3227 5737 3261 5778 a
3279 5723 3474 5782 Christo
3490 5726 3736 5793 deﬁcias.
