4066 6440
219 400 326 460 997

218 515 361 570 hanc
400 526 608 568 sacram
662 519 906 565 mensam
951 504 1179 563 intueris
1200 546 1217 572 ,
1258 504 1349 561 ubi
1380 501 1658 561 tremenda
1694 517 1824 575 per-

214 617 448 678 aguntur
458 603 713 676 mysteria
723 599 885 656 idum
905 599 1094 655 iisdem
1112 597 1332 654 auribus
1347 597 1501 653 audis
1514 606 1569 654 et
1584 607 1824 653 scortum

216 700 475 755 obsctene
503 698 732 766 loquens
754 734 771 763 ,
801 703 856 750 et
883 693 1200 762 prophetam
1241 689 1651 760 apostolumque
1680 696 1735 743 te
1754 685 1824 741 ad

213 804 413 845 arcana
450 786 744 854 Scriptura:
783 779 1259 839 introducentemi
1284 779 1412 835 dum
1440 778 1632 835 eodem
1657 776 1824 833 corde

217 880 396 937 letalia
435 877 605 935 sumis
646 890 859 933 venena
882 917 898 943 ,
938 883 994 929 et
1038 873 1174 927 hanc
1205 869 1433 925 hostiam
1470 879 1713 925 sanctam
1758 882 1824 923 ac

215 969 553 1028 tremendam
572 970 599 1025 i
625 969 820 1024 Annon
850 966 966 1021 haec
988 972 1115 1019 sunt
1137 964 1260 1017 vita:
1291 960 1598 1026 subversio,
1628 958 1821 1029 conju-

209 1062 426 1132 giorum
452 1058 795 1128 corruptelae,
822 1055 963 1110 bella
989 1066 1287 1123 pugnatque
1313 1060 1369 1106 et
1398 1052 1527 1105 rixa:
1553 1050 1606 1105 in
1643 1048 1821 1105 domi-

212 1153 359 1210 bus?
383 1152 519 1208 Cum
545 1150 690 1206 enim
716 1145 1038 1218 spectaculis
1062 1145 1167 1199 illis
1186 1142 1496 1198 dissolutior
1517 1156 1581 1196 ac
1605 1140 1824 1195 mollior

212 1244 610 1315 lasciviorque,
648 1240 930 1309 omnisque
965 1236 1235 1309 pudicitia:
1275 1232 1445 1291 hostis
1484 1234 1653 1290 factus
1676 1274 1692 1301 ,
1718 1232 1821 1289 do-

212 1350 363 1393 mum
392 1333 620 1391 redieris
641 1374 661 1403 ,
684 1331 870 1388 usoris
898 1336 1147 1400 aspectus
1177 1328 1353 1383 minus
1379 1327 1483 1383 erit
1504 1326 1771 1397 iucundus
1801 1366 1817 1392 ,

210 1429 620 1500 qualiscumque
638 1424 804 1480 etiam
828 1423 919 1479 illa
943 1420 1125 1477 fuerit.
1154 1420 1429 1491 Siquidem
1460 1418 1821 1474 inﬂammatus

212 1519 305 1575 illa
329 1516 762 1587 concupiscentia
782 1554 799 1580 ,
829 1527 991 1584 quam
1029 1512 1081 1567 in
1121 1510 1343 1566 theatris
1371 1510 1631 1575 hausisti,
1666 1517 1719 1564 et
1748 1508 1820 1563 ab

210 1608 520 1665 illoc-alieno
546 1605 853 1677 spectaculo
875 1645 892 1671 ,
923 1603 1065 1675 quod
1109 1611 1161 1659 te
1200 1601 1563 1667 dementavit,
1594 1608 1819 1670 captus,

208 1709 415 1757 castam
441 1715 507 1756 ac
530 1698 828 1755 modestam
854 1710 1076 1751 uxorem
1104 1703 1158 1749 et
1181 1694 1342 1748 totius
1367 1694 1491 1748 vita:
1510 1701 1819 1749 consortem

206 1794 464 1866 despicis,
484 1790 808 1849 contumelia
827 1787 1020 1853 afﬁcis,
1040 1785 1441 1856 innumerisque
1457 1783 1669 1855 probris
1688 1797 1821 1853 ope-

206 1888 286 1943 ris
304 1928 321 1952 ,
351 1901 460 1942 non
487 1882 628 1956 quod
656 1880 947 1954 quidquam
978 1878 1179 1934 habeas
1202 1876 1347 1948 quod
1382 1877 1438 1931 in
1469 1875 1561 1930 illa
1589 1876 1774 1945 culpes
1798 1913 1815 1938 ,

205 1975 305 2033 sed
332 1974 479 2046 quod
499 1973 789 2030 erubescas
816 1970 1061 2027 confiteri
1097 1966 1347 2022 morbum
1371 2006 1387 2033 ,
1428 1964 1577 2037 quod
1620 1963 1819 2036 pudeat

204 2066 404 2122 vulnus
429 2062 738 2131 ostendere,
762 2074 871 2133 quo
896 2060 951 2116 in
978 2058 1304 2129 spectaculis
1330 2056 1605 2112 sauciatus
1629 2052 1817 2111 redisti

205 2156 428 2213 domum
452 2198 467 2223 ,
499 2156 634 2211 alias
669 2152 843 2209 nectis
867 2151 1211 2208 causatioues
1233 2198 1248 2214 ,
1278 2149 1486 2219 iniquas
1520 2146 1816 2203 inimicitia
1866 2192 1872 2197 .

203 2262 459 2321 qua-rens
482 2246 815 2311 occasiones,
838 2245 1019 2301 omnia
1038 2258 1161 2314 qua:
1181 2240 1328 2298 domi
1354 2251 1483 2296 sunt
1508 2239 1813 2308 fastidiens,

202 2348 263 2397 et
292 2339 362 2395 ad
403 2339 687 2395 scelestam
730 2336 874 2393 illam
913 2343 971 2390 et
1010 2336 1275 2405 impuram
1315 2333 1529 2389 inhians
1554 2333 1815 2402 concupi-

202 2427 503 2494 scentiam,
545 2441 576 2482 a
614 2440 718 2498 qua
740 2424 938 2480 vulnus
962 2424 1254 2496 accepisti,
1300 2423 1535 2494 dumque
1576 2421 1814 2477 sonitum

202 2517 354 2575 vocis
378 2517 521 2589 geris
551 2517 605 2572 in
635 2516 818 2572 animo
851 2522 1199 2580 manentem,
1242 2514 1479 2584 itemque
1516 2520 1770 2583 aspectus
1794 2555 1811 2582 ,

202 2618 386 2666 motus
404 2652 419 2675 ,
446 2610 736 2679 omniaque
762 2608 853 2663 illa
883 2607 1205 2664 meretriciae
1235 2605 1475 2663 libidinis
1500 2605 1811 2672 simulacra,

200 2700 340 2757 nihil
374 2714 559 2755 eorum
585 2713 707 2769 qua
742 2698 888 2753 domi
930 2706 1057 2753 sunt
1080 2712 1205 2752 cum
1247 2697 1518 2767 voluptate
1562 2696 1810 2751 intueris.

200 2790 275 2849 Et
294 2791 424 2863 qttid
451 2790 642 2861 loquor
672 2789 742 2846 de
781 2804 949 2846 uxore
984 2800 1074 2844 aut
1118 2789 1318 2845 familia
1346 2829 1361 2855 ,
1392 2787 1609 2855 quando
1639 2787 1811 2858 ipsam

201 2878 368 2936 etiam
399 2880 682 2936 ecclesiam
713 2889 903 2949 postea
934 2878 1113 2933 minus
1138 2879 1372 2934 libenter
1396 2879 1610 2933 visurus
1633 2892 1694 2932 es
1715 2917 1731 2942 ,
1759 2888 1813 2932 et

197 2985 329 3026 eum
370 2968 531 3025 tadio
569 2967 851 3025 auditurus
890 2982 1195 3024 sermonem
1238 2967 1309 3023 de
1344 2967 1598 3037 pudicitia
1635 2965 1814 3036 deque

198 3060 511 3119 modestia?
547 3059 733 3132 Neque
755 3060 901 3115 enim
926 3059 1039 3129 jam
1069 3074 1132 3115 ea
1158 3074 1278 3137 qua:
1304 3058 1558 3115 dicuntur
1586 3057 1681 3113 tibi
1711 3072 1813 3128 pro

200 3150 447 3208 doctrina
476 3160 624 3218 sunt,
651 3150 745 3207 sed
774 3166 870 3222 pro
895 3152 1260 3215 accusatione,
1286 3159 1445 3220 teque
1470 3149 1725 3219 paulatim
1756 3149 1809 3204 in

198 3242 634 3313 desperationem
649 3241 945 3297 adducent:
966 3242 1179 3298 tandem
1197 3252 1251 3296 et
1270 3244 1559 3312 abrumpes
1578 3242 1810 3312 teipsum

198 3349 232 3388 a
259 3334 542 3405 disciplina
571 3333 640 3388 ad
669 3333 937 3404 publicam
964 3334 1203 3387 omnium
1230 3332 1515 3388 utilitatem
1544 3332 1807 3389 adhibita.

199 3426 545 3497 Quapropter
572 3440 707 3496 rogo
734 3439 830 3480 vos
853 3439 1064 3491 omnes,
1094 3435 1153 3479 ut
1178 3434 1233 3481 et
1258 3425 1358 3495 ipsi
1384 3440 1577 3495 pravas
1601 3426 1655 3480 in
1681 3440 1809 3496 spe-

198 3516 427 3573 ctaculis
446 3517 900 3572 commorationes
918 3516 1117 3583 vitetis,
1134 3525 1191 3573 et
1208 3516 1346 3572 alios
1361 3517 1530 3574 abhis
1549 3517 1811 3574 deductos

201 3606 512 3665 retrahatis.
545 3606 814 3676 Quidquid
843 3607 986 3661 enim
1018 3606 1130 3661 illic
1155 3609 1379 3677 geritur,
1409 3622 1518 3661 non
1544 3615 1627 3663 cst
1651 3608 1809 3663 oble-

199 3698 387 3763 ctatio;
410 3695 507 3753 sed
534 3696 823 3767 pernicies,
852 3696 949 3753 sed
975 3711 1158 3767 paena,
1184 3697 1280 3753 sed
1308 3698 1651 3769 supplicium.
1670 3698 1810 3766 Quid

200 3789 426 3855 prodest
452 3789 542 3844 illa
568 3790 892 3861 temporaria
918 3789 1184 3861 voluptas,
1212 3789 1342 3845 dum
1370 3790 1496 3845 hinc
1522 3801 1811 3863 perpetuus

200 3880 444 3938 nascitur
470 3880 645 3946 dolor,
675 3882 910 3951 dumque
937 3890 1095 3937 nocte
1122 3882 1320 3951 pariter
1344 3896 1411 3937 ac
1436 3883 1524 3939 die
1547 3899 1578 3938 a
1606 3897 1809 3939 concu-

200 3971 812 4043 tiscentiagtimuiatus,
839 3970 1091 4027 omnibus
1116 3972 1379 4027 molestus
1400 3987 1461 4028 es
1485 3981 1541 4028 et
1568 3973 1810 4028 invisus?

201 4061 410 4118 Excute
431 4057 593 4133 Igitur
615 4061 869 4133 teipsum,
893 4070 1149 4133 reputans
1171 4062 1345 4133 qualis
1372 4063 1469 4118 fias
1492 4063 1560 4117 ab
1582 4065 1808 4119 ecclesia

201 4153 423 4211 rediens
446 4195 462 4220 ,
506 4167 693 4209 rursus
718 4153 893 4224 qualis
918 4168 951 4208 a
985 4154 1306 4224 spectaculis
1329 4195 1344 4218 ,
1370 4164 1531 4225 atque
1559 4154 1659 4211 hos
1692 4157 1809 4212 dies

200 4259 327 4303 cum
359 4244 467 4302 illis
487 4242 733 4305 conferas
763 4262 781 4298 :
819 4244 875 4300 id
904 4244 950 4301 si
983 4246 1175 4302 feceris
1198 4288 1214 4313 ,
1254 4246 1387 4302 nihil
1415 4262 1551 4319 opus
1575 4250 1679 4304 erit
1706 4263 1809 4304 no-

202 4342 319 4392 stro
345 4349 617 4391 sermone.
652 4333 795 4391 Satis
820 4334 965 4389 enim
990 4333 1190 4403 fuerit,
1219 4334 1363 4392 hunc
1389 4336 1532 4391 diem
1559 4352 1682 4393 cum
1716 4338 1810 4393 illo

204 4438 567 4495 comparasse,
595 4424 663 4479 ad
691 4425 1083 4481 ostendendum
1112 4436 1167 4482 et
1190 4442 1349 4497 quam
1372 4444 1560 4501 magna
1588 4431 1657 4486 sit
1684 4431 1810 4489 hinc

202 4516 428 4583 utilitas,
447 4526 501 4573 et
520 4525 715 4587 quanta
738 4518 807 4571 sit
828 4517 973 4572 illinc
996 4534 1155 4573 noxa.
1180 4520 1307 4576 llaec
1329 4536 1471 4577 nunc
1485 4522 1553 4576 ad
1574 4532 1807 4577 vestram

202 4607 483 4664 caritatem
499 4608 722 4664 dicenda
742 4610 946 4679 putavi,
966 4625 1067 4666 nec
1089 4626 1340 4681 umquam
1361 4614 1543 4670 dicere
1560 4615 1806 4671 cessabo.

203 4697 300 4754 Sic
324 4699 522 4754 etenim
542 4709 596 4755 et
622 4714 717 4754 eos
736 4700 821 4768 qui
848 4700 970 4755 huic
991 4702 1180 4756 morbo
1205 4703 1420 4773 obnoxii
1449 4715 1593 4771 sunt.
1623 4707 1809 4762 admo-

209 4786 489 4850 nebimus,
518 4799 571 4842 et
599 4790 687 4858 qui
731 4792 844 4844 sani
881 4799 1027 4854 sunt,
1060 4793 1493 4849 conﬁrmabimus
1522 4814 1534 4847 τ
1571 4798 1810 4867 utrisque

202 4877 349 4932 enim
376 4878 533 4932 fuerit
562 4880 705 4933 utilis
738 4880 850 4935 huc
877 4884 1049 4935 oratio
1078 4900 1090 4935 :
1126 4885 1307 4937 alteris
1334 4887 1547 4953 quidem
1581 4898 1639 4942 ut
1662 4890 1805 4945 desi-

203 4978 370 5034 stant,
389 4969 569 5024 alteris
586 4985 713 5026 vero
731 4988 796 5024 ne
815 4975 1067 5028 incidant.
1087 4975 1353 5030 Caeterum
1373 4982 1623 5046 quoniam
1646 4995 1810 5050 opor-

203 5069 282 5113 tet
326 5058 743 5129 increpatiouem
788 5077 909 5117 esse
943 5065 1273 5119 moderatam
1298 5108 1313 5129 ,
1349 5067 1433 5122 hic
1459 5069 1809 5127 admonitioni

206 5152 368 5202 tinem
400 5151 771 5229 imponemus,
806 5162 855 5205 et
886 5170 1003 5221 qua:
1026 5155 1091 5209 de
1116 5159 1390 5225 superiore
1422 5170 1628 5215 restant
1652 5178 1811 5230 argu-

204 5246 387 5293 mento
416 5240 784 5309 persolvemus
808 5282 823 5307 ,
854 5244 1139 5299 redeuntes
1169 5246 1232 5299 ad
1268 5249 1519 5303 Davidem
1554 5252 1593 5302 ¹.
1625 5252 1808 5321 Siqui-

202 5332 331 5382 dem
370 5328 459 5385 hic
491 5331 783 5398 pictoribus
833 5350 948 5387 mos
978 5345 1055 5389 cst
1086 5378 1096 5397 ,
1139 5341 1349 5407 quoties
1384 5342 1668 5409 imaginem
1709 5343 1808 5398 ali-

202 5434 366 5485 quam
393 5420 459 5473 ad
490 5424 670 5476 vivum
698 5438 1012 5492 expressam
1042 5428 1319 5483 absolvere
1346 5434 1587 5500 cupiunt,
1618 5450 1805 5499 unum,

204 5516 376 5574 tinos,
406 5510 491 5565 vel
534 5522 642 5567 tres
669 5514 785 5568 dies
814 5518 1051 5571 assident
1101 5519 1165 5573 iis
1208 5538 1341 5587 quos
1383 5523 1717 5592 depingunt,
1751 5534 1810 5579 ut

206 5602 424 5659 assidua
451 5607 904 5676 contemplatione
931 5610 1060 5663 citra
1096 5627 1333 5669 errorem
1371 5624 1662 5685 exactaque
1702 5618 1806 5672 for-

274 5734 297 5809 t
328 5740 446 5809 negl.
470 5749 598 5809 unus
622 5743 675 5790 et
694 5739 845 5798 Colb.,
874 5740 1094 5795 dabimus
1115 5742 1181 5795 ad
1197 5753 1387 5809 patrem
1410 5756 1625 5799 nostrum
1648 5749 1800 5799 Abra-

205 5798 321 5845 mmt
346 5799 618 5849 redeuntes.

1265 388 1355 448 DE
1396 386 1647 447 DAVIDE
1684 382 1783 446 ET
1805 381 2035 447 SAULE
2065 384 2345 447 110111ωᾶ
2376 383 2465 446 Ill.

3443 384 3550 443 698

1935 513 2136 559 matam
2163 505 2471 575 exprimant
2492 503 2924 561 similitudinem.
2955 503 3101 571 Quia’
3122 502 3286 575 igitur
3308 510 3365 558 et
3395 504 3549 557 nobis

1934 597 2269 665 propositum
2295 605 2381 652 est
2406 609 2514 651 non
2543 597 2840 668 corporalis
2868 595 3056 652 forma:
3085 596 3372 667 imaginem
3395 638 3410 659 ,
3450 596 3547 663 sed

1933 683 2101 740 animi
2129 685 2578 755 pulchritudinem
2600 726 2617 753 ,
2657 701 2722 742 ac
2751 686 3085 756 spiritualem
3115 686 3367 742 decorem
3394 686 3549 743 vobis

1934 775 2097 832 hodie
2120 775 2437 847 depingere,
2466 778 2641 847 ipsum
2671 776 2926 832 Davidem
2951 776 3201 832 volumus
3225 775 3418 833 adesse
3446 792 3547 831 vo-

1934 866 2018 921 bis
2047 901 2065 934 ,
2091 875 2153 921 ut
2180 882 2373 923 omnes
2402 868 2456 923 in
2484 883 2609 923 eum
2642 869 2913 924 intuentes
2944 868 2996 922 in
3026 868 3269 923 animum
3298 868 3549 924 referatis

1932 972 2245 1029 expressam
2268 957 2400 1029 justi
2420 958 2901 1030 pulchritudinem,
2934 957 3252 1025 suavitatem
3273 999 3290 1027 ,
3325 973 3548 1031 magna-

1932 1048 2231 1105 nimitatem
2257 1091 2273 1114 .
2315 1050 2371 1104 in
2394 1063 2607 1106 summa
2637 1050 2890 1105 virtutem
2916 1049 3032 1120 ejus
3060 1063 3301 1106 omnem.
3332 1049 3543 1106 Etenim
3634 1080 3637 1087 ι

1930 1141 1977 1196 si
2007 1142 2250 1212 corporis
2281 1142 2544 1213 imagines
2574 1141 2892 1197 nonnullum
2925 1141 3260 1197 intuentibus
3288 1140 3541 1197 solatium

1930 1232 2208 1296 adferunt,
2237 1234 2410 1290 multo
2440 1236 2610 1306 magis
2634 1234 2776 1292 idem
2807 1234 3006 1291 facient
3033 1232 3233 1290 mentis
3258 1232 3546 1305 imagines.

1928 1325 2105 1395 Atque
2126 1325 2244 1380 illas
2262 1324 2479 1397 quidem
2511 1340 2616 1382 non
2649 1325 2776 1382 licet
2798 1324 2973 1380 ubivis
2995 1324 3213 1388 intueri,
3231 1321 3328 1380 sed
3349 1324 3542 1380 eodem

1928 1414 1985 1470 in
2010 1415 2130 1471 loco
2156 1417 2424 1471 consistas
2450 1424 2663 1486 oportet
2690 1432 2705 1468 :
2734 1416 2873 1470 hanc
2899 1429 3029 1470 vero
3052 1413 3187 1469 nihil
3212 1421 3377 1478 vetat,
3406 1426 3547 1483 quo-

1928 1504 2110 1560 minus
2136 1520 2477 1575 quocumque
2503 1505 2637 1561 velis
2666 1515 2842 1560 tecum
2883 1505 3255 1561 circumferas.
3282 1502 3419 1559 Nam
3446 1518 3545 1574 po-

1926 1604 2205 1666 steaquam
2231 1611 2350 1651 eam
2382 1595 2435 1651 in
2470 1596 2634 1652 animi
2668 1595 3031 1666 penetralibus
3054 1595 3340 1667 reposuisti
3365 1635 3383 1661 ,
3423 1592 3545 1661 ubi-

1926 1702 2159 1758 cumque
2202 1690 2441 1745 locorum
2476 1689 2645 1745 fueris
2671 1729 2687 1755 ,
2718 1688 2923 1758 poteris
2956 1701 3103 1758 stupe
3144 1685 3537 1758 contemplari,

1927 1780 2325 1850 plurimumque
2349 1793 2416 1835 ex
2444 1794 2508 1835 ea
2538 1779 2782 1834 utilitatis
2809 1792 3022 1850 capere.
3064 1778 3134 1835 Et
3171 1778 3312 1835 sicut
3336 1777 3429 1847 qui
3460 1776 3543 1832 la-

1926 1870 2119 1927 borant
2142 1871 2351 1941 oculis,
2390 1872 2437 1927 si
2476 1871 2729 1943 spongias
2758 1887 2822 1927 ac
2848 1872 3081 1928 vestium
3118 1884 3328 1943 cyaneo
3355 1869 3545 1926 colore

1924 1977 2133 2034 pannos
2154 1971 2400 2019 tenentes
2423 1962 2736 2034 frequenter
2756 1964 2809 2018 in
2831 1979 2895 2020 ea
2918 1965 3249 2028 intueantur,
3276 1977 3343 2017 ex
3365 1975 3433 2017 eo
3450 1974 3545 2017 eo-

1924 2052 2039 2109 iore
2055 2053 2375 2109 nonnullum
2392 2054 2612 2124 capiunt
2631 2053 2803 2109 morbi
2825 2054 3070 2110 levamen
3090 2070 3105 2107 :
3121 2051 3372 2109 similiter
3384 2061 3441 2108 et
3459 2061 3539 2117 tu.

1923 2145 1968 2200 si
1999 2144 2217 2202 Davidis
2254 2144 2545 2217 imaginem
2580 2160 2694 2216 pne
2728 2145 2901 2202 oculis
2940 2144 3143 2200 habeas
3164 2186 3179 2208 ,
3212 2153 3269 2199 et
3313 2143 3367 2199 in
3398 2142 3540 2199 hanc

1922 2233 2141 2291 assidue
2164 2233 2368 2307 deligas
2392 2235 2581 2291 oculos
2605 2275 2619 2300 ,
2664 2234 2879 2291 etiamsi
2919 2234 3119 2291 millies
3151 2233 3417 2290 obtundat
3458 2234 3539 2290 ira

1923 2326 2122 2381 mentis
2150 2328 2367 2383 oculum
2397 2326 2723 2399 perturbans
2744 2368 2761 2394 ,
2792 2326 2859 2383 ad
2893 2325 2997 2384 hoc
3020 2326 3234 2383 virtutis
3262 2328 3543 2398 exemplar

1920 2421 2247 2490 respiciens,
2274 2420 2568 2492 perfectam
2597 2420 2947 2491 consequeris
2970 2419 3255 2477 sanitatem
3272 2460 3287 2487 ,
3320 2434 3540 2491 puram-

1921 2526 2028 2583 que
2046 2512 2212 2567 animi
2240 2511 2659 2584 philosophiam.

1992 2605 2049 2660 5.
2083 2603 2277 2661 Nullus
2296 2606 2535 2661 inimicus
2565 2602 2730 2662 Saile
2759 2605 2998 2661 deterior.
3023 2636 3100 2648 —
3124 2605 3206 2663 Ne
3232 2606 3353 2677 quis
3382 2607 3542 2675 Igitur

1921 2692 2055 2748 mihi
2085 2694 2230 2750 dicat
2259 2715 2274 2750 :
2308 2693 2587 2752 inimicum
2621 2696 2797 2752 habeo
2826 2698 3118 2753 scelestum
3140 2738 3155 2762 ,
3186 2697 3492 2769 improbum
3517 2737 3537 2766 ,

1920 2796 2261 2857 corruptum,
2294 2787 2737 2859 incorrigibilem.
2764 2787 3034 2859 Quidquid
3064 2788 3288 2853 dixeris,
3317 2802 3424 2844 non
3455 2794 3543 2845 est

1921 2888 2100 2935 tamen
2125 2880 2289 2935 Sahle
2326 2880 2582 2943 deterior.
2613 2881 2706 2949 qui
2745 2882 2913 2936 semel
2945 2890 3001 2936 et
3030 2881 3225 2936 iterum
3246 2923 3261 2947 ,
3294 2880 3405 2935 imo
3430 2892 3538 2934 stc-

1918 2969 2041 3039 pius
2066 2976 2312 3025 servatus
2338 2984 2370 3023 a
2390 2969 2609 3035 Davide,
2634 2985 2757 3025 cum
2781 2971 2897 3040 ipse
2924 2969 3074 3025 mille
3100 2968 3276 3025 modis
3300 2969 3377 3026 illi
3396 2977 3541 3024 stru-

1920 3061 2090 3116 xisset
2116 3060 2362 3128 insidias,
2386 3070 2565 3117 tamen
2594 3076 2694 3131 pro
2718 3068 2798 3117 tot
2822 3060 3100 3117 beneﬁciis
3128 3062 3384 3133 acceptis,
3414 3076 3538 3131 per-

1918 3153 2187 3210 severavit
2206 3152 2260 3207 in
2281 3168 2377 3208 sua
2397 3152 2617 3208 malitia.
2638 3151 2776 3220 Quid
2800 3152 2963 3222 igitur
2979 3151 3147 3207 habes
3162 3150 3305 3222 quod
3323 3151 3539 3208 incuses

1919 3242 2238 3299 inimicum?
2265 3243 2419 3311 Quod
2449 3253 2607 3299 terra:
2626 3251 2834 3315 partem
2860 3242 3100 3309 ademit,
3129 3242 3273 3313 quod
3304 3242 3359 3296 in
3390 3242 3536 3313 agris

1919 3334 2049 3393 fecit
2076 3336 2327 3406 iniuriam
2346 3377 2361 3403 ,
2393 3336 2536 3407 quod
2560 3336 2755 3398 domus
2780 3336 2984 3392 limites
3010 3345 3381 3406 transgressus
3406 3343 3532 3403 est,

1918 3426 2061 3498 quod
2089 3428 2355 3499 mancipia
2383 3438 2471 3483 tua
2503 3428 2702 3499 rapuit,
2733 3428 2875 3499 quod
2908 3428 3015 3482 vim
3044 3427 3243 3494 attulit,
3270 3425 3413 3497 quod
3442 3433 3533 3481 tua

1919 3526 2119 3589 pncter
2138 3518 2228 3589 jus
2252 3520 2575 3589 occupavit,
2606 3519 2751 3590 quod
2778 3518 2849 3575 ad
2879 3526 3249 3589 paupertatem
3277 3516 3486 3589 redegit
3509 3516 3537 3573 i

1919 3610 1991 3665 At
2019 3609 2261 3665 nondum
2307 3611 2507 3681 eripuit
2548 3610 2711 3665 vitam
2737 3653 2754 3678 ,
2786 3609 2931 3681 quod
2968 3609 3187 3666 molitus
3230 3620 3315 3667 est
3356 3608 3485 3667 Sail!
3516 3627 3532 3667 :

1917 3701 2063 3771 quod
2088 3700 2133 3756 si
2162 3710 2219 3757 et
2245 3701 2408 3755 vitam
2438 3701 2649 3772 eripere
2673 3711 2899 3757 conatus
2934 3713 3019 3757 est
3041 3740 3059 3767 ,
3094 3700 3327 3757 fortasse
3356 3700 3531 3760 semel

1918 3789 1972 3845 id
2003 3804 2167 3845 ausus
2195 3798 2301 3859 est,
2322 3805 2431 3847 non
2456 3791 2649 3859 semei,
2676 3791 2761 3847 bis
2780 3800 2875 3847 aut
2903 3800 3004 3855 ter.
3023 3800 3117 3847 aut
3145 3791 3365 3862 stepius,
3395 3792 3537 3849 sicut

1917 3879 2047 3936 fecit
2072 3880 2201 3937 Sat'tl
2245 3880 2322 3954 (α)
2357 3901 2371 3937 :
2404 3881 2548 3953 quod
2575 3882 2620 3937 si
2645 3883 2809 3937 etiam
2834 3870 3000 3939 semel
3019 3922 3035 3947 ,
3062 3882 3110 3936 si
3136 3881 3221 3936 bis
3240 3924 3256 3949 ,
3280 3882 3325 3937 si
3357 3891 3458 3946 ter,
3486 3883 3534 3941 sl

1917 3971 2119 4042 saepius
2143 3972 2247 4028 hoc
2268 3973 2515 4039 tentavit,
2545 3982 2602 4029 at
2629 3988 2736 4028 non
2768 3982 2843 4025 tot
2872 3972 3099 4028 aﬂ'ectus
3120 3972 3218 4028 abs
3240 3982 3293 4029 te
3322 3973 3532 4031 benefl-

1916 4062 2038 4129 ciis,
2060 4070 2118 4116 at
2144 4076 2255 4117 non
2279 4077 2404 4120 cum
2432 4061 2602 4118 semel
2626 4070 2791 4134 atque
2820 4064 3013 4120 iterum
3042 4064 3320 4122 incidisset
3340 4064 3394 4121 in
3419 4080 3537 4123 ma-

1917 4166 2021 4208 nus
2052 4162 2191 4218 tuas,
2216 4161 2273 4209 et
2301 4164 2549 4210 servatus
2572 4161 2721 4210 esset
2750 4174 2765 4210 :
2792 4166 2849 4210 et
2873 4156 2920 4211 si
2950 4156 3054 4212 hoc
3082 4170 3299 4229 quoque
3328 4152 3532 4215 factum

1916 4255 2041 4313 est,
2070 4244 2151 4301 sic
2186 4245 2351 4301 etiam
2380 4259 2567 4301 rursus
2602 4255 2822 4317 superat
2865 4247 2982 4317 ipse
3023 4246 3211 4303 David.
3241 4246 3359 4304 Non
3386 4248 3533 4306 enitn

1918 4336 2066 4408 paria
2086 4346 2216 4392 sunt
2244 4337 2346 4392 sub
2384 4344 2564 4391 vetere
2602 4337 2722 4408 lege
2756 4335 3043 4414 degentem
3068 4379 3083 4405 ,
3130 4345 3186 4393 et
3226 4352 3371 4394 nunc
3410 4348 3536 4408 post

1916 4428 2195 4500 Evangelii
2220 4429 2453 4502 gratiam
2478 4427 2603 4484 talia
2642 4428 2955 4484 condonare
2978 4430 3165 4500 gratis.
3199 4429 3319 4485 Non
3348 4430 3537 4487 audie-

1918 4526 2003 4571 rat
2050 4516 2214 4572 David
2254 4518 2561 4587 parabolam
2601 4516 2671 4572 de
2712 4516 2901 4573 decem
2939 4520 3174 4574 millibus
3204 4520 3530 4578 talentorum

1916 4619 2079 4679 atque
2106 4609 2175 4665 de
2200 4616 2413 4665 centum
2443 4609 2715 4673 denariis;
2748 4625 2856 4664 non
2888 4610 3132 4666 audierat
3162 4613 3531 4681 precationem

1918 4700 2209 4763 dicentem,
2240 4698 2500 4753 Remittite
2524 4699 2811 4755 hominibus
2835 4701 3007 4756 debita
3035 4702 3296 4773 ipsorum,
3327 4716 3461 4759 sicut
3487 4716 3535 4761 et

1924 4789 2082 4845 Pater
2119 4800 2278 4845 uester
2314 4791 2528 4845 ualeatis
2571 4792 2590 4861 (
2621 4790 2786 4845 Marc.
2835 4795 2925 4847 ll.
3112 4812 3126 4852 :
3164 4769 3288 4849 ηόηί
3322 4797 3536 4854 viderat

1918 4882 2191 4938 Christum
2221 4882 2561 4947 cruciﬁxum,
2596 4899 2703 4937 non
2731 4883 2961 4940 effusum
2989 4888 3285 4955 pretiosum
3317 4890 3507 4958 sangui

1919 4991 2065 5047 nem,
2090 4989 2189 5031 nec
2208 4975 2451 5031 audierat
2476 4976 2900 5033 innumerabiles
2922 4993 3204 5034 sermones
3222 4981 3365 5034 circa
3395 4980 3535 5036 hanc

1918 5066 2357 5138 philosophiam;
2392 5082 2497 5121 non
2544 5067 2666 5122 talis
2714 5068 2965 5125 sacriﬁcii
2992 5111 3006 5133 ,
3044 5085 3224 5139 neque
3253 5086 3535 5143 sanguinis

1918 5156 2172 5211 dominici
2203 5168 2471 5225 particeps
2498 5156 2711 5224 fuerat,
2757 5158 2852 5213 sed
2882 5160 3090 5229 legibus
3118 5161 3538 5229 imperfectiot'i-

1919 5246 2020 5303 bus
2046 5247 2308 5303 educatus
2326 5289 2342 5315 ,
2377 5262 2553 5319 neque
2584 5250 2691 5304 tale
2715 5250 3008 5320 quidquam
3041 5252 3383 5322 exigentibus
3408 5294 3423 5319 ,
3452 5263 3536 5311 ta-

1920 5354 2044 5394 nten
2089 5341 2156 5393 ad
2200 5341 2523 5412 evangelica:
2562 5342 2921 5413 philosophice
2963 5344 3230 5416 fastigium
3264 5346 3528 5415 pervenit.

1919 5432 1989 5484 At
2015 5440 2070 5484 tu
2097 5429 2409 5501 frequenter
2447 5432 2650 5499 iratus,
2687 5435 3004 5503 injuriarum
3044 5437 3365 5493 memoriam
3398 5439 3528 5493 reti-

1920 5536 2017 5576 nes
2046 5540 2057 5574 :
2095 5524 2181 5578 hic
2207 5537 2339 5579 vero
2366 5539 2488 5580 cum
2519 5526 2588 5582 de
2616 5526 2805 5582 futuris
2834 5538 3115 5597 metueret,
3150 5540 3301 5585 certo
3331 5533 3529 5598 sciens,

1919 5617 1964 5672 si
1990 5616 2201 5673 hostem
2222 5627 2486 5690 servaret,
2519 5634 2579 5677 se
2602 5630 2655 5676 et
2685 5622 2903 5677 civitate
2930 5624 3295 5679 exsulaturum
3320 5664 3336 5692 ,
3370 5632 3427 5679 et
3454 5625 3536 5681 vi-

1982 5750 2059 5823 (ςς)
2090 5752 2174 5802 llic
2196 5752 2390 5823 etlinfra
2414 5755 2637 5819 quadam
2660 5755 2869 5809 deerant
2893 5760 2943 5809 in
2966 5760 3130 5822 Editis,
3155 5773 3265 5823 qua:
3291 5772 3357 5813 ex
3377 5754 3537 5821 R0310

1929 5813 2098 5863 codice
2122 5815 2433 5879 supplentur.
