4066 6428
579 377 684 435 699

579 506 688 550 tam
723 495 1083 551 calamitosum
1124 502 1389 560 acturum,
1425 508 1532 549 non
1563 492 1765 550 destitit
1802 502 1979 547 tamen
2023 491 2162 545 illius

580 585 781 640 habere
806 599 1009 650 curam,
1037 584 1132 639 sed
1159 577 1336 640 omnia
1367 585 1508 652 fecit,
1542 584 1683 640 hunc
1714 585 1873 639 talem
1895 593 2078 639 contra
2103 598 2164 638 so

583 673 788 727 hostem
817 672 1022 727 fovens.
1041 673 1172 739 Quis
1191 678 1611 730 commembrare
1633 675 1802 729 valeat
1824 675 2173 729 tolerantiam-

583 762 681 815 hac
700 761 999 831 majorem?
1019 763 1184 819 Porro
1211 771 1270 819 ut
1294 778 1398 818 non
1427 773 1628 819 tantum
1653 779 1720 820 ex
1747 765 2049 834 praeteritis,
2075 781 2166 820 ve-

581 865 697 904 rum
725 865 792 905 ea
821 851 906 908 his
929 867 1141 923 quoque
1164 869 1283 923 quae
1310 868 1454 908 nunc
1477 852 1609 908 ﬁunt
1637 854 1813 910 discas
1839 854 1953 911 fieri
1978 870 2156 928 posse,-

580 951 639 994 ut
666 957 788 996 cum
827 945 1015 1013 quovis
1050 945 1266 1001 lumine
1307 946 1542 1000 animum
1585 946 1651 999 in
1680 956 1744 1000 te-
1778 947 2022 1005 hostilem
2064 963 2158 1019 ge-

582 1045 733 1090 rente
754 1035 942 1088 redeas
963 1035 1016 1089 in
1037 1036 1424 1107 gratiam,quid
1446 1037 1600 1092 leone
1627 1038 1868 1092 saevius?
1894 1040 1967 1096 Et
1983 1048 2160 1095 tamen

580 1122 723 1177 hunc
749 1123 987 1179 cicurem
1011 1135 1451 1198 mansuetumque
1487 1128 1723 1184 reddunt
1745 1129 2016 1195 homines,
2047 1141 2162 1186 artc

581 1223 824 1269 naturam
872 1226 1223 1284 superantes:
1267 1217 1430 1289 fitque
1466 1222 1652 1290 quavis
1691 1235 1792 1278 ove
1834 1221 2015 1276 mitior
2051 1221 2160 1277 fera

581 1305 819 1359 omnium
849 1305 1233 1362 immanissima
1260 1317 1316 1363 et
1355 1309 1730 1380 superbissima
1756 1353 1771 1378 ,
1814 1313 1950 1367 adeo
1976 1325 2032 1367 ιιι
2067 1327 2163 1383 per

582 1395 752 1450 forum
783 1396 1019 1452 ainbulct
1041 1437 1064 1460 .
1084 1400 1350 1455 neminem
1382 1401 1649 1456 territans.
1681 1402 1847 1469 Quam
1881 1403 2038 1472 igitur
2065 1403 2166 1458 ha-

587 1487 748 1544 bituri
775 1501 962 1544 sumus
986 1492 1414 1558 excusationem,
1451 1507 1608 1562 quam
1638 1494 2040 1564 impetrabimus
2062 1510 2160 1550 ve-

584 1578 727 1633 niam
748 1620 765 1646 ,
805 1580 851 1634 si
879 1594 1000 1634 cum
1033 1579 1170 1635 feras
1199 1580 1395 1636 bestias
1422 1582 1722 1638 cicuremus
1745 1624 1762 1650 ,
1793 1586 2163 1654 negaverimus

584 1667 826 1723 homines
848 1683 1094 1739 mnquam
1118 1684 1276 1739 posse
1294 1671 1489 1740 placari
1513 1672 1904 1744 benevolosque
1918 1689 2042 1744 ergo
2064 1675 2166 1732 n'os

581 1755 774 1811 reddi?
797 1759 954 1829 Atqui
985 1759 1169 1815 bestiae
1190 1763 1417 1831 quidem.
1436 1772 1632 1832 praeter
1657 1772 1901 1818 naturam
1928 1775 2012 1820 cst
2039 1780 2162 1822 esse

581 1855 936 1914 mamuetem,
966 1850 1165 1906 homini
1199 1868 1326 1908 vero
1354 1862 1547 1922 prater
1571 1865 1816 1910 naturam
1841 1864 1925 1912 est
1953 1855 2158 1912 feritas.

581 1933 722 2004 Ergo
750 1951 870 1991 cum
913 1940 966 1993 in
997 1939 1100 1995 illis
1126 1951 1367 1998 naturam
1396 1943 1699 2011 vincamus,
1728 1961 1832 2015 qua
1860 1945 2034 2002 fronte
2063 1962 2168 2003 nos

583 2027 956 2082 excusahimus
978 2069 994 2093 ,
1024 2030 1072 2084 si
1101 2030 1154 2085 in
1183 2031 1397 2087 homine
1422 2047 1702 2089 causentur
1728 2035 1889 2088 animi
1917 2037 2160 2106 proposi-

584 2126 699 2170 tum
726 2133 830 2170 non
858 2133 1013 2187 posse
1040 2121 1277 2191 corrigi?
1304 2124 1454 2188 Quod
1477 2126 1522 2180 si
1548 2125 1725 2180 adhuc
1752 2126 2032 2181 contendis
2049 2169 2066 2195 ,
2095 2128 2164 2182 il-

583 2205 673 2259 lud
695 2205 936 2272 dixerim,
963 2213 1203 2278 quantivis
1232 2213 1509 2268 insanabiii
1531 2216 1716 2270 morbo
1736 2226 1956 2284 aegrotet
1975 2217 2170 2285 homo,

581 2310 690 2363 quo
720 2296 836 2365 plus
864 2296 1019 2353 fuerit
1045 2299 1256 2367 laboris,
1288 2301 1389 2358 hnc
1418 2304 1510 2358 tibi
1547 2319 1752 2362 merces
1771 2305 1871 2360 erit
1899 2307 2158 2376 amplior;

585 2384 632 2438 si
659 2386 914 2452 assidens,
947 2403 1140 2446 curans
1173 2392 1549 2448 immedicabili
1591 2396 1780 2451 morbo
1808 2396 2158 2454 laborantem.

656 2475 808 2532 Nihil
824 2481 990 2534 nocuit
1008 2480 1192 2536 Doridi
1211 2484 1382 2539 odium
1411 2484 1585 2541 Sutilis
1603 2501 1630 2552 ,°.
1662 2503 1756 2543 cur
1782 2492 2035 2560 patientia
2058 2507 2162 2546 ms-

583 2567 739 2622 ritttm
765 2581 990 2642 acuetur
1011 2573 1358 2646 demque.
1396 2605 1467 2618 -—
1491 2577 1666 2635 Unum
1693 2580 1852 2650 igitur
1877 2581 2008 2638 illud
2035 2598 2161 2653 spc-

585 2667 824 2724 ctemus,
854 2677 957 2716 non
987 2677 1054 2720 ne
1083 2664 1210 2734 quid
1236 2666 1362 2722 mali
1384 2669 1648 2737 patiamur
1673 2671 1742 2727 ab
1768 2671 1995 2728 inimicis
2017 2713 2033 2737 ,
2066 2673 2161 2729 sed

590 2764 662 2805 ne
697 2751 826 2822 quid
853 2753 959 2810 illis
984 2757 1112 2810 mali
1133 2756 1390 2814 faciamus
1417 2777 1434 2814 :
1463 2761 1534 2815 ita
1559 2761 1690 2817 nihil
1717 2764 1983 2833 patiamur
2011 2767 2158 2836 mali,

583 2840 795 2897 etiamsi
834 2843 1107 2900 innumera
1135 2846 1468 2916 perferamus
1498 2852 1637 2906 mala
1666 2869 1681 2906 :
1711 2856 2161 2925 quemadmodum

584 2946 686 2987 nec
714 2931 904 3001 David,
928 2934 1055 2990 dum
1081 2937 1306 3006 eiicitur,
1326 2939 1455 2995 dum
1479 2942 1531 2996 in
1555 2944 1799 3000 exsilium
1827 2947 2161 3018 agitur,dum

585 3037 755 3092 usque
777 3023 844 3079 ad
872 3025 992 3080 vita:
1012 3027 1298 3086 discrimen
1327 3031 1534 3088 insidiis
1557 3036 1854 3105 appetitur,
1873 3039 2162 3110 quidquam

586 3113 771 3169 acerbi
807 3129 995 3185 passus
1025 3125 1110 3172 est
1137 3136 1150 3172 :
1181 3120 1311 3189 quin
1338 3121 1514 3192 potius
1538 3122 1692 3181 hoste
1723 3140 1823 3183 suo
1867 3127 2037 3186 factus
2079 3140 2169 3187 est

588 3295 777 3384 biiior,
806 3297 965 3368 idque
987 3315 1094 3357 non
1127 3303 1429 3362 hominibus
1472 3315 1682 3365 tanaim
1705 3351 1725 3377 ,
1751 3314 1846 3369 sed
1876 3314 2163 3384 ipsi-etiam

589 3383 721 3440 Deo.
750 3386 886 3454 Quid
911 3390 1056 3446 enim
1097 3391 1402 3453 detrimenti
1441 3398 1585 3469 cepit
1623 3411 1844 3461 sanans
1886 3383 2009 3469 ille,
2039 3421 2166 3464 cum

586 3483 699 3530 tam
740 3477 908 3533 multa
952 3491 1322 3553 perpeteretur
1341 3502 1373 3541 a
1400 3486 1560 3545 Satrio
1588 3491 1824 3549 fAnnon
1863 3495 1917 3551 in
1944 3496 2162 3555 hodier-

590 3581 716 3621 num
748 3583 916 3640 usque
933 3570 1076 3629 diem
1095 3577 1309 3633 canitur
1331 3577 1554 3638 illustris
1573 3582 1626 3639 in
1654 3592 1815 3653 terra,
1832 3585 2090 3645 illustrior
2108 3589 2163 3645 in

583 3657 741 3712 caelo?
762 3674 940 3718 annon
963 3664 1111 3722 illum
1135 3667 1508 3728 inenarrabilis
1532 3685 1752 3732 manent
1769 3676 1914 3734 bona
1932 3688 1988 3736 et
2007 3683 2175 3738 calo-

588 3759 708 3801 rum
736 3755 1002 3840 regnum?
1029 3755 1236 3815 ituram
1250 3762 1377 3832 quid
1403 3768 1674 3823 commodi
1700 3769 1843 3840 cepit
1861 3769 2042 3827 infelix
2072 3773 2172 3831 ille

583 3851 651 3892 ac
675 3839 859 3931 miser,
875 3852 950 3897 tot
975 3845 1196 3904 insidias
1222 3853 1683 3913 mdituslNonne
1710 3839 1878 3931 regno
1906 3878 2165 3922 excussus

583 3929 711 3983 cst?
754 3945 932 4024 nonne
984 3936 1287 3995 miseranda
1339 3957 1527 4004 morte
1545 3950 1705 4019 periit
1728 3929 1834 4008 una
1863 3968 1988 4010 cum
2029 3956 2161 4024 ﬁlio,

584 4027 748 4114 atque
769 4020 841 4114 ab
861 4025 1113 4082 omnibus
1131 4029 1497 4106 vituperatur(
1525 4037 1580 4091 ί.
1602 4036 1736 4109 Rep.
1763 4039 1917 4113 ait),
1943 4052 1998 4098 et
2015 4020 2166 4114 quod

589 4108 674 4162 his
697 4111 910 4205 gravius
928 4122 1034 4182 est,
1060 4124 1262 4174 reterns
1290 4121 1390 4178 luit
1413 4108 1711 4195 supplicial
1738 4108 2023 4189 Postremo
2033 4108 2164 4205 quid

592 4197 807 4256 tandem
824 4211 909 4258 est
930 4205 1077 4276 quod
1108 4207 1324 4267 incusas
1343 4252 1362 4278 ,
1389 4217 1736 4284 quamoln'em
1781 4235 1896 4275 non
1918 4224 1999 4278 vis
2039 4197 2163 4282 cum

588 4289 686 4347 illo
705 4291 882 4348 redire
901 4295 956 4350 in
980 4300 1206 4366 gratiam
1228 4300 1547 4360 l'Pecunias
1570 4305 1766 4376 eripuit
1785 4307 1812 4362 ἲ
1837 4309 1945 4367 Sed
1974 4313 2020 4368 si
2058 4316 2166 4370 for-

588 4380 718 4438 titer
751 4384 959 4454 perfcrs
987 4390 1230 4458 rapinam
1247 4430 1266 4459 ,
1301 4395 1632 4453 tantumdem
1648 4400 1880 4471 accipies
1899 4405 2165 4463 mercedis

586 4486 651 4529 ac
676 4473 727 4528 si
749 4487 845 4564 eas
879 4475 934 4532 in
957 4491 1149 4535 manus
1173 4495 1467 4553 pauperum
1495 4489 1847 4558 reposuisses.
1887 4492 2164 4564 Siquidem

588 4571 645 4616 et
669 4562 762 4634 qui
783 4564 936 4623 dedit
963 4570 1148 4640 egenis
1169 4611 1187 4636 ,
1217 4581 1273 4629 et
1295 4574 1385 4644 qui
1427 4576 1479 4632 ei
1509 4577 1602 4648 qui
1645 4579 1826 4637 aliena
1854 4562 2161 4656 usurpavit,

585 4667 763 4722 neque
787 4663 938 4723 parat
983 4656 1236 4724 insidias,
1277 4677 1452 4735 neque
1489 4668 1632 4725 male
1679 4681 1962 4741 precatur,
2001 4675 2164 4734 ambo

587 4753 807 4813 propter
817 4745 985 4802 Deum
1005 4748 1059 4804 id
1084 4748 1304 4808 faciunt.
1333 4753 1566 4814 Proinde
1581 4773 1704 4816 cum
1724 4761 1979 4833 impendii
2002 4781 2164 4825 musa

581 4833 796 4900 eadem,
825 4837 1166 4908 perspicuum
1190 4849 1271 4898 est
1304 4859 1464 4902 unam
1484 4850 1837 4924 eamdemque
1861 4855 1977 4913 fore
2003 4873 2164 4916 coro-

588 4941 734 4985 nam.
759 4926 868 4984 Sed
894 4930 1017 4987 vita
1040 4931 1317 4991 insidiatus
1339 4949 1444 5005 est,
1461 4950 1517 4996 et
1545 4954 1771 5002 coimus
1794 4957 1878 5004 est
1891 4951 2165 5009 occidas?

591 5018 667 5073 Ea
696 5033 787 5076 res
816 5021 910 5077 tibi
941 5037 1038 5093 pro
1060 5027 1319 5098 martyrio
1341 5028 1707 5104 imputabitur,
1732 5038 1777 5092 si
1805 5038 2027 5098 insidias
2051 5058 2164 5099 Ino-

586 5111 989 5179 lientem,etad
1028 5127 1229 5177 tantam
1269 5134 1584 5192 provectum
1618 5129 1947 5188 inimicitiam
1971 5175 1986 5197 .
2019 5135 2162 5193 inter

588 5200 720 5297 bene
746 5205 966 5262 meritos
990 5211 1314 5278 numenris,
1343 5227 1448 5269 non
1475 5216 1725 5292 desipens
1743 5237 2011 5297 orarepro
2045 5226 2160 5297 illo,

587 5291 755 5350 Deum
780 5297 1146 5369 obsecrando,
1177 5311 1239 5358 ut
1266 5303 1341 5360 illi
1369 5304 1462 5362 fiat
1487 5291 1766 5380 propitius.

655 5387 710 5442 ι.
730 5386 811 5444 Ne
853 5389 1016 5461 igitur
1048 5392 1176 5449 illud
1212 5406 1558 5467 reputemus.
1583 5404 1726 5473 quod
1767 5405 1907 5464 Dens
1934 5410 2164 5467 venierit

584 5476 926 5537 neDavidem
949 5484 1365 5546 occiduretSaul
1390 5507 1404 5545 :
1430 5490 1529 5548 sed
1567 5494 1695 5551 illud
1717 5500 2018 5568 considera,
2035 5519 2161 5560 eum

579 5584 647 5624 ex
680 5569 887 5627 insidiis
910 5572 1089 5633 Sailis
1129 5577 1287 5652 tripla
1322 5583 1727 5658 rpradruplaque
1774 5592 2018 5661 martyrii
2061 5607 2160 5650 co-

582 5677 714 5718 rona
742 5666 1045 5727 redimitum
1070 5673 1256 5732 fuisse.
1275 5675 1482 5732 Etenim
1507 5679 1597 5750 qui
1627 5688 1843 5752 propter
1863 5681 2028 5739 Deum
2046 5698 2165 5740 ser-

580 5755 726 5812 vavit
752 5757 991 5832 hostem,
1038 5778 1161 5825 cum
1190 5766 1282 5840 qui
1318 5768 1488 5831 semel
1509 5810 1525 5842 ,
1552 5769 1634 5831 bis
1657 5814 1674 5845 ,
1705 5774 1814 5832 imo
1851 5772 2165 5850 frequenter

1305 377 1362 433 ς.
1401 374 1675 433 ιωΝΝιε
1711 371 2186 433 (2111ὶῖ505ἮοΜί
2224 374 2544 434 Αιιειιιερ.
2583 379 3120 445 ΕΟΝΞΤΔΝΤΙΝΘΡ.

3763 398 3865 456 700

2278 488 2517 550 lanceam
2547 495 2600 550 in
2625 506 2785 566 caput
2809 499 2953 556 illius
2981 501 3239 570 vibrarat,
3266 518 3388 560 cum
3413 513 3561 563 esset
3576 509 3862 568 occideruii

2277 593 2595 651 potestatem
2623 595 2809 643 nactus
2833 630 2851 656 ,
2881 599 3060 647 tamen
3087 594 3327 666 pepercit
3369 597 3503 666 ipsi,
3543 611 3672 654 cum
3700 598 3863 658 sciret

2273 685 2455 744 postea
2485 676 2618 742 fore,
2637 686 2696 732 ut
2719 678 2895 735 denuo
2913 681 2982 736 ab
3004 683 3096 738 illo
3119 685 3492 754 impeteretur:
3517 690 3860 759 perspicuum

2269 775 2354 822 est
2393 783 2516 823 eum
2549 770 2744 827 millies
2789 772 3126 830 interfectum
3173 793 3296 834 esse
3339 779 3500 834 animi
3537 783 3858 853 proposito;

2270 859 2465 938 millies
2517 872 2696 919 autem
2745 865 3055 923 interfectus
3099 879 3322 939 propter
3372 871 3536 928 Deum
3559 913 3575 938 ,
3600 873 3863 943 plurimas

2275 951 2400 1007 tulit
2447 955 2687 1024 martyrii
2716 972 2942 1013 coronas
2972 976 2986 1014 :
3017 961 3104 1028 qui
3130 962 3580 1030 quemadmodum
3621 975 3676 1020 et
3719 965 3860 1019 Pau-

2269 1043 2353 1100 lus
2379 1045 2485 1111 ait,
2517 1045 2754 1113 Quotidie
2780 1051 2970 1113 morior
2997 1062 3205 1123 propter
3234 1052 3400 1108 Deum
3424 1055 3603 1125 (Rom.
3627 1058 3683 1110 8.
3711 1057 3783 1112 ‘26
3801 1058 3823 1131 )
3841 1097 3857 1123 ,

2269 1132 2501 1204 idipsum
2531 1145 2586 1191 et
2621 1137 2709 1193 ille
2738 1149 2957 1208 propter
3001 1142 3166 1198 Deum
3243 1160 3439 1215 passus
3532 1158 3635 1203 est.
3720 1146 3864 1202 Cum

2268 1227 2410 1281 enim
2442 1239 2623 1296 posset
2648 1228 2856 1286 hostem
2884 1231 2984 1287 sibi
3013 1233 3352 1289 insidiantem
3385 1251 3416 1289 e
3444 1236 3623 1292 mulio
3643 1238 3860 1304 tollere,

2271 1324 2487 1385 propter
2521 1320 2690 1374 Deum
2720 1319 2921 1387 noluit,
2959 1330 3013 1375 et
3043 1322 3230 1377 maluit
3271 1324 3511 1393 quotidie
3541 1328 3857 1395 periclitari,

2267 1421 2425 1475 quam
2461 1407 2604 1476 justa
2631 1407 2779 1464 cmde
2823 1426 2853 1465 a
2887 1419 2964 1466 tot
3003 1413 3264 1468 mortibus
3317 1414 3555 1470 liberari.
3609 1417 3763 1486 Quod
3814 1419 3866 1472 si

2269 1510 2438 1565 usque
2466 1496 2533 1550 ad
2579 1497 2746 1566 ipsius
2775 1499 2896 1552 vita:
2939 1501 3231 1570 periculum
3287 1503 3627 1560 insidiantem
3674 1507 3863 1562 ulcisci

2265 1596 2428 1656 atque
2451 1586 2633 1644 odisse
2657 1588 2739 1644 fas
2765 1604 2871 1645 non
2899 1602 2983 1646 est
3000 1631 3015 1657 ,
3042 1593 3210 1648 multo
3245 1595 3433 1651 minus
3461 1596 3586 1653 licet
3612 1613 3739 1654 eum
3768 1601 3868 1668 qui

2266 1677 2557 1747 vulgariter
2581 1678 2740 1746 itcsit,
2771 1680 2976 1737 ulcisci.

2337 1768 2481 1838 Mei
2529 1772 2926 1827 contumeliis-ou
2950 1772 3374 1828 sit-intolerabile.
3409 1773 3656 1831 Utiliores
3684 1778 3866 1833 micis

2267 1862 2463 1917 inimici
2489 1863 2593 1936 (a).
2623 1893 2698 1906 —
2739 1864 3016 1934 Plerisque
3040 1865 3111 1921 ab
3151 1865 3381 1921 inimicis
3405 1867 3543 1923 afﬁci
3573 1869 3865 1935 conviciis.

2265 1961 2357 2006 aut
2383 1953 2450 2007 in.
2465 1953 2824 2022 suspicionem
2847 1953 3060 2020 adduci,
3090 1954 3300 2010 videtur
3320 1957 3570 2012 omnibus
3595 1957 3867 2012 mortibus

2266 2042 2674 2099 intolerabilius.
2695 2047 2808 2116 Age
2833 2045 3054 2115 igituret
3078 2045 3216 2102 istud
3235 2048 3624 2118 expendamus.
3650 2049 3865 2119 Aliquis

2271 2134 2363 2190 tibi
2387 2134 2660 2190 maledixit
2681 2175 2698 2201 ,
2726 2135 3027 2191 adulterum
3071 2146 3508 2194 acvsonrtatorem
3531 2138 3866 2209 appellavit?

2266 2223 2380 2278 ilhc
2421 2224 2466 2278 si
2504 2239 2630 2279 rere
2671 2225 2820 2290 dicit,
2856 2228 3065 2297 corrige
3094 2243 3108 2280 :
3150 2227 3232 2281 sin
3259 2227 3396 2282 falso
3417 2269 3433 2295 ,
3463 2229 3663 2292 irride;
3695 2229 3743 2282 si
3765 2229 3862 2283 tibi

2267 2312 2385 2382 ipse
2412 2314 2661 2370 conscius
2684 2330 2744 2372 es
2773 2331 2959 2372 eorum
2979 2332 3099 2387 qua:
3113 2317 3460 2387 objiciuntur,
3498 2319 3789 2390 resipiscc;
3813 2323 3860 2376 si

2267 2418 2372 2458 non
2397 2415 2501 2468 est,
2525 2405 2743 2473 despice
2773 2423 2786 2459 :
2830 2407 2938 2460 imo
2974 2408 3150 2476 potius
3180 2424 3287 2463 non
3323 2409 3497 2464 solum
3530 2425 3639 2464 non
3669 2410 3860 2465 deride

2265 2509 2329 2551 ac
2349 2487 2575 2566 neglige,
2605 2511 2792 2553 verum
2816 2498 2978 2554 etiam
3019 2499 3192 2570 gaude
3227 2510 3390 2572 atque
3425 2501 3643 2556 exsulta
3663 2516 3857 2557 secun-

2269 2584 2396 2640 dum
2428 2585 2636 2641 Domini
2684 2602 3023 2656 sermonem,
3077 2591 3168 2660 qui
3218 2604 3320 2648 nos
3354 2591 3508 2662 jubet
3553 2592 3626 2646 ita
3658 2591 3855 2648 facere.

2267 2676 2415 2742 Cum,
2447 2675 3056 2748 inquit,ea:probrouerint
3071 2681 3226 2748 vobis,
3248 2690 3306 2736 et-
3320 2681 3540 2736 dixerint
3557 2698 3730 2736 omne.
3746 2699 3856 2736 mu-

2265 2765 2371 2819 lum
2395 2767 2892 2822 usrbumudrersum
2918 2783 3011 2823 uos
3025 2770 3340 2836 nuntiantes,
3367 2772 3582 2841 gaudete
3608 2782 3658 2826 et
3687 2773 3856 2827 casula

2267 2869 2388 2925 tote,
2407 2861 2649 2931 quoniam
2676 2877 2864 2916 merces
2887 2870 3050 2916 uestra
3079 2863 3285 2932 copiosa
3309 2871 3383 2917 est
3397 2863 3460 2917 in
3481 2863 3624 2918 talis
3645 2863 3855 2933 (Matth.

2268 2948 2323 3004 5.
2355 2950 2441 3005 li.
2470 2948 2599 3021 1-2).
2653 2955 2733 3006 Ac
2777 2965 3026 3018 rursum,
3075 2949 3302 3008 Gaudete
3349 2961 3398 3008 st
3433 2953 3716 3022 exsultare,
3747 2970 3861 3007 cum

2265 3042 2506 3111 eiecerint
2553 3059 2734 3098 nomn
2777 3053 2999 3116 uestrum
3026 3055 3285 3116 tamquam
3331 3046 3528 3099 malum
3565 3047 3864 3101 mentium

2269 3130 2441 3202 (Luc.
2473 3131 2530 3188 6.
2560 3132 2651 3188 22.
2680 3133 2753 3190 25
2773 3131 2815 3206 ).
2845 3135 3112 3191 Creterum
3151 3136 3248 3191 ubt
3285 3137 3618 3194 conviciator
3644 3138 3861 3209 quidem

2140 3254 2164 3267 -
2267 3235 2394 3277 vera
2415 3222 2644 3288 dixerit,
2672 3232 2731 3278 tu
2776 3240 2902 3280 vero
2940 3225 3184 3282 modeste
3223 3226 3512 3296 pertuleris
3557 3243 3623 3283 ea
3656 3229 3818 3284 verba
3841 3271 3859 3297 ,

2268 3326 2376 3367 non
2405 3327 2663 3384 regereris
2683 3317 3062 3372 contumeliam
3086 3357 3102 3386 ,
3128 3333 3301 3389 neque
3321 3320 3562 3374 convicia
3589 3321 3859 3387 referens.

2267 3403 2363 3458 sed
2412 3418 2598 3459 amare
2643 3404 2968 3476 ingemueris
3011 3405 3273 3464 damnum
3320 3419 3417 3465 tua
3447 3408 3646 3466 delicta
3672 3451 3688 3475 ,
3721 3410 3862 3467 haud

2267 3495 2531 3550 minorem
2573 3493 2720 3552 feres
2750 3496 3056 3553 mercedem
3080 3538 3098 3563 ,
3139 3514 3301 3569 quam
3344 3500 3436 3556 ille
3482 3500 3675 3570 prior:
3703 3501 3868 3572 idque

2268 3587 2422 3643 vobis
2440 3601 2474 3644 e
2497 3587 2792 3659 Scripturis
2809 3589 3108 3660 approbare
3128 3591 3365 3646 conabor
3379 3632 3395 3659 ,
3426 3592 3501 3646 uti
3530 3593 3871 3662 pernoscatis

2268 3689 2377 3730 non
2401 3684 2604 3731 tantum
2631 3676 2870 3734 utilitatis
2889 3678 3082 3736 ati‘erre
3104 3680 3308 3736 amicos
3323 3681 3452 3736 dum
3479 3681 3701 3737 laudant
3718 3692 3775 3739 et
3795 3683 3865 3739 ad

2268 3767 2498 3836 gratiam
2545 3766 2841 3837 loquuntur
2859 3809 2878 3835 ,
2907 3780 3162 3839 quantum
3205 3771 3447 3828 utilitatis
3474 3772 3734 3828 adferunt
3763 3775 3864 3830 ini-

2270 3858 2394 3913 mici
2414 3858 2786 3930 vituperando,
2809 3860 3020 3918 etiamsi
3048 3876 3173 3918 rem
3195 3861 3452 3928 dincrint,
3484 3865 3565 3921 sic
3594 3873 3779 3921 tamen
3807 3873 3868 3921 ut

2271 3963 2370 4003 nos
2411 3951 2841 4008 accusationibus
2882 3950 3095 4007 illorum
3139 3951 3207 4008 ad
3232 3953 3317 4018 id,
3345 3952 3414 4008 ad
3437 3953 3581 4023 quod
3610 3963 3863 4024 oportet.

2270 4039 2346 4093 uti
2374 4039 2620 4096 velimus.
2651 4039 2784 4096 Nam
2811 4041 2972 4098 amici
2999 4040 3311 4113 frequenter
3350 4043 3420 4100 ad
3461 4044 3694 4114 gratiam
3726 4045 3864 4101 adu,

2267 4129 2484 4197 lantur;
2510 4140 2707 4187 contra
2744 4129 2926 4190 hostes
2961 4133 3154 4192 delicta
3187 4135 3552 4206 proferunt-in
3599 4137 3864 4194 medium.

2267 4219 2530 4286 Quoniam
2558 4235 2682 4299 cum
2716 4236 2816 4278 nos
2864 4231 3057 4280 nostra.
3087 4233 3307 4294 peccata
3330 4240 3442 4282 non
3486 4226 3770 4284 videamus
3797 4229 3868 4284 ob

2270 4324 2508 4367 amorem
2534 4312 2706 4367 nostri
2732 4312 2888 4369 nobis
2907 4313 3147 4381 insitum,
3173 4314 3408 4386 illi,quia
3433 4329 3654 4388 propter
3679 4319 3864 4375 odium

2271 4415 2337 4456 ea
2367 4399 2558 4457 melius
2582 4416 2741 4472 quam
2761 4416 2862 4459 nos
2879 4404 3233 4474 perspiciunt,
3257 4407 3639 4476 exprobrando
3669 4423 3773 4465 nos
3797 4409 3865 4464 ad

2271 4492 2623 4548 correctionis
2648 4494 3020 4550 necessitatem
3059 4495 3381 4566 impellunt:
3409 4505 3464 4551 ut
3512 4498 3732 4554 illorum
3764 4499 3865 4555 iui-

2268 4584 2470 4639 micitia
2498 4583 2653 4639 nobis
2676 4583 2836 4640 cetht
2852 4583 2921 4639 ad
2947 4584 3233 4641 maximam
3261 4586 3570 4654 utilitatem,
3599 4603 3711 4643 non
3744 4589 3867 4645 ideo

2269 4679 2480 4728 tantum
2527 4671 2675 4743 quod
2698 4687 2797 4743 per
2839 4672 2961 4730 illos
2997 4672 3259 4729 admoniti
3299 4674 3650 4746 intelligimus
3687 4686 3865 4733 errata

2267 4771 2482 4829 nostra,
2504 4763 2600 4819 sed
2628 4750 2774 4834 quod
2809 4778 2873 4818 ea
2901 4763 3223 4833 deponisuus
3251 4779 3484 4836 quoque.
3523 4764 3658 4822 Nam
3685 4767 3733 4823 si
3767 4767 3869 4822 ini-

2269 4851 2441 4908 micus
2469 4852 2872 4923 eaprobravcrit
2897 4854 2989 4910 tibi
3013 4855 3240 4921 crimen,
3268 4855 3424 4925 cujus
3468 4855 3566 4911 tibi
3613 4857 3868 4912 mincius

2265 4958 2350 5008 es.
2379 4952 2435 5000 tu
2458 4959 2587 5001 vero
2611 4944 2838 5001 audiens
2863 4958 2973 5000 non
3000 4945 3322 5002 convicieris
3345 4945 3424 5001 illi
3460 4946 3704 5003 vicissim
3729 4989 3746 5013 ,
3769 4948 3864 5004 ted

2267 5050 2388 5090 cum
2420 5050 2605 5092 amaro
2626 5036 2828 5107 gemitu
2858 5035 3028 5092 Deum
3055 5035 3342 5106 implones,
3370 5037 3618 5107 protinus
3643 5052 3867 5094 onmem

2266 5127 2480 5198 culpem
2516 5127 2835 5198 deposuisti.
2865 5125 3019 5196 Rogo
3047 5125 3177 5197 quid
3208 5128 3311 5182 hoc
3350 5141 3472 5184 esse
3509 5127 3716 5196 poterit
3744 5127 3866 5183 feli-

2268 5218 2423 5274 cius?
2441 5217 2569 5288 quid
2595 5217 2665 5273 ad
2701 5217 2989 5274 criminum
3014 5216 3358 5273 abolitionem
3390 5216 3641 5274 facilius!
3665 5216 3775 5273 Sed
3800 5233 3867 5273 ne

2272 5309 2551 5366 videamur
2596 5323 2697 5366 nos
2734 5307 2916 5366 verbis
2960 5307 3209 5365 humanis
3277 5308 3558 5373 excitare,
3586 5321 3620 5363 ο
3666 5308 3866 5364 divinis

2271 5401 2562 5472 Seripturis
2587 5415 2749 5472 super
2775 5398 2880 5456 bac
2905 5414 2967 5457 re
2994 5400 3328 5472 proferemus
3356 5398 3723 5454 testimonium
3745 5441 3762 5464 ,
3798 5415 3865 5454 ne

2269 5494 2397 5566 quid
2423 5505 2680 5566 praterca
2694 5492 2923 5550 dubites.
2947 5491 3249 5550 Pbarisaus
3264 5503 3323 5547 et
3347 5489 3666 5561 publicanus
3684 5502 3860 5556 erant,

2270 5601 2499 5658 quorum
2518 5585 2608 5643 hic
2633 5584 2849 5659 quidem
2871 5583 2943 5641 ad
2967 5598 3233 5642 summam
3259 5596 3578 5655 progressu
3605 5594 3722 5640 erat
3744 5598 3864 5638 nn-

2441 5715 2565 5770 Vide
2595 5716 2848 5770 Plutarch.
2874 5714 2964 5768 lib.
2999 5712 3082 5770 De
3108 5713 3331 5770 utilitate
3369 5711 3611 5780 capienda
3653 5724 3718 5764 ex
3764 5712 3864 5766 ini-
