4066 6428
196 472 352 546 αὐτῷ
375 471 528 527 ισται
556 473 589 544 ἡ
631 471 806 534 πόλις,
833 471 928 525 καὶ
956 470 1191 535 ἀϐίωτος
1219 471 1249 522 6
1284 469 1399 540 βίος
1433 466 1670 521 σώσαντι
1697 462 1789 515 τὸν

197 563 416 636 ἐχθρὸν,
454 562 557 615 οὐκ
581 561 848 630 ἀφίστατο
889 559 990 630 τῆς
1018 558 1230 614 ἐκείνου
1256 555 1605 627 κηδεμονίας,
1654 552 1793 606 ἀλλὰ

199 656 360 711 πάντ’
393 652 655 725 ῑπραττε,
709 651 835 705 καθ’
867 650 1063 706 ἐαυτοῦ
1113 649 1206 703 τὸν
1243 647 1503 718 πολέμιον
1549 647 1787 718 τρέφων.

199 747 300 811 Τίς
315 748 384 802 ἂν
410 745 564 816 σχοίη
594 743 801 815 ταύτης
819 742 1042 815 μείζονα
1066 738 1415 807 ἀνεξικακίαν
1442 740 1648 804 είπεῖν;
1677 738 1793 793 Ἵνα

196 838 256 892 δέ
283 838 378 892 καὶ
411 837 478 890 lx
503 835 614 888 τῶν
646 834 741 887 νῦν
770 833 1073 904 γινομένων
1109 832 1311 904 μάθῃς,
1333 831 1417 884 ὅτι
1449 829 1694 892 δυνατὸν,
1725 829 1792 882 ἂν

199 929 501 998 ἐθέλωμεν,
579 925 759 978 πάντα
805 923 1093 996 ἄνθρωπον
1137 922 1276 995 πρὸς
1335 924 1485 994 ἡμᾶς
1535 921 1792 993 ἀπεχθῶς

197 1019 396 1091 ιχοντα
446 1017 803 1083 καταλλάξαι,
852 1016 905 1069 τί
949 1016 1161 1080 λέοντος
1218 1013 1591 1087 ἀγριώτερον;
1652 1015 1791 1068 Ἀλλ’

197 1113 348 1182 ὅμως
369 1111 557 1164 τοῦτον
590 1109 891 1180 ἡμεροῦσιν
941 1108 1251 1180 ἄνθρωποι,
1287 1110 1382 1163 καὶ
1433 1111 1466 1181 ἡ
1497 1109 1658 1180 τέχνη
1693 1109 1791 1181 τὴν

200 1201 365 1271 φύσιν
399 1201 664 1269 βιάζεται.
696 1200 790 1253 καὶ
826 1198 1038 1267 γίνεται
1072 1200 1347 1269 προϐάτου
1381 1201 1583 1264 παντὸς
1614 1201 1790 1254 ἐπιει-

197 1293 462 1362 κέστερος
489 1291 517 1343 6
559 1289 777 1344 πάντων
840 1288 1044 1359 θηρίων
1090 1290 1427 1362 ἀγριώτερος
1459 1292 1553 1344 καὶ
1583 1291 1792 1361 βασιλι-

197 1381 460 1452 κώτερος,
496 1381 590 1433 καὶ
617 1379 706 1432 διά
725 1379 824 1449 τῆς
855 1380 1060 1448 ἀγορᾶς
1105 1378 1310 1448 βαδίζει
1362 1379 1566 1450 μηδένα
1617 1382 1790 1435 δεδιτ-

193 1475 445 1544 τόμενος.
505 1471 618 1523 Τίν’
657 1465 750 1523 οῦν
797 1469 992 1538 ἕξομεν
1023 1470 1342 1539 ἀπολογίαν,
1394 1471 1513 1524 τίνα
1544 1473 1791 1540 συγγνώ-

199 1583 331 1636 μην,
372 1563 538 1632 θηρία
568 1562 666 1630 μὲν
706 1559 1062 1631 ἡμεροῦντες,
1097 1560 1420 1629 ἀνθρώπους
1448 1563 1503 1614 δὲ
1541 1563 1793 1630 λέγοντες

199 1653 557 1727 μὴδύνασθαι
597 1651 1002 1720 καταπραΰνειν
1065 1651 1215 1715 ποτὲ,
1279 1651 1414 1721 μηδὲ
1443 1654 1616 1705 ποιεῖν
1655 1653 1792 1724 πρὸς

195 1743 345 1813 ἡμᾶς
399 1739 545 1810 ἔχειν
590 1739 797 1808 ἡδέως;
854 1737 1046 1791 Καίτοι
1079 1755 1141 1806 γε
1188 1737 1265 1808 τῷ
1312 1738 1486 1810 θηρίῳ
1519 1740 1617 1810 μὲν
1643 1742 1792 1812 παρά

195 1829 360 1896 φύσιν
391 1828 453 1881 τὸ
495 1828 723 1897 ἡμερονο
772 1823 852 1894 τῷ
906 1823 1182 1895 ἀνθρώπῳ
1231 1824 1287 1876 δὲ
1331 1826 1484 1895 παρά
1542 1825 1704 1894 φύσιν
1733 1828 1793 1880 τὸ

195 1915 414 1986 ἄγριον.
447 1914 617 1966 Ὅταν
673 1905 767 1965 οῦν
822 1909 921 1978 τῆς
960 1909 1176 1978 φύσεως
1209 1911 1641 1981 περιγινώμεθα,
1691 1911 1792 1966 τίν’

194 2002 394 2072 ἕξομεν
434 1997 753 2066 ἀπολογίαν,
794 1997 1115 2067 προαίρεσιν
1157 1996 1404 2065 λέγοντες
1436 1999 1794 2069 μὴδύνασθαι

194 2089 476 2162 διορθοῦν;
511 2089 576 2143 El
609 2088 653 2140 δ’
672 2087 754 2140 ἔτι
778 2086 1120 2154 φιλονεικεῖς,
1157 2089 1318 2139 ἐκεῖν’
1349 2087 1416 2140 ἂν
1450 2089 1684 2161 εἴποιμι,
1709 2093 1792 2144 ὅτι

194 2179 301 2231 κᾶν
327 2175 524 2230 ἀνίατα
552 2175 680 2243 νοσῇ
709 2212 724 2238 ,
755 2175 879 2237 ὅσος
902 2191 983 2227 σοι
1013 2173 1215 2245 μείζων
1265 2176 1293 2228 6
1317 2175 1497 2241 πόνος,
1539 2178 1794 2243 τοσοῦτός

195 2281 283 2319 σοι
321 2263 416 2317 καὶ
453 2265 482 2316 6
510 2261 699 2332 μισθὸς
733 2261 1126 2333 παραμένοντι,
1166 2261 1261 2315 καὶ
1312 2262 1669 2333 θεραπεύοντι
1704 2267 1794 2320 τὸν

191 2350 461 2405 νοσοῦντα
491 2347 704 2403 ἀνίατα.

276 2471 374 2524 Ἐν
401 2470 579 2522 τοίνυν
605 2466 900 2538 σκοπῶμεν
931 2467 1113 2537 μόνον,
1131 2468 1228 2538 οὐχ
1242 2468 1392 2533 ὅπως
1417 2471 1585 2542 μηδὲν
1608 2473 1795 2528 πάθω.

198 2574 302 2630 μεν
331 2556 484 2627 παρὰ
514 2555 623 2609 τῶν
659 2554 869 2624 ἐχθρῶν
904 2555 1097 2619 κακὸν,
1127 2555 1242 2607 ἀλλ’
1273 2557 1422 2620 ὅπως
1479 2559 1647 2630 μηδὲν
1697 2563 1795 2614 αὑ-

193 2649 324 2711 τοὺς
349 2649 511 2717 ἡμεῖς
543 2645 906 2716 ἐργασώμεθα
935 2645 1124 2698 κακόψ
1180 2647 1275 2700 καὶ
1296 2647 1448 2701 οὐδὲν
1491 2649 1793 2720 πεισόμεθα

193 2735 393 2799 δεινὸν,
425 2732 532 2786 κᾶν
559 2731 729 2804 μυρία
767 2731 1070 2803 πάσχωμεν
1119 2731 1289 2786 δεινά’
1312 2733 1600 2806 ὡσπεροῦν
1631 2738 1741 2792 οὐδ’
1766 2739 1796 2792 6

195 2827 363 2885 Δαυῒδ
383 2829 760 2899 ἐλαυνόμενος,
808 2829 1269 2900 φυγαδευόμενος,
1305 2829 1468 2902 μέχρι
1490 2832 1590 2904 τῆς
1615 2833 1795 2906 ψυχῆς

193 2928 369 2996 αὐτῆς
392 2926 893 2996 ἐπιϐουλευόμενος,
918 2925 1088 2979 ἔπαθέ
1108 2943 1160 2979 τι
1199 2926 1394 2985 δεινὸν.
1431 2929 1546 2982 ἀλλ’
1583 2930 1794 2988 ἐκείνου

191 3014 581 3086 λαμπρότερος
624 3009 694 3084 ἦν
737 3014 833 3066 καὶ
895 3012 1224 3082 σεμνότερος
1270 3016 1365 3066 καὶ
1416 3013 1795 3088 ποθεινότερος

183 3105 426 3167 Ἑπασιν,
451 3105 553 3158 ούκ
586 3102 896 3176 ἀνθρώποις
920 3104 978 3157 δὲ
1012 3103 1196 3174 μόνον,
1237 3104 1373 3158 ἀλλὰ
1404 3106 1499 3158 καὶ
1539 3107 1690 3178 αύτῷ
1715 3109 1796 3180 τῷ

183 3194 339 3266 Θεῷ.
367 3194 434 3247 Τί
463 3193 573 3264 γὰρ
614 3193 852 3264 ἠδικήθη
892 3196 921 3247 6
956 3194 1111 3262 ἅγιος
1145 3195 1355 3256 ἐκεῖνος
1399 3196 1522 3250 τότε
1556 3199 1797 3253 τοσαῦτα

186 3291 392 3348 *παθὼν
435 3292 587 3362 παρά
633 3291 729 3345 tu?»
773 3291 979 3357 Σαούλ;
1025 3291 1162 3362 Οὐχὶ
1210 3293 1369 3364 μέχρι
1407 3293 1509 3365 τῆς
1560 3300 1796 3371 τήμερον

183 3388 415 3461 ’ἡμέρας
441 3387 644 3459 ᾅδεται,
683 3387 778 3442 καὶ
802 3386 1055 3460 λαμπρὸς
1086 3387 1187 3459 μὲν
1209 3389 1268 3443 ἐν
1288 3391 1382 3461 γῇ,
1413 3390 1798 3467 λαμπρότερος

185 3479 255 3534 δέ
283 3481 342 3533 ἐν
367 3478 618 3551 οὐρανῷς
646 3479 768 3550 οὐχὶ
795 3479 865 3531 τὰ
894 3479 1184 3550 ἀπόρρητα
1209 3479 1374 3534 αὑτὸν
1402 3483 1585 3550 ἀγαθά
1619 3485 1794 3556 μένει,

193 3572 295 3625 καὶ
323 3572 356 3640 ἡ
387 3569 495 3623 τῶν
525 3569 774 3640 οὐρανῶν
806 3569 1090 3640 βασιλείας
1136 3571 1202 3625 Τί
1237 3573 1281 3625 δ’
1318 3573 1602 3645 ὠφέλησεν
1634 3581 1663 3631 6
1694 3596 1792 3634 τα-

195 3660 476 3732 λαίπωρος
513 3662 724 3724 ἐκεῖνος
752 3660 849 3714 καὶ
879 3661 1064 3726 ἄθλιος
1088 3663 1328 3717 τοσαῦτα
1357 3665 1792 3738 ἐπιϐουλεύσαςς

189 3753 336 3824 Ὁύχὶ
370 3753 583 3824 καὶτῆς
607 3751 886 3823 βασιλείας
917 3753 1164 3820 ἐξέπεσε,
1199 3757 1294 3810 καὶ
1321 3757 1554 3812 ἐλεεινὸν
1583 3761 1792 3834 ὑπέστη

195 3842 291 3898 τὸν
322 3843 553 3897 θάνατον
581 3843 720 3914 μετά
739 3841 833 3896 τοῦ
869 3844 1078 3909 παιδὸς,
1106 3845 1204 3900 καὶ
1237 3847 1390 3918 παρά
1409 3848 1630 3903 πάντων
1663 3868 1796 3906 κατ-

196 3937 506 4007 ηγορεῖται,
524 3935 618 3988 καὶ
645 3933 707 3987 τὸ
727 3933 789 4006 δὴ
825 3934 1224 4006 χαλεπώτερον,
1247 3936 1349 4001 τὰς
1366 3939 1672 4006 ἀθανάτους
1697 3942 1794 3998 νῦν

195 4025 483 4097 ἐκδέχεται
519 4025 824 4097 τιμωρίας;
863 4025 1041 4091 Ὅλως
1084 4027 1141 4080 δέ
1183 4027 1238 4081 τί
1269 4028 1402 4082 ποτέ
1448 4030 1629 4094 ἐστιν.
1655 4033 1796 4103 ὅπερ

197 4117 450 4186 ἐγκαλῶν
479 4116 558 4189 τῷ
616 4114 798 4188 ἐχθρῷ
840 4115 901 4171 ού
933 4115 1113 4186 βούλει
1154 4119 1597 4192 καταλλαγῆναι;
1642 4125 1796 4198 Χρή-

193 4207 352 4279 ματά
380 4223 440 4261 σε
489 4207 773 4276 ἀφείλετο;
820 4208 961 4262 Ἀλλ’
1002 4210 1069 4266 ἀν
1127 4211 1358 4286 ἐνέγκῃς
1387 4216 1652 4282 γενναίως
1693 4218 1796 4289 τὴν

199 4298 479 4370 ἁρπαγὴν,
517 4297 772 4353 τοσοῦτον
810 4300 956 4373 λήψῃ
986 4302 1198 4373 μισθὸν,
1220 4305 1344 4358 ὅσον
1370 4304 1439 4359 ἀν
1468 4307 1518 4359 εί
1541 4309 1663 4367 ταῖς
1683 4309 1794 4364 τῶν

199 4388 452 4459 πενήτων
486 4387 627 4442 αὐτὰ
651 4406 711 4460 χε
722 4390 841 4461 ρσὶν
866 4393 1232 4465 ἐναπέθηκας.
1259 4396 1370 4450 Καὶ
1392 4397 1503 4470 γάρ
1530 4400 1559 4452 6
1594 4400 1794 4471 πένησι

190 4476 484 4541 δεδωκὼς,
521 4478 617 4532 καὶ
669 4480 699 4532 6
754 4479 836 4551 τῷ
878 4480 1339 4554 πλεονεκτήσαντι
1393 4490 1531 4560 μήτε
1573 4490 1795 4545 ἐπιϐουο

197 4568 395 4632 λεύων,
436 4570 574 4640 μήτε
605 4569 1019 4643 καταρώμενος,
1059 4575 1149 4630 διὰ
1188 4577 1282 4631 τὸν
1311 4578 1447 4634 Θεὸν
1472 4580 1646 4636 ταῦτα
1681 4584 1793 4656 ἀμ-

197 4658 419 4729 φότεροι
450 4660 715 4715 ποιοῦσιν.
736 4662 908 4718 Ὅταν
934 4660 1028 4718 οὖν
1059 4669 1092 4736 ἡ
1128 4666 1391 4733 ὑπόθεσις
1417 4670 1518 4741 τῆς
1544 4672 1793 4744 δαπάνης

196 4748 233 4823 ᾖ
269 4749 390 4821 μία,
425 4749 650 4822 εὔδηλον
667 4752 750 4806 δτι
776 4755 871 4808 καὶ⁵
894 4755 1162 4827 στέφανος
1198 4753 1301 4822 εἷς.
1341 4760 1480 4814 Ἀλλ’
1508 4763 1589 4826 εις
1611 4762 1793 4838 ψυχὴν

199 4839 357 4914 [774]
384 4842 766 4911 ἐπεϐούλευσε,
807 4848 901 4902 καὶ
933 4850 1147 4904 ἀνελεῖν
1178 4851 1506 4925 ἐπεχείρησε
1527 4873 1542 4919 ς
1567 4857 1792 4930 Μαρτύο

200 4933 316 5008 ριόν
345 4951 428 4988 σοι
459 4935 522 4989 τὸ
559 4939 792 5008 πρᾶγμα
820 4939 1121 5010 λογίζεται,
1154 4942 1221 4997 ἂν
1248 4943 1339 4997 τὸν
1363 4945 1673 5015 ἐπίϐουλον,
1697 4951 1794 5011 καῖ⁷

197 5022 364 5095 μιχρι
389 5024 642 5078 τοσούτου
663 5025 763 5097 τὴν
782 5027 985 5100 Ιχθραν
1013 5028 1375 5101 ἐξαγαγόντα,
1401 5034 1460 5087 ἐν
1494 5037 1608 5100 τοῖς
1633 5038 1793 5110 εὐερ-

196 5111 388 5182 γέταις
412 5113 675 5186 άριθμῇς,
697 5116 793 5170 καὶ
819 5115 1067 5190 διατελῇς
1100 5120 1395 5193 εὐχόμενος
1422 5123 1563 5199 ὑπὲρ
1597 5128 1789 5195 αὐτοῦ,

199 5203 290 5257 καὶ
327 5203 414 5258 ’ὸν
440 5201 575 5260 Θεὸν
595 5203 726 5259 ίλεω
754 5206 1012 5275 γενέσθαι
1047 5212 1406 5282 παρακαλῶν.

267 5385 333 5443 υ.
355 5387 447 5460 Μὴ
475 5389 588 5461 γὰρ
612 5389 678 5462 δὴ
708 5389 869 5446 τοῦτο
893 5392 1115 5465 ῖδωμεν,
1139 5396 1221 5450 ὅτι
1245 5395 1576 5455 διεκώλυσεν
1609 5401 1640 5453 6
1659 5400 1791 5466 Θεὸς

198 5479 476 5552 σφαγῆναι
496 5481 588 5536 τὸν
613 5483 799 5549 Δαυῒδ,
827 5485 944 5539 ἀλλ’
964 5487 1146 5542 ἐκεῖνο
1181 5489 1397 5553 σκόπει,
1420 5491 1502 5545 ὅτι
1527 5494 1791 5564 τριπλοῦν

197 5569 294 5624 καὶ
317 5571 657 5644 τετραπλοῦν
700 5575 964 5646 στέφανον
1000 5579 1306 5652 μαρτυρίου
1347 5581 1650 5654 ἀνεδήσατο
1681 5585 1791 5642 ἀπὸ

195 5659 298 5730 τῆς
329 5660 425 5714 τοῦ
456 5661 630 5716 Σαοὺλ
672 5662 986 5737 ἐπιϐουλῆς.
1025 5668 1083 5723 '0
1133 5667 1242 5740 γὰρ
1278 5669 1368 5723 διὰ
1396 5669 1488 5724 τὸν
1528 5670 1665 5727 Θεὸν
1697 5675 1788 5728 τὸν

198 5745 460 5819 ⁴πολίμιιιν
491 5749 699 5822 σώζων,
727 5752 822 5810 τὸν
862 5755 1012 5822 ἀπαξ
1052 5758 1147 5812 καὶ
1183 5757 1266 5824 δίς
1295 5759 1388 5815 καὶ
1427 5759 1686 5827 πολλάκις
1727 5764 1790 5817 τὸ

464 6056 470 6060 _
497 6031 542 6055 φ

1205 355 1295 412 DE
1335 351 1597 410 DAVIDE
1637 348 1727 405 ET
1770 345 2001 405 SAULE
2035 349 2324 408 HOMILIA
2360 354 2446 410 Ill.

3389 351 3492 411 700

1900 463 2030 536 δόρυ
2068 465 2212 519 κατά
2244 467 2344 537 τῆς
2373 463 2541 518 αὐτοῦ
2581 463 2824 538 κεφαλῆς
2854 465 3239 531 άκοντίσαντα,
3273 468 3365 522 καὶ
3402 485 3496 538 γε-

1900 558 2126 627 νόμενος
2173 556 2360 628 κύριος
2390 556 2621 622 ἀνελεῖν,
2658 552 2779 610 εἶτα
2817 557 3172 628 φεισάμενος,
3203 559 3299 612 καὶ
3342 559 3499 614 ταῦτ’

1901 648 2078 713 είδὼς,
2108 649 2190 703 ὅτι
2222 649 2361 720 μετά
2394 649 2494 719 τὴν
2527 649 2693 718 φειδὼ
2723 648 2928 720 ταύτην
2952 649 3116 703 πάλιν
3149 649 3498 721 ἐπιθήσεται.

1899 740 2124 811 εῦὸηλον
2157 741 2240 794 ὃτι
2274 743 2537 813 μυριάκις
2559 743 2775 812 ἐσφάγη
2803 742 2870 813 τῇ
2903 741 3162 813 προθέσει
3182 757 3197 772 ⁸
3239 743 3501 813 μυριάκις

1897 830 1956 883 δέ
2004 831 2236 900 σφαγεὶς
2284 833 2374 886 διὰ
2407 832 2498 886 τὸν
2540 832 2703 896 Θεὸν,
2754 832 2985 897 πολλοὺς
3026 831 3141 902 ἔχει
3195 831 3499 901 μαρτυρίου

1903 925 2218 992 στεφάνους,
2246 927 2340 980 καὶ
2372 926 2510 996 ὅπερ
2547 928 2575 977 6
2603 924 2815 988 Παῦλος
2837 925 3046 994 ἔλεγεν,
3082 925 3164 978 ὅτι
3193 923 3333 977 Καθ’
3363 921 3501 975 ἑκά--

1900 1031 2060 1083 στην
2088 1017 2318 1085 ἡμέραν
2342 1016 2715 1084 ἀποθνήσκω
2744 1015 2842 1068 διὰ
2881 1015 2987 1068 τὸν
3013 1014 3184 1075 Θεὸν,
3217 1012 3380 1065 τοῦτο
3405 1011 3500 1064 καὶ

1900 1108 2063 1171 αὐτὸς
2089 1107 2296 1178 ἔπασχε
2336 1108 2425 1162 διὰ
2452 1108 2545 1161 τὸν
2573 1108 2708 1162 Θεόν
2733 1120 2782 1162 ⁸.
2814 1108 3124 1177 Δυνάμενος
3154 1106 3262 1176 γὰρ
3289 1103 3500 1157 ἀνελεῖν

1899 1197 1991 1251 τὸν
2021 1196 2470 1265 ἐπιϐουλεύοντα,
2495 1197 2584 1251 διά
2615 1196 2709 1250 τὸν
2747 1195 2880 1249 Θεὸν
2909 1197 3012 1250 οὐκ
3039 1194 3309 1266 ἠθέλησεν
3331 1210 3346 1224 ·
3383 1193 3500 1246 ἀλλ’

1899 1288 2074 1343 εἵλετο
2103 1289 2438 1344 κινδυνεύειν
2463 1291 2585 1343 καθ’
2615 1290 2853 1359 ἑκάστην
2878 1289 3093 1361 ἡμέραν
3119 1287 3342 1365 μᾷλλον,
3365 1285 3398 1355 ἢ
3423 1286 3502 1338 δι-

1900 1383 2062 1437 καίαν
2109 1385 2494 1453 ἐργασάμενος
2542 1382 2756 1454 σφαγὴν
2790 1381 2899 1436 ἀπὸ
2939 1381 3212 1434 τοσούτων
3255 1379 3502 1432 ᾱιπαλλα⁴

1899 1475 2064 1544 γῆναι
2086 1474 2356 1530 θανάτων.
2381 1475 2443 1528 Εἰ
2468 1474 2524 1527 δὲ
2557 1472 2650 1526 τὸν
2685 1474 2847 1544 μέχρι
2876 1473 2976 1542 τῆς
2998 1471 3145 1541 ζωῆς
3175 1469 3347 1540 αὐτῆς
3379 1469 3501 1521 ἐπι-

1901 1566 2226 1620 ϐουλεύοντα
2249 1565 2562 1638 ἀμύνασθαι
2595 1566 2689 1618 καὶ
2716 1567 2893 1635 μισεῖν
2922 1565 2982 1617 ού
3009 1563 3136 1636 χρὴ,
3158 1560 3337 1632 πολλῷ
3365 1559 3499 1632 μᾶλ-

1900 1658 1992 1711 λον
2023 1661 2102 1722 εἰς
2127 1659 2308 1712 ὁτιοῦν
2329 1657 2455 1712 ἄλλο
2480 1658 2795 1713 ἀδικοῦντα.

1972 1748 2198 1814 Πολλοῖς
2228 1751 2376 1810 δοκεῖ
2404 1750 2466 1803 τὸ
2503 1750 2690 1813 κακῶς
2724 1750 2966 1813 ἀκούειν,
2995 1749 3089 1803 καὶ
3122 1749 3202 1811 είς
3229 1744 3503 1814 ὑπόληψιν

1902 1842 2400 1914 παραϐλάπτεσθαι
2434 1843 2587 1913 παρὰ
2610 1842 2717 1895 τῶν
2744 1841 2976 1913 ἐχθρῶν,
3005 1841 3224 1894 πάντων
3252 1836 3504 1891 θανάτων

1902 1935 2307 2006 ἀφορητότερον
2337 1930 2501 1989 εἶναι.
2535 1934 2675 2006 Φέρε
2708 1929 2803 1987 οὗν
2833 1933 2928 1986 καὶ
2963 1933 3094 1985 αὐτὸ
3126 1931 3287 1984 τοῦτο
3315 1925 3503 1995 ἐξετά-

1904 2043 2088 2096 σωμεν
2116 2040 2129 2054 ·
2164 2021 2301 2079 Εἷπέ
2331 2024 2392 2078 σέ
2433 2045 2520 2090 τις
2548 2025 2759 2090 κακῶς,
2799 2026 2894 2077 καὶ
2945 2023 3133 2095 μοιχὸν
3171 2023 3266 2075 καὶ
3302 2021 3504 2090 πόρνον

1901 2118 2164 2184 ἐκάλεσες
2206 2117 2392 2170 Ταῦτα
2435 2118 2483 2169 εί
2521 2117 2621 2189 μὲν
2663 2115 2840 2188 ἀληθῆ
2875 2115 3031 2188 λέγῃ,
3081 2113 3411 2184 διόρθωσαι”
3453 2108 3504 2164 εί

1899 2209 1957 2262 δὲ
1983 2208 2180 2279 ψευδῆ,
2219 2208 2597 2277 καταγέλασον
2621 2225 2636 2241 ·
2669 2210 2720 2262 εί
2749 2208 2999 2270 σύνοιδας
3031 2206 3214 2276 σαυτῷ
3250 2205 3317 2258 τά
3347 2206 3505 2275 εἰρη-

1906 2304 2062 2374 μένα,
2100 2302 2454 2373 σωφρόνησον
2478 2318 2492 2334 ⁸
2533 2305 2582 2355 εί
2619 2302 2675 2354 δὲ
2717 2301 2793 2371 μὴ
2848 2300 3123 2364 σύνοιδας,
3159 2299 3505 2369 καταφρόνη-

1902 2412 1995 2447 σον
2015 2411 2030 2424 ’
2059 2385 2261 2465 μᾶλλον
2290 2395 2348 2449 δὲ
2381 2394 2458 2466 μὴ
2481 2394 2884 2467 καταγελάσῃς,
2914 2393 3051 2463 μηδὲ
3078 2392 3505 2463 καταφρονήσῃς

1905 2487 2089 2554 μόνον,
2118 2485 2256 2539 ἀλλά
2286 2486 2383 2546 καὶ⁵
2411 2489 2594 2557 χαῖρε,
2623 2486 2716 2539 καὶ
2751 2484 2948 2554 σκίρτα
2984 2482 3129 2536 κατὰ
3156 2482 3249 2534 τὸν
3271 2480 3366 2534 τοῦ
3390 2483 3506 2535 Κύ-

1904 2577 2023 2648 ρίου
2054 2576 2235 2645 λόγον,
2277 2577 2368 2632 τὸν
2420 2576 2714 2631 κελεύοντα
2767 2574 2912 2629 οὕτω
2953 2577 3148 2628 ποιεῖν.
3174 2572 3361 2627 Ὅταν
3393 2572 3507 2642 γάρ

1903 2667 2272 2734 όνειδίσωσι,
2306 2670 2494 2739 φησὶν,
2519 2668 2694 2738 ὑμᾶς,
2719 2668 2816 2722 καὶ
2842 2669 3056 2721 εῑπωσι
3081 2665 3208 2721 πᾶν
3235 2663 3507 2733 πονηρόν

1898 2758 2062 2828 ῥῆμα
2113 2761 2246 2812 καθ’
2275 2761 2446 2829 ὑμῶν
2478 2758 2864 2830 ψευδόμενοι.
2897 2760 3136 2827 χαίρετε
3175 2759 3275 2812 καί
3312 2759 3504 2828 ἀττελε-

1902 2852 2141 2913 λιᾶσθε,
2173 2852 2263 2905 ὅτι
2308 2855 2340 2905 ὀ
2369 2852 2592 2920 μισθὸς
2625 2849 2791 2920 ὑμῶν
2830 2850 3030 2915 πολὺς
3063 2849 3134 2902 ἐν
3163 2848 3292 2917 τοῖς
3328 2851 3509 2917 οὐρα-

1902 2943 2052 3007 νοῖς.
2091 2942 2196 2996 Καὶ
2232 2942 2418 3006 πάλιν,
2461 2943 2706 3008 Χαίρετε
2743 2940 2844 2994 καί
2878 2941 3183 3009 σκιρτᾶτε,
3223 2941 3372 2993 ὅταν
3406 2939 3507 2993 ἐκ·-

1903 3033 2131 3086 6ἁλωσι
2154 3033 2218 3085 τὸ
2245 3033 2434 3098 ὄνομα
2466 3031 2632 3101 ὑμῶν
2651 3032 2733 3097 ὡς
2754 3030 3025 3098 πονηρὸν
3055 3030 3423 3100 ψευδόμενοι
3451 3031 3504 3084 ιι.

1905 3123 2028 3176 Ὅτι
2047 3122 2103 3176 δὲ
2125 3122 2227 3176 κᾶν
2247 3123 2530 3194 ἀληθεύων
2552 3123 2701 3195 εἴπῃ,
2722 3123 2786 3174 σὺ
2814 3122 2871 3174 δὲ
2895 3121 3012 3192 μετ’
3027 3122 3330 3186 ἐπιεικείας
3352 3123 3507 3190 ινιτ.

1903 3232 2007 3284 κῃς
2028 3215 2098 3266 τὰ
2122 3215 2364 3285 ῥήματα.
2389 3215 2484 3266 καὶ
2509 3214 2583 3284 μή
2609 3213 2964 3283 ἀνθυϐρίσῃς,
2997 3212 3134 3282 μηδὲ
3162 3212 3505 3285 λοιδορήσῃς,

1904 3303 2037 3356 ἀλλὰ
2054 3303 2317 3374 στενάξῃς
2335 3303 2554 3373 πικρὸν,
2571 3302 2665 3356 καὶ
2683 3303 2969 3373 καταγνῷς
2985 3303 3093 3356 τῶν
3111 3303 3506 3374 πεπλημμεληο

1907 3397 2105 3468 μένων,
2133 3398 2233 3450 οὑκ
2255 3396 2516 3451 ἐλάττονα
2545 3394 2642 3449 τοῦ
2664 3397 2935 3468 προτέρου
2974 3397 3251 3469 καρπώσῃ
3274 3396 3466 3467 μισθόν
3483 3406 3502 3426 ⁸

1903 3491 1998 3543 καὶ
2028 3489 2187 3542 τοῦτο
2218 3488 2327 3543 ἀπὸ
2357 3488 2466 3541 τῶν
2495 3487 2730 3559 Γραφῶν
2756 3488 2884 3559 ὑμῖν
2920 3488 3272 3560 παραστῆσαι
3311 3488 3506 3559 πειρά-

1905 3599 2091 3652 σομαι,
2117 3582 2207 3635 ἵνα
2241 3581 2451 3652 μάθητε
2485 3582 2569 3635 ὅτι
2603 3581 2704 3635 ὅσα
2732 3581 2834 3633 οὒκ
2865 3580 3139 3651 ὠφελοῦσι
3173 3581 3318 3651 φίλοι
3345 3583 3504 3636 ἐπαι-

1902 3673 2121 3735 νοῦντες
2154 3672 2248 3726 καὶ
2286 3671 2658 3744 χαριζόμενοι,
2688 3670 2927 3725 τοσαῦτα
2975 3672 3282 3742 ὠφελοῦσιν
3315 3671 3505 3744 ἐχθροὶ

1903 3763 2090 3826 κακῶς
2121 3763 2393 3832 λέγοντες,
2435 3763 2541 3817 κᾶν
2584 3761 2926 3833 ἀληθεύωσι,
2961 3764 3122 3836 μόνον
3150 3765 3218 3818 ἂν
3257 3766 3340 3829 είς
3380 3764 3503 3819 δεον

1903 3858 2067 3927 ἡμεῖς
2099 3859 2220 3918 ταῖς
2266 3856 2625 3927 κατηγορίαις
2658 3856 2973 3929 χρήσασθαι
3018 3856 3394 3931 βουληθῶμεν.
3435 3857 3502 3912 οι

1906 3947 2007 4017 μὲν
2027 3948 2136 4019 γάρ
2158 3947 2302 4017 φίλοι
2324 3946 2586 4011 πολλάκις
2607 3949 2703 4001 καὶ
2732 3947 2869 4017 πρὸς
2891 3948 3052 4019 χάριν
3079 3948 3467 4003 κολακεύουσιν
3482 3964 3498 3981 ο

1901 4041 1951 4092 οί
1971 4039 2016 4092 δ’
2040 4037 2222 4109 ἐχθροὶ
2239 4038 2307 4092 τά
2324 4039 2703 4109 ἁμαρτήματα
2722 4040 2803 4103 είς
2828 4040 2995 4110 μέσον
3015 4038 3262 4108 ἄγουσιν.
3280 4041 3502 4114 Ἐπειδὴ

1901 4128 2014 4200 γὰρ
2069 4127 2177 4180 ὑπὸ
2227 4126 2516 4196 φιλαυτίας
2560 4127 2721 4197 ἡμεῖς
2763 4127 2833 4181 τά
2875 4127 3126 4199 ἡμέτερα
3174 4131 3504 4204 πλημμελή-

1905 4234 2051 4288 ματα
2081 4219 2182 4289 οὐχ
2216 4219 2454 4290 ὁρῶμεν,
2482 4218 2588 4274 ὑπὸ
2615 4220 2712 4290 τῆς
2759 4221 2961 4292 ἔχθρας
3002 4223 3204 4278 ἐκεῖνοι
3239 4225 3502 4291 πολλάκις

1901 4309 2061 4380 ἡμῶν
2091 4309 2486 4382 ἀκριϐέστερον
2511 4310 2862 4382 θεασάμενοι,
2893 4311 2991 4370 καὶ
3026 4315 3386 4382 ὀνειδίσαντες
3417 4318 3504 4384 είς

1900 4401 2148 4472 ἀνάγκην
2168 4400 2318 4473 [775]
2341 4403 2492 4473 ἡμᾶς
2512 4402 2767 4457 ἐνιϐαλον
2785 4403 3146 4476 διορθώσεως,
3165 4408 3260 4461 καὶ
3274 4408 3502 4479 γέγονεν

1901 4493 2034 4563 ήμῖν
2059 4493 2093 4562 ή
2123 4491 2293 4561 ιχθρα
2326 4492 2592 4563 μεγίστης
2629 4493 2901 4564 ὠφελείας
2927 4495 3207 4564 ὑπόθεσις,
3243 4501 3306 4553 οὺ
3337 4500 3504 4571 μόνον

1900 4581 1984 4636 ὅτι
2032 4581 2470 4654 μιμνησκόμενοι
2516 4584 2649 4656 παρ’
2696 4585 2923 4641 ἐκείνων
2972 4588 3208 4659 νοοῦμεν
3235 4590 3394 4662 ἡμῶν
3430 4593 3502 4648 τά

1901 4673 2315 4746 ἁμαρτήματα,
2361 4674 2478 4728 ἀλλ’
2505 4675 2590 4730 δτι
2627 4677 2768 4733 αύτά
2815 4679 2914 4734 καὶ
2954 4679 3350 4753 ἀποτιθέμεθα.
3402 4685 3502 4740 Ἂν

1900 4764 2012 4836 γὰρ
2047 4765 2286 4840 ὀνειδίσῃ
2310 4783 2369 4820 σε
2398 4767 2428 4820 6
2455 4765 2649 4840 ἐχθρὸς
2674 4770 3051 4844 άμάρτημα,δ
3077 4775 3143 4829 σὺ
3169 4775 3352 4848 σαυτῷ
3379 4776 3503 4832 σύν-

1899 4857 2068 4924 οιδας,
2089 4860 2156 4914 σὺ
2175 4860 2221 4914 δ’
2241 4860 2485 4927 ἀκούσας
2509 4863 2717 4920 ἐκεῖνον
2745 4864 2846 4936 μὲν
2863 4866 2938 4938 μὴ
2959 4865 3213 4940 ὑϐρίσῃς,
3232 4869 3500 4944 στενάξῃς

1899 4948 1957 5004 δι
1995 4952 2214 5023 πικρὸν,
2236 4953 2444 5010 καὶτὸν
2464 4953 2598 5009 Θεὸν
2621 4956 3037 5031 παρακαλέσῃς,
3060 4959 3268 5026 εὐθέως
3286 4962 3498 5017 ἀπόθου

1900 5039 2000 5112 τὴν
2028 5042 2306 5114 ἁμαρτίαν
2326 5042 2566 5102 ἃπασαν.
2589 5043 2742 5121 ’Δρα
2764 5048 2820 5103 τί
2846 5049 3042 5104 τούτου
3069 5051 3270 5120 γένοιτ’
3293 5052 3362 5109 ἀν
3390 5071 3498 5126 μα-

1900 5133 2273 5208 καριώτερον;
2312 5136 2367 5190 τί
2413 5136 2462 5191 δ’
2498 5138 2868 5215 εὐκολώτερον
2899 5142 3039 5215 πρὸς
3077 5143 3501 5217 ἁμαρτημάτων

1897 5225 2254 5298 ἀπαλλαγήνς
2293 5228 2433 5284 Ἀλλ’
2484 5231 2570 5286 ῖνα
2617 5233 2693 5304 μὴ
2734 5233 2964 5308 νομίσῃς
2997 5237 3148 5308 ἡμᾶς
3201 5238 3391 5304 άπλῶς
3433 5254 3496 5293 σε

1897 5312 2265 5386 ψυχαγωγεῖν,
2295 5319 2406 5373 ἀπὸ
2427 5319 2538 5376 τῶν
2560 5321 2719 5377 θείων
2733 5323 2970 5395 Γραφῶν
2994 5326 3100 5398 τὴν
3119 5327 3265 5401 ύπὶρ
3288 5329 3499 5384 τούτων

1900 5405 2212 5478 παρόξομαι
2248 5411 2575 5483 μαρτυρίαν,
2609 5413 2694 5467 ινα
2727 5413 2896 5486 μηδὲν
2931 5415 3251 5489 ἀμφιϐάλης
3283 5417 3494 5474 λοιπόν.

1896 5497 2194 5569 Φαρισαῖός
2228 5516 2315 5564 τις
2344 5497 2446 5572 ἦν,
2479 5502 2576 5558 καὶ
2613 5502 2886 5577 τελώνης⁶
2918 5507 2948 5561 6
2989 5507 3093 5580 μιν
3135 5510 3217 5574 είς
3253 5510 3499 5583 ἐσχάτην

1960 5729 1985 5783 _I
2008 5716 2080 5783 ξι
2107 5730 2211 5767 uno
2231 5718 2390 5783 Regio
2410 5719 2483 5783 sic
2503 5726 2734 5777 restituta
2762 5731 2925 5781 series
2945 5729 3057 5782 fuil.

1960 5775 1991 5816 ι
2011 5778 2135 5841 Reg.
2176 5775 2600 5835 ιιιιιιείκϐάλωσιν
2621 5775 3168 5855 νρένῖιὶονῖιβῖνομα
3191 5796 3488 5861 ψευδόμενοι.
