4066 6424
204 376 300 435 τοι

194 490 384 555 litiam,
411 487 549 545 alter
572 501 839 544 summam
874 485 1163 542 exercebat
1192 485 1475 555 justitiam,
1508 492 1566 536 ut
1592 482 1680 551 qni
1724 480 1802 536 fa-

192 581 425 636 cultates
454 596 579 635 suas
599 590 884 649 erogaret,
914 579 1236 646 assidueque
1260 577 1551 646 jejunaret,
1581 590 1745 644 purus
1771 587 1800 626 a

193 673 400 740 rapinis
435 687 449 723 :
484 679 670 725 contra
706 670 842 724 alter
895 670 945 722 in
987 669 1190 738 rapinis
1243 681 1306 721 ac
1352 667 1623 720 violentiis
1675 667 1800 718 vita:

199 770 413 830 tempus
440 776 598 814 omne
637 771 1063 829 consumpserat.
1114 759 1286 813 Ambo
1333 759 1695 812 ascenderunt
1749 757 1799 810 in

197 851 457 920 templum
503 851 693 904 orandi
741 851 930 920 gratia.
974 849 1065 903 llle
1102 859 1250 903 stans
1298 848 1556 903 dicebat:
1598 847 1802 901 Gratius

192 959 292 1013 ago
316 942 405 995 tibi
431 983 444 1006 ,
472 941 709 1007 Domine,
743 943 982 1010 quoniam
1011 957 1112 994 nou
1135 958 1246 994 sum
1275 941 1403 993 sicut
1429 941 1601 993 ca'teri
1632 941 1798 992 homi-

193 1048 304 1099 nes,
333 1049 547 1102 rapaces
567 1076 582 1099 ,
612 1033 790 1097 avari,
817 1046 976 1101 neque
1005 1030 1141 1084 velut
1182 1031 1264 1083 hic
1293 1029 1593 1099 publicanus
1622 1031 1639 1097 (
1669 1029 1795 1082 Luc.

194 1125 284 1180 18.
319 1125 408 1179 Η.
435 1125 503 1179 η
526 1123 569 1195 ).
593 1127 664 1179 At
706 1123 1022 1194 publicanus
1054 1123 1239 1193 procul
1266 1133 1412 1176 stans
1442 1137 1547 1175 non
1577 1123 1800 1190 regessit

196 1214 583 1271 contumeliam
611 1257 628 1282 ,
677 1229 854 1284 neque
885 1214 1118 1268 vicissim
1171 1212 1304 1267 dixit
1336 1211 1660 1275 convicium,
1692 1228 1798 1266 non

197 1307 424 1378 protulit
474 1307 574 1362 ista
615 1306 853 1376 vulgaria
893 1305 1056 1360 verba
1087 1305 1277 1359 :Tune
1316 1305 1482 1360 audes
1512 1320 1646 1360 mere
1677 1305 1800 1359 vita:

192 1401 528 1456 mentionem
555 1398 732 1454 facere
758 1412 982 1468 meaque
1003 1397 1137 1451 facta
1157 1396 1552 1467 reprehendere
1569 1398 1796 1451 ?Annoa

192 1506 313 1546 sum
362 1501 417 1546 te
461 1493 690 1547 melior?
730 1491 981 1546 Referam
1031 1499 1119 1545 tua
1167 1499 1382 1559 peccata
1408 1531 1421 1555 ,
1451 1490 1681 1556 faxoquc
1732 1505 1800 1545 ne

196 1598 450 1654 umquam
487 1584 539 1637 in
589 1583 704 1638 haec
729 1599 880 1639 sacra
916 1582 1247 1654 conscendas
1295 1583 1450 1636 atria.
1499 1581 1683 1648 Nihil,
1715 1583 1798 1637 in-

193 1693 380 1748 quam,
416 1677 716 1732 istiusmodi
765 1675 1079 1747 frigidorum
1122 1676 1407 1730 verborum
1436 1675 1688 1746 loquutus
1715 1683 1799 1730 est

195 1770 537 1840 publicanus,
571 1769 764 1838 quibus
796 1769 996 1822 utimur
1025 1767 1264 1839 quotidie
1293 1783 1392 1824 nos
1433 1779 1624 1824 mutuo
1648 1784 1801 1824 con-

197 1861 351 1916 viciis
375 1870 753 1932 aspergentes;
801 1860 895 1915 sed
941 1876 1125 1914 amare
1183 1861 1460 1929 suspirans
1503 1871 1799 1934 pectusque

192 1953 525 2023 percutiens,
556 1952 658 2009 hoc
683 1961 887 2007 tantum
916 1952 1074 2018 dixit,
1111 1951 1374 2022 Propitius
1397 1962 1499 2007 esto
1534 1954 1660 2008 mihi
1677 1971 1796 2026 pec-

190 2045 357 2098 catori
379 2045 396 2114 (
420 2042 504 2098 Ib.
537 2059 585 2096 υ.
621 2045 690 2098 15
717 2044 757 2113 ),
787 2053 843 2098 et
875 2043 1520 2112 descenditjustiﬂcatus.

261 2129 532 2184 Accusalia
553 2129 632 2182 sui
662 2129 719 2196 ﬁt
746 2130 974 2182 remissio
993 2128 1240 2182 criminis.
1269 2127 1325 2181 Ν
1327 2145 1354 2181 e
1373 2130 1573 2182 dwuton
1594 2128 1797 2198 quidem

188 2237 284 2276 nos
326 2221 396 2274 ad
447 2219 578 2274 iram
607 2221 861 2274 concitare
899 2229 1078 2289 polcsl.
1109 2249 1184 2261 --
1225 2219 1388 2274 Vides
1425 2220 1794 2275 celeritatem?

186 2315 400 2383 accepit
442 2313 718 2383 probrum,
750 2321 804 2367 et
847 2311 1016 2366 abluit
1066 2310 1357 2380 probrum;
1413 2311 1635 2381 agnovit
1659 2326 1789 2381 pec-

185 2413 344 2468 cata,
388 2403 726 2474 etdeposuit
765 2412 1028 2473 peccata:
1080 2412 1135 2458 et
1187 2402 1472 2456 criminum
1517 2403 1790 2458 accusatio

187 2494 325 2550 facta
357 2502 440 2549 est
471 2493 546 2548 illi
575 2494 860 2550 criminum
905 2493 1189 2559 remissio,
1239 2504 1294 2549 et
1345 2493 1513 2548 hostis
1560 2494 1797 2550 insciens

184 2583 367 2641 factus
411 2595 494 2640 est
523 2585 816 2642 beneficus.
860 2586 1002 2654 Quot
1041 2586 1252 2641 labores
1307 2597 1461 2639 erant
1511 2587 1794 2655 publicano

181 2677 453 2732 subeundi
485 2718 499 2743 ,
528 2677 820 2748 jejunando
845 2719 860 2743 ,
892 2677 1042 2731 humi
1089 2677 1410 2733 dormienda
1433 2718 1450 2745 ,
1496 2675 1788 2747 vigilando,

182 2771 326 2828 bona
356 2785 454 2827 sua
485 2772 666 2842 egenis
698 2771 1073 2842 imparticndo,
1107 2771 1266 2839 longo
1299 2781 1537 2842 tempore
1560 2773 1613 2825 in
1634 2786 1793 2826 sacco

180 2873 239 2920 et
266 2863 450 2919 cinere
479 2862 751 2926 sedendo,
784 2871 844 2917 ut
875 2863 964 2916 illa
1015 2872 1120 2916 tam
1161 2863 1327 2916 multa
1359 2873 1576 2930 peccata
1609 2871 1793 2932 posset

180 2955 505 3026 deponere?
537 2959 604 3009 At
632 2971 772 3010 nunc
807 2971 928 3010 cum
976 2955 1110 3008 nihil
1145 2956 1247 3010 tale
1306 2956 1527 3018 fecerit,
1560 2957 1792 3026 simplici

180 3048 352 3104 verbo
382 3063 598 3104 omnem
627 3048 876 3118 deposuit
923 3049 1263 3119 iniquitatem
1289 3067 1301 3102 :
1335 3065 1398 3102 ac
1431 3050 1629 3118 probra
1658 3065 1788 3103 con-

182 3137 430 3208 viciaque
459 3138 751 3204 Pharisazi,
783 3140 871 3208 qui
935 3139 1214 3192 videbatur
1262 3139 1414 3193 illum
1465 3141 1790 3195 contumelia

179 3228 433 3294 afficere,
463 3231 537 3285 illi
563 3240 890 3301 pepererunt
919 3231 1142 3301 justitim
1171 3247 1452 3296 coronam,
1483 3232 1641 3301 idque
1674 3235 1792 3288 sine

181 3324 475 3381 sudoribus
499 3365 514 3388 ,
556 3324 674 3379 sine
704 3324 978 3378 laboribus
999 3366 1012 3388 ,
1047 3333 1100 3377 et
1125 3325 1328 3393 absque
1356 3324 1497 3395 longi
1533 3325 1790 3394 temporis

183 3431 362 3471 tuora.
395 3414 629 3469 Videsne
659 3429 779 3480 nos,
828 3414 1036 3468 etiamsi
1069 3415 1189 3484 quis
1227 3429 1351 3470 vera
1374 3415 1441 3469 de
1469 3415 1623 3469 nobis
1653 3430 1790 3483 pra:-

183 3506 350 3571 dieet,
383 3519 612 3576 quorum
643 3519 742 3559 nos
770 3504 870 3576 ipsi
895 3505 1049 3560 nobis
1069 3506 1271 3559 conscii
1301 3505 1490 3569 simus,
1523 3506 1624 3560 ista
1660 3521 1791 3561 vero

184 3597 574 3668 prmdicantem
605 3609 711 3650 non
739 3596 976 3650 vicissim
1002 3597 1424 3666 impcrtierimus
1456 3597 1752 3653 maledictis
1772 3637 1788 3665 ,

184 3689 282 3746 sed
315 3703 500 3744 amare
523 3687 960 3758 ingemiscentcs,
998 3689 1162 3744 Deum
1201 3703 1300 3758 pro
1342 3688 1555 3745 delictis
1587 3691 1789 3745 nostris

185 3780 674 3851 impioraverimus,
698 3781 875 3834 omnia
906 3791 1123 3850 peccata
1149 3779 1421 3850 deponere
1456 3783 1652 3852 posse?
1679 3782 1794 3838 lloc

185 3882 346 3942 pacto
372 3881 426 3927 et
473 3871 560 3927 hic
587 3871 915 3940 justificatus
955 3883 1038 3928 est
1071 3891 1085 3928 :
1128 3875 1380 3944 quoniam
1410 3875 1552 3928 enim
1605 3875 1792 3930 Phari-

186 3980 358 4020 szcum
403 3979 513 4019 non
558 3965 703 4018 ultus
732 3973 816 4018 est
847 3964 1126 4031 conviciis,
1157 3963 1252 4020 sed
1281 3979 1382 4032 pro
1414 3966 1528 4020 suis
1556 3967 1791 4035 peccatis

190 4054 471 4126 ingemuit,
502 4054 787 4110 descendit
811 4055 1140 4124 justiflcatus
1167 4071 1277 4125 pra:
1313 4057 1426 4111 illo.

264 4147 319 4203 5.
355 4146 518 4203 Vides
539 4157 796 4216 quantum
837 4146 1026 4201 afferat
1053 4147 1294 4203 utilitatis
1326 4148 1661 4203 inimicorum
1693 4164 1789 4204 ex-

190 4238 505 4310 probratio,
547 4238 594 4292 si
635 4236 798 4293 modo
845 4250 963 4294 eam
1011 4237 1384 4310 philosophice
1412 4237 1791 4308 pertulerimus

188 4335 414 4392 animo?
443 4333 598 4402 Quod
619 4335 665 4389 si
694 4343 749 4390 et
784 4335 1110 4390 mentientes
1135 4341 1190 4389 et
1226 4349 1352 4389 vera
1385 4334 1666 4406 loquentes
1689 4350 1790 4390 no-

191 4427 278 4484 bis
305 4435 531 4497 prosunt
557 4466 570 4493 ,
600 4425 949 4496 quamobrem
979 4427 1258 4483 dolemus?
1286 4441 1449 4493 quam
1475 4426 1543 4482 ob
1573 4441 1791 4482 causam

191 4519 442 4575 urimur?
484 4518 546 4574 Ni
578 4519 805 4590 teipsum
832 4519 1066 4588 laseris,
1087 4535 1120 4574 ο
1148 4520 1334 4584 homo,
1361 4534 1538 4590 neque
1561 4520 1788 4588 amicus,

191 4625 368 4682 neque
393 4610 641 4665 inimicus
667 4650 682 4676 ,
727 4623 796 4664 ne
825 4609 940 4678 ipse
982 4611 1196 4680 quidem
1243 4609 1489 4666 diabolus
1516 4613 1712 4681 poterit
1741 4621 1794 4667 te

192 4703 412 4759 laedere.
467 4701 680 4758 Etenim
734 4717 856 4756 eum
887 4709 943 4757 et
994 4703 1030 4757 ii
1058 4703 1150 4772 qui
1181 4717 1280 4758 nos
1305 4704 1647 4759 contumeliis
1674 4703 1792 4758 affl-

187 4794 360 4860 ciuut,
387 4794 478 4864 qui
513 4794 816 4858 traducunt,
840 4794 931 4865 qui
957 4808 1126 4864 usque
1152 4793 1218 4848 ad
1250 4795 1415 4864 ipsius
1436 4795 1565 4849 vita:
1593 4794 1790 4850 discri-

191 4899 320 4941 men
347 4885 670 4941 insidiantur
688 4927 704 4953 ,
739 4886 1024 4941 utilitatem
1051 4884 1277 4941 aderant
1302 4928 1317 4950 ,
1346 4895 1400 4940 et
1427 4884 1517 4940 alii
1551 4886 1793 4958 martyrii

189 4989 450 5032 coronam
482 4976 636 5032 nobis
686 4977 920 5044 plectant
942 5017 958 5041 ,
985 4986 1045 5030 ut
1071 4975 1440 5042 ostendimus,
1469 4975 1560 5032 alii
1608 4991 1794 5032 rursus

191 5069 320 5127 dum
368 5078 586 5140 peccata
631 5068 786 5125 nobis
811 5069 1176 5140 exprobrant,
1205 5083 1306 5123 nos
1341 5069 1516 5138 justos
1541 5067 1791 5137 reddant,

190 5163 651 5235 quemadmodum
677 5163 870 5219 accidit
894 5163 946 5218 in
979 5163 1260 5232 publicano
1278 5201 1293 5226 ,
1323 5176 1419 5216 cur
1449 5162 1501 5216 in
1528 5162 1646 5216 illos
1665 5159 1795 5218 ede-

193 5257 369 5313 rimur
393 5265 447 5312 et
471 5254 922 5311 excandescimus
942 5253 968 5306 τ
1001 5254 1079 5308 Ne
1107 5253 1401 5309 dixerimus
1442 5253 1621 5322 itaque
1656 5267 1669 5304 :
1704 5252 1796 5308 llic

195 5363 286 5405 me
312 5348 568 5405 atrociter
614 5347 878 5414 irritavit,
912 5346 1006 5402 ille
1033 5362 1118 5402 me
1163 5346 1394 5417 perpulit
1431 5387 1447 5412 ,
1477 5355 1533 5399 ut
1558 5343 1793 5400 dicerem

194 5440 480 5498 [sibonesta
531 5440 693 5498 verba
759 5456 776 5494 :
836 5455 934 5495 nos
990 5439 1185 5511 ubique
1237 5440 1425 5494 talium
1494 5453 1653 5494 causa
1708 5453 1797 5492 su-

195 5549 337 5591 mus.
354 5533 486 5588 Nam
514 5532 561 5588 si
585 5533 812 5588 velimus
837 5531 1228 5602 philosophari,
1249 5545 1316 5585 ne
1341 5529 1552 5585 damon
1578 5527 1795 5599 quidem

195 5628 394 5700 poterit
435 5641 534 5683 nos
562 5626 629 5682 ad
652 5627 784 5682 iram
830 5624 1105 5681 concitare
1136 5639 1153 5681 :
1181 5622 1339 5693 idque
1382 5623 1551 5692 liquet
1579 5630 1688 5676 tum
1731 5636 1797 5677 ex

196 5720 318 5778 altis
337 5720 718 5792 compluribus,
738 5729 852 5776 tum
878 5733 944 5775 ex
966 5716 1068 5774 hac
1097 5717 1208 5788 ipsa
1233 5731 1353 5787 qua:
1372 5730 1518 5772 nunc
1543 5715 1597 5769 in
1627 5713 1798 5770 mani-

199 5817 298 5874 bus
319 5823 402 5873 est
426 5812 648 5870 historia
674 5813 742 5871 de
764 5809 986 5881 Davide,
1012 5823 1174 5883 quam
1199 5821 1380 5879 operte
1409 5804 1638 5879 pretium
1670 5805 1790 5862 fuc-

1237 368 1323 423 DE
1355 366 1612 422 DAVIDE
1655 363 1740 420 ΕΤ
1779 361 2004 420 SAULE
2041 361 2319 418 llOMlLlA
2366 359 2452 416 ΙΙΙ.

3407 363 3516 423 703

1917 479 1986 533 rit
2013 485 2066 532 et
2098 477 2258 532 hodie
2291 475 2601 533 inmedium
2621 475 2832 540 afferre,
2867 477 2911 531 si
2935 476 3085 547 prius
3113 478 3386 536 caritatem
3419 496 3513 539 ve-

1913 581 2080 625 stram
2105 570 2570 636 admonuerimus,
2602 569 2822 624 ubinam
2855 585 3025 641 nuper
3049 573 3520 632 tertniuaveritnul

1909 662 2248 716 concionem.
2285 660 2384 716 Ubi
2434 661 2593 731 igitur
2617 676 2735 716 eam
2781 662 3232 716 terminavimus?
3261 664 3314 719 ln
3341 681 3515 720 exen-

1907 752 2114 807 satione
2140 751 2374 806 Davidis.
2393 751 2642 816 Proinde
2689 767 2913 808 necesse
2941 763 3024 808 cst
3045 795 3060 819 ,
3090 766 3140 808 ut
3171 755 3337 812 hodie
3366 759 3516 812 vobis

1907 841 2085 896 Saulis
2117 842 2278 897 verba
2334 843 2632 897 referamus
2655 885 2669 908 ,
2703 859 2812 913 quo
2857 844 3132 900 videamus
3165 846 3290 915 quid
3321 846 3408 902 hie
3449 849 3515 903 ad

1902 931 2254 1000 justissimam
2305 933 2444 988 illius
2470 936 2871 990 excusationem
2919 937 3275 1006 responderit.
3331 937 3517 1009 Neque

1907 1025 2048 1078 enim
2075 1039 2106 1079 e
2130 1026 2304 1080 verbis
2335 1035 2536 1080 tantum
2564 1043 2685 1097 qua:
2713 1027 2877 1082 David
2904 1029 3154 1099 loquutus
3177 1041 3257 1084 est
3283 1073 3296 1096 ,
3331 1047 3516 1087 verum

1907 1117 2067 1171 etiam
2099 1131 2129 1171 e
2167 1116 2344 1172 Saulis
2381 1118 2625 1172 oratione
2647 1158 2664 1184 ,
2696 1118 2912 1174 Davidis
2942 1120 3192 1176 virtutem
3223 1123 3516 1192 perspicie-

1905 1222 2024 1261 mus
2053 1224 2066 1259 :
2099 1221 2222 1262 nam
2250 1208 2297 1264 si
2335 1206 2464 1263 Sail]
2498 1207 2698 1278 aliquid
2750 1209 2959 1279 placide
3010 1223 3398 1284 mansueteque
3425 1229 3517 1270 re-

1904 1295 2220 1366 Sponderit,
2267 1297 2426 1367 hujus
2483 1313 2702 1354 causam
2742 1299 2926 1355 Davidi
2973 1301 3379 1371 imputahimus,
3413 1306 3508 1376 qui

1907 1386 2200 1443 immutarit
2220 1387 2520 1455 hominem,
2555 1391 2752 1466 quique
2798 1391 3087 1460 erudierit,
3117 1403 3171 1449 et
3213 1394 3279 1448 ad
3310 1396 3518 1452 sobrie-

1907 1485 2069 1532 tatem
2110 1481 2475 1550 composuerit
2517 1481 2659 1536 illius
2709 1483 2973 1537 animum.
3029 1483 3166 1551 Quid
3227 1485 3388 1555 igitur
3440 1488 3518 1544 sil

1903 1567 2076 1624 δεῖ]ιῖ
2106 1569 2459 1641 Posteaquam
2513 1572 2758 1627 audierat
2798 1573 2962 1627 David
3002 1574 3310 1644 loquentem
3337 1619 3351 1644 ,
3382 1575 3518 1634 Ecce

1897 1657 2092 1712 lacinia
2111 1660 2397 1731 chlamydis
2422 1670 2527 1716 tua
2550 1661 2603 1716 in
2634 1679 2789 1717 manu
2819 1665 2969 1732 mca(
3023 1667 3073 1719 l.
3104 1664 3235 1737 Reg.
3272 1667 3367 1723 2i.
3397 1669 3514 1740 15).

1899 1749 2116 1818 aliaque
2141 1761 2334 1807 cuncta
2375 1767 2496 1822 qme
2543 1753 2597 1807 in
2640 1756 3047 1810 excusationem
3099 1759 3318 1813 attulit:
3364 1759 3513 1830 Vox,

1904 1840 2098 1910 inquit,
2133 1843 2229 1898 ista
2250 1854 2356 1911 tua,
2390 1847 2469 1913 ﬁli
2498 1845 2672 1900 David
2708 1851 2726 1917 (
2757 1847 2894 1902 Ibid.
2920 1865 2968 1901 υ.
2994 1851 3059 1903 l7
3089 1848 3149 1920 )?
3185 1851 3394 1921 Quanta
3423 1870 3514 1910 su-

1903 1929 2022 1983 bito
2050 1929 2189 1987 facta
2236 1943 2322 1988 est
2370 1937 2634 1990 mutatio!
2683 1938 2782 2004 Qui
2843 1955 3134 2009 numquam
3189 1945 3514 2004 sustinuerat

1902 2020 2054 2076 illum
2077 2023 2159 2077 vel
2187 2025 2420 2095 simplici
2449 2043 2648 2084 vocare
2680 2032 2918 2098 nomine,
2938 2033 3108 2102 ipsam
3133 2037 3296 2091 etiam
3328 2038 3516 2106 appel-

1901 2109 2154 2167 lationem
2177 2113 2382 2170 habens
2401 2132 2803 2186 exosam,nune
2833 2123 3053 2193 adeptat
3074 2140 3199 2180 eum
3229 2129 3280 2182 in
3308 2145 3513 2200 cogna-

1907 2202 2144 2270 tionem,
2173 2206 2452 2275 appe?lans
2496 2225 2620 2263 eum
2669 2210 2861 2266 lilium.
2913 2213 3052 2280 Quid
3103 2217 3262 2286 igitur
3311 2219 3514 2277 Davide

1903 2293 2115 2350 felicius
2140 2337 2155 2361 ,
2185 2297 2276 2366 qui
2309 2312 2375 2352 ex
2401 2286 2668 2354 homican
2692 2301 2818 2356 fecit
2847 2313 3078 2372 patrem,
3105 2321 3135 2360 e
3169 2309 3296 2377 lupo
3326 2325 3506 2378 ovem,

1901 2384 1991 2453 qui
2021 2385 2292 2442 fornacem
2312 2389 2611 2446 iracundia:
2629 2393 2798 2448 multo
2825 2395 3066 2465 impfcxit
3090 2413 3232 2465 rore,
3255 2403 3342 2470 qui
3365 2413 3503 2459 tem-

1902 2486 2162 2546 pestatem
2188 2481 2347 2536 vertit
2397 2481 2452 2537 in
2481 2485 2918 2554 tranquillitatem
2941 2530 2955 2554 ,
2985 2492 3182 2560 quique
3233 2501 3502 2552 tumorem

1899 2583 2114 2624 omnem
2135 2572 2215 2626 ira
2245 2575 2590 2630 exmstuantis
2618 2578 2782 2633 animi
2813 2583 3104 2638 restinxit?
3128 2586 3266 2642 Vetb
3287 2609 3294 2637 ι
3315 2590 3514 2660 quippe

1904 2660 2118 2718 Davidis
2145 2665 2383 2736 ingressa
2417 2666 2469 2721 in
2498 2681 2737 2723 anmuuu
2767 2671 2918 2726 istius
2936 2672 3164 2742 efferati,
3187 2686 3351 2734 totam
3377 2681 3514 2739 hanc

1902 2753 2242 2822 perfecerunt
2270 2756 2720 2824 immutationem,
2750 2763 2891 2831 quod
2920 2779 2950 2818 e
2994 2764 3172 2823 Saulis
3205 2771 3382 2826 verbis
3408 2773 3512 2830 dc-

1899 2845 2202 2914 prehendas
2232 2849 2374 2904 licet.
2405 2849 2589 2922 Neque
2619 2853 2762 2907 enim
2796 2853 2957 2919 dixit,
2987 2856 3282 2917 Sermones
3300 2864 3372 2918 tui
3398 2865 3507 2932 isti,

1899 2940 1974 2992 tili
2007 2939 2173 2993 David
2205 2940 2360 3005 ?scd,
2410 2940 2522 2995 Vox
2551 2953 2638 2996 tua
2684 2945 2802 3011 ista,
2845 2946 2925 3012 ﬁli
2977 2947 3192 3003 David?
3220 2954 3358 3008 adeo
3386 2972 3512 3013 mox

1899 3031 1964 3083 ad
1995 3033 2162 3100 ipsam
2195 3048 2381 3088 vocem
2411 3034 2653 3089 incaluit.
2682 3035 2753 3091 Et
2781 3041 3234 3107 quemadmodum
3263 3056 3415 3116 pater
3445 3065 3513 3106 ex

1899 3123 2059 3192 longo
2090 3125 2372 3180 intervallo
2397 3127 2574 3182 audita
2609 3127 2703 3183 filii
2733 3135 3052 3188 revertentis
3083 3150 3216 3192 voce
3243 3181 3257 3203 ,
3306 3156 3413 3195 non
3443 3143 3514 3205 ad

1895 3225 2246 3284 conspectum
2281 3217 2442 3272 modo
2473 3219 2644 3285 illius,
2697 3225 3050 3279 verumetizun
3082 3228 3148 3282 ad
3197 3229 3366 3300 ipsum
3415 3250 3514 3290 vo-

1897 3322 2013 3361 cem
2045 3308 2316 3364 cxcitatur
2345 3327 2356 3362 :
2391 3312 2468 3366 sic
2496 3321 2550 3366 ct
2600 3311 2749 3381 Sat'ti,
2781 3317 2938 3372 simul
2992 3330 3049 3374 ut
3091 3323 3252 3378 verba
3289 3325 3510 3386 thvldis

1899 3399 1952 3452 in
1985 3402 2221 3455 animum
2251 3403 2488 3474 ingressa
2513 3415 2659 3472 sunt,
2683 3407 2881 3477 abjecit
2908 3411 3266 3482 inimicitiam,
3293 3419 3513 3492 jamque

1897 3501 2140 3545 sanctum
2172 3493 2411 3564 agnovit,
2440 3496 2722 3566 positoque
2748 3499 2942 3556 affectu
2965 3543 2980 3568 ,
3010 3510 3214 3576 recepit
3234 3510 3508 3568 allectum.

1899 3582 2175 3654 Siquidem
2211 3587 2381 3655 posita
2428 3588 2524 3652 ira,
2565 3591 2775 3660 recepit
2802 3597 3244 3665 tranquillitatem
3287 3611 3513 3661 etcom-

1897 3674 2325 3731 miserationem.
2358 3678 2424 3732 Et
2449 3679 2589 3735 sicut
2619 3682 2874 3750 quamdiu
2907 3702 3010 3739 nox
3039 3689 3196 3745 adest
3225 3731 3239 3757 ,
3272 3708 3416 3764 sa-pe
3441 3711 3512 3753 ne

1900 3775 2222 3833 prmscntcm
2251 3766 2466 3837 quidem
2519 3769 2755 3828 amicum
2806 3778 3166 3846 agnoscimus,
3201 3791 3256 3836 at
3297 3798 3424 3839 mox
3455 3796 3514 3845 ιι

1898 3869 2121 3914 exortus
2151 3867 2234 3914 est
2260 3859 2397 3924 dies,
2428 3860 2589 3916 etiam
2617 3864 2832 3921 eminus
2856 3881 3206 3940 conspectum
3257 3878 3510 3945 agnosci-

1898 3964 2018 4004 mus
2049 3969 2062 4003 :
2098 3950 2280 4006 itidem
2303 3959 2356 4006 et
2383 3952 2663 4010 inimicitia
2683 3955 2821 4011 solet
2848 3960 3158 4017 usuvenire.
3194 3962 3376 4022 Donec
3413 3969 3502 4023 in-

1899 4051 1982 4097 ter
2022 4058 2122 4098 nos
2144 4046 2468 4102 malevolum
2501 4047 2740 4118 gerimus
2779 4049 3042 4118 animum,
3070 4067 3174 4109 vox
3203 4055 3384 4113 audita
3411 4073 3511 4115 no-

1897 4134 1980 4190 bis
2007 4134 2166 4190 aliter
2191 4145 2368 4203 sonat,
2393 4147 2446 4194 et
2471 4139 2639 4208 ipsam
2670 4139 2860 4196 faciem
2898 4153 3149 4214 corrupta
3195 4157 3382 4206 mente
3407 4150 3510 4207 ad-

1897 4227 2157 4298 spicimus
2188 4246 2202 4282 :
2235 4237 2291 4284 at
2321 4229 2411 4285 ubi
2445 4219 2784 4300 posuerimus
2813 4232 2969 4300 iram,
2998 4245 3052 4290 et
3079 4253 3184 4292 vox
3209 4255 3332 4310 qua:
3361 4243 3511 4311 prius

1895 4329 2016 4374 erat
2043 4320 2214 4376 invisa
2235 4331 2398 4392 atque
2439 4321 2673 4388 hostilis,
2704 4323 2916 4392 placida
2946 4325 3101 4382 nobis
3125 4342 3188 4383 ac
3222 4330 3510 4399 jucundis-

1897 4411 2035 4466 sima
2065 4411 2300 4481 videtur,
2331 4420 2388 4468 et
2429 4423 2682 4482 aspectus
2712 4413 2827 4484 ipse
2858 4416 3007 4486 prius
3039 4418 3292 4477 inimicus
3315 4431 3374 4478 et
3417 4425 3506 4480 iu-

1890 4502 2164 4575 jucundus
2185 4545 2200 4569 ,
2224 4512 2338 4558 tum
2368 4503 2429 4558 fit
2457 4504 2702 4560 amabilis
2731 4516 2787 4560 et
2801 4505 3094 4575 iucundus.

1973 4593 2028 4651 6.
2060 4591 2152 4648 Ira
2180 4594 2368 4662 soluta,
2399 4596 2550 4662 plane
2586 4596 2932 4666 dignoscimus
2955 4613 3068 4668 qua
3090 4641 3105 4666 ,
3135 4600 3215 4655 ira
3241 4602 3467 4671 [cruente
3489 4649 3506 4675 ,

1901 4686 2047 4739 nobis
2083 4701 2187 4739 non
2225 4686 2560 4756 apparebant.
2617 4685 2731 4740 Vox
2769 4685 2986 4742 Davidis
3025 4693 3403 4759 potentissima.
3433 4727 3512 4741 —

1899 4777 2048 4833 idem
2069 4777 2263 4833 accidit
2292 4779 2346 4834 iu
2377 4785 2716 4849 tempestate.
2754 4777 2869 4834 Non
2898 4780 3099 4849 patitur
3121 4783 3343 4846 nubium
3371 4803 3508 4846 con-

1899 4887 2092 4928 cursus
2129 4871 2286 4928 nobis
2309 4872 2657 4941 conspicuam
2693 4885 2817 4928 esse
2844 4873 2961 4927 caeli
3005 4875 3507 4950 pulchritudinem;

1901 4963 1996 5020 sed
2026 4963 2272 5033 quamvis
2315 4961 2611 5018 habeamus
2654 4961 2844 5018 oculos
2870 4963 3396 5036 perspicacissimos,
3423 4989 3518 5030 no-

1901 5069 2172 5126 quaquam
2223 5055 2529 5125 pertingere
2582 5067 2869 5123 possumus
2907 5054 2974 5109 ad
3016 5055 3167 5113 illam
3217 5073 3512 5131 supernam

1895 5142 2309 5220 iucunditatem.
2355 5149 2426 5201 At
2467 5145 2558 5202 ubi
2607 5146 2719 5216 jam
2771 5145 3046 5203 radiorum
3097 5150 3265 5218 calor,
3321 5167 3515 5224 perru-

1904 5242 2010 5313 ptis
2035 5256 2100 5296 ae
2143 5239 2402 5296 discussis
2455 5237 2689 5292 nubibus
2738 5239 2908 5316 solem
2934 5238 3197 5306 ostendit,
3225 5257 3413 5312 rursus
3454 5255 3515 5302 et

1903 5334 2021 5389 οξεὶί
2074 5333 2325 5388 decorem
2380 5330 2636 5386 ostendit.
2689 5328 2833 5387 Idem
2879 5329 3074 5385 accidit
3123 5331 3176 5386 in
3229 5333 3384 5390 nobis
3432 5315 3514 5394 ira

1904 5425 2234 5482 ferventibus
2259 5465 2275 5492 ,
2307 5423 2436 5479 dum
2480 5422 2730 5477 simultas
2764 5421 2912 5476 velut
2953 5422 3119 5478 densa
3163 5424 3336 5482 nubes
3383 5435 3513 5486 ante

1904 5515 2089 5577 oculos
2141 5529 2198 5575 et
2246 5533 2405 5574 aures
2457 5526 2601 5585 stat,
2648 5514 2775 5571 facit
2837 5524 2895 5570 ut
2944 5531 3104 5572 voces
3156 5529 3516 5591 aspectusque

1903 5613 2187 5670 videantur
2232 5610 2387 5666 aliter
2414 5622 2573 5680 quam
2601 5615 2750 5663 sunt.
2784 5605 2985 5663 Verum
3016 5607 3178 5664 simul
3213 5617 3375 5680 atque
3411 5611 3516 5666 sli-

1904 5706 2026 5778 quis
2073 5700 2482 5776 philosophatus
2529 5699 2770 5774 posuerit
2801 5699 3019 5767 odium,
3049 5699 3353 5783 nubemque
3405 5703 3518 5759 dis-

1908 5799 2116 5870 ruperit
2155 5793 2488 5869 :rgritudinis
2513 5837 2528 5862 ,
2557 5803 2684 5851 tunc
2721 5792 2940 5849 demum
2981 5791 3290 5865 incorrupta
3329 5802 3514 5850 mento
