4066 6424
566 349 670 411 703

566 475 626 523 et
651 462 868 528 videbit,
890 469 944 518 et
967 458 1145 515 audiet
1165 454 1342 513 omnia
1368 472 1380 509 :
1405 452 1547 524 quod
1567 461 1621 508 et
1636 450 1761 505 huic
1779 447 1952 504 evenit
1978 444 2146 510 Sauli,

563 558 656 628 qui
688 554 847 610 simul
875 561 1034 622 alque
1061 549 1259 606 nubem
1287 545 1680 602 malevolentiae
1709 541 1970 611 disrupit,
1999 552 2156 606 agno-

567 662 727 702 scens
759 628 942 700 vocem
973 641 1188 697 Davidis
1210 681 1227 706 ,
1255 639 1330 695 ait
1356 657 1368 692 :
1413 637 1520 691 Vos:
1554 644 1640 688 tua
1677 634 1805 698 ista,
1841 632 1920 702 fili
1950 631 2154 686 Dauid?

564 740 821 806 Qtuenam
867 733 1016 790 Ista?
1038 734 1167 803 Quae
1193 729 1404 788 Goliath
1453 725 1644 797 deiecit
1673 766 1689 792 ,
1715 740 1834 796 qua:
1882 724 2150 778 civitatem

567 827 817 896 periculis
842 825 1075 895 eripuit,
1103 838 1221 893 qua:
1247 827 1470 876 cunctos
1493 817 1549 872 in
1578 815 1854 873 servitutis
1873 828 1937 869 ac
1965 813 2152 868 mortis

567 918 807 985 periculo
830 913 1167 978 constitutos,
1193 911 1245 966 in
1273 908 1619 966 securitatem
1647 913 1703 961 et
1727 904 2028 960 libertatem
2060 916 2150 957 re~

564 1008 777 1074 stituit,
804 1021 924 1077 quae
965 1000 1146 1061 Saulis
1185 1002 1418 1058 furorem
1465 998 1782 1059 sedaverat,
1825 1008 1945 1065 qua:
1986 992 2150 1047 multa

568 1112 865 1168 magnaque
885 1095 1146 1152 benelicia
1170 1093 1224 1148 iu
1248 1107 1372 1148 eum
1398 1089 1716 1146 contulerat.
1741 1085 2018 1157 Siquidem
2037 1083 2154 1138 hare

569 1191 855 1246 barbarum
877 1188 1024 1245 illum
1042 1185 1347 1259 prostravit,
1370 1198 1436 1240 eo
1464 1181 1606 1253 quod
1634 1180 1939 1252 priusquam
1969 1176 2150 1231 mitte-

567 1293 648 1336 ret
668 1282 920 1352 lapidem,
939 1295 1061 1335 eum
1092 1275 1414 1351 precationis
1439 1273 1636 1329 robore
1661 1272 1830 1326 fuerat
1850 1282 2148 1340 aggressus.

567 1369 749 1444 Neque
768 1371 911 1427 enim
934 1369 1140 1439 vulgari
1171 1381 1320 1422 more
1345 1364 1569 1437 projeeit
1592 1362 1819 1434 lapidem
1838 1399 1855 1427 ,
1877 1359 1970 1414 sed
2003 1357 2151 1428 prius

567 1464 683 1519 hzec
705 1465 955 1533 loquutus
978 1503 993 1528 ,
1016 1458 1096 1514 Tu
1125 1459 1259 1513 venis
1285 1459 1354 1530 ad
1386 1473 1466 1510 me
1506 1457 1558 1510 in
1594 1455 1694 1509 diis
1719 1454 1838 1516 tuis,
1868 1467 1958 1525 ego
1984 1459 2152 1504 autem

568 1555 708 1608 venio
735 1553 804 1606 ad
831 1561 878 1605 te
903 1553 956 1604 in
986 1550 1185 1604 nomine
1210 1547 1419 1606 Domini
1448 1545 1696 1613 Sabaoth,
1729 1543 1809 1597 cui
1840 1541 2152 1612 exprobrain

570 1646 716 1700 hodie
738 1644 815 1715 (l.
850 1643 978 1714 Reg.
1010 1643 1097 1696 l7.
1129 1640 1218 1710 43)
1250 1676 1264 1706 ,
1295 1639 1473 1693 emisit
1502 1635 1751 1706 lapidem.
1783 1633 1907 1688 Hree
1941 1645 2044 1686 vox
2069 1631 2149 1685 la-

567 1738 741 1806 pidem
784 1735 945 1789 veluti
990 1748 1152 1788 manu
1194 1730 1348 1785 duxit
1378 1730 1431 1783 in
1457 1725 1667 1782 lioliath
1695 1766 1712 1792 ,
1741 1725 1855 1779 hare
1899 1737 2150 1793 pavorem

569 1823 1054 1886 incussltbarbaro
1075 1865 1089 1888 ,
1116 1824 1230 1878 haec
1266 1820 1433 1876 hostis
1459 1815 1836 1873 confidentiam
1879 1814 2053 1884 fiegit.
2088 1813 2154 1866 Et

567 1921 689 1990 quid
731 1918 971 1981 miraris,
999 1916 1042 1970 si
1070 1931 1172 1968 vox
1194 1913 1320 1981 justi
1352 1920 1406 1967 et
1436 1911 1666 1964 furorem
1708 1908 1946 1977 mitigat,
1975 1916 2030 1960 et
2058 1905 2153 1959 ho-

567 2019 674 2066 stes
693 2010 893 2077 dejicit,
915 2022 1034 2062 cum
1061 2005 1251 2075 impios
1279 2018 1488 2074 quoque
1514 2001 1730 2071 spiritus
1754 1998 2019 2068 expellat?
2044 1997 2151 2050 [.0-

571 2099 867 2170 quebantur
913 2107 1116 2152 tantum
1165 2095 1430 2165 apostoli,
1463 2103 1516 2146 et
1544 2091 1814 2160 fugiebant
1841 2103 2028 2143 omnes
2055 2086 2152 2142 ad—

571 2188 816 2243 versarize
859 2195 1169 2256 potestates.
1231 2184 1343 2238 Vox
1396 2191 1702 2236 sanctorum
1752 2178 2061 2247 irequenter
2101 2183 2154 2230 et

565 2281 827 2334 elementa
891 2277 1046 2342 vicit,
1096 2285 1149 2330 et
1205 2281 1494 2344 potestates
1554 2271 1766 2325 illorum
1831 2267 2147 2323 immutavit.

569 2371 842 2439 Loquutus
883 2377 964 2424 est
990 2376 1190 2421 tantum
1230 2362 1386 2420 lesus
1410 2361 1554 2416 Nave
1571 2402 1586 2428 ,
1610 2360 1723 2418 Stet
1746 2359 1824 2415 sol
1847 2368 1894 2413 et
1921 2358 2042 2413 lana
2065 2398 2079 2422 ,
2101 2364 2156 2412 et

567 2462 744 2524 stetit;
772 2461 848 2514 sic
877 2469 931 2513 et
957 2458 1130 2511 Moses
1155 2469 1301 2509 mare
1328 2455 1597 2523 ingressus
1621 2460 1733 2515 est,
1762 2457 1816 2505 et
1835 2449 1996 2504 cessit
2015 2447 2152 2518 (los.

570 2550 656 2606 l0.
693 2549 970 2616 12;E:rod.
1002 2547 1086 2602 ll.
1131 2543 1360 2615 2i):sic
1405 2551 1511 2597 tres
1556 2541 1629 2596 illi
1673 2539 1822 2612 pueri
1874 2539 2008 2610 ignis
2047 2539 2154 2592 vim

568 2643 960 2704 exstinmrunt,
993 2636 1206 2708 hymnis
1233 2635 1333 2690 illis
1371 2635 1482 2688 suis
1511 2647 1574 2687 ac
1602 2646 1734 2686 voce
1767 2629 1926 2702 (Dan.
1950 2626 2028 2699 3).
2063 2628 2154 2684 lti-

568 2733 690 2787 dem
721 2741 775 2784 et
796 2728 919 2784 Sainl
947 2727 1013 2782 ad
1043 2725 1282 2782 eamdem
1313 2738 1495 2778 vocem
1523 2721 1758 2786 incaluit,
1790 2719 1972 2775 dicens
2000 2737 2014 2774 :
2046 2717 2159 2773 Vos:

571 2834 660 2877 tua
692 2823 820 2886 ista,
850 2819 926 2888 ﬁli
962 2817 1126 2872 Dauid
1144 2817 1170 2871 .’
1196 2815 1329 2881 Quid
1370 2815 1526 2884 igitur
1569 2811 1771 2868 David?
1801 2810 1990 2868 Servus
2017 2820 2155 2878 tuus,

571 2916 772 2969 domine
797 2915 865 2967 nti
891 2928 998 2968 res.
1028 2909 1257 2965 Posthac
1280 2917 1550 2963 certamen
1589 2906 1780 2974 oritur,
1808 2914 1862 2960 et
1886 2904 2158 2960 contentio

571 3019 690 3063 uter
704 3008 931 3062 alterum
957 3003 1158 3073 majore
1182 3006 1532 3071 prosequatur
1553 2998 1775 3053 honore.
1801 2996 1926 3052 Salii
1946 2995 2157 3067 quidem

572 3099 639 3153 ad
667 3096 1038 3167 cognationem
1058 3091 1280 3148 adscivit
1304 3108 1318 3144 :
1346 3089 1509 3146 David
1529 3097 1707 3144 autem
1733 3088 2006 3143 dominum
2029 3102 2154 3142 eum

572 3190 824 3262 appellat.
853 3185 1005 3255 Quod
1026 3194 1203 3240 autem
1233 3182 1396 3249 dicit,
1425 3182 1530 3237 tale
1559 3191 1642 3236 est
1668 3197 1680 3234 :
1709 3179 1883 3237 Unum
1909 3220 1926 3244 ,
1957 3179 2158 3249 inquit,

575 3279 702 3336 illud
734 3293 917 3349 quaero
935 3316 951 3343 ,
979 3277 1202 3330 salutem
1236 3284 1378 3328 tuam
1406 3287 1470 3328 ac
1491 3271 1702 3326 virtutis
1728 3271 2043 3341 profectum.
2067 3269 2161 3324 Fi-

576 3370 705 3423 lium
754 3383 840 3422 me
881 3364 1196 3436 appellasti,
1225 3363 1354 3417 mihi
1395 3377 1522 3416 vero
1561 3360 1691 3416 satis
1716 3369 1837 3424 est,
1866 3361 1912 3416 si
1951 3375 2037 3415 me
2065 3374 2161 3430 pro

576 3457 775 3512 famulo
804 3455 1034 3519 habeas,
1067 3462 1270 3507 tantum
1303 3460 1357 3504 ut
1378 3451 1510 3506 iram
1535 3465 1703 3521 ponas
1725 3490 1741 3517 ,
1774 3457 1976 3505 tantum
2008 3459 2065 3505 ut
2094 3465 2162 3507 ne

575 3547 702 3620 quid
732 3547 799 3602 de
824 3560 909 3600 me
937 3544 1209 3614 suspicere
1230 3543 1377 3608 mali,
1405 3557 1509 3598 neu
1539 3556 1626 3598 me
1656 3549 1807 3611 putes
1838 3540 2044 3597 hostem
2072 3549 2164 3597 aut

576 3637 958 3693 insidiatorem.
983 3635 1223 3704 Implevit
1259 3633 1400 3687 illam
1428 3633 1598 3704 legem
1626 3633 1972 3703 apostolicam
1996 3673 2011 3700 ,
2042 3649 2164 3704 qua:

572 3729 744 3800 jubet,
774 3738 832 3782 ut
861 3740 960 3781 nos
984 3726 1127 3796 ipsos
1153 3725 1427 3780 vincentes
1456 3725 1658 3780 honore
1686 3725 1913 3779 invicem
1954 3738 2163 3794 prave-

579 3822 789 3877 niamus
833 3819 1008 3892 (Rom.
1039 3817 1128 3872 12.
1173 3817 1298 3888 10),
1329 3832 1434 3872 non
1477 3817 1768 3873 secundum
1815 3817 2162 3888 plurimorum

578 3925 803 3974 morem,
820 3909 908 3979 qui
937 3908 1085 3978 pejus
1103 3906 1279 3962 all‘ecti
1303 3916 1447 3974 sunt,
1465 3923 1621 3978 quam
1645 3909 1774 3979 ipsa
1797 3906 2050 3977 pecudes,
2073 3906 2163 3978 qui

582 4002 877 4074 proximum
906 4013 974 4055 ne
999 3996 1148 4053 affari
1175 3997 1387 4069 quidem
1426 4001 1633 4071 priores
1661 4000 1947 4066 sustinent,
1976 3999 2165 4054 existi-

580 4101 786 4152 mantes
811 4105 930 4148 sese
956 4080 1273 4147 contumelia
1301 4089 1461 4160 allici,
1492 4098 1547 4147 et
1572 4107 1603 4147 a
1631 4089 1888 4162 dignitate
1911 4089 2090 4162 dejici,
2117 4090 2163 4146 si

579 4199 738 4256 quem
767 4183 848 4238 vel
869 4182 1027 4237 allatu
1048 4182 1275 4253 simplici
1302 4183 1646 4253 compellunt.

654 4270 807 4327 Nihil
850 4271 993 4326 inani
1036 4271 1200 4342 gloria
1235 4272 1438 4343 turpius
1473 4272 1518 4328 ei
1539 4311 1555 4338 ,
1581 4272 1666 4344 qui
1694 4273 1883 4328 honore
1903 4273 2166 4344 preueniri

581 4363 708 4419 salt.
730 4391 803 4404 -
825 4361 960 4431 Quid
997 4362 1097 4419 ista
1126 4362 1394 4419 dementia
1424 4363 1592 4433 possit
1618 4378 1738 4420 esse
1766 4364 1935 4436 magis
1962 4365 2166 4421 ridicu-

580 4453 728 4510 lum?
747 4452 873 4525 quid
893 4452 992 4508 hac
1006 4454 1305 4524 arrogantia
1327 4453 1567 4525 fastuque
1583 4454 1810 4512 foedius?
1829 4456 1979 4512 Tunc
1998 4458 2165 4523 enim,

584 4553 731 4609 tunc,
759 4546 971 4616 inquam
988 4583 1004 4612 ,
1028 4560 1058 4600 a
1084 4544 1338 4616 dignitate
1364 4545 1603 4616 dejectus
1629 4563 1708 4614 es,
1736 4562 1770 4604 ο
1800 4549 1960 4607 homo
1987 4592 2004 4620 ,
2038 4559 2168 4610 tunc

586 4635 802 4704 lnjuria.
817 4643 943 4690 tunc
963 4635 1284 4691 contumelia
1298 4635 1518 4692 allectus
1537 4652 1615 4705 es,
1637 4640 1845 4708 quoties
1865 4651 2164 4713 exspectas,

586 4734 646 4780 ut
670 4725 941 4795 proximus
963 4732 1018 4780 te
1043 4725 1189 4795 prior
1214 4726 1530 4796 alloquetur.
1559 4729 1696 4798 Quid
1723 4733 1869 4792 enim
1907 4747 2169 4805 arrogan—

589 4817 658 4870 tia
683 4814 960 4873 detorius?
987 4815 1114 4892 quid
1144 4817 1283 4870 fastu
1307 4825 1363 4872 et
1399 4817 1542 4872 inani
1579 4821 1744 4890 gloria
1772 4823 1939 4894 magis
1965 4824 2166 4880 ridicu-

588 4906 737 4962 lum‘l
759 4906 892 4964 Nam
927 4907 973 4962 si
999 4907 1146 4982 prior
1169 4908 1488 4978 alloquaris,
1511 4919 1566 4966 et
1594 4911 1735 4968 Deus
1761 4914 1874 4986 ipse
1901 4915 2166 4973 collauda-

589 4999 687 5068 bit,
712 4999 854 5070 quod
882 5009 965 5055 est
985 5000 1223 5055 omnium
1249 5002 1536 5058 maximum
1555 5043 1572 5069 ,
1604 5014 1660 5064 et
1685 5005 1928 5068 homines
1951 5009 2169 5082 insuper

586 5090 1009 5162 eomprobabunt
1030 5127 1046 5157 ,
1078 5099 1241 5161 tuque
1291 5089 1431 5149 illius
1456 5097 1823 5166 appellationis
1863 5103 2166 5162 mercedem

587 5193 752 5241 totam
778 5183 1026 5254 accipies.
1052 5183 1207 5253 Quod
1231 5185 1276 5241 si
1304 5190 1713 5257 exspectaveris,
1737 5200 1796 5254 ut
1821 5194 1968 5264 prior
1991 5194 2166 5254 hono-

586 5286 755 5342 ntus,
773 5282 886 5343 tum
911 5274 1140 5348 denique
1167 5276 1465 5346 proximum
1486 5278 1735 5348 honores,
1765 5283 1896 5341 nihil
1914 5285 2024 5356 jam
2055 5303 2170 5341 ma-

583 5370 676 5444 gni
701 5367 912 5428 faueris.
938 5367 1068 5427 Nam
1088 5367 1135 5424 is
1158 5368 1300 5431 unde
1323 5368 1538 5431 honoris
1557 5375 1718 5448 cepit
1747 5375 1952 5432 initium
1980 5419 1995 5442 ,
2026 5380 2165 5440 idem

586 5458 741 5516 relati
763 5457 860 5520 abs
888 5466 939 5515 te
964 5455 1183 5514 honoris
1205 5466 1370 5515 totam
1397 5462 1692 5519 mercedem
1716 5475 2033 5537 accepturus
2062 5476 2164 5525 est.

587 5543 818 5607 Proistde
845 5562 914 5604 ne
936 5557 1333 5619 exspectemus,
1362 5559 1422 5606 ut
1444 5550 1534 5607 alii
1570 5554 1775 5624 priores
1802 5556 1956 5613 nobis
1995 5557 2166 5616 hono-

587 5651 704 5698 rem
728 5640 997 5713 deferant.
1020 5640 1115 5702 sed
1133 5656 1476 5708 nummus
1498 5644 1566 5701 ad
1591 5648 1950 5708 exhibendum
1979 5656 2165 5725 proxi-

588 5746 681 5794 mo
705 5733 996 5802 honorem,
1023 5747 1342 5810 semperque
1369 5749 1399 5793 a
1425 5735 1578 5796 nobis
1601 5739 1804 5800 oriatur
1829 5745 2188 5805 salutationis.

1275 341 1331 398 3.
1372 331 1650 397 JOANNIS
1685 329 2159 390 CHRYSOSTOMI
2197 328 2518 390 ARCHIEP.
2558 332 3095 399 CONSTANTINOP.

3754 347 3852 404 7M

2263 449 2511 506 initium:
2567 466 2743 522 neque
2787 463 3041 525 putemus
3077 456 3178 513 hoc
3216 456 3452 514 officium
3498 471 3623 516 esse
3667 467 3855 514 eonte-

2257 543 2548 597 mnendum
2570 552 2623 599 et
2637 545 2874 616 vulgare,
2892 546 2936 602 si
2956 547 3185 603 libenter
3198 556 3250 602 et
3274 557 3519 604 amanter
3537 547 3856 603 salutemus.

2254 631 2387 688 Nam
2425 634 2531 692 hoc
2575 637 2996 706 praetermissum
3040 639 3238 695 multas
3279 640 3545 696 amicitias
3585 637 3859 708 disrupit,

2257 724 2453 779 multas
2494 725 2702 796 peperit
2725 724 3028 783 simultates
3050 744 3065 781 :
3085 729 3538 798 quemadmodum
3564 742 3600 782 e
3640 727 3862 782 diverso

2257 814 2395 868 idem
2427 816 2665 870 studiose
2691 815 3010 882 exhibitum,
3035 827 3254 874 veteres
3279 828 3334 874 et
3359 819 3642 874 diuturnas
3681 817 3861 872 inimi-

2255 904 2406 959 citias
2431 904 2714 971 dissolvit,
2743 915 2798 962 et
2821 907 3083 962 amicitias
3106 909 3315 978 priores
3353 908 3714 964 confirmavit.
3745 905 3863 961 Noli

2251 993 2435 1064 igitur,
2466 994 2760 1060 carissime,
2799 997 2881 1051 his
2906 998 2959 1053 in
2986 998 3147 1054 rebus
3172 998 3408 1053 studium
3435 999 3732 1070 negligere;
3769 997 3862 1053 sed

2254 1085 2297 1137 si
2331 1084 2443 1139 fieri
2471 1092 2681 1153 potest,
2713 1085 2902 1142 obvios
2939 1089 3356 1161 qualescumque
3379 1088 3616 1156 fuerint,
3651 1098 3768 1144 tum
3809 1088 3860 1143 ia

2253 1177 2573 1243 sulutando,
2607 1186 2717 1232 tum
2765 1178 2818 1232 in
2845 1179 3055 1234 caeteris
3079 1181 3330 1236 omnibus
3377 1181 3588 1250 priores
3632 1179 3861 1236 delinia-

2254 1286 2391 1326 mus.
2421 1270 2572 1338 Quod
2601 1272 2649 1326 si
2682 1271 2802 1343 quis
2841 1280 2899 1327 te
2927 1272 3252 1341 prvevenerit
3271 1306 3291 1340 ,
3322 1273 3582 1343 majorem
3623 1271 3862 1342 repende

2252 1360 2535 1422 honorem.
2562 1361 2692 1419 Nam
2725 1372 2777 1417 et
2815 1363 3219 1424 hocjadmonuit
3247 1363 3466 1429 Paulus,
3494 1365 3567 1418 ita
3591 1363 3859 1432 loquens:

2255 1453 2356 1506 Alii
2380 1454 2507 1507 alios
2535 1454 2673 1506 vobis
2697 1453 2823 1523 ipsis
2851 1455 3136 1521 superiores
3164 1455 3480 1508 existimate‘
3511 1453 3777 1528 (Philipp.
3802 1453 3857 1508 2.

2253 1543 2334 1614 3).
2364 1543 2438 1597 Ita
2483 1541 2606 1598 fecit
2637 1542 2802 1597 David
2826 1584 2840 1607 ,
2866 1544 2956 1612 qui
2985 1552 3040 1598 et
3066 1544 3212 1613 prior
3242 1543 3501 1597 honorem
3542 1543 3770 1608 detulit,
3806 1555 3861 1597 et

2254 1639 2546 1689 honoratus
2572 1634 2828 1704 majorem
2859 1634 3117 1689 honorem
3140 1636 3401 1704 reposuit,
3426 1635 3609 1689 dicens
3630 1652 3646 1689 :
3667 1633 3861 1689 Servus

2252 1734 2389 1790 tuus,
2415 1725 2619 1778 domine
2644 1726 2714 1778 mi
2741 1741 2851 1779 rex.
2877 1725 3009 1780 Vide
3038 1740 3185 1792 vero,
3219 1735 3474 1795 quantum
3500 1724 3692 1780 fecerit
3721 1724 3859 1778 lucri

2257 1816 2419 1871 David
2460 1817 2575 1872 lucc
2615 1818 2884 1887 loquutus.
2938 1816 3052 1871 Non
3094 1818 3204 1887 jam
3249 1816 3495 1870 sustinuit
3547 1815 3677 1871 Sail]
3719 1814 3863 1870 hanc

2252 1921 2438 1962 vocem
2466 1907 2654 1962 audire
2677 1909 2792 1961 sine
2815 1908 3085 1976 lacrymis,
3108 1906 3203 1962 sed
3227 1907 3455 1976 ploravit
3471 1920 3675 1971 amare,
3693 1906 3861 1960 animi

2253 2007 2534 2051 sanitatem
2565 2012 2628 2050 ac
2657 1996 3051 2066 philosophiam
3078 2038 3094 2064 ,
3125 2011 3286 2068 quam
3331 1995 3495 2050 David
3546 1996 3822 2054 inseverat
3845 2035 3858 2061 ,

2255 2089 2502 2159 lacrymis
2524 2088 2827 2143 declarans.

2328 2178 2380 2230 7.
2422 2176 2560 2242 Quid
2603 2192 2722 2232 esse
2765 2178 2934 2246 possit
2987 2177 3091 2232 hoc
3146 2176 3404 2247 propheta
3461 2177 3710 2241 beatius,
3765 2177 3860 2247 qui

2255 2269 2398 2325 brevi
2418 2270 2671 2338 temporis
2689 2278 2958 2324 momento
2977 2267 3057 2325 sic
3073 2269 3280 2325 hostem
3301 2283 3331 2324 a
3353 2267 3534 2324 furore
3551 2269 3620 2324 ad
3646 2268 3861 2325 sobrie-

2256 2369 2419 2415 tatem
2446 2362 2770 2430 composuit,
2793 2370 2846 2416 et
2873 2362 3109 2416 animum
3138 2371 3328 2425 nactus
3363 2362 3643 2432 sanguinis
3669 2376 3732 2416 ac
3755 2377 3862 2417 ca:-

2255 2451 2339 2507 dis
2365 2451 2633 2508 sitientem
2656 2493 2672 2519 ,
2701 2462 2922 2522 repente
2943 2453 3011 2508 ad
3043 2453 3273 2508 lamenta
3299 2461 3354 2508 et
3377 2452 3608 2524 ejulatus
3632 2465 3858 2522 compa.

2258 2545 2361 2599 liti
2390 2544 2507 2599 Non
2530 2545 2752 2614 perinde
2781 2545 2948 2601 miror
2983 2546 3184 2602 Moscm
3208 2546 3349 2616 quod
3370 2561 3400 2602 e
3427 2560 3559 2602 saxo
3588 2555 3861 2616 praerupto

2259 2633 2432 2690 fontes
2455 2635 2636 2690 elicuit
2659 2649 2914 2706 aquarum
2934 2635 3130 2706 (Exod.
3147 2637 3234 2694 l7.
3262 2636 3337 2708 6),
3362 2647 3418 2691 ut
3437 2636 3679 2691 admiror
3702 2637 3858 2690 Davi-

2257 2727 2401 2794 dem,
2429 2727 2572 2798 quod
2599 2743 2664 2783 ex
2686 2730 2856 2784 oculis
2886 2729 3111 2800 lapideis
3133 2729 3308 2785 fontes
3323 2728 3573 2784 eduxerit
3598 2729 3861 2801 lacryma.

2257 2833 2398 2876 rum.
2435 2818 2647 2874 Etenim
2680 2821 2770 2876 ille
2793 2820 3009 2891 quidem
3039 2821 3169 2877 vicit
3211 2831 3491 2890 naturam,
3517 2828 3574 2876 et
3618 2819 3708 2875 hic
3738 2821 3862 2877 vicit

2258 2911 2422 2967 animi
2451 2911 2785 2982 propositum
2819 2930 2834 2967 :
2865 2913 2957 2968 ille
2981 2914 3132 2985 virga
3163 2915 3433 2985 percussit
3473 2914 3708 2985 lapidem
3734 2955 3749 2980 ,
3777 2913 3861 2969 hic

2260 3017 2508 3058 sermone
2538 3003 2741 3074 pepulit
2774 3018 2888 3070 cor,
2918 3019 3026 3060 non
3053 3014 3111 3059 ut
3137 3005 3484 3061 contristaret
3508 3045 3523 3070 ,
3552 3004 3650 3060 sed
3678 3013 3735 3059 ut
3763 3016 3860 3075 pu-

2260 3111 2378 3151 rum
2430 3103 2875 3168 mansuetumque
2921 3095 3203 3164 redderet;
3247 3097 3388 3168 quod
3431 3096 3593 3152 etiam
3640 3096 3864 3168 perfecit

2262 3187 2467 3257 majore
2493 3186 2753 3242 beneﬁcio
2776 3201 2959 3257 regem
2989 3187 3232 3244 alliciens
3256 3203 3416 3260 quam
3447 3197 3610 3244 antea
3637 3187 3859 3245 fecerat.

2264 3276 2361 3331 Est
2375 3276 2589 3348 quidem
2606 3277 2735 3332 illud
2751 3277 2908 3333 laude
2923 3293 3237 3349 summaque
3256 3279 3612 3335 admiratione
3622 3280 3866 3352 dignum,

2261 3369 2402 3440 quod
2427 3385 2612 3426 ensem
2656 3385 2763 3426 non
2805 3370 3025 3427 tinxerit
3067 3372 3328 3444 sanguine
3353 3415 3368 3442 ,
3392 3387 3493 3429 nec
3527 3361 3696 3445 caput
3739 3375 3869 3430 illud

2264 3461 2460 3519 hostile
2487 3464 2784 3519 resecuerit
2809 3480 2821 3517 :
2845 3462 2940 3520 sed
2970 3463 3130 3534 longe
3162 3465 3367 3535 majore
3394 3480 3597 3521 corona
3644 3467 3871 3537 dignum

2263 3562 2396 3620 erat,
2420 3553 2564 3624 quod
2590 3554 2766 3624 ipsum
2790 3552 2992 3608 inimici
3015 3555 3350 3625 propositum
3375 3557 3703 3622 immutavit,
3727 3571 3878 3612 eum-

2263 3659 2368 3716 que
2389 3645 2619 3700 reddidit
2638 3645 2938 3713 meliorem,
2960 3662 3191 3718 eumque
3203 3647 3272 3704 ad
3288 3662 3440 3703 suam
3463 3649 3579 3720 ipse
3603 3651 3877 3706 convertit

2266 3735 2669 3792 humanitatem.
2693 3735 2807 3792 Hoc
2831 3735 3149 3793 beneficium
3177 3737 3268 3793 illo
3290 3739 3633 3808 praestantius
3647 3748 3754 3795 est.
3772 3739 3879 3795 Nc-

2264 3841 2368 3895 que
2378 3828 2519 3881 enim
2541 3827 2687 3897 paria
2709 3826 3162 3893 sunt,coudonare
3176 3827 3408 3900 culpam,
3425 3838 3478 3885 et
3491 3829 3559 3887 ad
3571 3831 3741 3885 animi
3756 3831 3878 3900 pui-

2265 3918 2565 3989 losophiam
2582 3920 2868 3986 adducere;
2891 3934 3000 3975 non
3020 3929 3144 3974 sunt
3160 3921 3326 3991 paria,
3341 3921 3572 3978 liberare
3584 3922 3659 3978 ab
3675 3923 3754 3978 ira
3765 3939 3876 3980 GI:-

2261 4009 2386 4087 dem
2401 4009 2646 4079 injustam
2659 4010 2918 4080 spirante,
2933 4010 3168 4067 eximere
3180 4025 3210 4064 a
3225 4010 3392 4079 caede,
3405 4011 3718 4068 eteximere
3741 4029 3770 4069 a
3791 4014 3845 4070 fu
3855 4041 3876 4056 -

2264 4090 2388 4155 rore
2417 4099 2484 4154 ad
2513 4108 2716 4154 tantum
2745 4109 3067 4171 properante
3085 4099 3259 4156 nefas.
3283 4100 3417 4156 Dum
3436 4101 3581 4156 enim
3611 4103 3879 4160 satellites

2264 4205 2395 4248 suos
2422 4191 2586 4248 David
2613 4191 2870 4261 cohibuit,
2899 4207 2969 4249 ne
2991 4191 3207 4249 Saulem
3235 4191 3584 4261 occiderent,
3614 4197 3876 4267 presenti

2265 4282 2484 4355 quidem
2510 4285 2634 4338 vitae
2661 4281 2857 4354 profuit
2879 4300 2895 4338 :
2915 4293 2973 4338 at
2996 4297 3119 4341 cum
3148 4283 3366 4340 mitibus
3399 4283 3582 4341 verbis
3609 4287 3878 4342 malitia

2267 4391 2334 4434 ex
2350 4377 2527 4432 animo
2543 4375 2780 4446 depellit,
2798 4373 3030 4434 futuram
3048 4376 3122 4433 illi
3145 4380 3307 4432 vitam
3323 4384 3635 4449 aeternaque
3653 4378 3878 4449 largitus

2268 4476 2356 4524 est
2378 4469 2541 4536 bona,
2571 4477 2828 4540 quantum
2857 4467 3075 4542 quidem
3104 4477 3224 4528 erat
3257 4468 3311 4524 in
3350 4468 3486 4540 ipso.
3516 4467 3749 4536 Quoties
3779 4469 3878 4542 ἱείς

2270 4571 2357 4623 tur
2385 4563 2642 4619 Davidem
2668 4562 2855 4618 laudas
2878 4563 2950 4618 ob
2977 4561 3141 4632 ipsius
3165 4562 3635 4618 mansuetudinem
3653 4603 3670 4629 ,
3701 4564 3876 4634 magis

2268 4656 2416 4713 illum
2444 4654 2620 4720 lauda,
2638 4653 2782 4727 quod
2804 4651 3020 4711 Sahlem
3048 4654 3361 4709 immutarit.
3393 4651 3672 4724 Siquidem
3707 4654 3878 4712 multo

2269 4749 2447 4805 minus
2490 4756 2574 4803 est
2615 4747 2848 4818 propriis
2895 4756 3197 4819 temperem
3237 4744 3619 4817 cupiditatibus
3643 4786 3659 4812 ,
3709 4761 3876 4817 quam

2270 4842 2499 4899 alienum
2531 4843 2745 4896 vincere
2772 4838 3009 4896 furorem
3035 4881 3050 4906 ,
3080 4855 3238 4914 quam
3277 4855 3372 4896 cor
3399 4841 3477 4896 ira
3505 4841 3878 4898 intumescens

2270 4946 2615 5009 compescere
2643 4972 2658 4997 ,
2688 4944 2825 5003 eque
2872 4938 3017 4986 tanta
3063 4939 3380 5002 tempestate
3435 4938 3641 4987 tantam
3697 4930 3880 4989 facere

2272 5023 2710 5095 tranquillitatem
2739 5061 2755 5090 ,
2786 5035 2943 5095 quam
2997 5022 3183 5078 oculos
3238 5021 3585 5078 homicidium
3642 5037 3761 5094 prae
3819 5038 3878 5080 se

2270 5114 2505 5178 ferentes
2532 5115 2721 5170 calidis
2747 5114 2970 5190 implere
2997 5113 3271 5188 lacrymis.
3297 5115 3471 5185 Atque
3498 5114 3603 5170 hoc
3628 5123 3718 5172 est
3755 5125 3876 5169 stu-

2271 5207 2417 5276 poris
2440 5218 2503 5259 ac
2531 5203 2773 5260 miraculi
2803 5204 3042 5277 plenum.
3072 5205 3284 5262 Etenim
3323 5205 3370 5260 si
3393 5204 3520 5260 Sani
3550 5205 3742 5261 fuisset
3780 5206 3874 5262 ho-

2270 5309 2360 5350 mo
2405 5293 2712 5351 moderatus
2738 5303 2794 5352 et
2839 5309 3025 5365 aequus
3046 5336 3064 5363 ,
3085 5310 3196 5352 non
3223 5294 3512 5354 admodum
3551 5298 3733 5368 magni
3760 5306 3879 5354 erat

2271 5385 2468 5456 negotii
2495 5385 2564 5440 ad
2593 5385 2803 5442 solitam
2834 5401 2957 5442 eum
2987 5400 3241 5443 revocare
3270 5387 3524 5442 virtutem
3551 5395 3645 5442 :at
3668 5387 3875 5444 εσθα-

2271 5484 2381 5532 tum
2411 5483 2468 5532 et
2494 5474 2562 5531 ad
2590 5487 2882 5532 extremam
2909 5486 3218 5547 provectum
3246 5476 3525 5544 malitiam,
3550 5477 3778 5548 jamque
3807 5478 3874 5533 ad

2269 5568 2472 5625 caedem
2501 5577 2878 5638 preperantetn
2902 5569 3052 5625 brevi
3082 5569 3340 5640 temporis
3366 5580 3645 5625 momento
3670 5571 3749 5626 sic
3787 5571 3872 5626 af-

2306 5701 2351 5774 }
2387 5699 3343 5774 Unns.hocr_uodologtt:niuas:4lii
3376 5701 3870 5771 alioshaaaresuu-

2270 5763 2424 5817 riam
2444 5762 2734 5816 existim.
