4066 6428
160 402 268 457 103

160 513 486 570 ἀκούσεται·
540 512 677 583 ὅπερ
722 507 817 565 οῦν
869 509 966 563 zeal
1014 510 1045 561 6
1090 506 1265 561 Σαοὺλ
1320 500 1474 567 οὗτος
1527 498 1749 554 ἔπαθεν.

173 584 531 667 Ἐπειδὴίγάρ
562 596 625 648 τὸ
651 594 811 663 νέφος
846 590 1111 664 διερῤἀγη
1147 590 1246 661 τῆς
1282 587 1505 658 ἔχθρας,
1542 583 1756 651 ἐπέγνω

160 679 257 735 τοῦ
281 666 446 734 Δαυῒδ
464 666 565 749 τήν
597 676 802 747 φωνὴν.
826 675 921 729 καί
950 690 1138 746 φησιν’
1168 673 1229 727 Ἠ
1245 669 1413 740 φωνή
1440 683 1557 723 σου
1579 666 1754 732 αὕτη,

160 763 382 817 τέκνον
409 759 593 816 Δαυτδ
606 776 627 825 ,'
652 760 789 813 Ποία
821 758 1023 826 Αὔτης
1055 757 1121 810 Ἠ
1156 755 1247 808 τὸν
1271 752 1463 806 ramo
1498 764 1755 815 κατενεγ-

162 845 356 909 κοῦσα,
389 843 482 898 zeal
512 844 614 915 τήν
638 841 795 895 πόλιν
821 840 1180 913 ἐξαρπάσασα
1209 836 1318 889 τῶν
1353 833 1633 915 κινδύνων.
1663 830 1757 883 zeal

163 927 296 998 περὶ
322 914 575 988 δουλείας
604 926 699 980 zeal
730 924 858 995 περὶ
891 921 1122 977 Θανάτου
1156 917 1561 979 κινδυνεύοντας
1583 914 1756 998 ἃπαν-

161 996 262 1073 τας
295 1010 387 1062 zeal
430 1007 567 1079 πρὸς
591 1007 891 1077 ἀσφάλειαν
920 1004 1016 1057 καὶ
1045 1002 1180 1074 πρὸς
1206 1000 1514 1071 ἐλευθερίαν
1549 996 1753 1051 ἐπανά-

162 1110 338 1162 γουσα
376 1091 559 1156 πάλιν,
600 1094 633 1161 ή
670 1092 768 1161 τήν
801 1088 1009 1141 ἐκείνου
1046 1084 1487 1139 καταστέλλουσα
1531 1079 1753 1152 μανίαν,

163 1174 338 1229 πολλὰ
362 1176 456 1227 zeal
486 1174 698 1244 μεγάλα
722 1171 885 1226 αὐτὸν
912 1169 1263 1241 ἐργασαμένη
1291 1166 1453 1221 καλά.
1472 1164 1622 1233 Δῦτη
1647 1162 1755 1233 γάρ

161 1260 196 1327 ὴ
230 1258 383 1327 φωνὴ
412 1257 502 1309 τὸν
541 1254 815 1325 βάρϐαρον
861 1255 1071 1307 ἐκεῖνον
1127 1251 1436 1321 κατήνεγκε
1459 1264 1476 1280 ·
1511 1246 1617 1318 πρὸ
1647 1246 1755 1318 γάρ

161 1340 256 1395 τοῦ
282 1339 455 1401 λίθου,
488 1340 522 1409 ή
546 1340 645 1407 τῆς
666 1339 831 1407 εὐχῆς
857 1336 1086 1406 δύναμις
1115 1333 1277 1388 αὐτὸν
1302 1330 1655 1403 ἐχειρώσατο.
1679 1330 1754 1383 Οὐ

161 1424 274 1494 γὰρ
305 1422 493 1485 ἀπλῶς
527 1422 618 1474 τὸν
643 1420 788 1473 λίθον
819 1419 1065 1491 ἔρριψεν,
1092 1416 1231 1471 άλλά
1261 1416 1526 1487 πρότερον
1562 1412 1753 1476 εἰπὼν,

162 1505 249 1559 Σὺ
277 1504 426 1573 ἔρχῃ
449 1506 600 1571 πρός
622 1520 700 1571 με
724 1502 797 1555 ἐν
827 1502 951 1567 τοῖς
974 1500 1129 1565 θεοῖς
1153 1514 1302 1553 σου·
1334 1497 1451 1567 ἐγὼ
1483 1496 1552 1550 δὲ
1588 1496 1757 1565 ἔρχο-

155 1605 261 1657 μαι
291 1588 443 1655 πρὸς
476 1588 551 1641 σὲ
578 1587 649 1639 ἐν
674 1587 917 1653 ὀνόματι
945 1583 1169 1651 Κυρίου
1198 1582 1464 1646 Σαϐαὼθ,
1498 1580 1571 1634 ὃν
1598 1579 1758 1632 ὠνεί-

160 1671 343 1736 δισας
371 1668 659 1739 σήμερον,
696 1666 870 1730 οῦτως
916 1666 1118 1735 ἀφῆκε.
1156 1665 1265 1718 Kal
1300 1664 1436 1733 αῦτη
1482 1663 1573 1716 τὸν
1610 1661 1756 1715 λίθον

161 1752 611 1825 ἐχειραγώγησεν
636 1753 669 1821 ή
715 1750 893 1821 φωνὴ,
924 1748 1065 1818 αῦτη
1102 1746 1200 1817 τὴν
1243 1746 1484 1813 ἀγωνίαν
1535 1744 1755 1797 ἐνέϐαλε

157 1834 239 1906 τῷ
272 1834 557 1907 βαρϐάρῳ,
596 1832 737 1905 αῦτη
767 1833 828 1886 τὸ
858 1832 1059 1903 θράσος
1095 1829 1318 1899 ἐξέκοψε
1338 1829 1433 1883 τοῦ
1472 1829 1751 1899 πολεμίου.

160 1918 277 1972 Kal
310 1918 364 1970 τί
413 1916 715 1985 θαυμάζεις
743 1956 759 1981 ,
800 1916 848 1969 εί
890 1913 1059 1984 θυμὸν
1106 1913 1456 1969 καταστέλλει
1495 1913 1647 1984 φωνὴ
1678 1913 1757 1966 δι-

158 2001 343 2061 καίου.
380 2001 473 2054 zeal
504 2000 796 2069 πολεμίους
822 1998 1099 2068 καθαιρεῖ,
1128 1998 1262 2050 ὅπου
1295 2014 1358 2065 γε
1384 1999 1476 2050 zeal
1498 1996 1757 2067 δαίμονας

157 2083 487 2147 ἀπελαύνει;
524 2082 881 2151 Ἐφθέγγοντο
901 2080 1033 2149 γοῦν
1056 2079 1217 2150 μόνον
1243 2081 1291 2132 οί
1320 2080 1630 2140 ἀπόστολοι,
1662 2080 1758 2133 zeal

159 2167 337 2219 πᾶσαι
359 2165 718 2237 ἐδραπέτευον
735 2165 790 2217 αἱ
814 2161 1189 2232 ἀντικείμεναι
1209 2162 1484 2232 δυνάμεις.
1517 2163 1579 2214 Ἡ
1604 2162 1757 2233 φωνὴ

156 2248 271 2302 τῶν
296 2248 466 2316 ἁγίων
496 2250 591 2302 zeal
614 2247 685 2300 τά
715 2248 958 2317 στοιχεῖα
996 2244 1260 2307 πολλάκις
1284 2246 1502 2315 ἔστησε,
1530 2244 1624 2297 zeal
1658 2244 1759 2308 τάς

157 2330 442 2403 ἐνεργείας
467 2331 648 2385 αὐτῶν
691 2328 1010 2400 μετέϐαλεν.
1038 2324 1177 2381 Εἶπε
1204 2326 1332 2395 γοῦν
1359 2328 1388 2379 6
1428 2327 1635 2397 Ἰησοῦς
1662 2326 1757 2381 τοῦ

155 2413 321 2483 Ναυῆ
360 2414 541 2483 μόνον,
582 2410 786 2479 Στήτω
830 2412 863 2465 ὁ
916 2412 1093 2479 ἥλιος
1122 2410 1223 2465 καὶ
1253 2412 1290 2478 ἡ
1336 2410 1614 2479 σελήνη,
1664 2410 1789 2467 zeal

156 2496 325 2568 ἔστη·
364 2496 507 2551 οὕτω
546 2498 642 2549 zeal
691 2499 719 2549 6
764 2497 1005 2565 Μωῦσῆς
1037 2494 1307 2548 θάλατταν
1360 2495 1591 2564 ἐπέδησε
1614 2535 1630 2560 ,
1665 2496 1759 2547 zeal

147 2581 366 2652 ἀνῆκεν
388 2600 399 2612 ·
434 2581 607 2645 οὕτως
635 2581 686 2634 οί
715 2580 903 2643 παῖδες
932 2582 982 2632 οί
1014 2582 1167 2650 τρεῖς
1196 2579 1297 2649 τὴν
1338 2578 1619 2648 ἐνέργειαν
1662 2578 1756 2631 τοῦ

157 2666 334 2735 πυρὸς
364 2665 595 2719 ἔσϐεσαν
627 2664 716 2718 διὰ
767 2665 875 2717 τῶν
905 2662 1094 2734 ῦμνων
1132 2662 1359 2717 ἐκείνων
1406 2664 1499 2715 zeal
1531 2662 1619 2717 διὰ
1655 2662 1757 2735 τῆς

153 2750 365 2821 φωνῆς.
397 2750 497 2803 Διά
534 2748 693 2801 τοῦτο
722 2748 819 2801 καί
854 2746 991 2818 πρὸς
1012 2746 1182 2817 αὐτὴν
1203 2745 1303 2816 τὴν
1332 2746 1516 2816 φωνὴν
1539 2746 1757 2817 διαθερ-

156 2832 390 2905 μανθεὶς
416 2835 445 2887 6
470 2832 644 2886 Σαοὺλ
675 2830 881 2899 ἐλεγεψ
919 2832 981 2885 Ἡ
1001 2828 1172 2899 φωνή
1199 2844 1318 2884 σου
1340 2830 1515 2898 αὕτη,
1543 2831 1759 2885 τέκνον

152 2916 380 2981 Δαυτδς
421 2916 487 2969 Τί
528 2915 658 2983 γοῦν
685 2916 714 2969 6
752 2915 952 2979 Δαυῖδ;
983 2914 1211 2979 Δοῦλός
1248 2927 1387 2980 σου,
1436 2914 1602 2983 κύριέ
1636 2933 1757 2984 μου

147 2998 441 3067 βασιλεῦ.
482 2996 722 3068 ’Ἅμιλλα
752 2998 937 3051 λοιπὸν
954 2998 1048 3050 zeal
1084 2995 1386 3065 φιλονεικία
1420 2996 1649 3063 γίνεται,
1675 2996 1760 3061 τίς

152 3083 250 3136 τὸν
288 3081 517 3151 πλησίον
564 3080 827 3152 μειζόνως
872 3080 1118 3151 τιμήσει.
1162 3079 1401 3143 Ἐκεῖνος
1451 3080 1531 3143 εἰς
1569 3080 1760 3150 συγγέ-

153 3182 312 3219 νειαν
341 3167 568 3235 ήγαγεν,
599 3158 755 3227 οὗτος
785 3162 1052 3234 δεσπότην
1072 3162 1235 3217 αὐτὸν
1261 3162 1565 3233 ὠνόμασεν.
1607 3165 1671 3216 Ὀ
1703 3164 1759 3217 δέ

153 3250 330 3315 λέγει,
351 3247 593 3302 τοιοῦτόν
615 3248 783 3302 ἐστιν·
812 3247 913 3301 Ἐν
937 3244 1086 3317 ζητῶ
1110 3245 1290 3317 μόνον,
1310 3248 1463 3317 φησὶ,
1485 3246 1758 3318 σωτηρίαν

152 3335 260 3405 τὴν
298 3332 418 3403 σὴν,
462 3332 557 3385 zeal
613 3330 713 3403 τήν
746 3330 991 3385 ἐπίδοσιν
1032 3329 1131 3401 τῆς
1172 3329 1398 3401 ἀρετῆς.
1448 3330 1652 3383 Τέκνον
1691 3346 1758 3401 με

156 3414 451 3480 ἐκάλεσας,
485 3413 597 3483 ἐγὼ
618 3415 675 3468 δέ
704 3412 905 3483 ἀγαπῶ
936 3413 1031 3467 zeal
1058 3413 1293 3484 στέργω,
1335 3411 1485 3486 [778]
1516 3413 1611 3467 ἐάν
1639 3413 1758 3467 δοῦ-

156 3498 256 3553 λόν
289 3515 358 3570 με
404 3498 555 3571 ἔχῃς,
588 3496 757 3568 μόνον’
788 3496 926 3568 μετά
951 3494 1048 3550 τοῦ
1091 3495 1392 3550 ἀποθέσθαι
1427 3495 1526 3567 τὴν
1566 3495 1755 3568 ὀργήν,

159 3581 325 3653 μόνον
350 3582 489 3652 μετά
508 3581 604 3635 τοῦ
638 3580 803 3652 μηδὲν
834 3578 1163 3634 ὑποπτεύειν
1186 3578 1312 3649 περὶ
1334 3577 1470 3649 ἐμοῦ
1497 3580 1755 3650 πονηρὸν,

158 3666 258 3720 καὶ
290 3665 366 3736 μή
412 3662 655 3735 νομίζειν
699 3663 984 3718 ἐπίϐουλον
1017 3658 1159 3717 εἶναι
1196 3662 1291 3715 zeal
1335 3660 1613 3731 πολέμιον.
1654 3660 1759 3715 Τὸν

156 3746 273 3818 γάρ
326 3746 682 3801 ἀποστολικδν
727 3748 933 3801 ἐκεῖνον
990 3745 1233 3817 ἐπλήρου
1288 3745 1487 3814 νόμον,
1532 3744 1623 3798 τὸν
1662 3762 1757 3798 κε-

156 3830 387 3885 λεύοντα
411 3833 477 3901 τῇ
510 3832 647 3902 τιμῇ
680 3829 944 3901 ἀλλήλους
977 3829 1360 3901 προηγεῖσθαι,
1392 3828 1759 3900 ὑπερέχοντας

157 3912 371 3969 ἑαυτῶν
397 3930 410 3944 ·
438 3913 501 3966 οὐ
525 3912 779 3985 καθάπερ
803 3913 1010 3977 πολλοὶ,
1038 3911 1399 3984 βοσκημάτων
1425 3910 1758 3982 διακείμενοι

156 3998 367 4069 χεῖρον,
398 3995 519 4049 οὐδὲ
562 3998 882 4068 προσειπεῖν
911 3995 1004 4049 τὸν
1038 3995 1268 4067 πλησίον
1303 3990 1589 4065 ἀνέχονται
1631 3995 1758 4068 πρό-

156 4096 352 4152 τεροι,
398 4077 713 4151 νομίζοντες
763 4076 1081 4150 ὑϐρίζεσθαι
1130 4078 1228 4133 zeal
1267 4076 1657 4143 ἐλαττοῦσθαι,
1708 4080 1758 4131 εί

156 4162 327 4234 ψιλῆς
350 4179 455 4215 τινι
482 4161 761 4233 μεταδοῖεν
796 4162 1176 4233 προσρήσεως.

232 4246 301 4298 Τί
325 4243 530 4317 ταύτης
549 4243 651 4315 τῆς
673 4244 861 4308 ἀνοίας
880 4242 1081 4313 γένοιτ’
1104 4244 1171 4299 ἀν
1192 4244 1627 4313 καταγελαστότε
1636 4262 1757 4317 ρον;

160 4329 215 4382 τί
241 4328 339 4382 τοῦ
364 4326 536 4397 τύφου
572 4326 763 4381 τούτου
809 4328 905 4382 zeal
936 4326 1035 4399 τῆς
1078 4327 1338 4392 ἀπονοίας
1369 4328 1755 4400 αίσχρότερον;

108 4464 109 4467 η
160 4412 299 4466 Τότε
330 4410 460 4483 γὰρ,
488 4411 610 4465 τότε
626 4409 1001 4480 ήλαττόνηκας
1025 4422 1074 4476 ο,
1098 4404 1145 4464 ὧ
1165 4409 1443 4482 ἄνθρωπε,
1463 4413 1584 4466 τότε
1606 4410 1759 4483 ὑϐρί-

164 4495 323 4565 σθης,
356 4494 479 4548 τότε
506 4492 837 4565 ὴτιμάσθης,
873 4493 1003 4547 ὅταν
1038 4489 1342 4567 ἀναμείνῃς
1400 4494 1492 4548 τὸν
1529 4494 1757 4565 πλησίον

163 4576 436 4651 πρότερόν
464 4592 525 4631 σε
558 4579 898 4650 προσειπεῖν.
940 4576 1007 4629 Τί
1032 4577 1142 4646 γάρ
1165 4577 1423 4641 ἀπονοίας
1455 4581 1668 4649 χεῖρον;
1704 4578 1757 4632 τί

162 4662 220 4716 δέ
249 4660 425 4732 τύφου
450 4660 543 4715 zeal
576 4659 879 4726 κενοδοξίας
914 4658 1480 4733 καταγελαστότερονς
1522 4663 1621 4715 Ἂν
1655 4663 1757 4734 μὶν

163 4745 276 4817 γὰρ
304 4744 567 4817 πρότερος
602 4744 927 4819 προσείπῃς,
956 4745 1053 4800 zeal
1077 4747 1106 4800 6
1146 4744 1280 4810 Θεὸς
1327 4745 1695 4811 ἐπαινέσεται,
1729 4747 1758 4801 6

165 4829 386 4884 πάντων
413 4828 617 4901 μεῖζον,
642 4829 740 4881 καὶ
765 4828 1042 4900 ἄνθρωποι
1063 4828 1121 4883 δέ
1141 4826 1517 4894 ἀποδέξονται,
1536 4828 1631 4882 zeal
1656 4830 1759 4901 τῆς

164 4910 382 4964 ἐκείνου
438 4911 801 4983 προσρήσεως
834 4914 900 4967 σὺ
946 4913 1041 4967 τὸν
1076 4912 1268 4985 μισθὸν
1314 4912 1533 4967 ἅπαντα
1574 4911 1754 4987 λήψῃ·

163 4993 233 5046 διν
268 4991 317 5046 δ’
363 4994 664 5067 ἀναμείνῃς
698 4993 969 5067 πρότερον
1023 4995 1277 5067 τιμηθεὶς
1326 4995 1471 5049 οὕτω
1502 4996 1755 5067 τιμῆσαι,

163 5074 322 5130 οὐδὲν
347 5075 491 5147 μέγα
522 5079 766 5150 είργάσω
804 5076 1013 5132 λοιπόν.
1054 5078 1113 5131 '0
1152 5077 1262 5147 γὰρ
1289 5078 1390 5148 τῆς
1423 5080 1502 5143 είς
1533 5078 1595 5133 σέ
1627 5096 1760 5135 κατ-

160 5156 338 5229 άρξας
387 5159 575 5230 τιμῆς,
624 5159 785 5224 αὐτὸς
825 5160 921 5215 zeal
974 5160 1075 5231 τῆς
1125 5160 1280 5232 παρά
1318 5159 1413 5214 σοῦ
1458 5162 1760 5235 γενομένης

164 5241 246 5305 είς
281 5241 444 5297 αὐτὸν
472 5243 768 5314 θεραπείας
798 5244 891 5298 τὸν
924 5245 1115 5316 μισθὸν
1148 5244 1364 5299 ἀπαντα
1384 5246 1639 5319 λήψεται.
1665 5246 1760 5319 Μὴ

160 5325 527 5398 ἀναμένωμεν
550 5327 729 5381 τοίνυν
767 5328 1033 5399 τιμᾶσθαι
1063 5329 1194 5401 παρ’
1214 5330 1418 5403 ἐτέρων
1462 5332 1723 5403 πρότεροι
1742 5348 1756 5362 ·

161 5406 281 5463 ἀλλ’
309 5409 687 5481 ἐπιτρέχωμεν
713 5412 834 5474 ταῖς
882 5411 961 5475 είς
1012 5412 1105 5465 τὸν
1148 5412 1373 5484 πλησίον
1417 5418 1627 5485 τιμαῖς,
1667 5417 1761 5471 zeal

160 5491 264 5562 τῆς
294 5493 652 5571 προσρήσεως
673 5493 762 5548 ἀεὶ
792 5494 1177 5567 κατάρχωμεν,
1209 5496 1306 5551 zeal
1334 5496 1410 5569 μή
1447 5496 1761 5571 νομίζωμεν

162 5574 322 5645 ψιλὸν
346 5570 485 5629 εἶναι
507 5576 601 5629 zeal
630 5576 846 5640 εὐτελές
870 5576 932 5631 16
959 5578 1295 5651 κατόρθωμα
1320 5580 1502 5650 τοῦτο,
1523 5581 1585 5637 16
1605 5583 1761 5652 γενέ-

224 5809 252 5837 ⁸
283 5804 403 5871 Reg.
432 5821 560 5858 unus
583 5809 886 5869 mum».-

488 5911 767 5976 ιἈτιιοι..
804 5918 923 5981 (λιι.
966 5916 1097 5979 LIV

1163 387 1252 444 DE
1297 382 1565 442 DAVIDE
1607 381 1691 434 ΕΤ
1737 378 1974 433 SAULI‘.‘
2014 377 2303 434 HOMILIA
2338 378 2429 433 Ill.

3348 375 3454 430 701

1863 494 1987 550 σθαι
2022 497 2435 568 εὐπροσήγορον
2467 494 2561 548 zeal
2581 492 3071 565 φιλοπροσήγορον.
3092 488 3300 556 Πολλὰς
3324 491 3457 561 γοῦν

1860 578 2041 648 φιλίας
2063 579 2341 649 ἐλλειφθὲν
2358 579 2517 633 τοῦτο
2544 577 2781 646 διέκοψε,
2807 576 3008 639 πολλὰς
3029 576 3229 647 ἔχθρας
3261 574 3451 645 είργά-

1860 678 1990 715 σατο
2009 677 2022 691 ’
2058 662 2343 735 ῶσπεροῦν
2373 663 2510 734 μετά
2537 660 2777 729 σπουδῆς
2803 659 3180 731 πληρούμενον
3207 662 3456 731 χρονίους

1860 743 2131 816 πολέμους
2156 746 2441 809 κατέλυσε,
2473 745 2685 808 καὶτὰς
2716 742 2882 807 οὔσας
2922 743 3103 811 φιλίας
3124 744 3453 813 ἀπέσφιγξε.

1858 826 1951 898 Μὴ
1985 827 2163 882 τοίνυν
2200 828 2431 901 ἀμελῇς,
2473 826 2748 897 ἀγαπητέ,
2786 826 2888 896 τῆς
2922 826 3052 898 περὶ
3083 825 3257 880 ταῦτα
3290 843 3457 881 σπουο

1856 908 1982 979 δῆς’
2013 910 2129 963 ἀλλ’
2155 913 2203 964 εί
2228 910 2328 981 μὲν
2350 906 2460 964 οἷόν
2488 928 2568 975 τε,
2601 911 2727 974 τοὺς
2757 910 3131 975 ἀπαντῶντας,
3161 903 3264 963 οἷοί
3310 927 3456 974 τινες

1858 990 1924 1043 ἂν
1946 984 2071 1057 ὦσι,
2106 994 2199 1047 zeal
2248 997 2305 1047 ἐν
2338 997 2460 1058 ταῖς
2493 995 2849 1065 προσρήσεσι,
2886 994 2982 1046 καὶ
3022 995 3080 1047 ἐν
3120 996 3233 1057 τοῖς
3272 993 3456 1058 ἀλλοις

1860 1073 2033 1127 ἅπασι
2055 1077 2311 1147 πρότεροι
2336 1076 2856 1149 θεραπεύωμεν.“Ᾱν
2876 1078 2931 1130 δέ
2959 1095 3019 1131 σε
3048 1078 3233 1150 ἔτερος
3247 1077 3453 1151 φθάσῃ,

1863 1157 2085 1226 μείζονα
2109 1156 2370 1224 ἐπίδειξαι
2396 1160 2493 1231 τήν
2519 1160 2683 1230 τιμὴν
2706 1160 2887 1215 πάλιν.
2908 1161 3017 1215 Kal
3040 1160 3150 1232 γάρ
3175 1162 3271 1215 zeal
3297 1160 3458 1214 τοῦτο

1860 1238 2171 1311 παρῄνεκεν
2227 1243 2255 1295 6
2314 1244 2564 1308 Παῦλος,
2618 1244 2793 1308 οὕτως
2850 1243 3056 1299 εἰπών·
3126 1244 3458 1310 Ἀλλήλους

1857 1322 2102 1393 ἡγεῖσθε
2156 1326 2569 1395 ὑπερέχοντας
2610 1326 2846 1381 ἑαυτῶν
2881 1327 2932 1382 ι’.
2982 1326 3171 1391 Οὕτως
3222 1328 3251 1380 6
3292 1327 3458 1381 Δαυῒδ

1859 1407 2103 1477 ἐποίησε,
2136 1409 2231 1461 zeal
2273 1410 2538 1483 πρότερος
2568 1412 2821 1482 ἐτίμησε,
2870 1412 2965 1465 zeal
2994 1414 3250 1482 τιμηθεὶς
3292 1414 3458 1468 πάλιν

1861 1490 2122 1560 μειζόνως
2155 1494 2551 1565 ἀντετίμησεν,
2595 1494 2801 1548 είπών·
2850 1495 3080 1561 Δοῦλός
3118 1513 3257 1561 σου,
3291 1498 3460 1565 κύριέ

1851 1590 1972 1641 μου
1987 1574 2276 1653 βασιλεῦ.
2296 1578 2405 1629 Καὶ
2426 1577 2530 1647 ὅρα
2549 1580 2673 1631 ὅσον
2692 1579 2989 1648 εἰργάσατο
3006 1580 3218 1651 κέρδος.
3238 1580 3460 1653 Ἐπειδὴ

1857 1654 1967 1727 γὰρ
1996 1652 2114 1709 εἶπε
2140 1657 2285 1711 τοῦθ’
2309 1660 2338 1712 6
2373 1660 2554 1723 Δαυῒδ,
2593 1661 2693 1713 οὐκ
2726 1662 2955 1732 ήνεγκεν
2984 1663 3251 1735 ἀδακρυτὶ
3272 1664 3460 1718 λοιπὸν

1856 1739 2062 1810 ταύτην
2088 1741 2319 1796 ἀκοῦσαι
2341 1741 2440 1813 τὴν
2460 1744 2646 1815 φωνήν
2666 1746 2695 1796 6
2718 1745 2917 1798 Σαούλ·
2960 1745 3077 1800 ἀλλ’
3100 1746 3338 1815 ὼλόλυξε
3370 1766 3461 1802 πι-

1859 1824 2012 1895 κρδν,
2052 1826 2151 1895 τὴν
2187 1827 2398 1895 ὐγὶειαν
2436 1829 2536 1899 τήν
2572 1830 2630 1881 ἐν
2662 1832 2729 1901 τῇ
2771 1829 2941 1901 ψυχῇ,
2975 1830 3073 1884 zeal
3109 1832 3210 1903 τὴν
3241 1832 3463 1902 φιλοσοο

1860 1907 2008 1975 φίαν,
2050 1910 2117 1981 ήν
2146 1910 2175 1962 6
2211 1908 2376 1963 Δαυῒδ
2420 1910 2672 1981 ἐνέθηκε,
2717 1912 2806 1965 διὰ
2834 1914 2943 1967 τῶν
2973 1913 3227 1987 δακρύων
3259 1915 3458 1987 δηλῶν.

1932 1988 1985 2045 ι’.
2012 1991 2077 2043 Τί
2101 1993 2296 2060 γένοιτ’
2321 1992 2387 2046 ἂν
2408 1995 2504 2050 τοῦ
2531 1996 2818 2065 Προφήτου
2846 1998 3286 2069 μακαριώτερον,
3304 1998 3364 2061 ὃς
3402 1999 3461 2053 ἐν

1862 2079 2096 2155 βραχείᾳ
2124 2084 2318 2158 καιροῦ
2348 2088 2490 2159 ῥοπῇ
2516 2085 2659 2139 οὕτω
2683 2086 2773 2140 τὸν
2795 2087 2991 2159 ἐχθρὸν
3022 2090 3458 2161 μετερῤύθμισε,

1860 2174 1954 2227 zeal
1981 2172 2160 2246 ψυχήν
2189 2175 2423 2247 αἵματος
2454 2177 2549 2230 zeal
2600 2180 2819 2247 σφαγῆς
2866 2177 3109 2248 διψῶσαν
3152 2180 3335 2235 λαϐὼν
3380 2185 3462 2247 εἰς

1860 2264 2096 2336 θρήνους
2134 2266 2391 2321 ἐνέϐαλεν
2421 2266 2618 2338 ἀθρόον
2642 2268 2735 2321 zeal
2766 2268 3141 2341 ὀλολυγμούςς
3171 2272 3284 2343 Οὐχ
3317 2273 3461 2328 οὕτω

1860 2356 2127 2427 θαυμάζω
2148 2358 2241 2412 τὸν
2263 2359 2490 2424 Μωσέα,
2519 2360 2601 2413 ὅτι
2632 2360 2742 2413 ἀπὸ
2774 2361 2981 2432 πέτρας
3004 2362 3317 2435 ἀκροτὸμου
3351 2384 3459 2439 πη-

1860 2450 1966 2517 γάς
2004 2450 2277 2521 ἐξήγαγεν
2297 2450 2532 2516 ὑδάτων,
2557 2451 2633 2514 ὠς
2662 2451 2933 2524 θαυμάζω
2954 2454 3047 2509 τὸν
3072 2456 3256 2523 Δαυῒδ,
3295 2458 3376 2512 δτι
3401 2459 3464 2526 ἐξ

1860 2542 2157 2613 ὀφθαλμῶν
2180 2542 2399 2597 λιθίνων
2428 2544 2614 2614 πηγὰς
2648 2544 2887 2617 ἐξήγαγε
2922 2546 3197 2617 δακρύων.
3217 2550 3463 2614 Ἐκεῖνος

1864 2634 1963 2704 μὲν
2000 2632 2111 2705 γάρ
2154 2634 2254 2705 τὴν
2289 2634 2454 2705 φύσιν
2499 2636 2770 2707 ἐνίκησεν,
2805 2631 2961 2701 οὗτος
2982 2638 3038 2693 δέ
3069 2639 3169 2711 τῆς
3197 2642 3464 2713 προαιρέ-

1863 2740 2002 2788 σεως
2026 2723 2407 2795 περιεγένετου
2435 2723 2587 2798 [779]
2622 2728 2829 2792 ἐκεῖνος
2880 2726 3121 2794 ἐπάταξε
3167 2732 3233 2802 τῇ
3278 2732 3463 2803 ῥάϐδῳ

1858 2816 1953 2869 τὸν
1981 2815 2148 2880 λίθον,
2186 2808 2343 2880 οὗτος
2396 2816 2628 2889 ἔκρουσε
2658 2818 2736 2888 τῷ
2770 2818 2914 2891 λόγῳ
2953 2819 3054 2892 τήν
3082 2821 3339 2893 καρδίαν,
3362 2823 3463 2894 οὐχ

1860 2904 1950 2958 ἵνα
1978 2905 2219 2977 λυπήσῃ,
2254 2906 2371 2960 ἀλλ’
2402 2907 2489 2961 ἵνα
2521 2908 2771 2981 καθαρὰν
2803 2911 3109 2981 ἐργάσηται
3151 2912 3249 2965 zeal
3286 2928 3461 2984 προσ-

1859 2998 1993 3067 ηνῆ’
2024 2998 2160 3069 ὅπερ
2211 2994 2305 3053 οῦν
2357 3001 2452 3053 zeal
2482 3001 2726 3072 ἐποίησε,
2777 3002 3003 3072 μείζονα
3042 3002 3145 3073 τῆς
3185 3004 3464 3077 προτέρας

1861 3087 2184 3158 εὐεργεσίας
2225 3088 2655 3161 ἐπιδειξάμενος.
2717 3090 2975 3145 Ἐπαίνου
3011 3091 3114 3163 μὲν
3161 3093 3314 3160 ἀξιον
3364 3096 3465 3150 zeal

1864 3180 2125 3249 μεγίστου
2156 3180 2433 3253 θαύματος
2490 3184 2585 3237 zeal
2640 3183 2703 3236 τὺ
2760 3184 2837 3257 μὴ
2884 3182 3148 3255 βαπτίσαι
3186 3186 3249 3241 16
3284 3186 3460 3257 ξίφος,

1864 3270 1999 3340 μηδὲ
2022 3271 2320 3343 ἀποτεμεῖν
2344 3273 2442 3343 τήν
2464 3272 2730 3344 πολεμίαν
2746 3276 2966 3348 ἐκείνην
2986 3279 3232 3352 κεφαλήν
3247 3294 3262 3309 ⁸
3280 3280 3464 3354 πολλῷ

1859 3361 1917 3414 δέ
1952 3362 2214 3417 πλειόνων
2266 3364 2334 3419 ἂν
2378 3363 2466 3435 είη
2508 3367 2793 3436 στεφάνων
2849 3369 2912 3423 16
2962 3370 3058 3425 zeal
3091 3373 3265 3444 αὐτὴν
3293 3374 3464 3429 αὐτοῦ

1864 3451 2190 3521 μεταϐαλεῖν
2216 3455 2317 3524 τὴν
2348 3455 2692 3529 προαίρεσιν,
2716 3458 2810 3512 zeal
2841 3458 3039 3530 βελτίω
3069 3464 3315 3535 ποιῆσαι,
3366 3466 3463 3520 zeal

1861 3542 2000 3615 πρὸς
2018 3544 2120 3615 τὴν
2146 3545 2356 3601 οίκείαν
2376 3546 2541 3601 αὐτὸν
2562 3548 2866 3605 ἐπιείκειαν
2892 3553 3220 3623 μεταϐαλεῖν
3239 3567 3287 3610 ο.
3310 3554 3461 3629 Αὕτη

1864 3636 2068 3707 μείζων
2093 3638 2312 3709 ἐκείνης
2340 3641 2374 3711 ή
2401 3640 2713 3713 εὐεργεσία.
2740 3645 2816 3697 Οὐ
2851 3646 2961 3717 γάρ
2989 3647 3139 3701 ἐστιν
3175 3647 3291 3704 ἴσον
3318 3647 3465 3721 ζωήν

1860 3726 2215 3798 χαρίσασθαι,
2238 3729 2332 3784 zeal
2357 3732 2439 3796 είς
2468 3732 2789 3805 φιλοσοφίαν
2809 3736 3105 3806 ἐναγαγεῖν
3132 3756 3144 3768 ·
3178 3738 3280 3794 οὐκ
3314 3739 3463 3794 ἐστιν

1862 3820 1977 3875 ῐσον
2005 3821 2316 3889 ἀπαλλάξαι
2348 3824 2523 3897 θυμοῦ
2560 3826 2817 3893 πνέοντος
2854 3829 3017 3900 φόνον
3044 3830 3254 3897 ἄδικον,
3283 3830 3467 3901 ἐξελέ-

1862 3909 1987 3965 σθαι
2017 3913 2255 3985 σφαγῆς,
2279 3915 2373 3969 καὶ
2389 3914 2668 3983 ἐξελέσθαι
2692 3936 2767 3972 πα
2776 3918 3078 3992 ραπληξίας
3099 3922 3193 3976 ἐπὶ
3208 3921 3465 3977 τοσοῦτον

1859 4000 2153 4076 ὀδευούσης
2182 4008 2371 4061 κακόν.
2413 4008 2555 4073 Τοὺς
2579 4011 2680 4081 μέν
2708 4012 2818 4084 γάρ
2845 4013 3183 4088 δορυφόρους
3212 4016 3463 4093 κωλύσας

1859 4094 2025 4148 αὐτὸν
2058 4095 2291 4161 ἀνελεῖν,
2327 4098 2470 4153 κατὰ
2518 4100 2610 4154 τὸν
2643 4101 2890 4173 παρόντα
2942 4102 3058 4175 βίον
3094 4106 3326 4177 ὠφελεῖ·
3364 4111 3466 4179 τὴν

1860 4184 1917 4239 δέ
1946 4187 2212 4258 πονηρίαν
2238 4188 2341 4260 τῆς
2364 4190 2543 4263 ψυχῆς
2564 4193 2813 4249 ἐκϐαλὼν
2834 4195 2925 4251 διὰ
2942 4200 3044 4269 τῆς
3066 4197 3177 4253 τῶν
3199 4202 3466 4273 ῥημάτων

1860 4274 2186 4340 ἐπιεικείας,
2217 4276 2319 4348 τὴν
2352 4278 2657 4350 μέλλουσαν
2685 4282 2839 4354 αὐτῷ
2874 4284 3022 4357 ζωήν
3046 4286 3345 4359 ἐχαρίσατο
3368 4294 3467 4345 zeal

1858 4364 1929 4418 τά
1953 4366 2188 4438 ἀκίνητα
2213 4370 2416 4438 ἀγαθὰ,
2440 4372 2503 4424 τό
2530 4388 2595 4441 γε
2623 4375 2707 4438 είς
2733 4374 2900 4430 αὐτὸν
2946 4370 3104 4449 ἧκον.
3159 4379 3328 4436 Ὅταν
3368 4377 3464 4437 οῦν

1860 4457 2025 4511 αὐτὸν
2057 4460 2351 4535 ἐπαινέσῃς
2374 4462 2465 4517 διά
2492 4464 2595 4537 τὴν
2627 4466 2836 4522 οίκείαν
2856 4469 3166 4542 πραότητα,
3198 4470 3466 4542 μειζόνως

1860 4548 2025 4605 αὐτὸν
2054 4550 2338 4623 θαύμασον
2366 4554 2459 4609 διά
2497 4555 2597 4629 τήν
2638 4556 2735 4611 τοῦ
2774 4558 2949 4613 Σαοὺλ
2991 4560 3321 4634 μεταϐολήν.
3354 4563 3463 4619 Τοῦ

1860 4642 1972 4714 γάρ
1993 4642 2101 4698 τῶν
2122 4646 2338 4700 οίκείων
2358 4651 2630 4718 κρατῆσαι
2652 4648 2863 4714 παθῶν,
2896 4650 3031 4707 πολὺ
3062 4653 3227 4709 πλέον
3256 4655 3377 4711 ἐστὶ
3402 4657 3465 4711 τὸ

1862 4736 1958 4791 zeal
1984 4737 2085 4807 τῆς
2115 4738 2323 4811 ἐτέρων
2353 4741 2740 4814 περιγενέσθαι
2783 4745 2986 4815 μανίας
3006 4785 3024 4811 ,
3059 4748 3156 4801 zeal
3188 4749 3465 4822 φλεγμαί-

1862 4844 2061 4883 νουσαν
2092 4829 2446 4885 καταστεῖλαι
2490 4833 2741 4905 καρδίαν,
2772 4835 2868 4890 zeal
2899 4837 3176 4912 τοσαύτην
3220 4841 3465 4916 γαλήνην

1862 4919 1974 4974 ἀπὸ
1999 4921 2273 4992 τοσαύτης
2300 4922 2641 4993 ἐργάσασθαι
2678 4924 2870 4999 ζάλης,
2902 4929 2999 4984 zeal
3026 4930 3345 5004 ὀφθαλμοὺς
3365 4936 3463 5004 φό-

1818 5050 1821 5053 λ
1863 5026 1954 5063 νον
1979 5008 2280 5080 βλέποντας
2305 5011 2560 5083 δακρύων
2580 5014 2863 5087 ἐμπλῆσαι
2895 5016 3140 5089 θερμῶν.
3173 5021 3286 5075 Kal
3304 5021 3467 5086 τοῦτό

1862 5101 2032 5168 ἐστιν,
2068 5101 2098 5155 δ
2125 5101 2329 5173 πολλῆς
2355 5102 2678 5177 ἐκπλήξεως
2704 5107 2864 5180 γέμει
2887 5110 2980 5164 zeal
3014 5108 3317 5183 θαύματος.
3353 5114 3468 5169 Kal

1863 5192 1973 5266 γὰρ
2003 5194 2051 5248 εί
2082 5196 2181 5267 μὲν
2219 5196 2329 5251 τῶν
2359 5197 2621 5252 ἐπιεικῶν
2648 5202 2745 5254 zeal
2778 5201 3021 5274 μετρίων
3066 5204 3374 5277 ἀνθρώπιον
3396 5203 3466 5278 ἦν

1862 5284 1891 5336 6
1917 5283 2112 5351 Σαοὺλ,
2144 5286 2206 5339 οὐ
2241 5286 2383 5358 μέγα
2404 5282 2473 5359 ἦν
2496 5288 2706 5362 σφόδρα
2731 5290 3107 5362 ἐπαναγαγεῖν
3133 5293 3299 5349 αὐτὸν
3328 5298 3468 5367 πρὸς

1861 5377 1964 5447 τὴν
1996 5376 2203 5432 οἰκείαν
2238 5380 2443 5451 ἀρετήν
2464 5394 2477 5409 °
2513 5380 2574 5435 16
2607 5380 2653 5435 δ’
2676 5382 3155 5456 ἐκτεθηριωμένον
3182 5386 3278 5440 zeal
3329 5388 3468 5458 πρὸς

1865 5469 2101 5541 ἐσχάτην
2130 5470 2333 5525 κακίαν
2360 5470 2735 5542 ἐξοκείλαντα,
2765 5474 2860 5530 zeal
2893 5476 3031 5548 πρὸς
3071 5477 3288 5551 σφαγήν
3316 5479 3467 5533 ἐπει-

1865 5561 2115 5630 γόμενον,
2148 5562 2207 5614 ἐν
2230 5560 2463 5634 βραχείᾳ
2485 5564 2680 5635 καιροῦ
2726 5567 2867 5640 ῥοπῇ
2900 5569 3327 5641 παρασκευάσαι
3364 5572 3469 5625 πᾶ·

1927 5749 1957 5823 ξ
1979 5751 2160 5823 gnen-
2184 5753 2255 5814 Τῇ
2272 5757 2385 5815 τιμῇ
2409 5752 2644 5823 ἀλλήλους
2662 5761 2967 5823 προηγεῖσθε.
2996 5760 3079 5812 δίε
3100 5773 3245 5821 unus.

1930 5815 1952 5845 ι’
1984 5812 2103 5875 Reg.
2135 5812 2263 5862 unua
2282 5812 2583 5878 μεταγαγεῖν.
2632 5812 2641 5815 ⁷
2701 5812 2711 5823 “
2776 5812 2809 5821 ”
3094 5885 3160 5948 2'
