  <div class='ocr_page' id='page_1' title='image "/cluster/home/n/w/nwhite01/storage/ocr_20150623/54/ien.35556001660810/338.png"; bbox 0 0 4066 6432; ppageno 0'>
   <div class='ocr_carea' id='block_1_1' title="bbox 252 399 356 454">
    <p class='ocr_par' dir='ltr' id='par_1_1' title="bbox 252 399 356 454">
     <span class='ocr_line' id='line_1_1' title="bbox 252 399 356 454; baseline 0 0"><span class='ocrx_word' id='word_1_1' title='bbox 252 399 356 454; x_wconf 73' lang='lat'><strong>703</strong></span> 
     </span>
    </p>
   </div>
   <div class='ocr_carea' id='block_1_2' title="bbox 250 499 1848 581">
    <p class='ocr_par' dir='ltr' id='par_1_2' title="bbox 250 499 1848 581">
     <span class='ocr_line' id='line_1_2' title="bbox 250 499 1848 581; baseline -0.011 -13"><span class='ocrx_word' id='word_1_2' title='bbox 250 515 449 581; x_wconf 79' lang='lat' dir='ltr'><strong>licere,</strong></span> <span class='ocrx_word' id='word_1_3' title='bbox 481 518 540 567; x_wconf 97' lang='grc' dir='ltr'><strong>ιιι</strong></span> <span class='ocrx_word' id='word_1_4' title='bbox 583 522 798 564; x_wconf 90' lang='lat' dir='ltr'><strong>omnem</strong></span> <span class='ocrx_word' id='word_1_5' title='bbox 845 507 991 561; x_wconf 80' lang='lat' dir='ltr'><strong>illam</strong></span> <span class='ocrx_word' id='word_1_6' title='bbox 1042 501 1457 558; x_wconf 76' lang='lat' dir='ltr'><strong>amaritudinem</strong></span> <span class='ocrx_word' id='word_1_7' title='bbox 1504 499 1848 569; x_wconf 76' lang='lat' dir='ltr'><strong>exstinguat,</strong></span> 
     </span>
    </p>
   </div>
   <div class='ocr_carea' id='block_1_3' title="bbox 254 589 1860 674">
    <p class='ocr_par' dir='ltr' id='par_1_3' title="bbox 254 589 1860 674">
     <span class='ocr_line' id='line_1_3' title="bbox 254 589 1860 674; baseline -0.01 -15"><span class='ocrx_word' id='word_1_8' title='bbox 254 620 408 674; x_wconf 88' lang='lat' dir='ltr'><strong>quem</strong></span> <span class='ocrx_word' id='word_1_9' title='bbox 442 617 550 656; x_wconf 93' lang='lat' dir='ltr'><strong>non</strong></span> <span class='ocrx_word' id='word_1_10' title='bbox 575 600 828 654; x_wconf 90' lang='lat' dir='ltr'><strong>obscuret</strong></span> <span class='ocrx_word' id='word_1_11' title='bbox 854 596 1118 660; x_wconf 91' lang='lat' dir='ltr'><strong>omnium,</strong></span> <span class='ocrx_word' id='word_1_12' title='bbox 1151 594 1240 664; x_wconf 88' lang='lat' dir='ltr'><strong>qui</strong></span> <span class='ocrx_word' id='word_1_13' title='bbox 1269 608 1523 662; x_wconf 83' lang='lat' dir='ltr'><strong>umquam</strong></span> <span class='ocrx_word' id='word_1_14' title='bbox 1549 605 1712 660; x_wconf 82' lang='lat' dir='ltr'><strong>super</strong></span> <span class='ocrx_word' id='word_1_15' title='bbox 1743 589 1860 660; x_wconf 81' lang='lat' dir='ltr'><strong>phi-</strong></span> 
     </span>
    </p>
   </div>
   <div class='ocr_carea' id='block_1_4' title="bbox 250 681 1652 764">
    <p class='ocr_par' dir='ltr' id='par_1_4' title="bbox 250 681 1652 764">
     <span class='ocr_line' id='line_1_4' title="bbox 250 681 1652 764; baseline -0.011 -15"><span class='ocrx_word' id='word_1_16' title='bbox 250 693 508 764; x_wconf 68' lang='lat' dir='ltr'><strong>losophize</strong></span> <span class='ocrx_word' id='word_1_17' title='bbox 533 690 776 746; x_wconf 89' lang='lat' dir='ltr'><strong>doctrina</strong></span> <span class='ocrx_word' id='word_1_18' title='bbox 802 687 1007 742; x_wconf 89' lang='lat' dir='ltr'><strong>clarum</strong></span> <span class='ocrx_word' id='word_1_19' title='bbox 1038 698 1387 756; x_wconf 81' lang='lat' dir='ltr'><strong>promeruere</strong></span> <span class='ocrx_word' id='word_1_20' title='bbox 1409 681 1652 736; x_wconf 84' lang='lat' dir='ltr'><strong>nomen?</strong></span> 
     </span>
    </p>
   </div>
   <div class='ocr_carea' id='block_1_5' title="bbox 324 772 1858 847">
    <p class='ocr_par' dir='ltr' id='par_1_5' title="bbox 324 772 1858 847">
     <span class='ocr_line' id='line_1_5' title="bbox 324 772 1858 847; baseline -0.008 -11"><span class='ocrx_word' id='word_1_21' title='bbox 324 782 476 837; x_wconf 80' lang='lat' dir='ltr'><strong>Nihil</strong></span> <span class='ocrx_word' id='word_1_22' title='bbox 521 779 834 836; x_wconf 80' lang='lat' dir='ltr'><strong>humanitate</strong></span> <span class='ocrx_word' id='word_1_23' title='bbox 875 777 1148 847; x_wconf 79' lang='lat' dir='ltr'><strong>potentius.</strong></span> <span class='ocrx_word' id='word_1_24' title='bbox 1199 773 1344 830; x_wconf 82' lang='lat' dir='ltr'><strong>Iram</strong></span> <span class='ocrx_word' id='word_1_25' title='bbox 1387 772 1564 826; x_wconf 84' lang='lat' dir='ltr'><strong>sedare</strong></span> <span class='ocrx_word' id='word_1_26' title='bbox 1601 772 1654 825; x_wconf 87' lang='lat' dir='ltr'><strong>in</strong></span> <span class='ocrx_word' id='word_1_27' title='bbox 1685 782 1858 826; x_wconf 82' lang='lat' dir='ltr'><strong>nostra</strong></span> 
     </span>
    </p>
   </div>
   <div class='ocr_carea' id='block_1_6' title="bbox 250 859 1856 945">
    <p class='ocr_par' dir='ltr' id='par_1_6' title="bbox 250 859 1856 945">
     <span class='ocr_line' id='line_1_6' title="bbox 250 859 1856 945; baseline -0.007 -16"><span class='ocrx_word' id='word_1_28' title='bbox 250 887 325 930; x_wconf 78' lang='lat' dir='ltr'><strong>ert</strong></span> <span class='ocrx_word' id='word_1_29' title='bbox 353 859 617 945; x_wconf 62' lang='lat' dir='ltr'><strong>potestate.</strong></span> <span class='ocrx_word' id='word_1_30' title='bbox 646 899 719 911; x_wconf 90' lang='lat'><strong>-—</strong></span> <span class='ocrx_word' id='word_1_31' title='bbox 740 871 803 925; x_wconf 82' lang='lat' dir='ltr'><strong>Et</strong></span> <span class='ocrx_word' id='word_1_32' title='bbox 835 879 892 925; x_wconf 91' lang='lat' dir='ltr'><strong>tu</strong></span> <span class='ocrx_word' id='word_1_33' title='bbox 919 869 1100 940; x_wconf 83' lang='lat' dir='ltr'><strong>igitur,</strong></span> <span class='ocrx_word' id='word_1_34' title='bbox 1128 867 1173 921; x_wconf 94' lang='lat' dir='ltr'><strong>si</strong></span> <span class='ocrx_word' id='word_1_35' title='bbox 1203 865 1419 937; x_wconf 81' lang='lat' dir='ltr'><strong>quando</strong></span> <span class='ocrx_word' id='word_1_36' title='bbox 1450 864 1620 920; x_wconf 83' lang='lat' dir='ltr'><strong>hostis</strong></span> <span class='ocrx_word' id='word_1_37' title='bbox 1650 862 1856 918; x_wconf 86' lang='lat' dir='ltr'><strong>incide-</strong></span> 
     </span>
    </p>
   </div>
   <div class='ocr_carea' id='block_1_7' title="bbox 233 953 1856 1026">
    <p class='ocr_par' dir='ltr' id='par_1_7' title="bbox 233 953 1856 1026">
     <span class='ocr_line' id='line_1_7' title="bbox 233 953 1856 1026; baseline -0.007 -8"><span class='ocrx_word' id='word_1_38' title='bbox 233 966 321 1019; x_wconf 84' lang='lat' dir='ltr'><strong>.rit</strong></span> <span class='ocrx_word' id='word_1_39' title='bbox 366 965 418 1018; x_wconf 93' lang='lat' dir='ltr'><strong>in</strong></span> <span class='ocrx_word' id='word_1_40' title='bbox 451 975 642 1019; x_wconf 88' lang='lat' dir='ltr'><strong>manus</strong></span> <span class='ocrx_word' id='word_1_41' title='bbox 679 970 834 1023; x_wconf 91' lang='lat' dir='ltr'><strong>tuas,</strong></span> <span class='ocrx_word' id='word_1_42' title='bbox 875 975 944 1015; x_wconf 90' lang='lat' dir='ltr'><strong>ne</strong></span> <span class='ocrx_word' id='word_1_43' title='bbox 983 957 1113 1014; x_wconf 91' lang='lat' dir='ltr'><strong>illud</strong></span> <span class='ocrx_word' id='word_1_44' title='bbox 1162 966 1342 1026; x_wconf 89' lang='lat' dir='ltr'><strong>specta</strong></span> <span class='ocrx_word' id='word_1_45' title='bbox 1369 997 1384 1022; x_wconf 88' lang='lat'><strong>,</strong></span> <span class='ocrx_word' id='word_1_46' title='bbox 1410 954 1681 1026; x_wconf 88' lang='lat' dir='ltr'><strong>quomodo</strong></span> <span class='ocrx_word' id='word_1_47' title='bbox 1710 953 1856 1008; x_wconf 89' lang='lat' dir='ltr'><strong>illum</strong></span> 
     </span>
    </p>
   </div>
   <div class='ocr_carea' id='block_1_8' title="bbox 247 1045 1855 1119">
    <p class='ocr_par' dir='ltr' id='par_1_8' title="bbox 247 1045 1855 1119">
     <span class='ocr_line' id='line_1_8' title="bbox 247 1045 1855 1119; baseline -0.006 -11"><span class='ocrx_word' id='word_1_48' title='bbox 247 1052 530 1109; x_wconf 73' lang='lat' dir='ltr'><strong>ulciscaris</strong></span> <span class='ocrx_word' id='word_1_49' title='bbox 553 1093 569 1118; x_wconf 96' lang='lat'><strong>,</strong></span> <span class='ocrx_word' id='word_1_50' title='bbox 600 1051 1002 1119; x_wconf 85' lang='lat' dir='ltr'><strong>innumerisque</strong></span> <span class='ocrx_word' id='word_1_51' title='bbox 1037 1046 1291 1104; x_wconf 91' lang='lat' dir='ltr'><strong>conviciis</strong></span> <span class='ocrx_word' id='word_1_52' title='bbox 1317 1060 1666 1117; x_wconf 81' lang='lat' dir='ltr'><strong>conspersum</strong></span> <span class='ocrx_word' id='word_1_53' title='bbox 1693 1045 1855 1099; x_wconf 89' lang='lat' dir='ltr'><strong>emit-</strong></span> 
     </span>
    </p>
   </div>
   <div class='ocr_carea' id='block_1_9' title="bbox 251 1137 1860 1215">
    <p class='ocr_par' dir='ltr' id='par_1_9' title="bbox 251 1137 1860 1215">
     <span class='ocr_line' id='line_1_9' title="bbox 251 1137 1860 1215; baseline -0.007 -13"><span class='ocrx_word' id='word_1_54' title='bbox 251 1155 336 1202; x_wconf 86' lang='lat' dir='ltr'><strong>tas</strong></span> <span class='ocrx_word' id='word_1_55' title='bbox 363 1187 378 1212; x_wconf 88' lang='lat'><strong>,</strong></span> <span class='ocrx_word' id='word_1_56' title='bbox 403 1145 498 1202; x_wconf 88' lang='lat' dir='ltr'><strong>sed</strong></span> <span class='ocrx_word' id='word_1_57' title='bbox 537 1142 808 1215; x_wconf 92' lang='lat' dir='ltr'><strong>quomodo</strong></span> <span class='ocrx_word' id='word_1_58' title='bbox 849 1155 1034 1206; x_wconf 89' lang='lat' dir='ltr'><strong>sanes,</strong></span> <span class='ocrx_word' id='word_1_59' title='bbox 1087 1138 1362 1210; x_wconf 86' lang='lat' dir='ltr'><strong>quomodo</strong></span> <span class='ocrx_word' id='word_1_60' title='bbox 1407 1138 1474 1192; x_wconf 91' lang='lat' dir='ltr'><strong>ad</strong></span> <span class='ocrx_word' id='word_1_61' title='bbox 1514 1137 1860 1194; x_wconf 75' lang='lat' dir='ltr'><strong>sobrietatem</strong></span> 
     </span>
    </p>
   </div>
   <div class='ocr_carea' id='block_1_10' title="bbox 246 1229 1857 1312">
    <p class='ocr_par' dir='ltr' id='par_1_10' title="bbox 246 1229 1857 1312">
     <span class='ocr_line' id='line_1_10' title="bbox 246 1229 1857 1312; baseline -0.007 -16"><span class='ocrx_word' id='word_1_62' title='bbox 246 1237 477 1295; x_wconf 76' lang='lat' dir='ltr'><strong>reducas</strong></span> <span class='ocrx_word' id='word_1_63' title='bbox 513 1254 528 1290; x_wconf 91' lang='lat'><strong>:</strong></span> <span class='ocrx_word' id='word_1_64' title='bbox 574 1250 747 1306; x_wconf 89' lang='lat' dir='ltr'><strong>neque</strong></span> <span class='ocrx_word' id='word_1_65' title='bbox 795 1234 942 1305; x_wconf 91' lang='lat' dir='ltr'><strong>prius</strong></span> <span class='ocrx_word' id='word_1_66' title='bbox 991 1232 1224 1288; x_wconf 74' lang='lat' dir='ltr'><strong>desistas</strong></span> <span class='ocrx_word' id='word_1_67' title='bbox 1266 1232 1445 1312; x_wconf 86' lang='lat' dir='ltr'><strong>omnia</strong></span> <span class='ocrx_word' id='word_1_68' title='bbox 1491 1239 1603 1288; x_wconf 87' lang='lat' dir='ltr'><strong>tum</strong></span> <span class='ocrx_word' id='word_1_69' title='bbox 1647 1229 1857 1294; x_wconf 82' lang='lat' dir='ltr'><strong>facere,</strong></span> 
     </span>
    </p>
   </div>
   <div class='ocr_carea' id='block_1_11' title="bbox 250 1323 1857 1395">
    <p class='ocr_par' dir='ltr' id='par_1_11' title="bbox 250 1323 1857 1395">
     <span class='ocr_line' id='line_1_11' title="bbox 250 1323 1857 1395; baseline -0.004 -11"><span class='ocrx_word' id='word_1_70' title='bbox 250 1338 364 1385; x_wconf 89' lang='lat' dir='ltr'><strong>tum</strong></span> <span class='ocrx_word' id='word_1_71' title='bbox 405 1330 586 1385; x_wconf 82' lang='lat' dir='ltr'><strong>dicere</strong></span> <span class='ocrx_word' id='word_1_72' title='bbox 611 1370 626 1394; x_wconf 94' lang='lat'><strong>,</strong></span> <span class='ocrx_word' id='word_1_73' title='bbox 671 1327 844 1383; x_wconf 90' lang='lat' dir='ltr'><strong>donec</strong></span> <span class='ocrx_word' id='word_1_74' title='bbox 890 1337 978 1382; x_wconf 91' lang='lat' dir='ltr'><strong>tua</strong></span> <span class='ocrx_word' id='word_1_75' title='bbox 1028 1327 1434 1382; x_wconf 84' lang='lat' dir='ltr'><strong>mansuetudine</strong></span> <span class='ocrx_word' id='word_1_76' title='bbox 1475 1323 1749 1395; x_wconf 90' lang='lat' dir='ltr'><strong>superaris</strong></span> <span class='ocrx_word' id='word_1_77' title='bbox 1792 1324 1857 1378; x_wconf 81' lang='lat' dir='ltr'><strong>il-</strong></span> 
     </span>
    </p>
   </div>
   <div class='ocr_carea' id='block_1_12' title="bbox 249 1417 1856 1487">
    <p class='ocr_par' dir='ltr' id='par_1_12' title="bbox 249 1417 1856 1487">
     <span class='ocr_line' id='line_1_12' title="bbox 249 1417 1856 1487; baseline -0.004 -11"><span class='ocrx_word' id='word_1_78' title='bbox 249 1421 354 1476; x_wconf 89' lang='lat' dir='ltr'><strong>lius</strong></span> <span class='ocrx_word' id='word_1_79' title='bbox 402 1420 796 1476; x_wconf 86' lang='lat' dir='ltr'><strong>truculentiam.</strong></span> <span class='ocrx_word' id='word_1_80' title='bbox 824 1417 964 1474; x_wconf 84' lang='lat' dir='ltr'><strong>Nihil</strong></span> <span class='ocrx_word' id='word_1_81' title='bbox 1003 1418 1146 1473; x_wconf 91' lang='lat' dir='ltr'><strong>enim</strong></span> <span class='ocrx_word' id='word_1_82' title='bbox 1192 1417 1520 1472; x_wconf 82' lang='lat' dir='ltr'><strong>humanitate</strong></span> <span class='ocrx_word' id='word_1_83' title='bbox 1565 1417 1856 1487; x_wconf 85' lang='lat' dir='ltr'><strong>potentius.</strong></span> 
     </span>
    </p>
   </div>
   <div class='ocr_carea' id='block_1_13' title="bbox 249 1506 1860 1582">
    <p class='ocr_par' dir='ltr' id='par_1_13' title="bbox 249 1506 1860 1582">
     <span class='ocr_line' id='line_1_13' title="bbox 249 1506 1860 1582; baseline -0.004 -14"><span class='ocrx_word' id='word_1_84' title='bbox 249 1513 405 1582; x_wconf 85' lang='lat' dir='ltr'><strong>Quod</strong></span> <span class='ocrx_word' id='word_1_85' title='bbox 472 1512 646 1582; x_wconf 88' lang='lat' dir='ltr'><strong>ipsum</strong></span> <span class='ocrx_word' id='word_1_86' title='bbox 713 1510 930 1582; x_wconf 89' lang='lat' dir='ltr'><strong>quidam</strong></span> <span class='ocrx_word' id='word_1_87' title='bbox 988 1509 1314 1574; x_wconf 83' lang='lat' dir='ltr'><strong>declaravit,</strong></span> <span class='ocrx_word' id='word_1_88' title='bbox 1375 1508 1563 1564; x_wconf 86' lang='lat' dir='ltr'><strong>dicens</strong></span> <span class='ocrx_word' id='word_1_89' title='bbox 1614 1525 1627 1562; x_wconf 90' lang='lat'><strong>:</strong></span> <span class='ocrx_word' id='word_1_90' title='bbox 1677 1506 1860 1563; x_wconf 75' lang='lat' dir='ltr'><strong>Sermo</strong></span> 
     </span>
    </p>
   </div>
   <div class='ocr_carea' id='block_1_14' title="bbox 251 1597 1859 1673">
    <p class='ocr_par' dir='ltr' id='par_1_14' title="bbox 251 1597 1859 1673">
     <span class='ocr_line' id='line_1_14' title="bbox 251 1597 1859 1673; baseline -0.002 -17"><span class='ocrx_word' id='word_1_91' title='bbox 251 1604 422 1658; x_wconf 71' lang='lat' dir='ltr'><strong>attollis</strong></span> <span class='ocrx_word' id='word_1_92' title='bbox 465 1603 750 1673; x_wconf 75' lang='lat' dir='ltr'><strong>confringet</strong></span> <span class='ocrx_word' id='word_1_93' title='bbox 793 1617 909 1656; x_wconf 81' lang='lat' dir='ltr'><strong>ossa</strong></span> <span class='ocrx_word' id='word_1_94' title='bbox 951 1598 1154 1671; x_wconf 76' lang='lat' dir='ltr'><strong>(Prov.</strong></span> <span class='ocrx_word' id='word_1_95' title='bbox 1195 1598 1286 1653; x_wconf 72' lang='lat'><strong>25.</strong></span> <span class='ocrx_word' id='word_1_96' title='bbox 1332 1599 1398 1668; x_wconf 62' lang='lat' dir='ltr'><strong>l5</strong></span> <span class='ocrx_word' id='word_1_97' title='bbox 1423 1598 1466 1669; x_wconf 90' lang='lat'><strong>).</strong></span> <span class='ocrx_word' id='word_1_98' title='bbox 1518 1599 1680 1669; x_wconf 76' lang='lat' dir='ltr'><strong>Atqui</strong></span> <span class='ocrx_word' id='word_1_99' title='bbox 1731 1597 1859 1668; x_wconf 87' lang='lat' dir='ltr'><strong>quid</strong></span> 
     </span>
    </p>
   </div>
   <div class='ocr_carea' id='block_1_15' title="bbox 249 1689 1861 1762">
    <p class='ocr_par' dir='ltr' id='par_1_15' title="bbox 249 1689 1861 1762">
     <span class='ocr_line' id='line_1_15' title="bbox 249 1689 1861 1762; baseline -0.005 -10"><span class='ocrx_word' id='word_1_100' title='bbox 249 1711 376 1752; x_wconf 89' lang='lat' dir='ltr'><strong>osse</strong></span> <span class='ocrx_word' id='word_1_101' title='bbox 401 1695 626 1750; x_wconf 74' lang='lat' dir='ltr'><strong>durius?</strong></span> <span class='ocrx_word' id='word_1_102' title='bbox 652 1693 720 1752; x_wconf 79' lang='lat' dir='ltr'><strong>Et</strong></span> <span class='ocrx_word' id='word_1_103' title='bbox 761 1703 938 1748; x_wconf 88' lang='lat' dir='ltr'><strong>tamen</strong></span> <span class='ocrx_word' id='word_1_104' title='bbox 969 1693 1014 1746; x_wconf 88' lang='lat' dir='ltr'><strong>si</strong></span> <span class='ocrx_word' id='word_1_105' title='bbox 1058 1692 1178 1762; x_wconf 87' lang='lat' dir='ltr'><strong>quis</strong></span> <span class='ocrx_word' id='word_1_106' title='bbox 1215 1707 1368 1761; x_wconf 63' lang='lat' dir='ltr'><strong>atque</strong></span> <span class='ocrx_word' id='word_1_107' title='bbox 1396 1691 1564 1746; x_wconf 89' lang='lat' dir='ltr'><strong>durus</strong></span> <span class='ocrx_word' id='word_1_108' title='bbox 1590 1691 1662 1746; x_wconf 89' lang='lat' dir='ltr'><strong>sit</strong></span> <span class='ocrx_word' id='word_1_109' title='bbox 1699 1699 1754 1744; x_wconf 90' lang='lat' dir='ltr'><strong>et</strong></span> <span class='ocrx_word' id='word_1_110' title='bbox 1787 1689 1861 1744; x_wconf 80' lang='lat' dir='ltr'><strong>ri-</strong></span> 
     </span>
    </p>
   </div>
   <div class='ocr_carea' id='block_1_16' title="bbox 251 1781 1856 1858">
    <p class='ocr_par' dir='ltr' id='par_1_16' title="bbox 251 1781 1856 1858">
     <span class='ocr_line' id='line_1_16' title="bbox 251 1781 1856 1858; baseline -0.004 -16"><span class='ocrx_word' id='word_1_111' title='bbox 251 1786 407 1858; x_wconf 86' lang='lat' dir='ltr'><strong>gidus</strong></span> <span class='ocrx_word' id='word_1_112' title='bbox 433 1802 496 1841; x_wconf 93' lang='lat' dir='ltr'><strong>ac</strong></span> <span class='ocrx_word' id='word_1_113' title='bbox 526 1784 835 1856; x_wconf 71' lang='lat' dir='ltr'><strong>praefractus</strong></span> <span class='ocrx_word' id='word_1_114' title='bbox 854 1823 870 1847; x_wconf 92' lang='lat'><strong>,</strong></span> <span class='ocrx_word' id='word_1_115' title='bbox 899 1792 1076 1837; x_wconf 90' lang='lat' dir='ltr'><strong>tamen</strong></span> <span class='ocrx_word' id='word_1_116' title='bbox 1124 1782 1270 1837; x_wconf 91' lang='lat' dir='ltr'><strong>illum</strong></span> <span class='ocrx_word' id='word_1_117' title='bbox 1318 1781 1471 1837; x_wconf 79' lang='lat' dir='ltr'><strong>facile</strong></span> <span class='ocrx_word' id='word_1_118' title='bbox 1515 1781 1738 1848; x_wconf 88' lang='lat' dir='ltr'><strong>vicerit,</strong></span> <span class='ocrx_word' id='word_1_119' title='bbox 1767 1781 1856 1850; x_wconf 90' lang='lat' dir='ltr'><strong>qui</strong></span> 
     </span>
    </p>
   </div>
   <div class='ocr_carea' id='block_1_17' title="bbox 250 1873 1859 1949">
    <p class='ocr_par' dir='ltr' id='par_1_17' title="bbox 250 1873 1859 1949">
     <span class='ocr_line' id='line_1_17' title="bbox 250 1873 1859 1949; baseline -0.004 -16"><span class='ocrx_word' id='word_1_120' title='bbox 250 1887 533 1949; x_wconf 78' lang='lat' dir='ltr'><strong>mansuete</strong></span> <span class='ocrx_word' id='word_1_121' title='bbox 559 1885 767 1932; x_wconf 81' lang='lat' dir='ltr'><strong>tractet.</strong></span> <span class='ocrx_word' id='word_1_122' title='bbox 797 1877 876 1930; x_wconf 82' lang='lat' dir='ltr'><strong>Ac</strong></span> <span class='ocrx_word' id='word_1_123' title='bbox 899 1889 1107 1942; x_wconf 89' lang='lat' dir='ltr'><strong>rursus,</strong></span> <span class='ocrx_word' id='word_1_124' title='bbox 1131 1873 1409 1943; x_wconf 76' lang='lat' dir='ltr'><strong>Responsio</strong></span> <span class='ocrx_word' id='word_1_125' title='bbox 1436 1874 1686 1928; x_wconf 82' lang='lat' dir='ltr'><strong>submissa</strong></span> <span class='ocrx_word' id='word_1_126' title='bbox 1715 1889 1859 1926; x_wconf 73' lang='lat' dir='ltr'><strong>auer-</strong></span> 
     </span>
    </p>
   </div>
   <div class='ocr_carea' id='block_1_18' title="bbox 251 1964 1853 2038">
    <p class='ocr_par' dir='ltr' id='par_1_18' title="bbox 251 1964 1853 2038">
     <span class='ocr_line' id='line_1_18' title="bbox 251 1964 1853 2038; baseline -0.003 -15"><span class='ocrx_word' id='word_1_127' title='bbox 251 1971 311 2023; x_wconf 79' lang='lat' dir='ltr'><strong>tit</strong></span> <span class='ocrx_word' id='word_1_128' title='bbox 337 1969 443 2023; x_wconf 85' lang='lat' dir='ltr'><strong>iras</strong></span> <span class='ocrx_word' id='word_1_129' title='bbox 484 1967 668 2038; x_wconf 77' lang='lat' dir='ltr'><strong>(Prov.</strong></span> <span class='ocrx_word' id='word_1_130' title='bbox 701 1965 892 2036; x_wconf 66' lang='lat'><strong>15.1).</strong></span> <span class='ocrx_word' id='word_1_131' title='bbox 927 1964 1078 2021; x_wconf 89' lang='lat' dir='ltr'><strong>Unde</strong></span> <span class='ocrx_word' id='word_1_132' title='bbox 1103 1964 1268 2035; x_wconf 87' lang='lat' dir='ltr'><strong>liquet</strong></span> <span class='ocrx_word' id='word_1_133' title='bbox 1291 1975 1348 2018; x_wconf 93' lang='lat' dir='ltr'><strong>ut</strong></span> <span class='ocrx_word' id='word_1_134' title='bbox 1376 1965 1547 2019; x_wconf 91' lang='lat' dir='ltr'><strong>hostis</strong></span> <span class='ocrx_word' id='word_1_135' title='bbox 1573 1964 1810 2018; x_wconf 87' lang='lat' dir='ltr'><strong>irritetur</strong></span> <span class='ocrx_word' id='word_1_136' title='bbox 1838 2005 1853 2030; x_wconf 96' lang='lat'><strong>,</strong></span> 
     </span>
    </p>
   </div>
   <div class='ocr_carea' id='block_1_19' title="bbox 251 2056 1856 2127">
    <p class='ocr_par' dir='ltr' id='par_1_19' title="bbox 251 2056 1856 2127">
     <span class='ocr_line' id='line_1_19' title="bbox 251 2056 1856 2127; baseline -0.004 -13"><span class='ocrx_word' id='word_1_137' title='bbox 251 2070 346 2115; x_wconf 89' lang='lat' dir='ltr'><strong>aut</strong></span> <span class='ocrx_word' id='word_1_138' title='bbox 373 2058 748 2114; x_wconf 87' lang='lat' dir='ltr'><strong>reconcilietur</strong></span> <span class='ocrx_word' id='word_1_139' title='bbox 771 2099 786 2124; x_wconf 92' lang='lat'><strong>,</strong></span> <span class='ocrx_word' id='word_1_140' title='bbox 819 2056 988 2127; x_wconf 88' lang='lat' dir='ltr'><strong>magis</strong></span> <span class='ocrx_word' id='word_1_141' title='bbox 1018 2057 1070 2110; x_wconf 91' lang='lat' dir='ltr'><strong>in</strong></span> <span class='ocrx_word' id='word_1_142' title='bbox 1095 2065 1181 2110; x_wconf 87' lang='lat' dir='ltr'><strong>tua</strong></span> <span class='ocrx_word' id='word_1_143' title='bbox 1215 2063 1476 2126; x_wconf 87' lang='lat' dir='ltr'><strong>potestate</strong></span> <span class='ocrx_word' id='word_1_144' title='bbox 1502 2070 1625 2110; x_wconf 89' lang='lat' dir='ltr'><strong>esse</strong></span> <span class='ocrx_word' id='word_1_145' title='bbox 1647 2095 1665 2122; x_wconf 91' lang='lat'><strong>,</strong></span> <span class='ocrx_word' id='word_1_146' title='bbox 1696 2069 1856 2124; x_wconf 88' lang='lat' dir='ltr'><strong>quam</strong></span> 
     </span>
    </p>
   </div>
   <div class='ocr_carea' id='block_1_20' title="bbox 253 2144 1857 2219">
    <p class='ocr_par' dir='ltr' id='par_1_20' title="bbox 253 2144 1857 2219">
     <span class='ocr_line' id='line_1_20' title="bbox 253 2144 1857 2219; baseline -0.004 -12"><span class='ocrx_word' id='word_1_147' title='bbox 253 2152 415 2207; x_wconf 90' lang='lat' dir='ltr'><strong>illius.</strong></span> <span class='ocrx_word' id='word_1_148' title='bbox 435 2150 550 2206; x_wconf 82' lang='lat' dir='ltr'><strong>Non</strong></span> <span class='ocrx_word' id='word_1_149' title='bbox 575 2148 722 2205; x_wconf 88' lang='lat' dir='ltr'><strong>enim</strong></span> <span class='ocrx_word' id='word_1_150' title='bbox 743 2149 798 2203; x_wconf 92' lang='lat' dir='ltr'><strong>in</strong></span> <span class='ocrx_word' id='word_1_151' title='bbox 825 2149 890 2203; x_wconf 89' lang='lat' dir='ltr'><strong>iis</strong></span> <span class='ocrx_word' id='word_1_152' title='bbox 908 2148 997 2219; x_wconf 90' lang='lat' dir='ltr'><strong>qui</strong></span> <span class='ocrx_word' id='word_1_153' title='bbox 1026 2148 1103 2201; x_wconf 89' lang='lat' dir='ltr'><strong>ira</strong></span> <span class='ocrx_word' id='word_1_154' title='bbox 1128 2148 1383 2202; x_wconf 91' lang='lat' dir='ltr'><strong>commoti</strong></span> <span class='ocrx_word' id='word_1_155' title='bbox 1403 2155 1550 2212; x_wconf 90' lang='lat' dir='ltr'><strong>sunt,</strong></span> <span class='ocrx_word' id='word_1_156' title='bbox 1568 2145 1660 2201; x_wconf 89' lang='lat' dir='ltr'><strong>sed</strong></span> <span class='ocrx_word' id='word_1_157' title='bbox 1683 2144 1736 2199; x_wconf 90' lang='lat' dir='ltr'><strong>in</strong></span> <span class='ocrx_word' id='word_1_158' title='bbox 1755 2159 1857 2201; x_wconf 90' lang='lat' dir='ltr'><strong>no-</strong></span> 
     </span>
    </p>
   </div>
   <div class='ocr_carea' id='block_1_21' title="bbox 253 2237 1856 2309">
    <p class='ocr_par' dir='ltr' id='par_1_21' title="bbox 253 2237 1856 2309">
     <span class='ocr_line' id='line_1_21' title="bbox 253 2237 1856 2309; baseline -0.004 -11"><span class='ocrx_word' id='word_1_159' title='bbox 253 2241 338 2298; x_wconf 89' lang='lat' dir='ltr'><strong>bis</strong></span> <span class='ocrx_word' id='word_1_160' title='bbox 365 2242 527 2296; x_wconf 88' lang='lat' dir='ltr'><strong>situm</strong></span> <span class='ocrx_word' id='word_1_161' title='bbox 554 2250 658 2309; x_wconf 88' lang='lat' dir='ltr'><strong>est,</strong></span> <span class='ocrx_word' id='word_1_162' title='bbox 696 2250 754 2296; x_wconf 90' lang='lat' dir='ltr'><strong>ut</strong></span> <span class='ocrx_word' id='word_1_163' title='bbox 782 2240 867 2295; x_wconf 88' lang='lat' dir='ltr'><strong>vel</strong></span> <span class='ocrx_word' id='word_1_164' title='bbox 892 2239 1263 2309; x_wconf 86' lang='lat' dir='ltr'><strong>exstinguatur</strong></span> <span class='ocrx_word' id='word_1_165' title='bbox 1289 2238 1502 2292; x_wconf 92' lang='lat' dir='ltr'><strong>illorum</strong></span> <span class='ocrx_word' id='word_1_166' title='bbox 1533 2239 1632 2304; x_wconf 91' lang='lat' dir='ltr'><strong>ira,</strong></span> <span class='ocrx_word' id='word_1_167' title='bbox 1661 2237 1745 2292; x_wconf 91' lang='lat' dir='ltr'><strong>vel</strong></span> <span class='ocrx_word' id='word_1_168' title='bbox 1787 2237 1856 2292; x_wconf 94' lang='lat' dir='ltr'><strong>ad</strong></span> 
     </span>
    </p>
   </div>
   <div class='ocr_carea' id='block_1_22' title="bbox 251 2328 1854 2404">
    <p class='ocr_par' dir='ltr' id='par_1_22' title="bbox 251 2328 1854 2404">
     <span class='ocr_line' id='line_1_22' title="bbox 251 2328 1854 2404; baseline -0.003 -15"><span class='ocrx_word' id='word_1_169' title='bbox 251 2333 429 2404; x_wconf 76' lang='lat' dir='ltr'><strong>majus</strong></span> <span class='ocrx_word' id='word_1_170' title='bbox 467 2333 702 2388; x_wconf 88' lang='lat' dir='ltr'><strong>irritetur</strong></span> <span class='ocrx_word' id='word_1_171' title='bbox 739 2330 1068 2387; x_wconf 87' lang='lat' dir='ltr'><strong>incendium.</strong></span> <span class='ocrx_word' id='word_1_172' title='bbox 1101 2331 1167 2385; x_wconf 88' lang='lat' dir='ltr'><strong>Et</strong></span> <span class='ocrx_word' id='word_1_173' title='bbox 1215 2330 1316 2385; x_wconf 85' lang='lat' dir='ltr'><strong>hoc</strong></span> <span class='ocrx_word' id='word_1_174' title='bbox 1365 2329 1494 2386; x_wconf 88' lang='lat' dir='ltr'><strong>item</strong></span> <span class='ocrx_word' id='word_1_175' title='bbox 1543 2329 1632 2400; x_wconf 90' lang='lat' dir='ltr'><strong>qui</strong></span> <span class='ocrx_word' id='word_1_176' title='bbox 1676 2328 1854 2399; x_wconf 85' lang='lat' dir='ltr'><strong>priora</strong></span> 
     </span>
    </p>
   </div>
   <div class='ocr_carea' id='block_1_23' title="bbox 251 2421 1852 2494">
    <p class='ocr_par' dir='ltr' id='par_1_23' title="bbox 251 2421 1852 2494">
     <span class='ocr_line' id='line_1_23' title="bbox 251 2421 1852 2494; baseline -0.003 -14"><span class='ocrx_word' id='word_1_177' title='bbox 251 2423 406 2490; x_wconf 86' lang='lat' dir='ltr'><strong>dixit,</strong></span> <span class='ocrx_word' id='word_1_178' title='bbox 431 2424 657 2494; x_wconf 86' lang='lat' dir='ltr'><strong>simplici</strong></span> <span class='ocrx_word' id='word_1_179' title='bbox 687 2423 976 2479; x_wconf 80' lang='lat' dir='ltr'><strong>declaravit</strong></span> <span class='ocrx_word' id='word_1_180' title='bbox 1003 2422 1270 2492; x_wconf 83' lang='lat' dir='ltr'><strong>exemplo.</strong></span> <span class='ocrx_word' id='word_1_181' title='bbox 1295 2421 1442 2478; x_wconf 91' lang='lat' dir='ltr'><strong>Sicut</strong></span> <span class='ocrx_word' id='word_1_182' title='bbox 1463 2422 1632 2488; x_wconf 92' lang='lat' dir='ltr'><strong>enim,</strong></span> <span class='ocrx_word' id='word_1_183' title='bbox 1657 2421 1852 2491; x_wconf 86' lang='lat' dir='ltr'><strong>inquit,</strong></span> 
     </span>
    </p>
   </div>
   <div class='ocr_carea' id='block_1_24' title="bbox 250 2513 1852 2585">
    <p class='ocr_par' dir='ltr' id='par_1_24' title="bbox 250 2513 1852 2585">
     <span class='ocr_line' id='line_1_24' title="bbox 250 2513 1852 2585; baseline -0.005 -11"><span class='ocrx_word' id='word_1_184' title='bbox 250 2517 298 2574; x_wconf 91' lang='lat' dir='ltr'><strong>si</strong></span> <span class='ocrx_word' id='word_1_185' title='bbox 342 2515 586 2573; x_wconf 79' lang='lat' dir='ltr'><strong>iusullles</strong></span> <span class='ocrx_word' id='word_1_186' title='bbox 613 2515 666 2570; x_wconf 93' lang='lat' dir='ltr'><strong>in</strong></span> <span class='ocrx_word' id='word_1_187' title='bbox 716 2515 1001 2571; x_wconf 87' lang='lat' dir='ltr'><strong>scintillam</strong></span> <span class='ocrx_word' id='word_1_188' title='bbox 1049 2514 1225 2585; x_wconf 90' lang='lat' dir='ltr'><strong>ignis,</strong></span> <span class='ocrx_word' id='word_1_189' title='bbox 1257 2515 1459 2569; x_wconf 87' lang='lat' dir='ltr'><strong>excitas</strong></span> <span class='ocrx_word' id='word_1_190' title='bbox 1504 2513 1852 2573; x_wconf 83' lang='lat' dir='ltr'><strong>incendium;</strong></span> 
     </span>
    </p>
   </div>
   <div class='ocr_carea' id='block_1_25' title="bbox 186 2602 1854 2677">
    <p class='ocr_par' dir='ltr' id='par_1_25' title="bbox 186 2602 1854 2677">
     <span class='ocr_line' id='line_1_25' title="bbox 186 2602 1854 2677; baseline -0.004 -12"><span class='ocrx_word' id='word_1_191' title='bbox 186 2633 196 2641; x_wconf 89' lang='grc'><strong>·</strong></span> <span class='ocrx_word' id='word_1_192' title='bbox 249 2618 438 2664; x_wconf 77' lang='lat' dir='ltr'><strong>contra</strong></span> <span class='ocrx_word' id='word_1_193' title='bbox 463 2649 479 2674; x_wconf 91' lang='lat'><strong>,</strong></span> <span class='ocrx_word' id='word_1_194' title='bbox 511 2607 558 2662; x_wconf 88' lang='lat' dir='ltr'><strong>si</strong></span> <span class='ocrx_word' id='word_1_195' title='bbox 598 2607 817 2677; x_wconf 88' lang='lat' dir='ltr'><strong>inspnas</strong></span> <span class='ocrx_word' id='word_1_196' title='bbox 839 2647 854 2670; x_wconf 88' lang='lat'><strong>,</strong></span> <span class='ocrx_word' id='word_1_197' title='bbox 884 2605 1180 2676; x_wconf 87' lang='lat' dir='ltr'><strong>exstingnis</strong></span> <span class='ocrx_word' id='word_1_198' title='bbox 1205 2646 1220 2671; x_wconf 91' lang='lat'><strong>,</strong></span> <span class='ocrx_word' id='word_1_199' title='bbox 1253 2615 1304 2660; x_wconf 93' lang='lat' dir='ltr'><strong>et</strong></span> <span class='ocrx_word' id='word_1_200' title='bbox 1334 2615 1622 2673; x_wconf 87' lang='lat' dir='ltr'><strong>utrumque</strong></span> <span class='ocrx_word' id='word_1_201' title='bbox 1660 2603 1754 2658; x_wconf 89' lang='lat' dir='ltr'><strong>tibi</strong></span> <span class='ocrx_word' id='word_1_202' title='bbox 1799 2602 1854 2659; x_wconf 88' lang='lat' dir='ltr'><strong>in</strong></span> 
     </span>
    </p>
   </div>
   <div class='ocr_carea' id='block_1_26' title="bbox 250 2694 1856 2769">
    <p class='ocr_par' dir='ltr' id='par_1_26' title="bbox 250 2694 1856 2769">
     <span class='ocr_line' id='line_1_26' title="bbox 250 2694 1856 2769; baseline -0.004 -17"><span class='ocrx_word' id='word_1_203' title='bbox 250 2712 414 2752; x_wconf 86' lang='lat' dir='ltr'><strong>manu</strong></span> <span class='ocrx_word' id='word_1_204' title='bbox 443 2705 526 2752; x_wconf 83' lang='lat' dir='ltr'><strong>est</strong></span> <span class='ocrx_word' id='word_1_205' title='bbox 552 2696 828 2769; x_wconf 72' lang='lat' dir='ltr'><strong>(quoniam</strong></span> <span class='ocrx_word' id='word_1_206' title='bbox 861 2694 1159 2766; x_wconf 75' lang='lat' dir='ltr'><strong>Utrumque,</strong></span> <span class='ocrx_word' id='word_1_207' title='bbox 1193 2694 1387 2764; x_wconf 86' lang='lat' dir='ltr'><strong>inquit,</strong></span> <span class='ocrx_word' id='word_1_208' title='bbox 1417 2711 1480 2748; x_wconf 67' lang='lat' dir='ltr'><strong>ex</strong></span> <span class='ocrx_word' id='word_1_209' title='bbox 1507 2710 1594 2749; x_wconf 88' lang='lat' dir='ltr'><strong>ore</strong></span> <span class='ocrx_word' id='word_1_210' title='bbox 1622 2705 1708 2751; x_wconf 79' lang='lat' dir='ltr'><strong>tuo</strong></span> <span class='ocrx_word' id='word_1_211' title='bbox 1728 2709 1856 2764; x_wconf 81' lang='lat' dir='ltr'><strong>pro-</strong></span> 
     </span>
    </p>
   </div>
   <div class='ocr_carea' id='block_1_27' title="bbox 249 2785 1856 2863">
    <p class='ocr_par' dir='ltr' id='par_1_27' title="bbox 249 2785 1856 2863">
     <span class='ocr_line' id='line_1_27' title="bbox 249 2785 1856 2863; baseline -0.004 -17"><span class='ocrx_word' id='word_1_212' title='bbox 249 2791 495 2862; x_wconf 71' lang='lat' dir='ltr'><strong>ﬁciscitur</strong></span> <span class='ocrx_word' id='word_1_213' title='bbox 521 2789 708 2863; x_wconf 83' lang='lat' dir='ltr'><strong>[Eccli.</strong></span> <span class='ocrx_word' id='word_1_214' title='bbox 730 2789 823 2846; x_wconf 73' lang='lat'><strong>28.</strong></span> <span class='ocrx_word' id='word_1_215' title='bbox 855 2787 983 2862; x_wconf 66' lang='grc' dir='ltr'><strong>ιη)</strong></span> <span class='ocrx_word' id='word_1_216' title='bbox 1004 2788 1114 2844; x_wconf 88' lang='lat' dir='ltr'><strong>:sic</strong></span> <span class='ocrx_word' id='word_1_217' title='bbox 1133 2797 1190 2844; x_wconf 88' lang='lat' dir='ltr'><strong>et</strong></span> <span class='ocrx_word' id='word_1_218' title='bbox 1219 2788 1271 2844; x_wconf 91' lang='lat' dir='ltr'><strong>in</strong></span> <span class='ocrx_word' id='word_1_219' title='bbox 1299 2787 1576 2842; x_wconf 88' lang='lat' dir='ltr'><strong>inimicitia</strong></span> <span class='ocrx_word' id='word_1_220' title='bbox 1605 2787 1657 2842; x_wconf 89' lang='lat' dir='ltr'><strong>itt</strong></span> <span class='ocrx_word' id='word_1_221' title='bbox 1682 2785 1856 2858; x_wconf 81' lang='lat' dir='ltr'><strong>proxi-</strong></span> 
     </span>
    </p>
   </div>
   <div class='ocr_carea' id='block_1_28' title="bbox 249 2879 1854 2951">
    <p class='ocr_par' dir='ltr' id='par_1_28' title="bbox 249 2879 1854 2951">
     <span class='ocr_line' id='line_1_28' title="bbox 249 2879 1854 2951; baseline -0.002 -13"><span class='ocrx_word' id='word_1_222' title='bbox 249 2899 397 2939; x_wconf 73' lang='lat' dir='ltr'><strong>unum</strong></span> <span class='ocrx_word' id='word_1_223' title='bbox 417 2923 433 2948; x_wconf 91' lang='lat'><strong>,</strong></span> <span class='ocrx_word' id='word_1_224' title='bbox 452 2883 497 2937; x_wconf 88' lang='lat' dir='ltr'><strong>si</strong></span> <span class='ocrx_word' id='word_1_225' title='bbox 513 2881 725 2937; x_wconf 75' lang='lat' dir='ltr'><strong>inﬂatos</strong></span> <span class='ocrx_word' id='word_1_226' title='bbox 747 2896 810 2936; x_wconf 91' lang='lat' dir='ltr'><strong>ac</strong></span> <span class='ocrx_word' id='word_1_227' title='bbox 827 2880 1084 2938; x_wconf 85' lang='lat' dir='ltr'><strong>vecordes</strong></span> <span class='ocrx_word' id='word_1_228' title='bbox 1103 2881 1313 2951; x_wconf 88' lang='lat' dir='ltr'><strong>ingeras</strong></span> <span class='ocrx_word' id='word_1_229' title='bbox 1331 2894 1632 2944; x_wconf 86' lang='lat' dir='ltr'><strong>sermones,</strong></span> <span class='ocrx_word' id='word_1_230' title='bbox 1651 2879 1854 2934; x_wconf 87' lang='lat' dir='ltr'><strong>excitas</strong></span> 
     </span>
    </p>
   </div>
   <div class='ocr_carea' id='block_1_29' title="bbox 250 2969 1853 3048">
    <p class='ocr_par' dir='ltr' id='par_1_29' title="bbox 250 2969 1853 3048">
     <span class='ocr_line' id='line_1_29' title="bbox 250 2969 1853 3048; baseline -0.003 -19"><span class='ocrx_word' id='word_1_231' title='bbox 250 2974 429 3048; x_wconf 83' lang='lat' dir='ltr'><strong>ignem</strong></span> <span class='ocrx_word' id='word_1_232' title='bbox 459 2973 601 3030; x_wconf 77' lang='lat' dir='ltr'><strong>illius</strong></span> <span class='ocrx_word' id='word_1_233' title='bbox 621 3013 637 3038; x_wconf 96' lang='lat'><strong>,</strong></span> <span class='ocrx_word' id='word_1_234' title='bbox 668 2971 918 3028; x_wconf 90' lang='lat' dir='ltr'><strong>accendis</strong></span> <span class='ocrx_word' id='word_1_235' title='bbox 943 2972 1207 3026; x_wconf 82' lang='lat' dir='ltr'><strong>carbones</strong></span> <span class='ocrx_word' id='word_1_236' title='bbox 1233 2989 1245 3023; x_wconf 92' lang='lat'>:</span> <span class='ocrx_word' id='word_1_237' title='bbox 1271 2971 1356 3025; x_wconf 89' lang='lat' dir='ltr'><strong>sin</strong></span> <span class='ocrx_word' id='word_1_238' title='bbox 1387 2971 1546 3026; x_wconf 84' lang='lat' dir='ltr'><strong>mites</strong></span> <span class='ocrx_word' id='word_1_239' title='bbox 1574 2983 1638 3024; x_wconf 88' lang='lat' dir='ltr'><strong>ac</strong></span> <span class='ocrx_word' id='word_1_240' title='bbox 1662 2969 1853 3024; x_wconf 50' lang='lat' dir='ltr'><strong>mode‘</strong></span> 
     </span>
    </p>
   </div>
   <div class='ocr_carea' id='block_1_30' title="bbox 249 3060 1852 3132">
    <p class='ocr_par' dir='ltr' id='par_1_30' title="bbox 249 3060 1852 3132">
     <span class='ocr_line' id='line_1_30' title="bbox 249 3060 1852 3132; baseline -0.002 -12"><span class='ocrx_word' id='word_1_241' title='bbox 249 3073 398 3120; x_wconf 85' lang='lat' dir='ltr'><strong>ratos</strong></span> <span class='ocrx_word' id='word_1_242' title='bbox 446 3063 735 3119; x_wconf 83' lang='lat' dir='ltr'><strong>admoveas</strong></span> <span class='ocrx_word' id='word_1_243' title='bbox 777 3077 1056 3120; x_wconf 86' lang='lat' dir='ltr'><strong>sermones</strong></span> <span class='ocrx_word' id='word_1_244' title='bbox 1084 3103 1100 3129; x_wconf 95' lang='lat'><strong>,</strong></span> <span class='ocrx_word' id='word_1_245' title='bbox 1142 3062 1450 3132; x_wconf 86' lang='lat' dir='ltr'><strong>priusquam</strong></span> <span class='ocrx_word' id='word_1_246' title='bbox 1498 3060 1852 3130; x_wconf 85' lang='lat' dir='ltr'><strong>exardescat,</strong></span> 
     </span>
    </p>
   </div>
   <div class='ocr_carea' id='block_1_31' title="bbox 247 3151 1855 3224">
    <p class='ocr_par' dir='ltr' id='par_1_31' title="bbox 247 3151 1855 3224">
     <span class='ocr_line' id='line_1_31' title="bbox 247 3151 1855 3224; baseline -0.002 -14"><span class='ocrx_word' id='word_1_247' title='bbox 247 3155 386 3211; x_wconf 82' lang='lat' dir='ltr'><strong>iram</strong></span> <span class='ocrx_word' id='word_1_248' title='bbox 411 3169 624 3210; x_wconf 88' lang='lat' dir='ltr'><strong>omnem</strong></span> <span class='ocrx_word' id='word_1_249' title='bbox 651 3153 992 3209; x_wconf 78' lang='lat' dir='ltr'><strong>exstinxeris.</strong></span> <span class='ocrx_word' id='word_1_250' title='bbox 1016 3152 1094 3208; x_wconf 85' lang='lat' dir='ltr'><strong>Ne</strong></span> <span class='ocrx_word' id='word_1_251' title='bbox 1119 3152 1324 3208; x_wconf 79' lang='lat' dir='ltr'><strong>dixeris</strong></span> <span class='ocrx_word' id='word_1_252' title='bbox 1355 3152 1516 3224; x_wconf 89' lang='lat' dir='ltr'><strong>igitur</strong></span> <span class='ocrx_word' id='word_1_253' title='bbox 1540 3170 1552 3207; x_wconf 92' lang='lat'>:</span> <span class='ocrx_word' id='word_1_254' title='bbox 1579 3151 1704 3208; x_wconf 68' lang='lat' dir='ltr'><strong>Haec</strong></span> <span class='ocrx_word' id='word_1_255' title='bbox 1729 3167 1855 3224; x_wconf 84' lang='lat' dir='ltr'><strong>pas-</strong></span> 
     </span>
    </p>
   </div>
   <div class='ocr_carea' id='block_1_32' title="bbox 247 3243 1852 3314">
    <p class='ocr_par' dir='ltr' id='par_1_32' title="bbox 247 3243 1852 3314">
     <span class='ocr_line' id='line_1_32' title="bbox 247 3243 1852 3314; baseline -0.003 -9"><span class='ocrx_word' id='word_1_256' title='bbox 247 3263 344 3306; x_wconf 84' lang='lat' dir='ltr'><strong>sus</strong></span> <span class='ocrx_word' id='word_1_257' title='bbox 369 3261 511 3314; x_wconf 77' lang='lat' dir='ltr'><strong>sum,</strong></span> <span class='ocrx_word' id='word_1_258' title='bbox 541 3255 632 3302; x_wconf 90' lang='lat' dir='ltr'><strong>aut</strong></span> <span class='ocrx_word' id='word_1_259' title='bbox 655 3249 769 3302; x_wconf 73' lang='lat' dir='ltr'><strong>lucc</strong></span> <span class='ocrx_word' id='word_1_260' title='bbox 796 3246 1007 3311; x_wconf 89' lang='lat' dir='ltr'><strong>audivi,</strong></span> <span class='ocrx_word' id='word_1_261' title='bbox 1032 3261 1152 3301; x_wconf 92' lang='lat' dir='ltr'><strong>cum</strong></span> <span class='ocrx_word' id='word_1_262' title='bbox 1181 3245 1296 3300; x_wconf 62' lang='lat' dir='ltr'><strong>haec</strong></span> <span class='ocrx_word' id='word_1_263' title='bbox 1319 3245 1500 3301; x_wconf 86' lang='lat' dir='ltr'><strong>omnia</strong></span> <span class='ocrx_word' id='word_1_264' title='bbox 1529 3243 1638 3301; x_wconf 90' lang='lat' dir='ltr'><strong>sint</strong></span> <span class='ocrx_word' id='word_1_265' title='bbox 1663 3245 1716 3300; x_wconf 92' lang='lat' dir='ltr'><strong>in</strong></span> <span class='ocrx_word' id='word_1_266' title='bbox 1764 3253 1852 3300; x_wconf 88' lang='lat' dir='ltr'><strong>tua</strong></span> 
     </span>
    </p>
   </div>
   <div class='ocr_carea' id='block_1_33' title="bbox 247 3337 1851 3410">
    <p class='ocr_par' dir='ltr' id='par_1_33' title="bbox 247 3337 1851 3410">
     <span class='ocr_line' id='line_1_33' title="bbox 247 3337 1851 3410; baseline -0.001 -16"><span class='ocrx_word' id='word_1_267' title='bbox 247 3349 536 3410; x_wconf 84' lang='lat' dir='ltr'><strong>potestate.</strong></span> <span class='ocrx_word' id='word_1_268' title='bbox 569 3339 683 3395; x_wconf 83' lang='lat' dir='ltr'><strong>Hoc</strong></span> <span class='ocrx_word' id='word_1_269' title='bbox 707 3339 851 3394; x_wconf 89' lang='lat' dir='ltr'><strong>enim</strong></span> <span class='ocrx_word' id='word_1_270' title='bbox 881 3347 1038 3408; x_wconf 89' lang='lat' dir='ltr'><strong>pacto</strong></span> <span class='ocrx_word' id='word_1_271' title='bbox 1061 3337 1196 3392; x_wconf 91' lang='lat' dir='ltr'><strong>iram</strong></span> <span class='ocrx_word' id='word_1_272' title='bbox 1223 3337 1381 3392; x_wconf 90' lang='lat' dir='ltr'><strong>veluti</strong></span> <span class='ocrx_word' id='word_1_273' title='bbox 1413 3337 1699 3394; x_wconf 89' lang='lat' dir='ltr'><strong>scintillam</strong></span> <span class='ocrx_word' id='word_1_274' title='bbox 1725 3379 1742 3406; x_wconf 91' lang='lat'><strong>,</strong></span> <span class='ocrx_word' id='word_1_275' title='bbox 1765 3337 1851 3393; x_wconf 91' lang='lat' dir='ltr'><strong>vel</strong></span> 
     </span>
    </p>
   </div>
   <div class='ocr_carea' id='block_1_34' title="bbox 246 3428 1848 3501">
    <p class='ocr_par' dir='ltr' id='par_1_34' title="bbox 246 3428 1848 3501">
     <span class='ocr_line' id='line_1_34' title="bbox 246 3428 1848 3501; baseline -0.002 -14"><span class='ocrx_word' id='word_1_276' title='bbox 246 3429 592 3501; x_wconf 72' lang='lat' dir='ltr'><strong>exstinguere</strong></span> <span class='ocrx_word' id='word_1_277' title='bbox 634 3429 719 3484; x_wconf 85' lang='lat' dir='ltr'><strong>vel</strong></span> <span class='ocrx_word' id='word_1_278' title='bbox 744 3428 1061 3495; x_wconf 86' lang='lat' dir='ltr'><strong>accendere,</strong></span> <span class='ocrx_word' id='word_1_279' title='bbox 1093 3428 1434 3498; x_wconf 80' lang='lat' dir='ltr'><strong>furoremque</strong></span> <span class='ocrx_word' id='word_1_280' title='bbox 1461 3428 1545 3484; x_wconf 88' lang='lat' dir='ltr'><strong>vel</strong></span> <span class='ocrx_word' id='word_1_281' title='bbox 1577 3428 1812 3487; x_wconf 82' lang='lat' dir='ltr'><strong>excitare</strong></span> <span class='ocrx_word' id='word_1_282' title='bbox 1833 3471 1848 3496; x_wconf 89' lang='lat'><strong>,</strong></span> 
     </span>
    </p>
   </div>
   <div class='ocr_carea' id='block_1_35' title="bbox 247 3519 1854 3587">
    <p class='ocr_par' dir='ltr' id='par_1_35' title="bbox 247 3519 1854 3587">
     <span class='ocr_line' id='line_1_35' title="bbox 247 3519 1854 3587; baseline 0.002 -14"><span class='ocrx_word' id='word_1_283' title='bbox 247 3524 332 3580; x_wconf 86' lang='lat' dir='ltr'><strong>vel</strong></span> <span class='ocrx_word' id='word_1_284' title='bbox 352 3532 539 3579; x_wconf 92' lang='lat' dir='ltr'><strong>contra</strong></span> <span class='ocrx_word' id='word_1_285' title='bbox 560 3521 749 3577; x_wconf 87' lang='lat' dir='ltr'><strong>sedare</strong></span> <span class='ocrx_word' id='word_1_286' title='bbox 767 3561 783 3587; x_wconf 91' lang='lat'><strong>,</strong></span> <span class='ocrx_word' id='word_1_287' title='bbox 807 3521 859 3576; x_wconf 92' lang='lat' dir='ltr'><strong>in</strong></span> <span class='ocrx_word' id='word_1_288' title='bbox 889 3529 941 3576; x_wconf 92' lang='lat' dir='ltr'><strong>te</strong></span> <span class='ocrx_word' id='word_1_289' title='bbox 968 3521 1131 3577; x_wconf 88' lang='lat' dir='ltr'><strong>situm</strong></span> <span class='ocrx_word' id='word_1_290' title='bbox 1148 3529 1252 3577; x_wconf 91' lang='lat' dir='ltr'><strong>est.</strong></span> <span class='ocrx_word' id='word_1_291' title='bbox 1279 3519 1411 3576; x_wconf 89' lang='lat' dir='ltr'><strong>Cum</strong></span> <span class='ocrx_word' id='word_1_292' title='bbox 1438 3519 1638 3576; x_wconf 85' lang='lat' dir='ltr'><strong>videris</strong></span> <span class='ocrx_word' id='word_1_293' title='bbox 1680 3520 1854 3576; x_wconf 89' lang='lat' dir='ltr'><strong>inimi-</strong></span> 
     </span>
    </p>
   </div>
   <div class='ocr_carea' id='block_1_36' title="bbox 246 3609 1858 3681">
    <p class='ocr_par' dir='ltr' id='par_1_36' title="bbox 246 3609 1858 3681">
     <span class='ocr_line' id='line_1_36' title="bbox 246 3609 1858 3681; baseline 0 -14"><span class='ocrx_word' id='word_1_294' title='bbox 246 3627 392 3678; x_wconf 89' lang='lat' dir='ltr'><strong>cum,</strong></span> <span class='ocrx_word' id='word_1_295' title='bbox 421 3611 506 3668; x_wconf 86' lang='lat' dir='ltr'><strong>vel</strong></span> <span class='ocrx_word' id='word_1_296' title='bbox 523 3609 580 3668; x_wconf 74' lang='lat' dir='ltr'><strong>&#39;si</strong></span> <span class='ocrx_word' id='word_1_297' title='bbox 611 3612 664 3666; x_wconf 91' lang='lat' dir='ltr'><strong>in</strong></span> <span class='ocrx_word' id='word_1_298' title='bbox 695 3621 929 3667; x_wconf 89' lang='lat' dir='ltr'><strong>mentem</strong></span> <span class='ocrx_word' id='word_1_299' title='bbox 953 3612 1130 3666; x_wconf 88' lang='lat' dir='ltr'><strong>veniat</strong></span> <span class='ocrx_word' id='word_1_300' title='bbox 1155 3626 1314 3681; x_wconf 90' lang='lat' dir='ltr'><strong>quam</strong></span> <span class='ocrx_word' id='word_1_301' title='bbox 1335 3611 1501 3666; x_wconf 86' lang='lat' dir='ltr'><strong>multa</strong></span> <span class='ocrx_word' id='word_1_302' title='bbox 1530 3619 1641 3665; x_wconf 91' lang='lat' dir='ltr'><strong>tum</strong></span> <span class='ocrx_word' id='word_1_303' title='bbox 1670 3610 1858 3667; x_wconf 82' lang='lat' dir='ltr'><strong>audie-</strong></span> 
     </span>
    </p>
   </div>
   <div class='ocr_carea' id='block_1_37' title="bbox 245 3703 1851 3776">
    <p class='ocr_par' dir='ltr' id='par_1_37' title="bbox 245 3703 1851 3776">
     <span class='ocr_line' id='line_1_37' title="bbox 245 3703 1851 3776; baseline 0.001 -18"><span class='ocrx_word' id='word_1_304' title='bbox 245 3706 359 3773; x_wconf 86' lang='lat' dir='ltr'><strong>ris,</strong></span> <span class='ocrx_word' id='word_1_305' title='bbox 387 3715 497 3760; x_wconf 91' lang='lat' dir='ltr'><strong>tum</strong></span> <span class='ocrx_word' id='word_1_306' title='bbox 543 3719 826 3776; x_wconf 87' lang='lat' dir='ltr'><strong>perpessus</strong></span> <span class='ocrx_word' id='word_1_307' title='bbox 864 3705 940 3760; x_wconf 87' lang='lat' dir='ltr'><strong>sis</strong></span> <span class='ocrx_word' id='word_1_308' title='bbox 981 3705 1204 3759; x_wconf 86' lang='lat' dir='ltr'><strong>molesta</strong></span> <span class='ocrx_word' id='word_1_309' title='bbox 1229 3744 1250 3772; x_wconf 85' lang='lat'><strong>,</strong></span> <span class='ocrx_word' id='word_1_310' title='bbox 1282 3703 1365 3760; x_wconf 87' lang='lat' dir='ltr'><strong>l&#39;ac</strong></span> <span class='ocrx_word' id='word_1_311' title='bbox 1390 3704 1631 3760; x_wconf 90' lang='lat' dir='ltr'><strong>omnium</strong></span> <span class='ocrx_word' id='word_1_312' title='bbox 1657 3703 1851 3759; x_wconf 91' lang='lat' dir='ltr'><strong>horum</strong></span> 
     </span>
    </p>
   </div>
   <div class='ocr_carea' id='block_1_38' title="bbox 246 3795 1853 3864">
    <p class='ocr_par' dir='ltr' id='par_1_38' title="bbox 246 3795 1853 3864">
     <span class='ocr_line' id='line_1_38' title="bbox 246 3795 1853 3864; baseline 0 -11"><span class='ocrx_word' id='word_1_313' title='bbox 246 3797 613 3864; x_wconf 83' lang='lat' dir='ltr'><strong>obliviscaris;</strong></span> <span class='ocrx_word' id='word_1_314' title='bbox 638 3799 844 3853; x_wconf 88' lang='lat' dir='ltr'><strong>etiamsi</strong></span> <span class='ocrx_word' id='word_1_315' title='bbox 875 3797 1194 3860; x_wconf 87' lang='lat' dir='ltr'><strong>recorderis,</strong></span> <span class='ocrx_word' id='word_1_316' title='bbox 1223 3806 1400 3852; x_wconf 89' lang='lat' dir='ltr'><strong>tamen</strong></span> <span class='ocrx_word' id='word_1_317' title='bbox 1424 3795 1510 3852; x_wconf 77' lang='lat' dir='ltr'><strong>lae</strong></span> <span class='ocrx_word' id='word_1_318' title='bbox 1548 3812 1609 3851; x_wconf 87' lang='lat' dir='ltr'><strong>ca</strong></span> <span class='ocrx_word' id='word_1_319' title='bbox 1637 3796 1853 3853; x_wconf 88' lang='lat' dir='ltr'><strong>diabolo</strong></span> 
     </span>
    </p>
   </div>
   <div class='ocr_carea' id='block_1_39' title="bbox 247 3887 1851 3958">
    <p class='ocr_par' dir='ltr' id='par_1_39' title="bbox 247 3887 1851 3958">
     <span class='ocr_line' id='line_1_39' title="bbox 247 3887 1851 3958; baseline 0 -15"><span class='ocrx_word' id='word_1_320' title='bbox 247 3888 501 3958; x_wconf 73' lang='lat' dir='ltr'><strong>imputes.</strong></span> <span class='ocrx_word' id='word_1_321' title='bbox 524 3888 731 3957; x_wconf 80' lang='lat' dir='ltr'><strong>Collige</strong></span> <span class='ocrx_word' id='word_1_322' title='bbox 761 3904 888 3943; x_wconf 89' lang='lat' dir='ltr'><strong>vero</strong></span> <span class='ocrx_word' id='word_1_323' title='bbox 924 3889 966 3942; x_wconf 88' lang='lat' dir='ltr'><strong>si</strong></span> <span class='ocrx_word' id='word_1_324' title='bbox 997 3887 1125 3958; x_wconf 92' lang='lat' dir='ltr'><strong>quid</strong></span> <span class='ocrx_word' id='word_1_325' title='bbox 1153 3904 1404 3956; x_wconf 82' lang='lat' dir='ltr'><strong>umquam</strong></span> <span class='ocrx_word' id='word_1_326' title='bbox 1435 3887 1741 3943; x_wconf 81' lang='lat' dir='ltr'><strong>humaniter</strong></span> <span class='ocrx_word' id='word_1_327' title='bbox 1767 3889 1851 3943; x_wconf 87' lang='lat' dir='ltr'><strong>vel</strong></span> 
     </span>
    </p>
   </div>
   <div class='ocr_carea' id='block_1_40' title="bbox 245 3980 1846 4037">
    <p class='ocr_par' dir='ltr' id='par_1_40' title="bbox 245 3980 1846 4037">
     <span class='ocr_line' id='line_1_40' title="bbox 245 3980 1846 4037; baseline 0.001 -2"><span class='ocrx_word' id='word_1_328' title='bbox 245 3981 382 4035; x_wconf 80' lang='lat' dir='ltr'><strong>dixit</strong></span> <span class='ocrx_word' id='word_1_329' title='bbox 411 3981 491 4034; x_wconf 81' lang='lat' dir='ltr'><strong>Vt&#39;l</strong></span> <span class='ocrx_word' id='word_1_330' title='bbox 520 3980 661 4036; x_wconf 83' lang='lat' dir='ltr'><strong>fecit.</strong></span> <span class='ocrx_word' id='word_1_331' title='bbox 692 3981 746 4036; x_wconf 92' lang='lat' dir='ltr'><strong>Si</strong></span> <span class='ocrx_word' id='word_1_332' title='bbox 786 3983 836 4034; x_wconf 93' lang='lat' dir='ltr'><strong>in</strong></span> <span class='ocrx_word' id='word_1_333' title='bbox 864 3981 1056 4036; x_wconf 90' lang='lat' dir='ltr'><strong>borum</strong></span> <span class='ocrx_word' id='word_1_334' title='bbox 1085 3981 1457 4036; x_wconf 83' lang='lat' dir='ltr'><strong>recordatione</strong></span> <span class='ocrx_word' id='word_1_335' title='bbox 1484 3992 1846 4037; x_wconf 87' lang='lat' dir='ltr'><strong>commoratus</strong></span> 
     </span>
    </p>
   </div>
   <div class='ocr_carea' id='block_1_41' title="bbox 247 4070 1848 4139">
    <p class='ocr_par' dir='ltr' id='par_1_41' title="bbox 247 4070 1848 4139">
     <span class='ocr_line' id='line_1_41' title="bbox 247 4070 1848 4139; baseline 0.001 -15"><span class='ocrx_word' id='word_1_336' title='bbox 247 4071 448 4138; x_wconf 84' lang='lat' dir='ltr'><strong>lueris,</strong></span> <span class='ocrx_word' id='word_1_337' title='bbox 471 4073 620 4128; x_wconf 82' lang='lat' dir='ltr'><strong>ocius</strong></span> <span class='ocrx_word' id='word_1_338' title='bbox 649 4073 918 4128; x_wconf 87' lang='lat' dir='ltr'><strong>dissolves</strong></span> <span class='ocrx_word' id='word_1_339' title='bbox 957 4071 1310 4126; x_wconf 85' lang='lat' dir='ltr'><strong>inimicitiam.</strong></span> <span class='ocrx_word' id='word_1_340' title='bbox 1345 4070 1498 4139; x_wconf 87' lang='lat' dir='ltr'><strong>Quod</strong></span> <span class='ocrx_word' id='word_1_341' title='bbox 1527 4072 1570 4126; x_wconf 88' lang='lat' dir='ltr'><strong>si</strong></span> <span class='ocrx_word' id='word_1_342' title='bbox 1602 4081 1686 4127; x_wconf 91' lang='lat' dir='ltr'><strong>est</strong></span> <span class='ocrx_word' id='word_1_343' title='bbox 1730 4073 1848 4126; x_wconf 88' lang='lat' dir='ltr'><strong>ani-</strong></span> 
     </span>
    </p>
   </div>
   <div class='ocr_carea' id='block_1_42' title="bbox 249 4163 1851 4234">
    <p class='ocr_par' dir='ltr' id='par_1_42' title="bbox 249 4163 1851 4234">
     <span class='ocr_line' id='line_1_42' title="bbox 249 4163 1851 4234; baseline 0.001 -17"><span class='ocrx_word' id='word_1_344' title='bbox 249 4178 370 4218; x_wconf 90' lang='lat' dir='ltr'><strong>mus</strong></span> <span class='ocrx_word' id='word_1_345' title='bbox 412 4166 558 4218; x_wconf 89' lang='lat' dir='ltr'><strong>ilhnn</strong></span> <span class='ocrx_word' id='word_1_346' title='bbox 600 4165 845 4219; x_wconf 89' lang='lat' dir='ltr'><strong>incusare</strong></span> <span class='ocrx_word' id='word_1_347' title='bbox 875 4205 889 4230; x_wconf 94' lang='lat'><strong>,</strong></span> <span class='ocrx_word' id='word_1_348' title='bbox 939 4179 1168 4233; x_wconf 85' lang='lat' dir='ltr'><strong>cumque</strong></span> <span class='ocrx_word' id='word_1_349' title='bbox 1213 4163 1304 4218; x_wconf 92' lang='lat' dir='ltr'><strong>illo</strong></span> <span class='ocrx_word' id='word_1_350' title='bbox 1347 4164 1733 4234; x_wconf 76' lang='lat' dir='ltr'><strong>expostulare:</strong></span> <span class='ocrx_word' id='word_1_351' title='bbox 1770 4163 1851 4219; x_wconf 86' lang='lat' dir='ltr'><strong>lac</strong></span> 
     </span>
    </p>
   </div>
   <div class='ocr_carea' id='block_1_43' title="bbox 249 4252 1850 4326">
    <p class='ocr_par' dir='ltr' id='par_1_43' title="bbox 249 4252 1850 4326">
     <span class='ocr_line' id='line_1_43' title="bbox 249 4252 1850 4326; baseline 0.002 -18"><span class='ocrx_word' id='word_1_352' title='bbox 249 4253 395 4322; x_wconf 91' lang='lat' dir='ltr'><strong>prius</strong></span> <span class='ocrx_word' id='word_1_353' title='bbox 421 4252 639 4324; x_wconf 89' lang='lat' dir='ltr'><strong>abjicias</strong></span> <span class='ocrx_word' id='word_1_354' title='bbox 664 4254 827 4309; x_wconf 89' lang='lat' dir='ltr'><strong>animi</strong></span> <span class='ocrx_word' id='word_1_355' title='bbox 864 4263 1065 4309; x_wconf 87' lang='lat' dir='ltr'><strong>motum</strong></span> <span class='ocrx_word' id='word_1_356' title='bbox 1087 4295 1101 4318; x_wconf 93' lang='lat'><strong>,</strong></span> <span class='ocrx_word' id='word_1_357' title='bbox 1127 4254 1368 4325; x_wconf 84' lang='lat' dir='ltr'><strong>iramque</strong></span> <span class='ocrx_word' id='word_1_358' title='bbox 1410 4255 1720 4326; x_wconf 76' lang='lat' dir='ltr'><strong>exstinguas</strong></span> <span class='ocrx_word' id='word_1_359' title='bbox 1743 4297 1757 4322; x_wconf 89' lang='lat'><strong>,</strong></span> <span class='ocrx_word' id='word_1_360' title='bbox 1785 4271 1850 4313; x_wconf 85' lang='lat' dir='ltr'><strong>ac</strong></span> 
     </span>
    </p>
   </div>
   <div class='ocr_carea' id='block_1_44' title="bbox 249 4330 1849 4420">
    <p class='ocr_par' dir='ltr' id='par_1_44' title="bbox 249 4330 1849 4420">
     <span class='ocr_line' id='line_1_44' title="bbox 249 4330 1849 4420; baseline 0.004 -22"><span class='ocrx_word' id='word_1_361' title='bbox 249 4354 362 4399; x_wconf 90' lang='lat' dir='ltr'><strong>tum</strong></span> <span class='ocrx_word' id='word_1_362' title='bbox 391 4359 511 4399; x_wconf 90' lang='lat' dir='ltr'><strong>cum</strong></span> <span class='ocrx_word' id='word_1_363' title='bbox 543 4345 634 4400; x_wconf 92' lang='lat' dir='ltr'><strong>illo</strong></span> <span class='ocrx_word' id='word_1_364' title='bbox 657 4347 936 4416; x_wconf 73' lang='lat' dir='ltr'><strong>evpostula</strong></span> <span class='ocrx_word' id='word_1_365' title='bbox 962 4387 977 4413; x_wconf 91' lang='lat'><strong>,</strong></span> <span class='ocrx_word' id='word_1_366' title='bbox 1009 4356 1118 4400; x_wconf 88' lang='lat' dir='ltr'><strong>tum</strong></span> <span class='ocrx_word' id='word_1_367' title='bbox 1146 4360 1342 4416; x_wconf 85' lang='lat' dir='ltr'><strong>argue,</strong></span> <span class='ocrx_word' id='word_1_368' title='bbox 1370 4357 1424 4402; x_wconf 91' lang='lat' dir='ltr'><strong>et</strong></span> <span class='ocrx_word' id='word_1_369' title='bbox 1465 4330 1620 4404; x_wconf 74' lang='lat' dir='ltr'><strong>facile</strong></span> <span class='ocrx_word' id='word_1_370' title='bbox 1650 4351 1849 4420; x_wconf 88' lang='lat' dir='ltr'><strong>poteris</strong></span> 
     </span>
    </p>
   </div>
   <div class='ocr_carea' id='block_1_45' title="bbox 253 4429 1849 4510">
    <p class='ocr_par' dir='ltr' id='par_1_45' title="bbox 253 4429 1849 4510">
     <span class='ocr_line' id='line_1_45' title="bbox 253 4429 1849 4510; baseline 0.004 -20"><span class='ocrx_word' id='word_1_371' title='bbox 253 4437 486 4493; x_wconf 83' lang='lat' dir='ltr'><strong>vincere.</strong></span> <span class='ocrx_word' id='word_1_372' title='bbox 533 4437 810 4508; x_wconf 88' lang='lat' dir='ltr'><strong>Siquidem</strong></span> <span class='ocrx_word' id='word_1_373' title='bbox 840 4439 917 4491; x_wconf 90' lang='lat' dir='ltr'><strong>ira</strong></span> <span class='ocrx_word' id='word_1_374' title='bbox 943 4429 1202 4493; x_wconf 77' lang='lat' dir='ltr'><strong>commoti</strong></span> <span class='ocrx_word' id='word_1_375' title='bbox 1235 4439 1364 4494; x_wconf 84' lang='lat' dir='ltr'><strong>nihil</strong></span> <span class='ocrx_word' id='word_1_376' title='bbox 1404 4441 1519 4496; x_wconf 80' lang='lat' dir='ltr'><strong>sani</strong></span> <span class='ocrx_word' id='word_1_377' title='bbox 1554 4443 1849 4510; x_wconf 88' lang='lat' dir='ltr'><strong>poterimus</strong></span> 
     </span>
    </p>
   </div>
   <div class='ocr_carea' id='block_1_46' title="bbox 250 4529 1848 4602">
    <p class='ocr_par' dir='ltr' id='par_1_46' title="bbox 250 4529 1848 4602">
     <span class='ocr_line' id='line_1_46' title="bbox 250 4529 1848 4602; baseline 0.004 -19"><span class='ocrx_word' id='word_1_378' title='bbox 250 4544 500 4596; x_wconf 85' lang='lat' dir='ltr'><strong>umquam</strong></span> <span class='ocrx_word' id='word_1_379' title='bbox 530 4529 610 4584; x_wconf 88' lang='lat' dir='ltr'><strong>vel</strong></span> <span class='ocrx_word' id='word_1_380' title='bbox 638 4529 818 4584; x_wconf 87' lang='lat' dir='ltr'><strong>dicere</strong></span> <span class='ocrx_word' id='word_1_381' title='bbox 837 4570 852 4593; x_wconf 88' lang='lat'><strong>,</strong></span> <span class='ocrx_word' id='word_1_382' title='bbox 879 4529 966 4583; x_wconf 85' lang='lat' dir='ltr'><strong>vel</strong></span> <span class='ocrx_word' id='word_1_383' title='bbox 999 4531 1186 4584; x_wconf 85' lang='lat' dir='ltr'><strong>audire</strong></span> <span class='ocrx_word' id='word_1_384' title='bbox 1217 4548 1228 4582; x_wconf 92' lang='lat'>:</span> <span class='ocrx_word' id='word_1_385' title='bbox 1264 4531 1356 4586; x_wconf 90' lang='lat' dir='ltr'><strong>sed</strong></span> <span class='ocrx_word' id='word_1_386' title='bbox 1386 4547 1412 4584; x_wconf 93' lang='lat' dir='ltr'><strong>a</strong></span> <span class='ocrx_word' id='word_1_387' title='bbox 1448 4535 1848 4602; x_wconf 82' lang='lat' dir='ltr'><strong>perturbatione</strong></span> 
     </span>
    </p>
   </div>
   <div class='ocr_carea' id='block_1_47' title="bbox 249 4619 1842 4693">
    <p class='ocr_par' dir='ltr' id='par_1_47' title="bbox 249 4619 1842 4693">
     <span class='ocr_line' id='line_1_47' title="bbox 249 4619 1842 4693; baseline 0.004 -20"><span class='ocrx_word' id='word_1_388' title='bbox 249 4619 422 4684; x_wconf 88' lang='lat' dir='ltr'><strong>liberi,</strong></span> <span class='ocrx_word' id='word_1_389' title='bbox 455 4634 554 4674; x_wconf 89' lang='lat' dir='ltr'><strong>nec</strong></span> <span class='ocrx_word' id='word_1_390' title='bbox 585 4620 685 4689; x_wconf 84' lang='lat' dir='ltr'><strong>ipsi</strong></span> <span class='ocrx_word' id='word_1_391' title='bbox 715 4619 933 4674; x_wconf 85' lang='lat' dir='ltr'><strong>verbum</strong></span> <span class='ocrx_word' id='word_1_392' title='bbox 962 4622 1208 4686; x_wconf 78' lang='lat' dir='ltr'><strong>asperius</strong></span> <span class='ocrx_word' id='word_1_393' title='bbox 1235 4637 1488 4690; x_wconf 81' lang='lat' dir='ltr'><strong>umquam</strong></span> <span class='ocrx_word' id='word_1_394' title='bbox 1515 4624 1842 4693; x_wconf 88' lang='lat' dir='ltr'><strong>etnittemns,</strong></span> 
     </span>
    </p>
   </div>
   <div class='ocr_carea' id='block_1_48' title="bbox 247 4711 1842 4781">
    <p class='ocr_par' dir='ltr' id='par_1_48' title="bbox 247 4711 1842 4781">
     <span class='ocr_line' id='line_1_48' title="bbox 247 4711 1842 4781; baseline 0.001 -15"><span class='ocrx_word' id='word_1_395' title='bbox 247 4727 346 4766; x_wconf 90' lang='lat' dir='ltr'><strong>nec</strong></span> <span class='ocrx_word' id='word_1_396' title='bbox 376 4712 493 4765; x_wconf 91' lang='lat' dir='ltr'><strong>aliis</strong></span> <span class='ocrx_word' id='word_1_397' title='bbox 520 4712 713 4766; x_wconf 87' lang='lat' dir='ltr'><strong>acerbe</strong></span> <span class='ocrx_word' id='word_1_398' title='bbox 744 4711 1112 4781; x_wconf 76' lang='lat' dir='ltr'><strong>loquentibus,</strong></span> <span class='ocrx_word' id='word_1_399' title='bbox 1141 4712 1330 4767; x_wconf 88' lang='lat' dir='ltr'><strong>eodem</strong></span> <span class='ocrx_word' id='word_1_400' title='bbox 1361 4715 1520 4767; x_wconf 81' lang='lat' dir='ltr'><strong>modo</strong></span> <span class='ocrx_word' id='word_1_401' title='bbox 1545 4717 1842 4771; x_wconf 82' lang='lat' dir='ltr'><strong>audiemus.</strong></span> 
     </span>
    </p>
   </div>
   <div class='ocr_carea' id='block_1_49' title="bbox 247 4799 1842 4874">
    <p class='ocr_par' dir='ltr' id='par_1_49' title="bbox 247 4799 1842 4874">
     <span class='ocr_line' id='line_1_49' title="bbox 247 4799 1842 4874; baseline 0.003 -19"><span class='ocrx_word' id='word_1_402' title='bbox 247 4799 430 4869; x_wconf 82' lang='lat' dir='ltr'><strong>Neque</strong></span> <span class='ocrx_word' id='word_1_403' title='bbox 449 4800 592 4856; x_wconf 90' lang='lat' dir='ltr'><strong>enim</strong></span> <span class='ocrx_word' id='word_1_404' title='bbox 621 4802 733 4870; x_wconf 83' lang='lat' dir='ltr'><strong>ipsa</strong></span> <span class='ocrx_word' id='word_1_405' title='bbox 760 4802 978 4870; x_wconf 82' lang='lat' dir='ltr'><strong>perinde</strong></span> <span class='ocrx_word' id='word_1_406' title='bbox 1008 4812 1194 4856; x_wconf 82' lang='lat' dir='ltr'><strong>natura</strong></span> <span class='ocrx_word' id='word_1_407' title='bbox 1221 4817 1410 4857; x_wconf 90' lang='lat' dir='ltr'><strong>eorum</strong></span> <span class='ocrx_word' id='word_1_408' title='bbox 1431 4819 1549 4874; x_wconf 78' lang='lat' dir='ltr'><strong>qua:</strong></span> <span class='ocrx_word' id='word_1_409' title='bbox 1571 4805 1842 4872; x_wconf 89' lang='lat' dir='ltr'><strong>dicuntur,</strong></span> 
     </span>
    </p>
   </div>
   <div class='ocr_carea' id='block_1_50' title="bbox 246 4892 1841 4964">
    <p class='ocr_par' dir='ltr' id='par_1_50' title="bbox 246 4892 1841 4964">
     <span class='ocr_line' id='line_1_50' title="bbox 246 4892 1841 4964; baseline 0.004 -19"><span class='ocrx_word' id='word_1_410' title='bbox 246 4903 404 4964; x_wconf 84' lang='lat' dir='ltr'><strong>atque</strong></span> <span class='ocrx_word' id='word_1_411' title='bbox 447 4896 660 4948; x_wconf 86' lang='lat' dir='ltr'><strong>animus</strong></span> <span class='ocrx_word' id='word_1_412' title='bbox 687 4892 811 4946; x_wconf 90' lang='lat' dir='ltr'><strong>odio</strong></span> <span class='ocrx_word' id='word_1_413' title='bbox 852 4904 1144 4963; x_wconf 88' lang='lat' dir='ltr'><strong>occupatus</strong></span> <span class='ocrx_word' id='word_1_414' title='bbox 1192 4909 1288 4948; x_wconf 91' lang='lat' dir='ltr'><strong>nos</strong></span> <span class='ocrx_word' id='word_1_415' title='bbox 1330 4910 1654 4964; x_wconf 81' lang='lat' dir='ltr'><strong>exasperare</strong></span> <span class='ocrx_word' id='word_1_416' title='bbox 1683 4899 1841 4951; x_wconf 82' lang='lat' dir='ltr'><strong>solet.</strong></span> 
     </span>
    </p>
   </div>
   <div class='ocr_carea' id='block_1_51' title="bbox 246 4981 1844 5053">
    <p class='ocr_par' dir='ltr' id='par_1_51' title="bbox 246 4981 1844 5053">
     <span class='ocr_line' id='line_1_51' title="bbox 246 4981 1844 5053; baseline 0.004 -16"><span class='ocrx_word' id='word_1_417' title='bbox 246 4981 578 5053; x_wconf 76' lang='lat' dir='ltr'><strong>Frequenter</strong></span> <span class='ocrx_word' id='word_1_418' title='bbox 602 4985 744 5038; x_wconf 87' lang='lat' dir='ltr'><strong>enim</strong></span> <span class='ocrx_word' id='word_1_419' title='bbox 775 4985 853 5050; x_wconf 83' lang='lat' dir='ltr'><strong>lit,</strong></span> <span class='ocrx_word' id='word_1_420' title='bbox 883 4994 939 5039; x_wconf 91' lang='lat' dir='ltr'><strong>ut</strong></span> <span class='ocrx_word' id='word_1_421' title='bbox 964 5001 1084 5040; x_wconf 83' lang='lat' dir='ltr'><strong>cum</strong></span> <span class='ocrx_word' id='word_1_422' title='bbox 1111 4987 1298 5041; x_wconf 85' lang='lat' dir='ltr'><strong>eadem</strong></span> <span class='ocrx_word' id='word_1_423' title='bbox 1325 4989 1567 5044; x_wconf 86' lang='lat' dir='ltr'><strong>convicia</strong></span> <span class='ocrx_word' id='word_1_424' title='bbox 1595 5004 1665 5043; x_wconf 90' lang='lat' dir='ltr'><strong>au</strong></span> <span class='ocrx_word' id='word_1_425' title='bbox 1691 4990 1844 5044; x_wconf 77' lang='lat' dir='ltr'><strong>fimus</strong></span> 
     </span>
    </p>
   </div>
   <div class='ocr_carea' id='block_1_52' title="bbox 245 5073 1842 5151">
    <p class='ocr_par' dir='ltr' id='par_1_52' title="bbox 245 5073 1842 5151">
     <span class='ocr_line' id='line_1_52' title="bbox 245 5073 1842 5151; baseline 0.006 -24"><span class='ocrx_word' id='word_1_426' title='bbox 245 5075 313 5130; x_wconf 89' lang='lat' dir='ltr'><strong>ab</strong></span> <span class='ocrx_word' id='word_1_427' title='bbox 334 5075 836 5144; x_wconf 86' lang='lat' dir='ltr'><strong>atuicisjocantibns</strong></span> <span class='ocrx_word' id='word_1_428' title='bbox 859 5073 1128 5132; x_wconf 84' lang='lat' dir='ltr'><strong>lacetiisve</strong></span> <span class='ocrx_word' id='word_1_429' title='bbox 1150 5077 1475 5146; x_wconf 90' lang='lat' dir='ltr'><strong>ludentibus,</strong></span> <span class='ocrx_word' id='word_1_430' title='bbox 1499 5088 1590 5133; x_wconf 91' lang='lat' dir='ltr'><strong>aut</strong></span> <span class='ocrx_word' id='word_1_431' title='bbox 1610 5095 1637 5133; x_wconf 67' lang='grc' dir='ltr'>τι</span> <span class='ocrx_word' id='word_1_432' title='bbox 1663 5084 1842 5151; x_wconf 90' lang='lat' dir='ltr'><strong>pueris</strong></span> 
     </span>
    </p>
   </div>
   <div class='ocr_carea' id='block_1_53' title="bbox 247 5167 1842 5237">
    <p class='ocr_par' dir='ltr' id='par_1_53' title="bbox 247 5167 1842 5237">
     <span class='ocr_line' id='line_1_53' title="bbox 247 5167 1842 5237; baseline 0.004 -16"><span class='ocrx_word' id='word_1_433' title='bbox 247 5167 502 5235; x_wconf 74' lang='lat' dir='ltr'><strong>parvulis,</strong></span> <span class='ocrx_word' id='word_1_434' title='bbox 527 5183 631 5221; x_wconf 90' lang='lat' dir='ltr'><strong>nou</strong></span> <span class='ocrx_word' id='word_1_435' title='bbox 654 5167 828 5222; x_wconf 86' lang='lat' dir='ltr'><strong>solum</strong></span> <span class='ocrx_word' id='word_1_436' title='bbox 843 5169 1050 5223; x_wconf 83' lang='lat' dir='ltr'><strong>nullam</strong></span> <span class='ocrx_word' id='word_1_437' title='bbox 1081 5170 1376 5225; x_wconf 85' lang='lat' dir='ltr'><strong>sentiamus</strong></span> <span class='ocrx_word' id='word_1_438' title='bbox 1398 5170 1722 5237; x_wconf 87' lang='lat' dir='ltr'><strong>molestiam,</strong></span> <span class='ocrx_word' id='word_1_439' title='bbox 1749 5189 1842 5228; x_wconf 88' lang='lat' dir='ltr'><strong>nc-</strong></span> 
     </span>
    </p>
   </div>
   <div class='ocr_carea' id='block_1_54' title="bbox 243 5259 1841 5333">
    <p class='ocr_par' dir='ltr' id='par_1_54' title="bbox 243 5259 1841 5333">
     <span class='ocr_line' id='line_1_54' title="bbox 243 5259 1841 5333; baseline 0.008 -25"><span class='ocrx_word' id='word_1_440' title='bbox 243 5272 348 5328; x_wconf 85' lang='lat' dir='ltr'><strong>que</strong></span> <span class='ocrx_word' id='word_1_441' title='bbox 369 5271 770 5327; x_wconf 83' lang='lat' dir='ltr'><strong>exasperentur,</strong></span> <span class='ocrx_word' id='word_1_442' title='bbox 799 5259 896 5314; x_wconf 87' lang='lat' dir='ltr'><strong>sed</strong></span> <span class='ocrx_word' id='word_1_443' title='bbox 922 5260 1193 5316; x_wconf 87' lang='lat' dir='ltr'><strong>rideamus</strong></span> <span class='ocrx_word' id='word_1_444' title='bbox 1218 5261 1379 5316; x_wconf 89' lang='lat' dir='ltr'><strong>etiam</strong></span> <span class='ocrx_word' id='word_1_445' title='bbox 1400 5302 1416 5330; x_wconf 91' lang='lat'><strong>,</strong></span> <span class='ocrx_word' id='word_1_446' title='bbox 1449 5271 1610 5333; x_wconf 87' lang='lat' dir='ltr'><strong>atque</strong></span> <span class='ocrx_word' id='word_1_447' title='bbox 1635 5263 1841 5320; x_wconf 50' lang='lat' dir='ltr'><strong>exhila.</strong></span> 
     </span>
    </p>
   </div>
   <div class='ocr_carea' id='block_1_55' title="bbox 241 5349 1837 5419">
    <p class='ocr_par' dir='ltr' id='par_1_55' title="bbox 241 5349 1837 5419">
     <span class='ocr_line' id='line_1_55' title="bbox 241 5349 1837 5419; baseline 0.004 -17"><span class='ocrx_word' id='word_1_448' title='bbox 241 5362 550 5414; x_wconf 82' lang='lat' dir='ltr'><strong>temur,eo</strong></span> <span class='ocrx_word' id='word_1_449' title='bbox 601 5349 741 5419; x_wconf 90' lang='lat' dir='ltr'><strong>quod</strong></span> <span class='ocrx_word' id='word_1_450' title='bbox 789 5349 876 5402; x_wconf 89' lang='lat' dir='ltr'><strong>illa</strong></span> <span class='ocrx_word' id='word_1_451' title='bbox 938 5365 1045 5404; x_wconf 90' lang='lat' dir='ltr'><strong>non</strong></span> <span class='ocrx_word' id='word_1_452' title='bbox 1094 5351 1374 5408; x_wconf 87' lang='lat' dir='ltr'><strong>audiamus</strong></span> <span class='ocrx_word' id='word_1_453' title='bbox 1421 5354 1586 5407; x_wconf 90' lang='lat' dir='ltr'><strong>animi</strong></span> <span class='ocrx_word' id='word_1_454' title='bbox 1644 5354 1837 5410; x_wconf 86' lang='lat' dir='ltr'><strong>all‘cctu</strong></span> 
     </span>
    </p>
   </div>
   <div class='ocr_carea' id='block_1_56' title="bbox 241 5441 1836 5514">
    <p class='ocr_par' dir='ltr' id='par_1_56' title="bbox 241 5441 1836 5514">
     <span class='ocr_line' id='line_1_56' title="bbox 241 5441 1836 5514; baseline 0.004 -22"><span class='ocrx_word' id='word_1_455' title='bbox 241 5448 734 5510; x_wconf 84' lang='lat' dir='ltr'><strong>corrupto,neqne</strong></span> <span class='ocrx_word' id='word_1_456' title='bbox 777 5450 956 5495; x_wconf 88' lang='lat' dir='ltr'><strong>mente</strong></span> <span class='ocrx_word' id='word_1_457' title='bbox 1003 5441 1079 5495; x_wconf 91' lang='lat' dir='ltr'><strong>ira</strong></span> <span class='ocrx_word' id='word_1_458' title='bbox 1132 5456 1523 5514; x_wconf 62' lang='lat' dir='ltr'><strong>praeoccupate.</strong></span> <span class='ocrx_word' id='word_1_459' title='bbox 1554 5445 1743 5499; x_wconf 88' lang='lat' dir='ltr'><strong>Itidem</strong></span> <span class='ocrx_word' id='word_1_460' title='bbox 1785 5447 1836 5499; x_wconf 91' lang='lat' dir='ltr'><strong>in</strong></span> 
     </span>
    </p>
   </div>
   <div class='ocr_carea' id='block_1_57' title="bbox 243 5530 1836 5607">
    <p class='ocr_par' dir='ltr' id='par_1_57' title="bbox 243 5530 1836 5607">
     <span class='ocr_line' id='line_1_57' title="bbox 243 5530 1836 5607; baseline 0.004 -21"><span class='ocrx_word' id='word_1_461' title='bbox 243 5530 495 5596; x_wconf 78' lang='lat' dir='ltr'><strong>inimicis,</strong></span> <span class='ocrx_word' id='word_1_462' title='bbox 519 5532 563 5586; x_wconf 91' lang='lat' dir='ltr'><strong>si</strong></span> <span class='ocrx_word' id='word_1_463' title='bbox 592 5532 920 5588; x_wconf 82' lang='lat' dir='ltr'><strong>exstinxeris</strong></span> <span class='ocrx_word' id='word_1_464' title='bbox 951 5535 1104 5600; x_wconf 88' lang='lat' dir='ltr'><strong>iram,</strong></span> <span class='ocrx_word' id='word_1_465' title='bbox 1133 5535 1176 5589; x_wconf 91' lang='lat' dir='ltr'><strong>si</strong></span> <span class='ocrx_word' id='word_1_466' title='bbox 1209 5535 1391 5590; x_wconf 88' lang='lat' dir='ltr'><strong>odium</strong></span> <span class='ocrx_word' id='word_1_467' title='bbox 1423 5537 1669 5607; x_wconf 82' lang='lat' dir='ltr'><strong>ejeceris,</strong></span> <span class='ocrx_word' id='word_1_468' title='bbox 1702 5539 1836 5593; x_wconf 89' lang='lat' dir='ltr'><strong>nihil</strong></span> 
     </span>
    </p>
   </div>
   <div class='ocr_carea' id='block_1_58' title="bbox 244 5620 1573 5695">
    <p class='ocr_par' dir='ltr' id='par_1_58' title="bbox 244 5620 1573 5695">
     <span class='ocr_line' id='line_1_58' title="bbox 244 5620 1573 5695; baseline 0.005 -19"><span class='ocrx_word' id='word_1_469' title='bbox 244 5620 529 5678; x_wconf 84' lang='lat' dir='ltr'><strong>verborum</strong></span> <span class='ocrx_word' id='word_1_470' title='bbox 557 5637 676 5692; x_wconf 76' lang='lat' dir='ltr'><strong>qum</strong></span> <span class='ocrx_word' id='word_1_471' title='bbox 700 5623 948 5679; x_wconf 89' lang='lat' dir='ltr'><strong>dicuntur</strong></span> <span class='ocrx_word' id='word_1_472' title='bbox 976 5635 1026 5680; x_wconf 90' lang='lat' dir='ltr'><strong>te</strong></span> <span class='ocrx_word' id='word_1_473' title='bbox 1057 5628 1248 5695; x_wconf 89' lang='lat' dir='ltr'><strong>poterit</strong></span> <span class='ocrx_word' id='word_1_474' title='bbox 1277 5627 1573 5684; x_wconf 85' lang='lat' dir='ltr'><strong>nll&#39;eudere.</strong></span> 
     </span>
    </p>
   </div>
   <div class='ocr_carea' id='block_1_59' title="bbox 315 5710 1832 5790">
    <p class='ocr_par' dir='ltr' id='par_1_59' title="bbox 315 5710 1832 5790">
     <span class='ocr_line' id='line_1_59' title="bbox 315 5710 1832 5790; baseline 0.005 -21"><span class='ocrx_word' id='word_1_475' title='bbox 315 5711 369 5769; x_wconf 78' lang='grc'><strong>8.</strong></span> <span class='ocrx_word' id='word_1_476' title='bbox 404 5710 620 5786; x_wconf 84' lang='lat' dir='ltr'><strong>Dignior</strong></span> <span class='ocrx_word' id='word_1_477' title='bbox 644 5714 883 5786; x_wconf 76' lang='lat' dir='ltr'><strong>lacrymis</strong></span> <span class='ocrx_word' id='word_1_478' title='bbox 902 5717 989 5787; x_wconf 87' lang='lat' dir='ltr'><strong>qui</strong></span> <span class='ocrx_word' id='word_1_479' title='bbox 1004 5718 1128 5788; x_wconf 79' lang='lat' dir='ltr'><strong>facit</strong></span> <span class='ocrx_word' id='word_1_480' title='bbox 1150 5719 1630 5790; x_wconf 85' lang='lat' dir='ltr'><strong>injuriam.-——Quid</strong></span> <span class='ocrx_word' id='word_1_481' title='bbox 1653 5731 1832 5781; x_wconf 85' lang='lat' dir='ltr'><strong>autem</strong></span> 
     </span>
    </p>
   </div>
   <div class='ocr_carea' id='block_1_60' title="bbox 246 5802 1827 5884">
    <p class='ocr_par' dir='ltr' id='par_1_60' title="bbox 246 5802 1827 5884">
     <span class='ocr_line' id='line_1_60' title="bbox 246 5802 1827 5884; baseline 0.005 -21"><span class='ocrx_word' id='word_1_482' title='bbox 246 5802 436 5879; x_wconf 73' lang='grc' dir='ltr'>ιαιιωι·</span> <span class='ocrx_word' id='word_1_483' title='bbox 481 5805 550 5863; x_wconf 93' lang='lat' dir='ltr'><strong>de</strong></span> <span class='ocrx_word' id='word_1_484' title='bbox 602 5809 831 5865; x_wconf 79' lang='lat' dir='ltr'><strong>verbis?</strong></span> <span class='ocrx_word' id='word_1_485' title='bbox 867 5809 947 5867; x_wconf 80' lang='lat' dir='ltr'><strong>Ne</strong></span> <span class='ocrx_word' id='word_1_486' title='bbox 998 5808 1136 5867; x_wconf 73' lang='lat' dir='ltr'><strong>facta</strong></span> <span class='ocrx_word' id='word_1_487' title='bbox 1188 5811 1407 5884; x_wconf 87' lang='lat' dir='ltr'><strong>quidem</strong></span> <span class='ocrx_word' id='word_1_488' title='bbox 1465 5814 1827 5884; x_wconf 76' lang='lat' dir='ltr'><strong>olleadcriut,</strong></span> 
     </span>
    </p>
   </div>
   <div class='ocr_carea' id='block_1_61' title="bbox 1258 377 2504 442">
    <p class='ocr_par' dir='ltr' id='par_1_61' title="bbox 1258 377 2504 442">
     <span class='ocr_line' id='line_1_61' title="bbox 1258 377 2504 442; baseline -0.008 0"><span class='ocrx_word' id='word_1_489' title='bbox 1258 387 1346 442; x_wconf 84' lang='lat' dir='ltr'><strong>DE</strong></span> <span class='ocrx_word' id='word_1_490' title='bbox 1391 383 1648 441; x_wconf 66' lang='lat' dir='ltr'><strong>DAVIDE</strong></span> <span class='ocrx_word' id='word_1_491' title='bbox 1689 381 1779 438; x_wconf 78' lang='grc' dir='ltr'><strong>ΕΤ</strong></span> <span class='ocrx_word' id='word_1_492' title='bbox 1818 378 2046 438; x_wconf 81' lang='lat' dir='ltr'><strong>SAULE</strong></span> <span class='ocrx_word' id='word_1_493' title='bbox 2086 377 2373 436; x_wconf 65' lang='lat' dir='ltr'><strong>HOMILIA</strong></span> <span class='ocrx_word' id='word_1_494' title='bbox 2418 378 2504 433; x_wconf 94' lang='lat' dir='ltr'><strong>Ill.</strong></span> 
     </span>
    </p>
   </div>
   <div class='ocr_carea' id='block_1_62' title="bbox 3461 378 3572 431">
    <p class='ocr_par' dir='ltr' id='par_1_62' title="bbox 3461 378 3572 431">
     <span class='ocr_line' id='line_1_62' title="bbox 3461 378 3572 431; baseline -0.027 0"><span class='ocrx_word' id='word_1_495' title='bbox 3461 378 3528 431; x_wconf 72' lang='grc' dir='ltr'><strong>’Νι</strong></span> <span class='ocrx_word' id='word_1_496' title='bbox 3539 379 3572 428; x_wconf 77' lang='lat'><strong><em>6</em></strong></span> 
     </span>
    </p>
   </div>
   <div class='ocr_carea' id='block_1_63' title="bbox 1970 493 3578 566">
    <p class='ocr_par' dir='ltr' id='par_1_63' title="bbox 1970 493 3578 566">
     <span class='ocr_line' id='line_1_63' title="bbox 1970 493 3578 566; baseline 0 -17"><span class='ocrx_word' id='word_1_497' title='bbox 1970 493 2426 566; x_wconf 86' lang='lat' dir='ltr'><strong>quemadmodum</strong></span> <span class='ocrx_word' id='word_1_498' title='bbox 2469 508 2569 548; x_wconf 85' lang='lat' dir='ltr'><strong>nec</strong></span> <span class='ocrx_word' id='word_1_499' title='bbox 2609 494 2821 547; x_wconf 81' lang='lat' dir='ltr'><strong>beatum</strong></span> <span class='ocrx_word' id='word_1_500' title='bbox 2864 493 3006 547; x_wconf 88' lang='lat' dir='ltr'><strong>inme</strong></span> <span class='ocrx_word' id='word_1_501' title='bbox 3047 493 3340 563; x_wconf 88' lang='lat' dir='ltr'><strong>quidquam</strong></span> <span class='ocrx_word' id='word_1_502' title='bbox 3386 493 3578 556; x_wconf 84' lang='lat' dir='ltr'><strong>horum</strong></span> 
     </span>
    </p>
   </div>
   <div class='ocr_carea' id='block_1_64' title="bbox 1969 583 3580 654">
    <p class='ocr_par' dir='ltr' id='par_1_64' title="bbox 1969 583 3580 654">
     <span class='ocr_line' id='line_1_64' title="bbox 1969 583 3580 654; baseline -0.002 -10"><span class='ocrx_word' id='word_1_503' title='bbox 1969 586 2194 644; x_wconf 85' lang='lat' dir='ltr'><strong>oﬂ&#39;endit</strong></span> <span class='ocrx_word' id='word_1_504' title='bbox 2224 602 2239 644; x_wconf 85' lang='lat'><strong>;</strong></span> <span class='ocrx_word' id='word_1_505' title='bbox 2269 586 2363 641; x_wconf 92' lang='lat' dir='ltr'><strong>scd</strong></span> <span class='ocrx_word' id='word_1_506' title='bbox 2406 600 2530 639; x_wconf 88' lang='lat' dir='ltr'><strong>cum</strong></span> <span class='ocrx_word' id='word_1_507' title='bbox 2561 585 2769 640; x_wconf 83' lang='lat' dir='ltr'><strong>videret</strong></span> <span class='ocrx_word' id='word_1_508' title='bbox 2809 584 3082 639; x_wconf 74' lang='lat' dir='ltr'><strong>inimicum</strong></span> <span class='ocrx_word' id='word_1_509' title='bbox 3110 583 3370 639; x_wconf 89' lang='lat' dir='ltr'><strong>adversus</strong></span> <span class='ocrx_word' id='word_1_510' title='bbox 3411 583 3580 654; x_wconf 82' lang='lat' dir='ltr'><strong>ipsius</strong></span> 
     </span>
    </p>
   </div>
   <div class='ocr_carea' id='block_1_65' title="bbox 1970 674 3578 746">
    <p class='ocr_par' dir='ltr' id='par_1_65' title="bbox 1970 674 3578 746">
     <span class='ocr_line' id='line_1_65' title="bbox 1970 674 3578 746; baseline -0.001 -14"><span class='ocrx_word' id='word_1_511' title='bbox 1970 677 2392 732; x_wconf 90' lang='lat' dir='ltr'><strong>incolumitatem</strong></span> <span class='ocrx_word' id='word_1_512' title='bbox 2427 686 2715 742; x_wconf 90' lang='lat' dir='ltr'><strong>armatum,</strong></span> <span class='ocrx_word' id='word_1_513' title='bbox 2744 675 3010 746; x_wconf 81' lang='lat' dir='ltr'><strong>hujusqne</strong></span> <span class='ocrx_word' id='word_1_514' title='bbox 3040 677 3210 746; x_wconf 89' lang='lat' dir='ltr'><strong>gratia</strong></span> <span class='ocrx_word' id='word_1_515' title='bbox 3235 674 3368 730; x_wconf 86' lang='lat' dir='ltr'><strong>nihil</strong></span> <span class='ocrx_word' id='word_1_516' title='bbox 3400 677 3578 731; x_wconf 89' lang='lat' dir='ltr'><strong>inten-</strong></span> 
     </span>
    </p>
   </div>
   <div class='ocr_carea' id='block_1_66' title="bbox 1970 770 3578 842">
    <p class='ocr_par' dir='ltr' id='par_1_66' title="bbox 1970 770 3578 842">
     <span class='ocr_line' id='line_1_66' title="bbox 1970 770 3578 842; baseline -0.002 -16"><span class='ocrx_word' id='word_1_517' title='bbox 1970 780 2136 827; x_wconf 89' lang='lat' dir='ltr'><strong>tatum</strong></span> <span class='ocrx_word' id='word_1_518' title='bbox 2167 771 2584 842; x_wconf 90' lang='lat' dir='ltr'><strong>relinquentem,</strong></span> <span class='ocrx_word' id='word_1_519' title='bbox 2612 785 2718 824; x_wconf 93' lang='lat' dir='ltr'><strong>non</strong></span> <span class='ocrx_word' id='word_1_520' title='bbox 2744 770 2921 826; x_wconf 91' lang='lat' dir='ltr'><strong>solum</strong></span> <span class='ocrx_word' id='word_1_521' title='bbox 2947 784 3052 835; x_wconf 80' lang='lat' dir='ltr'><strong>non</strong></span> <span class='ocrx_word' id='word_1_522' title='bbox 3081 778 3166 825; x_wconf 89' lang='lat' dir='ltr'><strong>est</strong></span> <span class='ocrx_word' id='word_1_523' title='bbox 3189 778 3540 838; x_wconf 89' lang='lat' dir='ltr'><strong>exasperatus</strong></span> <span class='ocrx_word' id='word_1_524' title='bbox 3560 809 3578 836; x_wconf 94' lang='lat'><strong>,</strong></span> 
     </span>
    </p>
   </div>
   <div class='ocr_carea' id='block_1_67' title="bbox 1967 861 3581 933">
    <p class='ocr_par' dir='ltr' id='par_1_67' title="bbox 1967 861 3581 933">
     <span class='ocr_line' id='line_1_67' title="bbox 1967 861 3581 933; baseline -0.001 -16"><span class='ocrx_word' id='word_1_525' title='bbox 1967 879 2156 918; x_wconf 89' lang='lat' dir='ltr'><strong>verum</strong></span> <span class='ocrx_word' id='word_1_526' title='bbox 2185 864 2356 933; x_wconf 82' lang='lat' dir='ltr'><strong>magis</strong></span> <span class='ocrx_word' id='word_1_527' title='bbox 2401 863 2539 917; x_wconf 88' lang='lat' dir='ltr'><strong>illius</strong></span> <span class='ocrx_word' id='word_1_528' title='bbox 2578 861 2808 917; x_wconf 72' lang='lat' dir='ltr'><strong>indoluit</strong></span> <span class='ocrx_word' id='word_1_529' title='bbox 2835 861 2992 916; x_wconf 88' lang='lat' dir='ltr'><strong>malis</strong></span> <span class='ocrx_word' id='word_1_530' title='bbox 3023 877 3038 916; x_wconf 88' lang='lat'><strong>:</strong></span> <span class='ocrx_word' id='word_1_531' title='bbox 3066 876 3175 932; x_wconf 91' lang='lat' dir='ltr'><strong>quo</strong></span> <span class='ocrx_word' id='word_1_532' title='bbox 3203 861 3581 916; x_wconf 89' lang='lat' dir='ltr'><strong>vehementius</strong></span> 
     </span>
    </p>
   </div>
   <div class='ocr_carea' id='block_1_68' title="bbox 1967 951 3582 1023">
    <p class='ocr_par' dir='ltr' id='par_1_68' title="bbox 1967 951 3582 1023">
     <span class='ocr_line' id='line_1_68' title="bbox 1967 951 3582 1023; baseline -0.001 -14"><span class='ocrx_word' id='word_1_533' title='bbox 1967 953 2320 1010; x_wconf 88' lang='lat' dir='ltr'><strong>insidiabatur</strong></span> <span class='ocrx_word' id='word_1_534' title='bbox 2346 954 2454 1021; x_wconf 90' lang='lat' dir='ltr'><strong>ille,</strong></span> <span class='ocrx_word' id='word_1_535' title='bbox 2479 954 2581 1009; x_wconf 90' lang='lat' dir='ltr'><strong>hoc</strong></span> <span class='ocrx_word' id='word_1_536' title='bbox 2611 953 2903 1023; x_wconf 89' lang='lat' dir='ltr'><strong>impensius</strong></span> <span class='ocrx_word' id='word_1_537' title='bbox 2925 969 3048 1009; x_wconf 90' lang='lat' dir='ltr'><strong>eum</strong></span> <span class='ocrx_word' id='word_1_538' title='bbox 3071 951 3308 1008; x_wconf 79' lang='lat' dir='ltr'><strong>deﬂevit.</strong></span> <span class='ocrx_word' id='word_1_539' title='bbox 3345 953 3582 1009; x_wconf 71' lang='lat' dir='ltr'><strong>Noverat</strong></span> 
     </span>
    </p>
   </div>
   <div class='ocr_carea' id='block_1_69' title="bbox 1966 1044 3579 1116">
    <p class='ocr_par' dir='ltr' id='par_1_69' title="bbox 1966 1044 3579 1116">
     <span class='ocr_line' id='line_1_69' title="bbox 1966 1044 3579 1116; baseline -0.001 -16"><span class='ocrx_word' id='word_1_540' title='bbox 1966 1045 2144 1110; x_wconf 86' lang='lat' dir='ltr'><strong>enim,</strong></span> <span class='ocrx_word' id='word_1_541' title='bbox 2177 1054 2439 1111; x_wconf 83' lang='lat' dir='ltr'><strong>noverat,</strong></span> <span class='ocrx_word' id='word_1_542' title='bbox 2470 1045 2690 1114; x_wconf 87' lang='lat' dir='ltr'><strong>inquam</strong></span> <span class='ocrx_word' id='word_1_543' title='bbox 2713 1087 2727 1111; x_wconf 93' lang='lat'><strong>,</strong></span> <span class='ocrx_word' id='word_1_544' title='bbox 2750 1054 2900 1099; x_wconf 89' lang='lat' dir='ltr'><strong>certo</strong></span> <span class='ocrx_word' id='word_1_545' title='bbox 2931 1087 2946 1108; x_wconf 93' lang='lat'><strong>,</strong></span> <span class='ocrx_word' id='word_1_546' title='bbox 2979 1059 3086 1099; x_wconf 89' lang='lat' dir='ltr'><strong>non</strong></span> <span class='ocrx_word' id='word_1_547' title='bbox 3109 1059 3232 1100; x_wconf 89' lang='lat' dir='ltr'><strong>eum</strong></span> <span class='ocrx_word' id='word_1_548' title='bbox 3259 1044 3350 1116; x_wconf 88' lang='lat' dir='ltr'><strong>qui</strong></span> <span class='ocrx_word' id='word_1_549' title='bbox 3377 1045 3579 1116; x_wconf 82' lang='lat' dir='ltr'><strong>patitur</strong></span> 
     </span>
    </p>
   </div>
   <div class='ocr_carea' id='block_1_70' title="bbox 1968 1136 3566 1213">
    <p class='ocr_par' dir='ltr' id='par_1_70' title="bbox 1968 1136 3566 1213">
     <span class='ocr_line' id='line_1_70' title="bbox 1968 1136 3566 1213; baseline 0.002 -21"><span class='ocrx_word' id='word_1_550' title='bbox 1968 1136 2242 1208; x_wconf 89' lang='lat' dir='ltr'><strong>injuriam,</strong></span> <span class='ocrx_word' id='word_1_551' title='bbox 2270 1137 2364 1192; x_wconf 90' lang='lat' dir='ltr'><strong>sed</strong></span> <span class='ocrx_word' id='word_1_552' title='bbox 2389 1137 2478 1210; x_wconf 92' lang='lat' dir='ltr'><strong>qui</strong></span> <span class='ocrx_word' id='word_1_553' title='bbox 2512 1138 2656 1204; x_wconf 82' lang='lat' dir='ltr'><strong>facit,</strong></span> <span class='ocrx_word' id='word_1_554' title='bbox 2692 1138 2943 1213; x_wconf 82' lang='lat' dir='ltr'><strong>lacrymis</strong></span> <span class='ocrx_word' id='word_1_555' title='bbox 2965 1153 3028 1194; x_wconf 90' lang='lat' dir='ltr'><strong>ac</strong></span> <span class='ocrx_word' id='word_1_556' title='bbox 3056 1139 3307 1194; x_wconf 86' lang='lat' dir='ltr'><strong>lamentis</strong></span> <span class='ocrx_word' id='word_1_557' title='bbox 3333 1154 3457 1195; x_wconf 85' lang='lat' dir='ltr'><strong>esse</strong></span> <span class='ocrx_word' id='word_1_558' title='bbox 3477 1138 3566 1195; x_wconf 84' lang='lat' dir='ltr'><strong>di-</strong></span> 
     </span>
    </p>
   </div>
   <div class='ocr_carea' id='block_1_71' title="bbox 1966 1229 3580 1304">
    <p class='ocr_par' dir='ltr' id='par_1_71' title="bbox 1966 1229 3580 1304">
     <span class='ocr_line' id='line_1_71' title="bbox 1966 1229 3580 1304; baseline 0 -20"><span class='ocrx_word' id='word_1_559' title='bbox 1966 1243 2130 1298; x_wconf 87' lang='lat' dir='ltr'><strong>gnum</strong></span> <span class='ocrx_word' id='word_1_560' title='bbox 2165 1269 2180 1297; x_wconf 92' lang='lat'><strong>,</strong></span> <span class='ocrx_word' id='word_1_561' title='bbox 2215 1239 2274 1283; x_wconf 92' lang='lat' dir='ltr'><strong>ut</strong></span> <span class='ocrx_word' id='word_1_562' title='bbox 2307 1230 2396 1299; x_wconf 93' lang='lat' dir='ltr'><strong>qni</strong></span> <span class='ocrx_word' id='word_1_563' title='bbox 2435 1229 2590 1283; x_wconf 66' lang='lat' dir='ltr'><strong>tardat</strong></span> <span class='ocrx_word' id='word_1_564' title='bbox 2615 1229 2875 1300; x_wconf 86' lang='lat' dir='ltr'><strong>sclpsum.</strong></span> <span class='ocrx_word' id='word_1_565' title='bbox 2909 1229 3035 1288; x_wconf 84' lang='lat' dir='ltr'><strong>ideo</strong></span> <span class='ocrx_word' id='word_1_566' title='bbox 3066 1229 3224 1300; x_wconf 87' lang='lat' dir='ltr'><strong>longa</strong></span> <span class='ocrx_word' id='word_1_567' title='bbox 3260 1230 3400 1304; x_wconf 86' lang='lat' dir='ltr'><strong>apud</strong></span> <span class='ocrx_word' id='word_1_568' title='bbox 3427 1230 3580 1285; x_wconf 90' lang='lat' dir='ltr'><strong>illum</strong></span> 
     </span>
    </p>
   </div>
   <div class='ocr_carea' id='block_1_72' title="bbox 1967 1321 3579 1393">
    <p class='ocr_par' dir='ltr' id='par_1_72' title="bbox 1967 1321 3579 1393">
     <span class='ocr_line' id='line_1_72' title="bbox 1967 1321 3579 1393; baseline 0.001 -17"><span class='ocrx_word' id='word_1_569' title='bbox 1967 1323 2314 1378; x_wconf 88' lang='lat' dir='ltr'><strong>excusatione</strong></span> <span class='ocrx_word' id='word_1_570' title='bbox 2344 1331 2426 1376; x_wconf 89' lang='lat' dir='ltr'><strong>est</strong></span> <span class='ocrx_word' id='word_1_571' title='bbox 2454 1337 2580 1376; x_wconf 71' lang='lat' dir='ltr'><strong>usus</strong></span> <span class='ocrx_word' id='word_1_572' title='bbox 2600 1364 2615 1389; x_wconf 93' lang='lat'><strong>,</strong></span> <span class='ocrx_word' id='word_1_573' title='bbox 2645 1339 2744 1377; x_wconf 78' lang='lat' dir='ltr'><strong>nec.</strong></span> <span class='ocrx_word' id='word_1_574' title='bbox 2768 1323 2915 1392; x_wconf 90' lang='lat' dir='ltr'><strong>prius</strong></span> <span class='ocrx_word' id='word_1_575' title='bbox 2941 1321 3180 1393; x_wconf 89' lang='lat' dir='ltr'><strong>destitit,</strong></span> <span class='ocrx_word' id='word_1_576' title='bbox 3209 1334 3370 1392; x_wconf 87' lang='lat' dir='ltr'><strong>quam</strong></span> <span class='ocrx_word' id='word_1_577' title='bbox 3389 1333 3444 1378; x_wconf 89' lang='lat' dir='ltr'><strong>et</strong></span> <span class='ocrx_word' id='word_1_578' title='bbox 3475 1322 3579 1378; x_wconf 81' lang='lat' dir='ltr'><strong>lto-</strong></span> 
     </span>
    </p>
   </div>
   <div class='ocr_carea' id='block_1_73' title="bbox 1967 1415 3582 1486">
    <p class='ocr_par' dir='ltr' id='par_1_73' title="bbox 1967 1415 3582 1486">
     <span class='ocr_line' id='line_1_73' title="bbox 1967 1415 3582 1486; baseline 0.001 -17"><span class='ocrx_word' id='word_1_579' title='bbox 1967 1423 2108 1470; x_wconf 90' lang='lat' dir='ltr'><strong>stem</strong></span> <span class='ocrx_word' id='word_1_580' title='bbox 2141 1425 2507 1471; x_wconf 89' lang='lat' dir='ltr'><strong>commoveret</strong></span> <span class='ocrx_word' id='word_1_581' title='bbox 2535 1415 2602 1470; x_wconf 89' lang='lat' dir='ltr'><strong>ad</strong></span> <span class='ocrx_word' id='word_1_582' title='bbox 2641 1417 3043 1472; x_wconf 84' lang='lat' dir='ltr'><strong>excusationem</strong></span> <span class='ocrx_word' id='word_1_583' title='bbox 3072 1430 3196 1471; x_wconf 89' lang='lat' dir='ltr'><strong>cum</strong></span> <span class='ocrx_word' id='word_1_584' title='bbox 3238 1416 3491 1486; x_wconf 85' lang='lat' dir='ltr'><strong>lacrymis</strong></span> <span class='ocrx_word' id='word_1_585' title='bbox 3515 1430 3582 1472; x_wconf 90' lang='lat' dir='ltr'><strong>ac</strong></span> 
     </span>
    </p>
   </div>
   <div class='ocr_carea' id='block_1_74' title="bbox 1970 1509 3584 1579">
    <p class='ocr_par' dir='ltr' id='par_1_74' title="bbox 1970 1509 3584 1579">
     <span class='ocr_line' id='line_1_74' title="bbox 1970 1509 3584 1579; baseline -0.001 -13"><span class='ocrx_word' id='word_1_586' title='bbox 1970 1510 2241 1566; x_wconf 86' lang='lat' dir='ltr'><strong>lamentis.</strong></span> <span class='ocrx_word' id='word_1_587' title='bbox 2287 1509 2642 1579; x_wconf 78' lang='lat' dir='ltr'><strong>Posteaquam</strong></span> <span class='ocrx_word' id='word_1_588' title='bbox 2669 1509 2813 1565; x_wconf 91' lang='lat' dir='ltr'><strong>enim</strong></span> <span class='ocrx_word' id='word_1_589' title='bbox 2843 1509 3074 1578; x_wconf 87' lang='lat' dir='ltr'><strong>ploravit</strong></span> <span class='ocrx_word' id='word_1_590' title='bbox 3104 1518 3401 1579; x_wconf 86' lang='lat' dir='ltr'><strong>vocemque</strong></span> <span class='ocrx_word' id='word_1_591' title='bbox 3426 1523 3584 1564; x_wconf 87' lang='lat' dir='ltr'><strong>ama-</strong></span> 
     </span>
    </p>
   </div>
   <div class='ocr_carea' id='block_1_75' title="bbox 1966 1598 3586 1670">
    <p class='ocr_par' dir='ltr' id='par_1_75' title="bbox 1966 1598 3586 1670">
     <span class='ocr_line' id='line_1_75' title="bbox 1966 1598 3586 1670; baseline 0.001 -17"><span class='ocrx_word' id='word_1_592' title='bbox 1966 1615 2082 1653; x_wconf 90' lang='lat' dir='ltr'><strong>ram</strong></span> <span class='ocrx_word' id='word_1_593' title='bbox 2125 1599 2303 1656; x_wconf 86' lang='lat' dir='ltr'><strong>emisit</strong></span> <span class='ocrx_word' id='word_1_594' title='bbox 2334 1640 2352 1667; x_wconf 96' lang='lat'><strong>,</strong></span> <span class='ocrx_word' id='word_1_595' title='bbox 2397 1608 2751 1670; x_wconf 87' lang='lat' dir='ltr'><strong>posteaquam</strong></span> <span class='ocrx_word' id='word_1_596' title='bbox 2790 1598 2937 1655; x_wconf 87' lang='lat' dir='ltr'><strong>clare</strong></span> <span class='ocrx_word' id='word_1_597' title='bbox 2971 1600 3190 1670; x_wconf 85' lang='lat' dir='ltr'><strong>ejulavit</strong></span> <span class='ocrx_word' id='word_1_598' title='bbox 3222 1641 3238 1666; x_wconf 92' lang='lat'><strong>,</strong></span> <span class='ocrx_word' id='word_1_599' title='bbox 3277 1599 3409 1670; x_wconf 89' lang='lat' dir='ltr'><strong>quid</strong></span> <span class='ocrx_word' id='word_1_600' title='bbox 3438 1599 3586 1655; x_wconf 91' lang='lat' dir='ltr'><strong>dicat</strong></span> 
     </span>
    </p>
   </div>
   <div class='ocr_carea' id='block_1_76' title="bbox 1966 1689 3582 1760">
    <p class='ocr_par' dir='ltr' id='par_1_76' title="bbox 1966 1689 3582 1760">
     <span class='ocr_line' id='line_1_76' title="bbox 1966 1689 3582 1760; baseline 0.001 -18"><span class='ocrx_word' id='word_1_601' title='bbox 1966 1689 2112 1744; x_wconf 87' lang='lat' dir='ltr'><strong>audi.</strong></span> <span class='ocrx_word' id='word_1_602' title='bbox 2133 1689 2332 1745; x_wconf 80' lang='lat' dir='ltr'><strong>Justior</strong></span> <span class='ocrx_word' id='word_1_603' title='bbox 2359 1699 2413 1744; x_wconf 85' lang='lat' dir='ltr'><strong>tu</strong></span> <span class='ocrx_word' id='word_1_604' title='bbox 2433 1706 2516 1744; x_wconf 72' lang='lat' dir='ltr'><strong>me</strong></span> <span class='ocrx_word' id='word_1_605' title='bbox 2535 1707 2588 1745; x_wconf 86' lang='lat' dir='ltr'><strong>es</strong></span> <span class='ocrx_word' id='word_1_606' title='bbox 2608 1731 2623 1756; x_wconf 95' lang='lat'><strong>,</strong></span> <span class='ocrx_word' id='word_1_607' title='bbox 2641 1690 2886 1760; x_wconf 84' lang='lat' dir='ltr'><strong>quoniam</strong></span> <span class='ocrx_word' id='word_1_608' title='bbox 2900 1701 2953 1744; x_wconf 84' lang='lat' dir='ltr'><strong>tu</strong></span> <span class='ocrx_word' id='word_1_609' title='bbox 2973 1691 3096 1744; x_wconf 86' lang='lat' dir='ltr'><strong>mihi</strong></span> <span class='ocrx_word' id='word_1_610' title='bbox 3121 1691 3400 1746; x_wconf 80' lang='lat' dir='ltr'><strong>retribuisti</strong></span> <span class='ocrx_word' id='word_1_611' title='bbox 3419 1691 3482 1746; x_wconf 80' lang='lat' dir='ltr'><strong>bo</strong></span> <span class='ocrx_word' id='word_1_612' title='bbox 3491 1709 3582 1757; x_wconf 87' lang='lat' dir='ltr'><strong>nu,</strong></span> 
     </span>
    </p>
   </div>
   <div class='ocr_carea' id='block_1_77' title="bbox 1965 1781 3586 1854">
    <p class='ocr_par' dir='ltr' id='par_1_77' title="bbox 1965 1781 3586 1854">
     <span class='ocr_line' id='line_1_77' title="bbox 1965 1781 3586 1854; baseline 0.002 -19"><span class='ocrx_word' id='word_1_613' title='bbox 1965 1797 2057 1852; x_wconf 88' lang='lat' dir='ltr'><strong>ego</strong></span> <span class='ocrx_word' id='word_1_614' title='bbox 2084 1796 2203 1836; x_wconf 74' lang='lat' dir='ltr'><strong>vero</strong></span> <span class='ocrx_word' id='word_1_615' title='bbox 2247 1783 2460 1836; x_wconf 76' lang='lat' dir='ltr'><strong>retribui</strong></span> <span class='ocrx_word' id='word_1_616' title='bbox 2506 1783 2595 1836; x_wconf 82' lang='lat' dir='ltr'><strong>tibi</strong></span> <span class='ocrx_word' id='word_1_617' title='bbox 2626 1783 2763 1836; x_wconf 87' lang='lat' dir='ltr'><strong>mala</strong></span> <span class='ocrx_word' id='word_1_618' title='bbox 2790 1783 2867 1854; x_wconf 79' lang='grc' dir='ltr'><strong>(Ι.</strong></span> <span class='ocrx_word' id='word_1_619' title='bbox 2897 1781 3027 1854; x_wconf 73' lang='lat' dir='ltr'><strong>Reg.</strong></span> <span class='ocrx_word' id='word_1_620' title='bbox 3055 1782 3146 1837; x_wconf 65' lang='grc'><strong>24.</strong></span> <span class='ocrx_word' id='word_1_621' title='bbox 3174 1782 3287 1854; x_wconf 77' lang='lat' dir='ltr'><strong>i8).</strong></span> <span class='ocrx_word' id='word_1_622' title='bbox 3335 1781 3498 1838; x_wconf 81' lang='lat' dir='ltr'><strong>Vides</strong></span> <span class='ocrx_word' id='word_1_623' title='bbox 3528 1793 3586 1838; x_wconf 84' lang='grc' dir='ltr'><strong>ιιι</strong></span> 
     </span>
    </p>
   </div>
   <div class='ocr_carea' id='block_1_78' title="bbox 1967 1873 3579 1948">
    <p class='ocr_par' dir='ltr' id='par_1_78' title="bbox 1967 1873 3579 1948">
     <span class='ocr_line' id='line_1_78' title="bbox 1967 1873 3579 1948; baseline 0.002 -20"><span class='ocrx_word' id='word_1_624' title='bbox 1967 1887 2121 1930; x_wconf 89' lang='lat' dir='ltr'><strong>suam</strong></span> <span class='ocrx_word' id='word_1_625' title='bbox 2149 1875 2316 1945; x_wconf 88' lang='lat' dir='ltr'><strong>ipsius</strong></span> <span class='ocrx_word' id='word_1_626' title='bbox 2341 1875 2562 1930; x_wconf 89' lang='lat' dir='ltr'><strong>damnat</strong></span> <span class='ocrx_word' id='word_1_627' title='bbox 2593 1873 2853 1930; x_wconf 72' lang='lat' dir='ltr'><strong>malitiam</strong></span> <span class='ocrx_word' id='word_1_628' title='bbox 2878 1917 2892 1940; x_wconf 91' lang='lat'><strong>,</strong></span> <span class='ocrx_word' id='word_1_629' title='bbox 2921 1890 2983 1929; x_wconf 87' lang='lat' dir='ltr'><strong>ac</strong></span> <span class='ocrx_word' id='word_1_630' title='bbox 3009 1875 3141 1944; x_wconf 90' lang='lat' dir='ltr'><strong>justi</strong></span> <span class='ocrx_word' id='word_1_631' title='bbox 3164 1877 3416 1930; x_wconf 89' lang='lat' dir='ltr'><strong>virtutem</strong></span> <span class='ocrx_word' id='word_1_632' title='bbox 3441 1892 3579 1948; x_wconf 80' lang='lat' dir='ltr'><strong>pra:-</strong></span> 
     </span>
    </p>
   </div>
   <div class='ocr_carea' id='block_1_79' title="bbox 1963 1964 3578 2037">
    <p class='ocr_par' dir='ltr' id='par_1_79' title="bbox 1963 1964 3578 2037">
     <span class='ocr_line' id='line_1_79' title="bbox 1963 1964 3578 2037; baseline 0.001 -16"><span class='ocrx_word' id='word_1_633' title='bbox 1963 1965 2125 2031; x_wconf 88' lang='lat' dir='ltr'><strong>dicat,</strong></span> <span class='ocrx_word' id='word_1_634' title='bbox 2156 1966 2410 2037; x_wconf 85' lang='lat' dir='ltr'><strong>nulloque</strong></span> <span class='ocrx_word' id='word_1_635' title='bbox 2428 1975 2657 2036; x_wconf 87' lang='lat' dir='ltr'><strong>cogente</strong></span> <span class='ocrx_word' id='word_1_636' title='bbox 2684 1966 2860 2036; x_wconf 89' lang='lat' dir='ltr'><strong>ipsum</strong></span> <span class='ocrx_word' id='word_1_637' title='bbox 2889 1965 3116 2036; x_wconf 77' lang='lat' dir='ltr'><strong>purgat?</strong></span> <span class='ocrx_word' id='word_1_638' title='bbox 3140 1964 3289 2021; x_wconf 89' lang='lat' dir='ltr'><strong>ldem</strong></span> <span class='ocrx_word' id='word_1_639' title='bbox 3312 1975 3366 2021; x_wconf 92' lang='lat' dir='ltr'><strong>tu</strong></span> <span class='ocrx_word' id='word_1_640' title='bbox 3395 1965 3578 2022; x_wconf 66' lang='lat' dir='ltr'><strong>Leito.</strong></span> 
     </span>
    </p>
   </div>
   <div class='ocr_carea' id='block_1_80' title="bbox 1962 2057 3576 2122">
    <p class='ocr_par' dir='ltr' id='par_1_80' title="bbox 1962 2057 3576 2122">
     <span class='ocr_line' id='line_1_80' title="bbox 1962 2057 3576 2122; baseline 0.001 -10"><span class='ocrx_word' id='word_1_641' title='bbox 1962 2057 2093 2112; x_wconf 86' lang='lat' dir='ltr'><strong>Cum</strong></span> <span class='ocrx_word' id='word_1_642' title='bbox 2125 2059 2298 2113; x_wconf 88' lang='lat' dir='ltr'><strong>hostis</strong></span> <span class='ocrx_word' id='word_1_643' title='bbox 2327 2057 2614 2113; x_wconf 83' lang='lat' dir='ltr'><strong>otl‘endcrit</strong></span> <span class='ocrx_word' id='word_1_644' title='bbox 2641 2058 2694 2112; x_wconf 92' lang='lat' dir='ltr'><strong>in</strong></span> <span class='ocrx_word' id='word_1_645' title='bbox 2739 2073 2932 2112; x_wconf 87' lang='lat' dir='ltr'><strong>manus</strong></span> <span class='ocrx_word' id='word_1_646' title='bbox 2961 2069 3078 2112; x_wconf 89' lang='lat' dir='ltr'><strong>tuas</strong></span> <span class='ocrx_word' id='word_1_647' title='bbox 3102 2100 3118 2122; x_wconf 88' lang='lat'><strong>,</strong></span> <span class='ocrx_word' id='word_1_648' title='bbox 3166 2059 3274 2118; x_wconf 87' lang='lat' dir='ltr'><strong>noli</strong></span> <span class='ocrx_word' id='word_1_649' title='bbox 3316 2074 3576 2117; x_wconf 87' lang='lat' dir='ltr'><strong>accusare</strong></span> 
     </span>
    </p>
   </div>
   <div class='ocr_carea' id='block_1_81' title="bbox 1962 2147 3578 2221">
    <p class='ocr_par' dir='ltr' id='par_1_81' title="bbox 1962 2147 3578 2221">
     <span class='ocr_line' id='line_1_81' title="bbox 1962 2147 3578 2221; baseline 0.002 -20"><span class='ocrx_word' id='word_1_650' title='bbox 1962 2147 2135 2210; x_wconf 87' lang='lat' dir='ltr'><strong>illum,</strong></span> <span class='ocrx_word' id='word_1_651' title='bbox 2167 2147 2262 2202; x_wconf 89' lang='lat' dir='ltr'><strong>sed</strong></span> <span class='ocrx_word' id='word_1_652' title='bbox 2303 2147 2478 2218; x_wconf 91' lang='lat' dir='ltr'><strong>ipsum</strong></span> <span class='ocrx_word' id='word_1_653' title='bbox 2531 2163 2720 2219; x_wconf 88' lang='lat' dir='ltr'><strong>purga,</strong></span> <span class='ocrx_word' id='word_1_654' title='bbox 2769 2157 2826 2204; x_wconf 92' lang='lat' dir='ltr'><strong>ut</strong></span> <span class='ocrx_word' id='word_1_655' title='bbox 2857 2148 3005 2204; x_wconf 90' lang='lat' dir='ltr'><strong>illum</strong></span> <span class='ocrx_word' id='word_1_656' title='bbox 3059 2150 3326 2221; x_wconf 88' lang='lat' dir='ltr'><strong>pcrpellas</strong></span> <span class='ocrx_word' id='word_1_657' title='bbox 3375 2150 3445 2206; x_wconf 84' lang='lat' dir='ltr'><strong>ad</strong></span> <span class='ocrx_word' id='word_1_658' title='bbox 3493 2151 3578 2207; x_wconf 90' lang='lat' dir='ltr'><strong>sui</strong></span> 
     </span>
    </p>
   </div>
   <div class='ocr_carea' id='block_1_82' title="bbox 1963 2239 3576 2310">
    <p class='ocr_par' dir='ltr' id='par_1_82' title="bbox 1963 2239 3576 2310">
     <span class='ocr_line' id='line_1_82' title="bbox 1963 2239 3576 2310; baseline 0.002 -17"><span class='ocrx_word' id='word_1_659' title='bbox 1963 2239 2133 2310; x_wconf 90' lang='lat' dir='ltr'><strong>ipsius</strong></span> <span class='ocrx_word' id='word_1_660' title='bbox 2161 2240 2689 2295; x_wconf 89' lang='lat' dir='ltr'><strong>condemnationem.</strong></span> <span class='ocrx_word' id='word_1_661' title='bbox 2723 2239 2858 2295; x_wconf 85' lang='lat' dir='ltr'><strong>Nam</strong></span> <span class='ocrx_word' id='word_1_662' title='bbox 2895 2240 2940 2296; x_wconf 91' lang='lat' dir='ltr'><strong>si</strong></span> <span class='ocrx_word' id='word_1_663' title='bbox 2982 2255 3082 2296; x_wconf 93' lang='lat' dir='ltr'><strong>nos</strong></span> <span class='ocrx_word' id='word_1_664' title='bbox 3111 2255 3449 2309; x_wconf 89' lang='lat' dir='ltr'><strong>accusemus,</strong></span> <span class='ocrx_word' id='word_1_665' title='bbox 3477 2257 3576 2298; x_wconf 87' lang='lat' dir='ltr'><strong>ex-</strong></span> 
     </span>
    </p>
   </div>
   <div class='ocr_carea' id='block_1_83' title="bbox 1966 2331 3580 2401">
    <p class='ocr_par' dir='ltr' id='par_1_83' title="bbox 1966 2331 3580 2401">
     <span class='ocr_line' id='line_1_83' title="bbox 1966 2331 3580 2401; baseline 0.003 -16"><span class='ocrx_word' id='word_1_666' title='bbox 1966 2341 2285 2401; x_wconf 87' lang='lat' dir='ltr'><strong>asperatur:</strong></span> <span class='ocrx_word' id='word_1_667' title='bbox 2312 2331 2395 2387; x_wconf 91' lang='lat' dir='ltr'><strong>sin</strong></span> <span class='ocrx_word' id='word_1_668' title='bbox 2435 2345 2535 2386; x_wconf 90' lang='lat' dir='ltr'><strong>nos</strong></span> <span class='ocrx_word' id='word_1_669' title='bbox 2560 2332 3022 2397; x_wconf 84' lang='lat' dir='ltr'><strong>excusaverimus,</strong></span> <span class='ocrx_word' id='word_1_670' title='bbox 3057 2332 3149 2388; x_wconf 84' lang='lat' dir='ltr'><strong>ille</strong></span> <span class='ocrx_word' id='word_1_671' title='bbox 3172 2333 3439 2400; x_wconf 88' lang='lat' dir='ltr'><strong>reveritus</strong></span> <span class='ocrx_word' id='word_1_672' title='bbox 3477 2348 3580 2390; x_wconf 85' lang='lat' dir='ltr'><strong>no-</strong></span> 
     </span>
    </p>
   </div>
   <div class='ocr_carea' id='block_1_84' title="bbox 1961 2423 3577 2493">
    <p class='ocr_par' dir='ltr' id='par_1_84' title="bbox 1961 2423 3577 2493">
     <span class='ocr_line' id='line_1_84' title="bbox 1961 2423 3577 2493; baseline 0.004 -16"><span class='ocrx_word' id='word_1_673' title='bbox 1961 2430 2126 2477; x_wconf 90' lang='lat' dir='ltr'><strong>stram</strong></span> <span class='ocrx_word' id='word_1_674' title='bbox 2155 2423 2543 2478; x_wconf 87' lang='lat' dir='ltr'><strong>humanitatem</strong></span> <span class='ocrx_word' id='word_1_675' title='bbox 2569 2463 2582 2485; x_wconf 88' lang='lat'><strong>.</strong></span> <span class='ocrx_word' id='word_1_676' title='bbox 2612 2437 2739 2477; x_wconf 90' lang='lat' dir='ltr'><strong>mox</strong></span> <span class='ocrx_word' id='word_1_677' title='bbox 2766 2423 3003 2493; x_wconf 87' lang='lat' dir='ltr'><strong>scipsum</strong></span> <span class='ocrx_word' id='word_1_678' title='bbox 3025 2423 3428 2480; x_wconf 90' lang='lat' dir='ltr'><strong>condemnabit.</strong></span> <span class='ocrx_word' id='word_1_679' title='bbox 3458 2425 3577 2483; x_wconf 87' lang='lat' dir='ltr'><strong>Hoc</strong></span> 
     </span>
    </p>
   </div>
   <div class='ocr_carea' id='block_1_85' title="bbox 1961 2513 3579 2588">
    <p class='ocr_par' dir='ltr' id='par_1_85' title="bbox 1961 2513 3579 2588">
     <span class='ocr_line' id='line_1_85' title="bbox 1961 2513 3579 2588; baseline 0.006 -20"><span class='ocrx_word' id='word_1_680' title='bbox 1961 2520 2119 2583; x_wconf 90' lang='lat' dir='ltr'><strong>pacto</strong></span> <span class='ocrx_word' id='word_1_681' title='bbox 2146 2514 2307 2577; x_wconf 87' lang='lat' dir='ltr'><strong>simul</strong></span> <span class='ocrx_word' id='word_1_682' title='bbox 2335 2522 2391 2570; x_wconf 84' lang='lat' dir='ltr'><strong>et</strong></span> <span class='ocrx_word' id='word_1_683' title='bbox 2420 2513 2725 2587; x_wconf 86' lang='lat' dir='ltr'><strong>redargutio</strong></span> <span class='ocrx_word' id='word_1_684' title='bbox 2757 2514 2814 2570; x_wconf 85' lang='lat' dir='ltr'><strong>ﬁt</strong></span> <span class='ocrx_word' id='word_1_685' title='bbox 2834 2530 3026 2572; x_wconf 87' lang='lat' dir='ltr'><strong>carens</strong></span> <span class='ocrx_word' id='word_1_686' title='bbox 3054 2518 3382 2588; x_wconf 88' lang='lat' dir='ltr'><strong>suspicione,</strong></span> <span class='ocrx_word' id='word_1_687' title='bbox 3409 2529 3463 2575; x_wconf 93' lang='lat' dir='ltr'><strong>et</strong></span> <span class='ocrx_word' id='word_1_688' title='bbox 3486 2519 3579 2577; x_wconf 87' lang='lat' dir='ltr'><strong>ille</strong></span> 
     </span>
    </p>
   </div>
   <div class='ocr_carea' id='block_1_86' title="bbox 1959 2604 3578 2672">
    <p class='ocr_par' dir='ltr' id='par_1_86' title="bbox 1959 2604 3578 2672">
     <span class='ocr_line' id='line_1_86' title="bbox 1959 2604 3578 2672; baseline 0.006 -16"><span class='ocrx_word' id='word_1_689' title='bbox 1959 2618 2177 2663; x_wconf 86' lang='lat' dir='ltr'><strong>omnem</strong></span> <span class='ocrx_word' id='word_1_690' title='bbox 2203 2605 2350 2660; x_wconf 89' lang='lat' dir='ltr'><strong>exuit</strong></span> <span class='ocrx_word' id='word_1_691' title='bbox 2378 2604 2662 2660; x_wconf 83' lang='lat' dir='ltr'><strong>malitiam.</strong></span> <span class='ocrx_word' id='word_1_692' title='bbox 2707 2604 2862 2672; x_wconf 88' lang='lat' dir='ltr'><strong>Quod</strong></span> <span class='ocrx_word' id='word_1_693' title='bbox 2893 2613 2950 2661; x_wconf 92' lang='lat' dir='ltr'><strong>et</strong></span> <span class='ocrx_word' id='word_1_694' title='bbox 2980 2606 3066 2662; x_wconf 91' lang='lat' dir='ltr'><strong>hic</strong></span> <span class='ocrx_word' id='word_1_695' title='bbox 3092 2608 3309 2665; x_wconf 83' lang='lat' dir='ltr'><strong>evenit:</strong></span> <span class='ocrx_word' id='word_1_696' title='bbox 3335 2624 3460 2665; x_wconf 90' lang='lat' dir='ltr'><strong>cum</strong></span> <span class='ocrx_word' id='word_1_697' title='bbox 3493 2619 3578 2666; x_wconf 86' lang='lat' dir='ltr'><strong>ta-</strong></span> 
     </span>
    </p>
   </div>
   <div class='ocr_carea' id='block_1_87' title="bbox 1959 2693 3566 2773">
    <p class='ocr_par' dir='ltr' id='par_1_87' title="bbox 1959 2693 3566 2773">
     <span class='ocr_line' id='line_1_87' title="bbox 1959 2693 3566 2773; baseline 0.005 -25"><span class='ocrx_word' id='word_1_698' title='bbox 1959 2702 2048 2748; x_wconf 92' lang='lat' dir='ltr'><strong>cet</strong></span> <span class='ocrx_word' id='word_1_699' title='bbox 2079 2694 2122 2750; x_wconf 89' lang='lat' dir='ltr'><strong>is</strong></span> <span class='ocrx_word' id='word_1_700' title='bbox 2149 2695 2238 2767; x_wconf 85' lang='lat' dir='ltr'><strong>qui</strong></span> <span class='ocrx_word' id='word_1_701' title='bbox 2267 2693 2491 2753; x_wconf 75' lang='lat' dir='ltr'><strong>aﬂectus</strong></span> <span class='ocrx_word' id='word_1_702' title='bbox 2527 2705 2643 2750; x_wconf 89' lang='lat' dir='ltr'><strong>erat</strong></span> <span class='ocrx_word' id='word_1_703' title='bbox 2669 2695 2864 2766; x_wconf 89' lang='lat' dir='ltr'><strong>injuria</strong></span> <span class='ocrx_word' id='word_1_704' title='bbox 2890 2737 2905 2762; x_wconf 91' lang='lat'><strong>,</strong></span> <span class='ocrx_word' id='word_1_705' title='bbox 2951 2697 2996 2752; x_wconf 92' lang='lat' dir='ltr'><strong>is</strong></span> <span class='ocrx_word' id='word_1_706' title='bbox 3026 2698 3118 2773; x_wconf 90' lang='lat' dir='ltr'><strong>qui</strong></span> <span class='ocrx_word' id='word_1_707' title='bbox 3149 2697 3355 2755; x_wconf 78' lang='lat' dir='ltr'><strong>fecerat</strong></span> <span class='ocrx_word' id='word_1_708' title='bbox 3393 2701 3566 2761; x_wconf 85' lang='lat' dir='ltr'><strong>multa</strong></span> 
     </span>
    </p>
   </div>
   <div class='ocr_carea' id='block_1_88' title="bbox 1958 2787 3573 2859">
    <p class='ocr_par' dir='ltr' id='par_1_88' title="bbox 1958 2787 3573 2859">
     <span class='ocr_line' id='line_1_88' title="bbox 1958 2787 3573 2859; baseline 0.002 -17"><span class='ocrx_word' id='word_1_709' title='bbox 1958 2800 2086 2842; x_wconf 89' lang='lat' dir='ltr'><strong>cum</strong></span> <span class='ocrx_word' id='word_1_710' title='bbox 2128 2787 2467 2843; x_wconf 86' lang='lat' dir='ltr'><strong>vehementia</strong></span> <span class='ocrx_word' id='word_1_711' title='bbox 2496 2787 2734 2859; x_wconf 86' lang='lat' dir='ltr'><strong>seipsum</strong></span> <span class='ocrx_word' id='word_1_712' title='bbox 2763 2798 3002 2848; x_wconf 84' lang='lat' dir='ltr'><strong>accusat.</strong></span> <span class='ocrx_word' id='word_1_713' title='bbox 3045 2789 3233 2859; x_wconf 84' lang='lat' dir='ltr'><strong>Neque</strong></span> <span class='ocrx_word' id='word_1_714' title='bbox 3260 2792 3405 2847; x_wconf 90' lang='lat' dir='ltr'><strong>enim</strong></span> <span class='ocrx_word' id='word_1_715' title='bbox 3435 2793 3573 2853; x_wconf 77' lang='lat' dir='ltr'><strong>sim-</strong></span> 
     </span>
    </p>
   </div>
   <div class='ocr_carea' id='block_1_89' title="bbox 1959 2877 3576 2949">
    <p class='ocr_par' dir='ltr' id='par_1_89' title="bbox 1959 2877 3576 2949">
     <span class='ocr_line' id='line_1_89' title="bbox 1959 2877 3576 2949; baseline 0.004 -16"><span class='ocrx_word' id='word_1_716' title='bbox 1959 2877 2170 2948; x_wconf 88' lang='lat' dir='ltr'><strong>pliciter</strong></span> <span class='ocrx_word' id='word_1_717' title='bbox 2195 2878 2350 2945; x_wconf 86' lang='lat' dir='ltr'><strong>dixit,</strong></span> <span class='ocrx_word' id='word_1_718' title='bbox 2382 2877 2576 2934; x_wconf 86' lang='lat' dir='ltr'><strong>Fecisti</strong></span> <span class='ocrx_word' id='word_1_719' title='bbox 2607 2878 2738 2934; x_wconf 87' lang='lat' dir='ltr'><strong>mihi</strong></span> <span class='ocrx_word' id='word_1_720' title='bbox 2768 2881 2930 2947; x_wconf 92' lang='lat' dir='ltr'><strong>bona,</strong></span> <span class='ocrx_word' id='word_1_721' title='bbox 2960 2881 3078 2949; x_wconf 87' lang='lat' dir='ltr'><strong>sed,</strong></span> <span class='ocrx_word' id='word_1_722' title='bbox 3111 2881 3419 2938; x_wconf 79' lang='lat' dir='ltr'><strong>Relribulstt&#39;</strong></span> <span class='ocrx_word' id='word_1_723' title='bbox 3447 2885 3576 2940; x_wconf 79' lang='lat' dir='ltr'><strong>mihi</strong></span> 
     </span>
    </p>
   </div>
   <div class='ocr_carea' id='block_1_90' title="bbox 1961 2969 3571 3045">
    <p class='ocr_par' dir='ltr' id='par_1_90' title="bbox 1961 2969 3571 3045">
     <span class='ocr_line' id='line_1_90' title="bbox 1961 2969 3571 3045; baseline 0.005 -21"><span class='ocrx_word' id='word_1_724' title='bbox 1961 2969 2131 3026; x_wconf 79' lang='lat' dir='ltr'><strong>bona:</strong></span> <span class='ocrx_word' id='word_1_725' title='bbox 2155 2969 2258 3025; x_wconf 90' lang='lat' dir='ltr'><strong>hoc</strong></span> <span class='ocrx_word' id='word_1_726' title='bbox 2285 2979 2389 3036; x_wconf 91' lang='lat' dir='ltr'><strong>est,</strong></span> <span class='ocrx_word' id='word_1_727' title='bbox 2418 2969 2526 3025; x_wconf 88' lang='lat' dir='ltr'><strong>Pro</strong></span> <span class='ocrx_word' id='word_1_728' title='bbox 2552 2970 2781 3038; x_wconf 87' lang='lat' dir='ltr'><strong>insidiis,</strong></span> <span class='ocrx_word' id='word_1_729' title='bbox 2805 2987 2904 3045; x_wconf 92' lang='lat' dir='ltr'><strong>pro</strong></span> <span class='ocrx_word' id='word_1_730' title='bbox 2933 2973 3112 3039; x_wconf 73' lang='lat' dir='ltr'><strong>cmde,</strong></span> <span class='ocrx_word' id='word_1_731' title='bbox 3146 2988 3245 3043; x_wconf 82' lang='lat' dir='ltr'><strong>pro</strong></span> <span class='ocrx_word' id='word_1_732' title='bbox 3274 2975 3431 3030; x_wconf 90' lang='lat' dir='ltr'><strong>malis</strong></span> <span class='ocrx_word' id='word_1_733' title='bbox 3461 2975 3571 3032; x_wconf 87' lang='lat' dir='ltr'><strong>illis</strong></span> 
     </span>
    </p>
   </div>
   <div class='ocr_carea' id='block_1_91' title="bbox 1962 3061 3574 3141">
    <p class='ocr_par' dir='ltr' id='par_1_91' title="bbox 1962 3061 3574 3141">
     <span class='ocr_line' id='line_1_91' title="bbox 1962 3061 3574 3141; baseline 0.005 -24"><span class='ocrx_word' id='word_1_734' title='bbox 1962 3061 2262 3118; x_wconf 88' lang='lat' dir='ltr'><strong>innumeris</strong></span> <span class='ocrx_word' id='word_1_735' title='bbox 2285 3077 2476 3133; x_wconf 90' lang='lat' dir='ltr'><strong>magna</strong></span> <span class='ocrx_word' id='word_1_736' title='bbox 2503 3063 2635 3118; x_wconf 89' lang='lat' dir='ltr'><strong>mihi</strong></span> <span class='ocrx_word' id='word_1_737' title='bbox 2660 3065 2950 3135; x_wconf 88' lang='lat' dir='ltr'><strong>rependiin</strong></span> <span class='ocrx_word' id='word_1_738' title='bbox 2976 3064 3259 3123; x_wconf 80' lang='lat' dir='ltr'><strong>beneﬁcia.</strong></span> <span class='ocrx_word' id='word_1_739' title='bbox 3281 3069 3353 3124; x_wconf 79' lang='lat' dir='ltr'><strong>At</strong></span> <span class='ocrx_word' id='word_1_740' title='bbox 3371 3083 3473 3141; x_wconf 87' lang='lat' dir='ltr'><strong>ego</strong></span> <span class='ocrx_word' id='word_1_741' title='bbox 3503 3086 3574 3126; x_wconf 89' lang='lat' dir='ltr'><strong>ne</strong></span> 
     </span>
    </p>
   </div>
   <div class='ocr_carea' id='block_1_92' title="bbox 1961 3153 3578 3228">
    <p class='ocr_par' dir='ltr' id='par_1_92' title="bbox 1961 3153 3578 3228">
     <span class='ocr_line' id='line_1_92' title="bbox 1961 3153 3578 3228; baseline 0.006 -19"><span class='ocrx_word' id='word_1_742' title='bbox 1961 3153 2043 3209; x_wconf 85' lang='lat' dir='ltr'><strong>sic</strong></span> <span class='ocrx_word' id='word_1_743' title='bbox 2069 3153 2294 3225; x_wconf 90' lang='lat' dir='ltr'><strong>quidem</strong></span> <span class='ocrx_word' id='word_1_744' title='bbox 2322 3153 2496 3210; x_wconf 79' lang='lat' dir='ltr'><strong>factus</strong></span> <span class='ocrx_word' id='word_1_745' title='bbox 2539 3169 2661 3210; x_wconf 89' lang='lat' dir='ltr'><strong>sum</strong></span> <span class='ocrx_word' id='word_1_746' title='bbox 2705 3156 2900 3213; x_wconf 88' lang='lat' dir='ltr'><strong>melior</strong></span> <span class='ocrx_word' id='word_1_747' title='bbox 2927 3197 2942 3222; x_wconf 91' lang='lat'><strong>,</strong></span> <span class='ocrx_word' id='word_1_748' title='bbox 2971 3155 3066 3213; x_wconf 86' lang='lat' dir='ltr'><strong>sed</strong></span> <span class='ocrx_word' id='word_1_749' title='bbox 3096 3166 3218 3228; x_wconf 90' lang='lat' dir='ltr'><strong>post</strong></span> <span class='ocrx_word' id='word_1_750' title='bbox 3246 3158 3335 3214; x_wconf 88' lang='lat' dir='ltr'><strong>illa</strong></span> <span class='ocrx_word' id='word_1_751' title='bbox 3367 3169 3454 3216; x_wconf 90' lang='lat' dir='ltr'><strong>tua</strong></span> <span class='ocrx_word' id='word_1_752' title='bbox 3483 3162 3578 3218; x_wconf 87' lang='lat' dir='ltr'><strong>be-</strong></span> 
     </span>
    </p>
   </div>
   <div class='ocr_carea' id='block_1_93' title="bbox 1959 3244 3575 3321">
    <p class='ocr_par' dir='ltr' id='par_1_93' title="bbox 1959 3244 3575 3321">
     <span class='ocr_line' id='line_1_93' title="bbox 1959 3244 3575 3321; baseline 0.004 -21"><span class='ocrx_word' id='word_1_753' title='bbox 1959 3244 2172 3302; x_wconf 78' lang='lat' dir='ltr'><strong>nefacta</strong></span> <span class='ocrx_word' id='word_1_754' title='bbox 2194 3247 2534 3317; x_wconf 86' lang='lat' dir='ltr'><strong>perseveravi</strong></span> <span class='ocrx_word' id='word_1_755' title='bbox 2564 3246 2616 3301; x_wconf 90' lang='lat' dir='ltr'><strong>in</strong></span> <span class='ocrx_word' id='word_1_756' title='bbox 2643 3247 2847 3302; x_wconf 89' lang='lat' dir='ltr'><strong>malitia</strong></span> <span class='ocrx_word' id='word_1_757' title='bbox 2883 3264 2897 3301; x_wconf 90' lang='lat'>:</span> <span class='ocrx_word' id='word_1_758' title='bbox 2925 3257 2979 3302; x_wconf 94' lang='lat' dir='ltr'><strong>tu</strong></span> <span class='ocrx_word' id='word_1_759' title='bbox 3001 3263 3130 3304; x_wconf 84' lang='lat' dir='ltr'><strong>vero</strong></span> <span class='ocrx_word' id='word_1_760' title='bbox 3158 3264 3227 3306; x_wconf 91' lang='lat' dir='ltr'><strong>ne</strong></span> <span class='ocrx_word' id='word_1_761' title='bbox 3251 3251 3332 3305; x_wconf 92' lang='lat' dir='ltr'><strong>sic</strong></span> <span class='ocrx_word' id='word_1_762' title='bbox 3355 3251 3575 3321; x_wconf 87' lang='lat' dir='ltr'><strong>quidem</strong></span> 
     </span>
    </p>
   </div>
   <div class='ocr_carea' id='block_1_94' title="bbox 1957 3333 3568 3413">
    <p class='ocr_par' dir='ltr' id='par_1_94' title="bbox 1957 3333 3568 3413">
     <span class='ocr_line' id='line_1_94' title="bbox 1957 3333 3568 3413; baseline 0.004 -19"><span class='ocrx_word' id='word_1_763' title='bbox 1957 3353 2018 3394; x_wconf 87' lang='lat' dir='ltr'><strong>es</strong></span> <span class='ocrx_word' id='word_1_764' title='bbox 2044 3338 2375 3406; x_wconf 86' lang='lat' dir='ltr'><strong>immutatus,</strong></span> <span class='ocrx_word' id='word_1_765' title='bbox 2398 3333 2494 3394; x_wconf 86' lang='lat' dir='ltr'><strong>sed</strong></span> <span class='ocrx_word' id='word_1_766' title='bbox 2516 3347 2829 3396; x_wconf 86' lang='lat' dir='ltr'><strong>constanter</strong></span> <span class='ocrx_word' id='word_1_767' title='bbox 2856 3349 3005 3396; x_wconf 92' lang='lat' dir='ltr'><strong>tuum</strong></span> <span class='ocrx_word' id='word_1_768' title='bbox 3033 3341 3314 3400; x_wconf 90' lang='lat' dir='ltr'><strong>obtinuisti</strong></span> <span class='ocrx_word' id='word_1_769' title='bbox 3335 3358 3568 3413; x_wconf 87' lang='lat' dir='ltr'><strong>morem,</strong></span> 
     </span>
    </p>
   </div>
   <div class='ocr_carea' id='block_1_95' title="bbox 1959 3429 3566 3506">
    <p class='ocr_par' dir='ltr' id='par_1_95' title="bbox 1959 3429 3566 3506">
     <span class='ocr_line' id='line_1_95' title="bbox 1959 3429 3566 3506; baseline 0.006 -23"><span class='ocrx_word' id='word_1_770' title='bbox 1959 3444 2058 3485; x_wconf 89' lang='lat' dir='ltr'><strong>nos</strong></span> <span class='ocrx_word' id='word_1_771' title='bbox 2098 3431 2291 3486; x_wconf 87' lang='lat' dir='ltr'><strong>iterum</strong></span> <span class='ocrx_word' id='word_1_772' title='bbox 2334 3430 2430 3486; x_wconf 87' lang='lat' dir='ltr'><strong>tibi</strong></span> <span class='ocrx_word' id='word_1_773' title='bbox 2461 3429 2780 3486; x_wconf 86' lang='lat' dir='ltr'><strong>insidiantes</strong></span> <span class='ocrx_word' id='word_1_774' title='bbox 2817 3431 3095 3488; x_wconf 80' lang='lat' dir='ltr'><strong>beneﬂciis</strong></span> <span class='ocrx_word' id='word_1_775' title='bbox 3125 3448 3478 3506; x_wconf 90' lang='lat' dir='ltr'><strong>prosequens.</strong></span> <span class='ocrx_word' id='word_1_776' title='bbox 3507 3436 3566 3492; x_wconf 93' lang='lat' dir='ltr'><strong>ln</strong></span> 
     </span>
    </p>
   </div>
   <div class='ocr_carea' id='block_1_96' title="bbox 1960 3519 3577 3603">
    <p class='ocr_par' dir='ltr' id='par_1_96' title="bbox 1960 3519 3577 3603">
     <span class='ocr_line' id='line_1_96' title="bbox 1960 3519 3577 3603; baseline 0.007 -30"><span class='ocrx_word' id='word_1_777' title='bbox 1960 3519 2111 3576; x_wconf 91' lang='lat' dir='ltr'><strong>hisce</strong></span> <span class='ocrx_word' id='word_1_778' title='bbox 2151 3523 2374 3593; x_wconf 77' lang='lat' dir='ltr'><strong>singulis</strong></span> <span class='ocrx_word' id='word_1_779' title='bbox 2405 3522 2584 3579; x_wconf 90' lang='lat' dir='ltr'><strong>verbis</strong></span> <span class='ocrx_word' id='word_1_780' title='bbox 2609 3564 2623 3586; x_wconf 88' lang='lat'><strong>.</strong></span> <span class='ocrx_word' id='word_1_781' title='bbox 2665 3533 2797 3594; x_wconf 90' lang='lat' dir='ltr'><strong>quot</strong></span> <span class='ocrx_word' id='word_1_782' title='bbox 2842 3526 3058 3579; x_wconf 91' lang='lat' dir='ltr'><strong>coronis</strong></span> <span class='ocrx_word' id='word_1_783' title='bbox 3099 3525 3292 3598; x_wconf 88' lang='lat' dir='ltr'><strong>dignus</strong></span> <span class='ocrx_word' id='word_1_784' title='bbox 3322 3529 3577 3603; x_wconf 78' lang='lat' dir='ltr'><strong>apparuit</strong></span> 
     </span>
    </p>
   </div>
   <div class='ocr_carea' id='block_1_97' title="bbox 1963 3611 3562 3685">
    <p class='ocr_par' dir='ltr' id='par_1_97' title="bbox 1963 3611 3562 3685">
     <span class='ocr_line' id='line_1_97' title="bbox 1963 3611 3562 3685; baseline 0.006 -20"><span class='ocrx_word' id='word_1_785' title='bbox 1963 3611 2162 3666; x_wconf 84' lang='lat' dir='ltr'><strong>David?</strong></span> <span class='ocrx_word' id='word_1_786' title='bbox 2190 3618 2524 3683; x_wconf 67' lang='lat' dir='ltr'><strong>Quamquam</strong></span> <span class='ocrx_word' id='word_1_787' title='bbox 2553 3614 2698 3669; x_wconf 89' lang='lat' dir='ltr'><strong>enim</strong></span> <span class='ocrx_word' id='word_1_788' title='bbox 2729 3630 2792 3671; x_wconf 90' lang='lat' dir='ltr'><strong>os</strong></span> <span class='ocrx_word' id='word_1_789' title='bbox 2827 3615 3004 3672; x_wconf 76' lang='lat' dir='ltr'><strong>Sat’tlis</strong></span> <span class='ocrx_word' id='word_1_790' title='bbox 3043 3619 3141 3671; x_wconf 86' lang='lat' dir='ltr'><strong>ista</strong></span> <span class='ocrx_word' id='word_1_791' title='bbox 3175 3618 3437 3685; x_wconf 88' lang='lat' dir='ltr'><strong>sonabat,</strong></span> <span class='ocrx_word' id='word_1_792' title='bbox 3467 3633 3562 3676; x_wconf 80' lang='lat' dir='ltr'><strong>sa-</strong></span> 
     </span>
    </p>
   </div>
   <div class='ocr_carea' id='block_1_98' title="bbox 1961 3701 3568 3772">
    <p class='ocr_par' dir='ltr' id='par_1_98' title="bbox 1961 3701 3568 3772">
     <span class='ocr_line' id='line_1_98' title="bbox 1961 3701 3568 3772; baseline 0.007 -17"><span class='ocrx_word' id='word_1_793' title='bbox 1961 3701 2156 3772; x_wconf 85' lang='lat' dir='ltr'><strong>pientia</strong></span> <span class='ocrx_word' id='word_1_794' title='bbox 2179 3712 2356 3764; x_wconf 88' lang='lat' dir='ltr'><strong>tamen</strong></span> <span class='ocrx_word' id='word_1_795' title='bbox 2377 3712 2434 3761; x_wconf 87' lang='lat' dir='ltr'><strong>et</strong></span> <span class='ocrx_word' id='word_1_796' title='bbox 2458 3721 2548 3764; x_wconf 89' lang='lat' dir='ltr'><strong>ars</strong></span> <span class='ocrx_word' id='word_1_797' title='bbox 2573 3705 2786 3761; x_wconf 87' lang='lat' dir='ltr'><strong>Davidis</strong></span> <span class='ocrx_word' id='word_1_798' title='bbox 2811 3722 2873 3761; x_wconf 89' lang='lat' dir='ltr'><strong>ea</strong></span> <span class='ocrx_word' id='word_1_799' title='bbox 2901 3708 2952 3760; x_wconf 91' lang='lat' dir='ltr'><strong>in</strong></span> <span class='ocrx_word' id='word_1_800' title='bbox 2979 3708 3220 3765; x_wconf 88' lang='lat' dir='ltr'><strong>animum</strong></span> <span class='ocrx_word' id='word_1_801' title='bbox 3247 3709 3390 3764; x_wconf 89' lang='lat' dir='ltr'><strong>illius</strong></span> <span class='ocrx_word' id='word_1_802' title='bbox 3417 3711 3568 3767; x_wconf 83' lang='lat' dir='ltr'><strong>inse-</strong></span> 
     </span>
    </p>
   </div>
   <div class='ocr_carea' id='block_1_99' title="bbox 1959 3795 3570 3877">
    <p class='ocr_par' dir='ltr' id='par_1_99' title="bbox 1959 3795 3570 3877">
     <span class='ocr_line' id='line_1_99' title="bbox 1959 3795 3570 3877; baseline 0.007 -30"><span class='ocrx_word' id='word_1_803' title='bbox 1959 3802 2130 3849; x_wconf 87' lang='lat' dir='ltr'><strong>verat.</strong></span> <span class='ocrx_word' id='word_1_804' title='bbox 2188 3795 2512 3853; x_wconf 79' lang='lat' dir='ltr'><strong>Renuntiasti</strong></span> <span class='ocrx_word' id='word_1_805' title='bbox 2544 3839 2559 3863; x_wconf 89' lang='lat'><strong>,</strong></span> <span class='ocrx_word' id='word_1_806' title='bbox 2604 3797 2777 3870; x_wconf 90' lang='lat' dir='ltr'><strong>inquit</strong></span> <span class='ocrx_word' id='word_1_807' title='bbox 2806 3839 2822 3864; x_wconf 92' lang='lat'><strong>,</strong></span> <span class='ocrx_word' id='word_1_808' title='bbox 2864 3798 2990 3856; x_wconf 78' lang='lat' dir='ltr'><strong>mihi</strong></span> <span class='ocrx_word' id='word_1_809' title='bbox 3019 3799 3168 3854; x_wconf 79' lang='lat' dir='ltr'><strong>hodie</strong></span> <span class='ocrx_word' id='word_1_810' title='bbox 3192 3817 3308 3877; x_wconf 70' lang='lat' dir='ltr'><strong>quae</strong></span> <span class='ocrx_word' id='word_1_811' title='bbox 3331 3803 3461 3856; x_wconf 80' lang='lat' dir='ltr'><strong>mihi</strong></span> <span class='ocrx_word' id='word_1_812' title='bbox 3489 3807 3570 3874; x_wconf 79' lang='lat' dir='ltr'><strong>fe-</strong></span> 
     </span>
    </p>
   </div>
   <div class='ocr_carea' id='block_1_100' title="bbox 1956 3885 3568 3953">
    <p class='ocr_par' dir='ltr' id='par_1_100' title="bbox 1956 3885 3568 3953">
     <span class='ocr_line' id='line_1_100' title="bbox 1956 3885 3568 3953; baseline 0.007 -15"><span class='ocrx_word' id='word_1_813' title='bbox 1956 3885 2084 3939; x_wconf 84' lang='lat' dir='ltr'><strong>ceris</strong></span> <span class='ocrx_word' id='word_1_814' title='bbox 2131 3889 2264 3940; x_wconf 84' lang='lat' dir='ltr'><strong>bona</strong></span> <span class='ocrx_word' id='word_1_815' title='bbox 2291 3928 2306 3953; x_wconf 91' lang='lat'><strong>,</strong></span> <span class='ocrx_word' id='word_1_816' title='bbox 2353 3903 2474 3940; x_wconf 83' lang='lat' dir='ltr'><strong>cum</strong></span> <span class='ocrx_word' id='word_1_817' title='bbox 2517 3905 2596 3943; x_wconf 80' lang='lat' dir='ltr'><strong>me</strong></span> <span class='ocrx_word' id='word_1_818' title='bbox 2649 3888 2898 3943; x_wconf 84' lang='lat' dir='ltr'><strong>Dominus</strong></span> <span class='ocrx_word' id='word_1_819' title='bbox 2947 3889 3099 3944; x_wconf 72' lang='lat' dir='ltr'><strong>hodie</strong></span> <span class='ocrx_word' id='word_1_820' title='bbox 3161 3892 3464 3949; x_wconf 74' lang='lat' dir='ltr'><strong>concluserit</strong></span> <span class='ocrx_word' id='word_1_821' title='bbox 3513 3896 3568 3949; x_wconf 82' lang='lat' dir='ltr'><strong>in</strong></span> 
     </span>
    </p>
   </div>
   <div class='ocr_carea' id='block_1_101' title="bbox 1957 3977 3570 4052">
    <p class='ocr_par' dir='ltr' id='par_1_101' title="bbox 1957 3977 3570 4052">
     <span class='ocr_line' id='line_1_101' title="bbox 1957 3977 3570 4052; baseline 0.006 -22"><span class='ocrx_word' id='word_1_822' title='bbox 1957 3993 2142 4031; x_wconf 87' lang='lat' dir='ltr'><strong>manus</strong></span> <span class='ocrx_word' id='word_1_823' title='bbox 2163 3989 2298 4044; x_wconf 85' lang='lat' dir='ltr'><strong>tuas,</strong></span> <span class='ocrx_word' id='word_1_824' title='bbox 2319 3994 2408 4032; x_wconf 84' lang='lat' dir='ltr'><strong>nec</strong></span> <span class='ocrx_word' id='word_1_825' title='bbox 2425 3977 2672 4035; x_wconf 79' lang='lat' dir='ltr'><strong>occideris</strong></span> <span class='ocrx_word' id='word_1_826' title='bbox 2694 3996 2774 4034; x_wconf 84' lang='lat' dir='ltr'><strong>me</strong></span> <span class='ocrx_word' id='word_1_827' title='bbox 2793 3980 2867 4052; x_wconf 87' lang='lat' dir='ltr'><strong>(l.</strong></span> <span class='ocrx_word' id='word_1_828' title='bbox 2889 3979 3018 4052; x_wconf 86' lang='lat' dir='ltr'><strong>Reg.</strong></span> <span class='ocrx_word' id='word_1_829' title='bbox 3036 3980 3128 4039; x_wconf 62' lang='grc' dir='ltr'><strong>Ἡ.</strong></span> <span class='ocrx_word' id='word_1_830' title='bbox 3146 3980 3258 4052; x_wconf 78' lang='grc'><strong>19).</strong></span> <span class='ocrx_word' id='word_1_831' title='bbox 3280 3981 3360 4036; x_wconf 86' lang='grc' dir='ltr'>Ειι</span> <span class='ocrx_word' id='word_1_832' title='bbox 3382 3997 3570 4040; x_wconf 82' lang='lat' dir='ltr'><strong>rursus</strong></span> 
     </span>
    </p>
   </div>
   <div class='ocr_carea' id='block_1_102' title="bbox 1957 4066 3567 4142">
    <p class='ocr_par' dir='ltr' id='par_1_102' title="bbox 1957 4066 3567 4142">
     <span class='ocr_line' id='line_1_102' title="bbox 1957 4066 3567 4142; baseline 0.007 -22"><span class='ocrx_word' id='word_1_833' title='bbox 1957 4066 2026 4122; x_wconf 90' lang='lat' dir='ltr'><strong>de</strong></span> <span class='ocrx_word' id='word_1_834' title='bbox 2054 4069 2220 4122; x_wconf 89' lang='lat' dir='ltr'><strong>altera</strong></span> <span class='ocrx_word' id='word_1_835' title='bbox 2251 4070 2371 4138; x_wconf 87' lang='lat' dir='ltr'><strong>ejus</strong></span> <span class='ocrx_word' id='word_1_836' title='bbox 2400 4069 2598 4123; x_wconf 91' lang='lat' dir='ltr'><strong>virtute</strong></span> <span class='ocrx_word' id='word_1_837' title='bbox 2639 4069 2914 4142; x_wconf 86' lang='lat' dir='ltr'><strong>perhibuit</strong></span> <span class='ocrx_word' id='word_1_838' title='bbox 2939 4071 3304 4128; x_wconf 89' lang='lat' dir='ltr'><strong>testimonium</strong></span> <span class='ocrx_word' id='word_1_839' title='bbox 3325 4115 3340 4140; x_wconf 92' lang='lat'><strong>,</strong></span> <span class='ocrx_word' id='word_1_840' title='bbox 3372 4073 3567 4131; x_wconf 83' lang='lat' dir='ltr'><strong>videli-</strong></span> 
     </span>
    </p>
   </div>
   <div class='ocr_carea' id='block_1_103' title="bbox 1957 4159 3572 4235">
    <p class='ocr_par' dir='ltr' id='par_1_103' title="bbox 1957 4159 3572 4235">
     <span class='ocr_line' id='line_1_103' title="bbox 1957 4159 3572 4235; baseline 0.004 -22"><span class='ocrx_word' id='word_1_841' title='bbox 1957 4167 2068 4223; x_wconf 90' lang='lat' dir='ltr'><strong>cet,</strong></span> <span class='ocrx_word' id='word_1_842' title='bbox 2097 4159 2240 4230; x_wconf 91' lang='lat' dir='ltr'><strong>quod</strong></span> <span class='ocrx_word' id='word_1_843' title='bbox 2275 4159 2644 4214; x_wconf 88' lang='lat' dir='ltr'><strong>benemeritus</strong></span> <span class='ocrx_word' id='word_1_844' title='bbox 2665 4176 2772 4216; x_wconf 93' lang='lat' dir='ltr'><strong>non</strong></span> <span class='ocrx_word' id='word_1_845' title='bbox 2808 4162 3034 4217; x_wconf 89' lang='lat' dir='ltr'><strong>tacuerit</strong></span> <span class='ocrx_word' id='word_1_846' title='bbox 3057 4203 3072 4228; x_wconf 92' lang='lat'><strong>,</strong></span> <span class='ocrx_word' id='word_1_847' title='bbox 3105 4179 3281 4235; x_wconf 91' lang='lat' dir='ltr'><strong>neque</strong></span> <span class='ocrx_word' id='word_1_848' title='bbox 3308 4164 3572 4222; x_wconf 88' lang='lat' dir='ltr'><strong>dissimu-</strong></span> 
     </span>
    </p>
   </div>
   <div class='ocr_carea' id='block_1_104' title="bbox 1955 4249 3569 4324">
    <p class='ocr_par' dir='ltr' id='par_1_104' title="bbox 1955 4249 3569 4324">
     <span class='ocr_line' id='line_1_104' title="bbox 1955 4249 3569 4324; baseline 0.004 -20"><span class='ocrx_word' id='word_1_849' title='bbox 1955 4249 2147 4306; x_wconf 90' lang='lat' dir='ltr'><strong>laverit</strong></span> <span class='ocrx_word' id='word_1_850' title='bbox 2177 4291 2191 4315; x_wconf 90' lang='lat'><strong>,</strong></span> <span class='ocrx_word' id='word_1_851' title='bbox 2239 4249 2334 4306; x_wconf 91' lang='lat' dir='ltr'><strong>sed</strong></span> <span class='ocrx_word' id='word_1_852' title='bbox 2389 4251 2657 4306; x_wconf 89' lang='lat' dir='ltr'><strong>accedens</strong></span> <span class='ocrx_word' id='word_1_853' title='bbox 2708 4253 3009 4310; x_wconf 90' lang='lat' dir='ltr'><strong>narraverit</strong></span> <span class='ocrx_word' id='word_1_854' title='bbox 3039 4269 3054 4310; x_wconf 86' lang='lat'><strong>:</strong></span> <span class='ocrx_word' id='word_1_855' title='bbox 3083 4268 3190 4310; x_wconf 92' lang='lat' dir='ltr'><strong>non</strong></span> <span class='ocrx_word' id='word_1_856' title='bbox 3234 4255 3451 4324; x_wconf 91' lang='lat' dir='ltr'><strong>quidem</strong></span> <span class='ocrx_word' id='word_1_857' title='bbox 3500 4257 3569 4311; x_wconf 89' lang='lat' dir='ltr'><strong>ad</strong></span> 
     </span>
    </p>
   </div>
   <div class='ocr_carea' id='block_1_105' title="bbox 1954 4341 3562 4417">
    <p class='ocr_par' dir='ltr' id='par_1_105' title="bbox 1954 4341 3562 4417">
     <span class='ocr_line' id='line_1_105' title="bbox 1954 4341 3562 4417; baseline 0.005 -21"><span class='ocrx_word' id='word_1_858' title='bbox 1954 4341 2373 4397; x_wconf 89' lang='lat' dir='ltr'><strong>ostentationem</strong></span> <span class='ocrx_word' id='word_1_859' title='bbox 2401 4383 2414 4406; x_wconf 89' lang='lat'><strong>,</strong></span> <span class='ocrx_word' id='word_1_860' title='bbox 2445 4343 2539 4397; x_wconf 89' lang='lat' dir='ltr'><strong>sed</strong></span> <span class='ocrx_word' id='word_1_861' title='bbox 2571 4343 2702 4412; x_wconf 91' lang='lat' dir='ltr'><strong>ipsis</strong></span> <span class='ocrx_word' id='word_1_862' title='bbox 2733 4342 2888 4400; x_wconf 80' lang='lat' dir='ltr'><strong>lactis</strong></span> <span class='ocrx_word' id='word_1_863' title='bbox 2917 4343 3066 4400; x_wconf 90' lang='lat' dir='ltr'><strong>illum</strong></span> <span class='ocrx_word' id='word_1_864' title='bbox 3094 4345 3293 4404; x_wconf 89' lang='lat' dir='ltr'><strong>docere</strong></span> <span class='ocrx_word' id='word_1_865' title='bbox 3314 4348 3562 4417; x_wconf 74' lang='lat' dir='ltr'><strong>cupiens,</strong></span> 
     </span>
    </p>
   </div>
   <div class='ocr_carea' id='block_1_106' title="bbox 1953 4435 3564 4508">
    <p class='ocr_par' dir='ltr' id='par_1_106' title="bbox 1953 4435 3564 4508">
     <span class='ocr_line' id='line_1_106' title="bbox 1953 4435 3564 4508; baseline 0.002 -18"><span class='ocrx_word' id='word_1_866' title='bbox 1953 4449 2011 4490; x_wconf 89' lang='lat' dir='ltr'><strong>se</strong></span> <span class='ocrx_word' id='word_1_867' title='bbox 2033 4435 2101 4490; x_wconf 91' lang='lat' dir='ltr'><strong>de</strong></span> <span class='ocrx_word' id='word_1_868' title='bbox 2131 4449 2354 4489; x_wconf 90' lang='lat' dir='ltr'><strong>numero</strong></span> <span class='ocrx_word' id='word_1_869' title='bbox 2383 4449 2576 4494; x_wconf 89' lang='lat' dir='ltr'><strong>eorum</strong></span> <span class='ocrx_word' id='word_1_870' title='bbox 2604 4449 2725 4490; x_wconf 86' lang='lat' dir='ltr'><strong>esse</strong></span> <span class='ocrx_word' id='word_1_871' title='bbox 2753 4474 2767 4497; x_wconf 93' lang='lat'><strong>,</strong></span> <span class='ocrx_word' id='word_1_872' title='bbox 2813 4435 2904 4504; x_wconf 90' lang='lat' dir='ltr'><strong>qui</strong></span> <span class='ocrx_word' id='word_1_873' title='bbox 2936 4435 3048 4507; x_wconf 89' lang='lat' dir='ltr'><strong>regi</strong></span> <span class='ocrx_word' id='word_1_874' title='bbox 3089 4436 3229 4492; x_wconf 88' lang='lat' dir='ltr'><strong>bene</strong></span> <span class='ocrx_word' id='word_1_875' title='bbox 3256 4450 3515 4508; x_wconf 78' lang='lat' dir='ltr'><strong>cuperent</strong></span> <span class='ocrx_word' id='word_1_876' title='bbox 3545 4481 3564 4508; x_wconf 94' lang='lat'><strong>,</strong></span> 
     </span>
    </p>
   </div>
   <div class='ocr_carea' id='block_1_107' title="bbox 1954 4527 3565 4600">
    <p class='ocr_par' dir='ltr' id='par_1_107' title="bbox 1954 4527 3565 4600">
     <span class='ocr_line' id='line_1_107' title="bbox 1954 4527 3565 4600; baseline 0.003 -18"><span class='ocrx_word' id='word_1_877' title='bbox 1954 4528 2178 4598; x_wconf 89' lang='lat' dir='ltr'><strong>ejusque</strong></span> <span class='ocrx_word' id='word_1_878' title='bbox 2205 4527 2504 4585; x_wconf 89' lang='lat' dir='ltr'><strong>commodis</strong></span> <span class='ocrx_word' id='word_1_879' title='bbox 2534 4527 2908 4597; x_wconf 79' lang='lat' dir='ltr'><strong>proSpicerent</strong></span> <span class='ocrx_word' id='word_1_880' title='bbox 2935 4571 2949 4595; x_wconf 89' lang='lat'><strong>,</strong></span> <span class='ocrx_word' id='word_1_881' title='bbox 2981 4543 3085 4583; x_wconf 91' lang='lat' dir='ltr'><strong>non</strong></span> <span class='ocrx_word' id='word_1_882' title='bbox 3108 4544 3296 4584; x_wconf 88' lang='lat' dir='ltr'><strong>eorum</strong></span> <span class='ocrx_word' id='word_1_883' title='bbox 3326 4533 3414 4600; x_wconf 89' lang='lat' dir='ltr'><strong>qui</strong></span> <span class='ocrx_word' id='word_1_884' title='bbox 3448 4542 3565 4587; x_wconf 88' lang='lat' dir='ltr'><strong>teu-</strong></span> 
     </span>
    </p>
   </div>
   <div class='ocr_carea' id='block_1_108' title="bbox 1952 4619 3568 4691">
    <p class='ocr_par' dir='ltr' id='par_1_108' title="bbox 1952 4619 3568 4691">
     <span class='ocr_line' id='line_1_108' title="bbox 1952 4619 3568 4691; baseline 0.003 -17"><span class='ocrx_word' id='word_1_885' title='bbox 1952 4619 2143 4675; x_wconf 88' lang='lat' dir='ltr'><strong>derent</strong></span> <span class='ocrx_word' id='word_1_886' title='bbox 2172 4619 2414 4674; x_wconf 91' lang='lat' dir='ltr'><strong>insidias.</strong></span> <span class='ocrx_word' id='word_1_887' title='bbox 2463 4619 2598 4673; x_wconf 90' lang='lat' dir='ltr'><strong>Tum</strong></span> <span class='ocrx_word' id='word_1_888' title='bbox 2646 4620 2792 4672; x_wconf 90' lang='lat' dir='ltr'><strong>enim</strong></span> <span class='ocrx_word' id='word_1_889' title='bbox 2839 4619 2918 4672; x_wconf 81' lang='lat' dir='ltr'><strong>las</strong></span> <span class='ocrx_word' id='word_1_890' title='bbox 2963 4628 3047 4674; x_wconf 90' lang='lat' dir='ltr'><strong>est</strong></span> <span class='ocrx_word' id='word_1_891' title='bbox 3077 4624 3294 4691; x_wconf 89' lang='lat' dir='ltr'><strong>propria</strong></span> <span class='ocrx_word' id='word_1_892' title='bbox 3324 4638 3568 4681; x_wconf 80' lang='lat' dir='ltr'><strong>comme-</strong></span> 
     </span>
    </p>
   </div>
   <div class='ocr_carea' id='block_1_109' title="bbox 1951 4710 3558 4784">
    <p class='ocr_par' dir='ltr' id='par_1_109' title="bbox 1951 4710 3558 4784">
     <span class='ocr_line' id='line_1_109' title="bbox 1951 4710 3558 4784; baseline 0.002 -18"><span class='ocrx_word' id='word_1_893' title='bbox 1951 4729 2165 4768; x_wconf 90' lang='lat' dir='ltr'><strong>morare</strong></span> <span class='ocrx_word' id='word_1_894' title='bbox 2190 4712 2472 4779; x_wconf 82' lang='lat' dir='ltr'><strong>beneilcia,</strong></span> <span class='ocrx_word' id='word_1_895' title='bbox 2504 4727 2626 4766; x_wconf 90' lang='lat' dir='ltr'><strong>cum</strong></span> <span class='ocrx_word' id='word_1_896' title='bbox 2653 4711 2877 4782; x_wconf 84' lang='lat' dir='ltr'><strong>insignis</strong></span> <span class='ocrx_word' id='word_1_897' title='bbox 2898 4710 3025 4770; x_wconf 91' lang='lat' dir='ltr'><strong>hinc</strong></span> <span class='ocrx_word' id='word_1_898' title='bbox 3045 4724 3296 4784; x_wconf 88' lang='lat' dir='ltr'><strong>speratur</strong></span> <span class='ocrx_word' id='word_1_899' title='bbox 3324 4718 3558 4772; x_wconf 91' lang='lat' dir='ltr'><strong>utilitas.</strong></span> 
     </span>
    </p>
   </div>
   <div class='ocr_carea' id='block_1_110' title="bbox 1951 4804 3564 4879">
    <p class='ocr_par' dir='ltr' id='par_1_110' title="bbox 1951 4804 3564 4879">
     <span class='ocr_line' id='line_1_110' title="bbox 1951 4804 3564 4879; baseline 0.005 -21"><span class='ocrx_word' id='word_1_900' title='bbox 1951 4804 2083 4860; x_wconf 85' lang='lat' dir='ltr'><strong>Nam</strong></span> <span class='ocrx_word' id='word_1_901' title='bbox 2137 4805 2350 4875; x_wconf 89' lang='lat' dir='ltr'><strong>quoties</strong></span> <span class='ocrx_word' id='word_1_902' title='bbox 2399 4805 2542 4859; x_wconf 90' lang='lat' dir='ltr'><strong>nulla</strong></span> <span class='ocrx_word' id='word_1_903' title='bbox 2591 4805 2712 4860; x_wconf 90' lang='lat' dir='ltr'><strong>data</strong></span> <span class='ocrx_word' id='word_1_904' title='bbox 2768 4807 3056 4862; x_wconf 88' lang='lat' dir='ltr'><strong>occasione</strong></span> <span class='ocrx_word' id='word_1_905' title='bbox 3109 4807 3278 4877; x_wconf 87' lang='lat' dir='ltr'><strong>jactat</strong></span> <span class='ocrx_word' id='word_1_906' title='bbox 3322 4810 3442 4879; x_wconf 91' lang='lat' dir='ltr'><strong>quis</strong></span> <span class='ocrx_word' id='word_1_907' title='bbox 3499 4826 3564 4867; x_wconf 91' lang='lat' dir='ltr'><strong>ac</strong></span> 
     </span>
    </p>
   </div>
   <div class='ocr_carea' id='block_1_111' title="bbox 1953 4896 3564 4968">
    <p class='ocr_par' dir='ltr' id='par_1_111' title="bbox 1953 4896 3564 4968">
     <span class='ocr_line' id='line_1_111' title="bbox 1953 4896 3564 4968; baseline 0.004 -17"><span class='ocrx_word' id='word_1_908' title='bbox 1953 4898 2210 4968; x_wconf 71' lang='lat' dir='ltr'><strong>prmdicat</strong></span> <span class='ocrx_word' id='word_1_909' title='bbox 2256 4912 2351 4953; x_wconf 84' lang='lat' dir='ltr'><strong>sua</strong></span> <span class='ocrx_word' id='word_1_910' title='bbox 2399 4898 2450 4951; x_wconf 91' lang='lat' dir='ltr'><strong>in</strong></span> <span class='ocrx_word' id='word_1_911' title='bbox 2490 4897 2655 4952; x_wconf 91' lang='lat' dir='ltr'><strong>alium</strong></span> <span class='ocrx_word' id='word_1_912' title='bbox 2692 4896 2954 4953; x_wconf 88' lang='lat' dir='ltr'><strong>benelicia</strong></span> <span class='ocrx_word' id='word_1_913' title='bbox 2979 4939 2994 4963; x_wconf 91' lang='lat'><strong>,</strong></span> <span class='ocrx_word' id='word_1_914' title='bbox 3046 4898 3217 4954; x_wconf 90' lang='lat' dir='ltr'><strong>nihilo</strong></span> <span class='ocrx_word' id='word_1_915' title='bbox 3251 4901 3447 4957; x_wconf 91' lang='lat' dir='ltr'><strong>melior</strong></span> <span class='ocrx_word' id='word_1_916' title='bbox 3476 4912 3564 4958; x_wconf 89' lang='lat' dir='ltr'><strong>est</strong></span> 
     </span>
    </p>
   </div>
   <div class='ocr_carea' id='block_1_112' title="bbox 1949 4989 3559 5060">
    <p class='ocr_par' dir='ltr' id='par_1_112' title="bbox 1949 4989 3559 5060">
     <span class='ocr_line' id='line_1_112' title="bbox 1949 4989 3559 5060; baseline 0.001 -16"><span class='ocrx_word' id='word_1_917' title='bbox 1949 4990 2306 5060; x_wconf 71' lang='lat' dir='ltr'><strong>exprobrante</strong></span> <span class='ocrx_word' id='word_1_918' title='bbox 2341 5005 2356 5053; x_wconf 85' lang='lat'><strong>;</strong></span> <span class='ocrx_word' id='word_1_919' title='bbox 2405 4997 2660 5043; x_wconf 73' lang='lat' dir='ltr'><strong>cmterttm</strong></span> <span class='ocrx_word' id='word_1_920' title='bbox 2690 4989 2907 5060; x_wconf 84' lang='lat' dir='ltr'><strong>quoties</strong></span> <span class='ocrx_word' id='word_1_921' title='bbox 2939 4989 2993 5044; x_wconf 91' lang='lat' dir='ltr'><strong>id</strong></span> <span class='ocrx_word' id='word_1_922' title='bbox 3029 4989 3157 5045; x_wconf 83' lang='lat' dir='ltr'><strong>facit</strong></span> <span class='ocrx_word' id='word_1_923' title='bbox 3180 5033 3194 5056; x_wconf 92' lang='lat'><strong>,</strong></span> <span class='ocrx_word' id='word_1_924' title='bbox 3226 5001 3283 5046; x_wconf 93' lang='lat' dir='ltr'><strong>ut</strong></span> <span class='ocrx_word' id='word_1_925' title='bbox 3313 4993 3452 5049; x_wconf 90' lang='lat' dir='ltr'><strong>male</strong></span> <span class='ocrx_word' id='word_1_926' title='bbox 3482 4995 3559 5047; x_wconf 81' lang='lat' dir='ltr'><strong>af-</strong></span> 
     </span>
    </p>
   </div>
   <div class='ocr_carea' id='block_1_113' title="bbox 1951 5078 3559 5150">
    <p class='ocr_par' dir='ltr' id='par_1_113' title="bbox 1951 5078 3559 5150">
     <span class='ocr_line' id='line_1_113' title="bbox 1951 5078 3559 5150; baseline 0.004 -17"><span class='ocrx_word' id='word_1_927' title='bbox 1951 5080 2144 5136; x_wconf 84' lang='lat' dir='ltr'><strong>fectum</strong></span> <span class='ocrx_word' id='word_1_928' title='bbox 2173 5089 2226 5136; x_wconf 90' lang='lat' dir='ltr'><strong>et</strong></span> <span class='ocrx_word' id='word_1_929' title='bbox 2273 5094 2484 5150; x_wconf 90' lang='lat' dir='ltr'><strong>pravam</strong></span> <span class='ocrx_word' id='word_1_930' title='bbox 2525 5078 2594 5133; x_wconf 91' lang='lat' dir='ltr'><strong>de</strong></span> <span class='ocrx_word' id='word_1_931' title='bbox 2623 5078 2742 5149; x_wconf 89' lang='lat' dir='ltr'><strong>ipso</strong></span> <span class='ocrx_word' id='word_1_932' title='bbox 2785 5079 3094 5150; x_wconf 90' lang='lat' dir='ltr'><strong>opinionem</strong></span> <span class='ocrx_word' id='word_1_933' title='bbox 3125 5080 3416 5138; x_wconf 90' lang='lat' dir='ltr'><strong>habentem</strong></span> <span class='ocrx_word' id='word_1_934' title='bbox 3463 5083 3559 5138; x_wconf 86' lang='lat' dir='ltr'><strong>lle-</strong></span> 
     </span>
    </p>
   </div>
   <div class='ocr_carea' id='block_1_114' title="bbox 1947 5172 3558 5245">
    <p class='ocr_par' dir='ltr' id='par_1_114' title="bbox 1947 5172 3558 5245">
     <span class='ocr_line' id='line_1_114' title="bbox 1947 5172 3558 5245; baseline 0.002 -16"><span class='ocrx_word' id='word_1_935' title='bbox 1947 5182 2056 5229; x_wconf 90' lang='lat' dir='ltr'><strong>ctat</strong></span> <span class='ocrx_word' id='word_1_936' title='bbox 2085 5174 2139 5228; x_wconf 92' lang='lat' dir='ltr'><strong>in</strong></span> <span class='ocrx_word' id='word_1_937' title='bbox 2166 5173 2464 5236; x_wconf 79' lang='lat' dir='ltr'><strong>diversum,</strong></span> <span class='ocrx_word' id='word_1_938' title='bbox 2494 5172 2540 5228; x_wconf 91' lang='lat' dir='ltr'><strong>is</strong></span> <span class='ocrx_word' id='word_1_939' title='bbox 2563 5181 2617 5228; x_wconf 92' lang='lat' dir='ltr'><strong>et</strong></span> <span class='ocrx_word' id='word_1_940' title='bbox 2647 5183 2865 5228; x_wconf 90' lang='lat' dir='ltr'><strong>curator</strong></span> <span class='ocrx_word' id='word_1_941' title='bbox 2891 5183 2971 5228; x_wconf 89' lang='lat' dir='ltr'><strong>est</strong></span> <span class='ocrx_word' id='word_1_942' title='bbox 2997 5182 3052 5229; x_wconf 92' lang='lat' dir='ltr'><strong>ct</strong></span> <span class='ocrx_word' id='word_1_943' title='bbox 3071 5172 3380 5235; x_wconf 73' lang='lat' dir='ltr'><strong>beneﬁcus:</strong></span> <span class='ocrx_word' id='word_1_944' title='bbox 3413 5173 3558 5245; x_wconf 79' lang='lat' dir='ltr'><strong>quod</strong></span> 
     </span>
    </p>
   </div>
   <div class='ocr_carea' id='block_1_115' title="bbox 1947 5263 3558 5335">
    <p class='ocr_par' dir='ltr' id='par_1_115' title="bbox 1947 5263 3558 5335">
     <span class='ocr_line' id='line_1_115' title="bbox 1947 5263 3558 5335; baseline 0.002 -16"><span class='ocrx_word' id='word_1_945' title='bbox 1947 5279 2078 5320; x_wconf 90' lang='lat' dir='ltr'><strong>sane</strong></span> <span class='ocrx_word' id='word_1_946' title='bbox 2118 5264 2246 5321; x_wconf 82' lang='lat' dir='ltr'><strong>iecit</strong></span> <span class='ocrx_word' id='word_1_947' title='bbox 2275 5263 2438 5319; x_wconf 86' lang='lat' dir='ltr'><strong>David</strong></span> <span class='ocrx_word' id='word_1_948' title='bbox 2463 5305 2476 5329; x_wconf 90' lang='lat'><strong>,</strong></span> <span class='ocrx_word' id='word_1_949' title='bbox 2511 5278 2616 5318; x_wconf 92' lang='lat' dir='ltr'><strong>non</strong></span> <span class='ocrx_word' id='word_1_950' title='bbox 2647 5279 2674 5318; x_wconf 88' lang='lat' dir='ltr'><strong>a</strong></span> <span class='ocrx_word' id='word_1_951' title='bbox 2707 5263 2873 5324; x_wconf 76' lang='lat' dir='ltr'><strong>Saule</strong></span> <span class='ocrx_word' id='word_1_952' title='bbox 2898 5263 3127 5335; x_wconf 86' lang='lat' dir='ltr'><strong>gloriam</strong></span> <span class='ocrx_word' id='word_1_953' title='bbox 3157 5273 3384 5335; x_wconf 89' lang='lat' dir='ltr'><strong>captans</strong></span> <span class='ocrx_word' id='word_1_954' title='bbox 3413 5308 3428 5332; x_wconf 88' lang='lat'><strong>,</strong></span> <span class='ocrx_word' id='word_1_955' title='bbox 3460 5267 3558 5323; x_wconf 89' lang='lat' dir='ltr'><strong>sed</strong></span> 
     </span>
    </p>
   </div>
   <div class='ocr_carea' id='block_1_116' title="bbox 1948 5353 3559 5428">
    <p class='ocr_par' dir='ltr' id='par_1_116' title="bbox 1948 5353 3559 5428">
     <span class='ocr_line' id='line_1_116' title="bbox 1948 5353 3559 5428; baseline 0.002 -18"><span class='ocrx_word' id='word_1_956' title='bbox 1948 5356 2084 5410; x_wconf 88' lang='lat' dir='ltr'><strong>iram</strong></span> <span class='ocrx_word' id='word_1_957' title='bbox 2127 5356 2179 5411; x_wconf 92' lang='lat' dir='ltr'><strong>in</strong></span> <span class='ocrx_word' id='word_1_958' title='bbox 2226 5355 2316 5409; x_wconf 90' lang='lat' dir='ltr'><strong>illo</strong></span> <span class='ocrx_word' id='word_1_959' title='bbox 2360 5354 2652 5410; x_wconf 88' lang='lat' dir='ltr'><strong>radicatam</strong></span> <span class='ocrx_word' id='word_1_960' title='bbox 2691 5354 2924 5414; x_wconf 89' lang='lat' dir='ltr'><strong>evellere</strong></span> <span class='ocrx_word' id='word_1_961' title='bbox 2955 5353 3200 5412; x_wconf 88' lang='lat' dir='ltr'><strong>studens.</strong></span> <span class='ocrx_word' id='word_1_962' title='bbox 3233 5356 3410 5428; x_wconf 84' lang='lat' dir='ltr'><strong>Atque</strong></span> <span class='ocrx_word' id='word_1_963' title='bbox 3435 5357 3559 5414; x_wconf 87' lang='lat' dir='ltr'><strong>ideo</strong></span> 
     </span>
    </p>
   </div>
   <div class='ocr_carea' id='block_1_117' title="bbox 1947 5447 3559 5520">
    <p class='ocr_par' dir='ltr' id='par_1_117' title="bbox 1947 5447 3559 5520">
     <span class='ocr_line' id='line_1_117' title="bbox 1947 5447 3559 5520; baseline 0.002 -15"><span class='ocrx_word' id='word_1_964' title='bbox 1947 5449 2074 5505; x_wconf 78' lang='lat' dir='ltr'><strong>Sat‘tl</strong></span> <span class='ocrx_word' id='word_1_965' title='bbox 2115 5447 2438 5504; x_wconf 73' lang='lat' dir='ltr'><strong>collaudavit</strong></span> <span class='ocrx_word' id='word_1_966' title='bbox 2463 5463 2586 5503; x_wconf 91' lang='lat' dir='ltr'><strong>eum</strong></span> <span class='ocrx_word' id='word_1_967' title='bbox 2617 5489 2632 5514; x_wconf 95' lang='lat'><strong>,</strong></span> <span class='ocrx_word' id='word_1_968' title='bbox 2656 5447 2800 5520; x_wconf 91' lang='lat' dir='ltr'><strong>quod</strong></span> <span class='ocrx_word' id='word_1_969' title='bbox 2832 5457 2884 5502; x_wconf 91' lang='lat' dir='ltr'><strong>ct</strong></span> <span class='ocrx_word' id='word_1_970' title='bbox 2904 5447 3270 5505; x_wconf 87' lang='lat' dir='ltr'><strong>benemeritus</strong></span> <span class='ocrx_word' id='word_1_971' title='bbox 3297 5458 3442 5506; x_wconf 84' lang='lat' dir='ltr'><strong>esset</strong></span> <span class='ocrx_word' id='word_1_972' title='bbox 3463 5491 3480 5516; x_wconf 93' lang='lat'><strong>,</strong></span> <span class='ocrx_word' id='word_1_973' title='bbox 3502 5460 3559 5510; x_wconf 82' lang='lat' dir='ltr'><strong>et</strong></span> 
     </span>
    </p>
   </div>
   <div class='ocr_carea' id='block_1_118' title="bbox 1947 5542 2668 5597">
    <p class='ocr_par' dir='ltr' id='par_1_118' title="bbox 1947 5542 2668 5597">
     <span class='ocr_line' id='line_1_118' title="bbox 1947 5542 2668 5597; baseline -0.003 -3"><span class='ocrx_word' id='word_1_974' title='bbox 1947 5542 2132 5596; x_wconf 86' lang='lat' dir='ltr'><strong>merita</strong></span> <span class='ocrx_word' id='word_1_975' title='bbox 2169 5549 2668 5597; x_wconf 88' lang='lat' dir='ltr'><strong>commemorasset.</strong></span> 
     </span>
    </p>
   </div>
   <div class='ocr_carea' id='block_1_119' title="bbox 2014 5633 3552 5706">
    <p class='ocr_par' dir='ltr' id='par_1_119' title="bbox 2014 5633 3552 5706">
     <span class='ocr_line' id='line_1_119' title="bbox 2014 5633 3552 5706; baseline 0.001 -18"><span class='ocrx_word' id='word_1_976' title='bbox 2014 5633 2147 5688; x_wconf 85' lang='lat' dir='ltr'><strong>Tum</strong></span> <span class='ocrx_word' id='word_1_977' title='bbox 2180 5635 2398 5688; x_wconf 76' lang='lat' dir='ltr'><strong>maxime</strong></span> <span class='ocrx_word' id='word_1_978' title='bbox 2440 5645 2574 5689; x_wconf 83' lang='lat' dir='ltr'><strong>certa</strong></span> <span class='ocrx_word' id='word_1_979' title='bbox 2600 5651 2691 5689; x_wconf 86' lang='lat' dir='ltr'><strong>nos</strong></span> <span class='ocrx_word' id='word_1_980' title='bbox 2722 5645 2924 5690; x_wconf 85' lang='lat' dir='ltr'><strong>manent</strong></span> <span class='ocrx_word' id='word_1_981' title='bbox 2957 5635 3098 5706; x_wconf 83' lang='lat' dir='ltr'><strong>apud</strong></span> <span class='ocrx_word' id='word_1_982' title='bbox 3123 5633 3289 5690; x_wconf 83' lang='lat' dir='ltr'><strong>Deum</strong></span> <span class='ocrx_word' id='word_1_983' title='bbox 3319 5639 3552 5705; x_wconf 73' lang='lat' dir='ltr'><strong>pueritia,</strong></span> 
     </span>
    </p>
   </div>
   <div class='ocr_carea' id='block_1_120' title="bbox 1943 5726 3554 5798">
    <p class='ocr_par' dir='ltr' id='par_1_120' title="bbox 1943 5726 3554 5798">
     <span class='ocr_line' id='line_1_120' title="bbox 1943 5726 3554 5798; baseline 0.006 -20"><span class='ocrx_word' id='word_1_984' title='bbox 1943 5742 2057 5779; x_wconf 83' lang='lat' dir='ltr'><strong>cum</strong></span> <span class='ocrx_word' id='word_1_985' title='bbox 2084 5726 2145 5778; x_wconf 82' lang='lat' dir='ltr'><strong>ab</strong></span> <span class='ocrx_word' id='word_1_986' title='bbox 2174 5726 2463 5782; x_wconf 82' lang='lat' dir='ltr'><strong>hominibus</strong></span> <span class='ocrx_word' id='word_1_987' title='bbox 2489 5737 2762 5798; x_wconf 85' lang='lat' dir='ltr'><strong>negantur.</strong></span> <span class='ocrx_word' id='word_1_988' title='bbox 2783 5755 2853 5766; x_wconf 94' lang='lat'><strong>—</strong></span> <span class='ocrx_word' id='word_1_989' title='bbox 2882 5727 3013 5782; x_wconf 89' lang='lat' dir='ltr'><strong>Dein</strong></span> <span class='ocrx_word' id='word_1_990' title='bbox 3043 5741 3168 5785; x_wconf 89' lang='lat' dir='ltr'><strong>cum</strong></span> <span class='ocrx_word' id='word_1_991' title='bbox 3188 5727 3316 5783; x_wconf 80' lang='lat' dir='ltr'><strong>Sat&#39;tl</strong></span> <span class='ocrx_word' id='word_1_992' title='bbox 3344 5727 3554 5787; x_wconf 70' lang='lat' dir='ltr'><strong>referre</strong></span> 
     </span>
    </p>
   </div>
   <div class='ocr_carea' id='block_1_121' title="bbox 1946 5817 3552 5892">
    <p class='ocr_par' dir='ltr' id='par_1_121' title="bbox 1946 5817 3552 5892">
     <span class='ocr_line' id='line_1_121' title="bbox 1946 5817 3552 5892; baseline 0.001 -18"><span class='ocrx_word' id='word_1_993' title='bbox 1946 5821 2171 5891; x_wconf 87' lang='lat' dir='ltr'><strong>gratiam</strong></span> <span class='ocrx_word' id='word_1_994' title='bbox 2193 5819 2418 5891; x_wconf 89' lang='lat' dir='ltr'><strong>cupiens</strong></span> <span class='ocrx_word' id='word_1_995' title='bbox 2443 5860 2458 5886; x_wconf 95' lang='lat'><strong>,</strong></span> <span class='ocrx_word' id='word_1_996' title='bbox 2485 5832 2595 5875; x_wconf 91' lang='lat' dir='ltr'><strong>non</strong></span> <span class='ocrx_word' id='word_1_997' title='bbox 2625 5819 2897 5876; x_wconf 88' lang='lat' dir='ltr'><strong>inveniret</strong></span> <span class='ocrx_word' id='word_1_998' title='bbox 2925 5817 3092 5874; x_wconf 86' lang='lat' dir='ltr'><strong>ullam</strong></span> <span class='ocrx_word' id='word_1_999' title='bbox 3115 5834 3302 5892; x_wconf 85' lang='lat' dir='ltr'><strong>parem</strong></span> <span class='ocrx_word' id='word_1_1000' title='bbox 3325 5861 3343 5890; x_wconf 88' lang='lat'><strong>,</strong></span> <span class='ocrx_word' id='word_1_1001' title='bbox 3375 5820 3552 5890; x_wconf 74' lang='lat' dir='ltr'><strong>ipsum</strong></span> 
     </span>
    </p>
   </div>
  </div>
