4066 6426
563 412 662 468 ’ῖοἸ

559 527 722 579 Ιὶςεηιη
753 521 824 577 illi
858 534 951 592 pro
981 531 1036 570 se
1076 509 1346 573 constituit
1381 505 1674 561 debitorem
1714 541 1729 567 ,
1767 498 1837 551 ita
1865 496 2118 562 loquens:

557 616 622 670 Si
649 613 862 668 inveniet
898 607 1077 673 aliquis
1116 602 1371 656 inimicum
1397 611 1542 650 suum
1575 595 1627 646 in
1652 588 1881 658 angustia
1914 626 1930 651 ,
1961 592 2007 638 et
2037 581 2118 633 di-

559 711 710 759 mittet
743 702 887 755 illum
912 670 963 752 in
996 696 1074 749 eia
1102 694 1231 747 bona
1261 732 1275 754 ,
1305 699 1350 742 et
1382 670 1626 740 Dominus
1654 679 1824 734 reddet
1853 675 1931 729 illi
1958 673 2111 735 bona,

555 787 969 866 quemadmodum
999 783 1157 857 fecisti
1188 791 1239 834 tu
1263 779 1386 831 mihi
1414 775 1561 829 hodie
1589 771 1676 843 (Ι.
1704 768 1828 838 Reg.
1855 764 1945 819 Ἃ.
1976 761 2048 818 20
2073 761 2112 830 ).

551 851 687 950 Quid
738 879 878 935 enim
918 851 1125 947 poterat
1181 869 1306 925 Sat'tl
1372 877 1632 933 reponere
1693 858 1908 926 dignum
1958 851 2118 908 meri-

550 942 618 1028 tis
647 1014 662 1039 ,
708 942 934 1026 etiamsi
965 977 1184 1034 regnum
1227 957 1458 1013 dedisset
1507 967 1628 1007 cum
1683 945 1927 1003 omnibus
1967 942 2117 1012 oppi-

548 1065 630 1117 dis
648 1038 677 1116 7?
717 1059 897 1129 Neque
942 1055 1086 1111 enim
1127 1049 1316 1120 oppida
1359 1044 1515 1100 modo
1560 1052 1614 1096 et
1652 1051 1903 1129 regnum,
1933 1038 2114 1088 verum

547 1162 602 1205 et
653 1127 826 1203 vitam
861 1147 1027 1215 ipsam
1083 1142 1304 1197 donarat
1349 1135 1423 1190 illi
1477 1131 1680 1186 David:
1713 1127 1799 1182 hic
1834 1138 1962 1179 vero
2007 1136 2113 1177 non

549 1521 658 1565 tum
684 1509 882 1577 majora
910 1504 1062 1559 nobis
1089 1499 1226 1570 apud
1260 1498 1420 1551 Deum
1445 1492 1658 1562 praemia
1686 1491 1916 1559 reposita
1945 1501 2063 1541 esse
2093 1526 2107 1550 ,

547 1616 668 1655 cum
699 1576 795 1668 pro
839 1593 1127 1650 innumeris
1170 1585 1442 1642 beneﬁciis
1471 1585 1523 1638 in
1555 1582 1762 1637 hostem
1803 1580 2009 1634 collatis
2032 1576 2114 1630 di-

551 1667 713 1749 versa,
744 1686 1043 1754 recipimus.
1082 1679 1208 1735 Post
1249 1677 1364 1736 haec
1391 1675 1501 1730 ait:
1541 1670 1670 1733 Ecce
1697 1685 1912 1742 agnosco
1934 1710 1950 1736 ,
1979 1667 2114 1738 quod

549 1795 762 1853 regnans
797 1775 1024 1848 regnabis
1043 1813 1059 1838 ,
1089 1769 1316 1841 quodque
1343 1780 1549 1836 regnum
1590 1762 1750 1817 Israel
1788 1761 2115 1814 constituetur

549 1873 601 1924 in
629 1884 780 1922 manu
813 1876 916 1929 tua,
944 1872 989 1918 et
1009 1877 1140 1916 nunc
1155 1860 1277 1930 jura
1300 1856 1421 1910 mihi
1445 1869 1533 1924 per
1558 1852 1846 1917 Dominum,
1865 1848 1999 1919 quod
2015 1863 2112 1900 non

548 1961 820 2016 aboliturus
834 1959 901 2012 sis
920 1969 1081 2011 semen
1100 1965 1263 2005 meum
1283 1957 1390 2018 post
1414 1962 1512 2011 me,
1535 1960 1621 1998 nec
1641 1943 1918 2011 exstingues
1936 1952 2114 1993 nomen

551 2060 714 2107 ineunt
737 2052 797 2105 de
820 2049 967 2102 domo
992 2045 1148 2116 patris
1175 2042 1306 2110 mei(
1339 2039 1473 2094 Ibid.
1506 2055 1553 2092 υ.
1580 2034 1755 2090 21.22
1784 2030 1826 2102 ).
1850 2031 1955 2087 Sed
1983 2028 2068 2084 dic
2095 2068 2111 2092 ,

552 2147 774 2198 obsecro
797 2183 812 2203 .
861 2139 998 2193 unde
1026 2134 1164 2190 istud
1191 2133 1294 2188 scis
1319 2133 1342 2185 ?
1369 2131 1539 2185 Penes
1567 2138 1619 2181 te
1645 2132 1770 2180 sunt
1796 2122 2059 2178 exercitus
2097 2161 2112 2186 ,

554 2249 714 2303 penes
745 2242 795 2285 te
812 2238 934 2284 sunt
959 2225 1214 2296 pecunim,
1245 2236 1414 2287 arma,
1441 2221 1703 2282 civitates,
1725 2215 1867 2286 equi,
1896 2212 2115 2276 milites,

554 2329 788 2384 breviter
819 2324 1062 2378 universa
1093 2319 1170 2372 vis
1196 2322 1476 2385 apparatus
1501 2309 1629 2380 regii
1658 2326 1674 2366 :
1698 2307 1784 2361 hic
1811 2315 1994 2360 contra
2023 2303 2116 2357 dc-

551 2435 722 2480 sertus
743 2434 805 2474 ac
831 2416 1021 2482 nudus,
1048 2427 1146 2468 nec
1169 2411 1434 2466 civitatem
1459 2446 1475 2472 ,
1507 2417 1606 2460 nec
1630 2401 1846 2457 domum
1863 2440 1878 2464 ,
1904 2410 2003 2451 nec
2033 2394 2111 2448 fa-

553 2513 750 2568 miliam
785 2509 1006 2563 habens.
1034 2503 1184 2560 Unde
1207 2500 1365 2570 igitur
1390 2538 1406 2564 ,
1432 2509 1614 2566 quasso
1643 2532 1660 2559 ,
1705 2491 1804 2545 ista
1833 2485 2066 2557 loqueris
2090 2484 2113 2538 ἲ

553 2601 810 2656 Nimirum
835 2613 900 2652 ex
929 2595 1056 2664 ipsis
1088 2589 1294 2646 Davidis
1315 2585 1572 2642 moribus.
1590 2581 1771 2652 Neque
1788 2577 1931 2633 enim
1947 2571 2120 2628 nudus

551 2702 605 2747 et
628 2689 843 2746 inermis
866 2701 928 2742 ac
951 2685 1192 2740 desertus
1216 2695 1303 2735 me
1323 2686 1603 2739 armatum,
1623 2681 1872 2740 tantaque
1894 2667 2120 2723 circum.

555 2781 802 2837 vallatum
828 2774 1060 2848 potentia
1085 2778 1388 2842 superasset
1420 2808 1435 2832 ,
1463 2765 1563 2821 nisi
1593 2764 1756 2818 Deum
1789 2758 2007 2814 haberet
2026 2754 2120 2809 ad-

553 2877 785 2944 iutorem
816 2846 841 2936 ;V
865 2881 1025 2939 porro
1044 2865 1134 2936 qui
1161 2864 1331 2918 Deum
1353 2860 1509 2914 habet
1535 2856 1796 2911 faventem
1822 2893 1837 2918 ,
1870 2846 2118 2904 omnibus

552 2938 638 3021 est
681 2951 981 3034 potentior:
1001 2957 1162 3013 Vides
1202 2954 1268 3010 ad
1299 2959 1548 3024 quantam
1577 2943 1962 3019 philosOphiam
1982 2938 2112 2996 Sabl

555 3033 920 3126 postinsidias
943 3049 1203 3106 deductus
1244 3047 1362 3101 sit?
1393 3042 1542 3097 vides
1567 3038 1661 3110 qui
1689 3036 1801 3092 fieri
1826 3033 1990 3106 possit
2016 3073 2032 3099 ,
2062 3036 2120 3085 ut

556 3121 802 3201 inimicus
827 3155 1036 3197 omnem
1064 3145 1285 3208 exspuat
1310 3133 1562 3188 malitiam
1587 3170 1604 3197 ,
1623 3130 2034 3196 immutatusque
2053 3121 2120 3179 ad

558 3237 775 3292 meliora
801 3248 920 3289 sese
944 3229 1210 3299 recipiat?

627 3328 681 3381 9.
713 3325 789 3380 Ne
805 3321 1035 3378 velimus
1060 3319 1241 3388 itaque
1268 3316 1336 3372 de
1363 3321 1548 3368 nostra
1573 3311 1747 3367 salute
1782 3303 2117 3375 despondere

559 3418 810 3472 animum.
834 3408 1264 3482 Quandoquidem
1293 3403 1498 3461 etiamsi
1515 3402 1579 3457 ad
1610 3402 1719 3472 ipsa
1741 3398 1954 3454 malitia:
1974 3395 2125 3450 bara-

564 3510 677 3565 thra
714 3507 966 3564 fuerimus
993 3501 1227 3568 deducti,
1259 3498 1371 3555 fieri
1391 3504 1565 3568 potest
1589 3504 1645 3549 ut
1666 3507 1763 3548 nos
1809 3491 1953 3562 ipsos
1998 3487 2122 3543 inde

561 3612 886 3663 revocemus,
913 3605 969 3652 et
990 3607 1200 3650 omnem
1226 3590 1550 3662 deponamus
1572 3583 1846 3640 malitiam.

638 3692 840 3751 Hostem
868 3688 995 3744 Sail
1045 3686 1164 3756 ﬁliis
1193 3692 1404 3737 tutorem
1435 3677 1676 3748 reliquit;
1700 3677 1754 3729 in
1795 3673 1928 3743 ﬁlios
1971 3669 2125 3725 hostis

564 3782 823 3836 benevolus
854 3779 1028 3832 Dauid.
1048 3804 1118 3815 ——
1142 3774 1400 3841 Deinceps
1441 3767 1568 3839 quid
1587 3765 1704 3822 ait?
1733 3764 1864 3820 Jura
1891 3761 2014 3816 mihi
2042 3775 2130 3832 per

571 3873 747 3936 Deum,
777 3869 912 3939 quod
950 3884 1050 3920 non
1097 3864 1313 3918 abolebis
1364 3875 1528 3916 semen
1553 3862 1716 3911 meum
1750 3863 1859 3925 post
1892 3867 1990 3917 me,
2042 3865 2132 3903 nec

567 3961 846 4015 obliterubis
869 3973 1045 4012 nomen
1067 3971 1228 4008 meum
1255 3953 1316 4005 de
1343 3953 1489 4004 domo
1524 3947 1680 4017 patris
1702 3944 1816 3998 mei.
1863 3943 1976 3997 Rex
2019 3939 2129 4008 pri-

569 4061 744 4105 vatum
770 4054 959 4117 rogat:
995 4043 1084 4113 qui
1112 4041 1408 4098 diademate
1448 4039 1652 4093 cinctus
1690 4043 1790 4099 est,
1844 4031 2134 4101 supplicem

567 4143 693 4212 agit,
721 4154 817 4211 pro
843 4137 966 4192 liliis
999 4136 1110 4190 suis
1146 4134 1389 4187 obsecrat
1434 4129 1689 4184 exsulem.
1715 4123 1781 4179 Et
1819 4121 1921 4176 ltec
1965 4122 2134 4189 ipsum

570 4209 742 4303 arguit
763 4217 1008 4282 virtutem
1047 4221 1277 4288 Davidis,
1304 4218 1442 4290 quod
1466 4217 1636 4271 hostis
1655 4227 1815 4268 ausus
1835 4211 1905 4266 sit
1928 4210 2042 4264 inec
2067 4209 2135 4264 ab

573 4327 728 4379 hoste
752 4329 952 4391 petere.
980 4316 1112 4372 Nam
1133 4311 1270 4384 quod
1305 4304 1678 4382 jusjurandum
1701 4303 1878 4374 exigit,
1923 4315 2028 4356 non
2069 4313 2134 4354 eo

574 4414 718 4481 facit,
743 4389 883 4482 quod
911 4404 1114 4463 difﬂdat
1143 4400 1356 4458 Davidis
1378 4398 1638 4463 moribus,
1660 4393 1753 4449 sed
1793 4389 1934 4462 quod
1978 4403 2136 4458 repu-

575 4515 650 4562 tet
667 4480 797 4578 quot
819 4501 972 4558 malis
1002 4499 1151 4555 illum
1177 4493 1458 4550 all'eeisset.
1480 4488 1613 4544 Iura
1637 4485 1780 4552 mihi,
1804 4494 1853 4538 te
1882 4499 1983 4537 non
2018 4480 2138 4534 abo-

576 4570 782 4653 liturum
826 4609 989 4648 semen
1015 4604 1178 4644 nteant
1202 4594 1312 4657 post
1337 4598 1433 4637 me.
1463 4579 1680 4636 Hostem
1709 4575 1832 4630 filiis
1849 4573 1960 4628 suis
1979 4570 2140 4627 relin-

579 4689 692 4758 quit
706 4693 954 4746 tutorem,
978 4691 1228 4748 suamque
1248 4674 1451 4746 prolem
1471 4672 1524 4726 in
1545 4669 1684 4725 illius
1699 4664 1916 4736 deponit
1929 4675 2138 4729 manus,

580 4753 706 4832 dum
730 4775 814 4830 his
842 4770 1018 4827 verbis
1054 4768 1280 4822 illioram
1298 4779 1361 4818 ac
1394 4761 1604 4817 Davidis
1628 4771 1816 4815 manus
1842 4753 2140 4826 apprehen-

584 4871 737 4934 dens,
766 4866 930 4920 Deum
967 4867 1294 4930 sequestrem
1336 4853 1551 4908 inducit.
1577 4848 1712 4918 Quid
1751 4849 1909 4917 igitur
1939 4844 2145 4900 David?

582 5512 820 5595 induxit,
856 5519 1071 5571 sumque
1094 5514 1292 5554 mensa:
1319 5496 1443 5551 fecit
1488 5491 1816 5564 participem,
1838 5499 2046 5542 summo
2094 5483 2156 5537 il-

597 5578 706 5659 ium
726 5600 927 5655 honore
945 5595 1205 5664 dignatus,
1237 5603 1332 5644 nec
1353 5586 1582 5648 erubuit,
1605 5597 1702 5638 nec
1727 5578 2024 5640 occultavit,
2059 5589 2158 5631 nec

598 5692 879 5749 arbitratus
899 5697 981 5742 est
1001 5683 1197 5754 regiam
1221 5693 1455 5735 mensam
1471 5672 1853 5732 claudicatione
1875 5667 2025 5738 pueri
2067 5665 2159 5721 dc-

590 5778 890 5845 bonestari,
905 5773 998 5830 sed
1018 5770 1253 5827 decorari
1273 5768 1444 5837 potius
1465 5780 1524 5818 ac
1541 5763 1817 5818 lautiorem
1837 5759 1966 5814 fieri.
1990 5759 2157 5823 Quot-

1283 397 1338 451 S.
1377 389 1651 449 JOANNIS
1687 372 2155 440 (ἷΙΙηΫὶΟΞΤΟΜΞ
2197 372 2508 428 ARClllEP.
2549 369 3076 428 CONSTANTINOI‘.

3699 362 3800 419 τοι

2225 493 2354 553 quot
2376 485 2517 539 enim
2544 499 2665 538 cum
2693 483 2780 538 illo
2815 480 3238 542 discumbebant,
3289 477 3506 532 abibant
3551 491 3798 546 magnam

2225 575 2570 645 philosophia:
2596 574 2889 628 doctrinam
2923 569 3258 640 consequuti.
3287 568 3421 623 Cum
3439 566 3586 622 enim
3643 565 3798 620 vide-

2220 675 2340 720 rent
2366 665 2539 720 Sat'tlis
2563 664 2748 728 lilium,
2781 661 2923 716 Illius
2944 661 3034 730 qui
3062 669 3205 713 tanta
3257 657 3392 712 mala
3423 661 3659 725 patraret
3698 653 3798 706 ad-

2219 767 2403 808 versus
2431 753 2704 817 Davidem,
2732 758 2878 804 tanto
2898 749 2950 804 in
2968 748 3172 803 honore
3193 745 3375 801 haberi
3403 743 3545 814 apud
3587 743 3790 812 ipsum,

2217 843 2424 899 etiamsi
2451 842 2579 898 feris
2602 839 2848 897 omnibus
2872 837 3095 894 fuissent
3116 835 3452 901 immitiores,
3484 832 3688 904 pudore
3715 840 3799 885 ta-

2217 947 2338 988 men
2364 947 2427 987 ac
2475 931 2671 986 rubore
2706 944 2828 984 eum
2874 927 3120 983 omnibus
3167 925 3396 980 inimicis
3436 921 3684 977 redibant
3737 920 3794 973 in

2215 1023 2457 1093 gratiam.
2513 1020 2841 1090 Quamquam
2892 1018 2938 1073 si
2984 1016 3144 1073 etiam
3171 1015 3286 1084 ipse
3317 1011 3533 1067 aliunde
3584 1009 3664 1065 illi
3716 1016 3798 1063 ci-

2215 1113 2340 1168 bum
2427 1111 2541 1166 dari
2609 1109 2874 1179 iussisset,
2948 1115 3258 1173 certumque
3331 1102 3501 1156 victus
3578 1099 3800 1154 modum

2215 1203 2542 1266 ordinasset,
2568 1199 2723 1255 valde
2751 1213 2995 1270 magnum
3047 1203 3162 1253 erat
3188 1212 3204 1247 :
3232 1192 3328 1248 sed
3368 1193 3514 1248 illum
3544 1190 3611 1244 ad
3645 1204 3800 1244 suam

2213 1295 2380 1365 ipsius
2426 1306 2661 1348 mensam
2726 1290 2981 1359 recipere,
3030 1285 3238 1341 eximia:
3281 1292 3364 1339 est
3412 1281 3793 1352 philosophias.

2090 1435 2106 1461 ,
2213 1386 2369 1441 Scitis
2395 1383 2650 1455 proiecto,
2680 1397 2787 1436 non
2812 1395 2930 1434 esse
2952 1377 3101 1432 facile
3127 1375 3361 1430 hostium
3385 1373 3521 1427 liiius
3545 1372 3793 1440 diligere.

2214 1475 2349 1542 Quid
2366 1474 2476 1529 dixi
2497 1471 2753 1541 diligere?
2770 1468 2885 1524 Non
2906 1467 3104 1529 odisse,
3126 1479 3233 1518 non
3255 1461 3521 1532 persequi,
3547 1472 3799 1527 magnum

2213 1575 2313 1620 est.
2341 1565 2520 1633 Itaque
2553 1561 2702 1615 multi
2738 1557 2997 1613 defunctis
3024 1555 3272 1620 inimicis,
3292 1554 3345 1607 in
3371 1552 3581 1606 illorum
3599 1549 3801 1603 liberos

2214 1659 2365 1724 iram,
2389 1670 2548 1726 quam
2562 1655 2614 1708 in
2637 1667 2729 1708 eos
2750 1648 3033 1715 habebant,
3056 1645 3371 1702 effuderunt.
3390 1643 3460 1698 At
3477 1655 3582 1695 non
3610 1640 3679 1694 ita
3705 1654 3799 1708 ge—

2212 1765 2249 1804 n
2269 1761 2437 1802 'rosus
2453 1758 2514 1799 ac
2527 1741 2893 1813 magnanimus
2907 1740 3026 1802 iste,
3049 1737 3143 1792 sed
3167 1744 3218 1790 et
3239 1733 3501 1788 viventem
3523 1729 3797 1784 inimicum

2214 1837 2531 1900 observavit,
2552 1841 2606 1888 et
2630 1832 2719 1888 illo
2745 1828 3014 1892 defuncto,
3037 1822 3458 1881 benevolentiam
3485 1833 3647 1889 quam
3671 1832 3801 1887 erga

2215 1929 2361 1986 illum
2399 1933 2636 1998 gesserat
2680 1923 2802 1977 filiis
2824 1919 3080 1974 exhibuit.
3110 1912 3246 1981 Quid
3280 1912 3424 1967 illius
3456 1922 3643 1965 mensa
3670 1922 3800 1962 san-

2214 2022 2368 2087 ctius,
2401 2033 2555 2089 quam
2607 2014 2888 2085 cingebant
2935 2010 3027 2064 filii
3075 2007 3262 2068 hostis,
3324 2003 3512 2067 hostis,
3557 2000 3796 2070 inquam,

2215 2111 2456 2168 occidere
2535 2106 2746 2162 conati?
2802 2101 2926 2172 quid
2986 2099 3077 2153 illo
3134 2095 3379 2152 convivio
3450 2089 3798 2160 spiritualius,

2217 2203 2269 2257 in
2343 2214 2447 2270 quo
2521 2206 2630 2251 tam
2701 2192 2882 2248 multm
2952 2186 3290 2243 abundabant
3361 2176 3805 2236 benedictioncs?

2215 2268 2401 2360 Angeli
2432 2287 2601 2357 potius
2627 2298 2784 2354 quam
2814 2279 3042 2335 hominis
3067 2272 3410 2331 convocantis
3447 2279 3590 2326 erat.
3617 2268 3799 2334 Siqui-

2216 2359 2336 2438 de...
2362 2379 2558 2435 inimici
2588 2376 2724 2430 ﬁlios
2748 2371 2991 2444 amplecti
3016 2377 3072 2424 et
3113 2380 3315 2429 amare,
3346 2373 3397 2419 et
3440 2362 3582 2416 illius
3606 2359 3800 2421 filium,

2217 2473 2306 2546 qui
2336 2473 2488 2527 toties
2521 2469 2690 2538 ipsum
2739 2469 2995 2519 tentasset
3022 2475 3054 2514 e
3081 2456 3259 2513 medio
3283 2454 3489 2519 tollere,
3537 2459 3700 2520 atque
3748 2448 3800 2501 id

2218 2544 2442 2620 moliens
2466 2557 2779 2616 excessisset
2806 2569 2836 2608 e
2861 2552 2986 2616 vita,
3007 2549 3059 2604 id
3087 2547 3212 2603 facit
3236 2555 3291 2600 ut
3321 2546 3374 2599 in
3401 2545 3545 2598 illum
3574 2544 3800 2596 chorum

2219 2654 2498 2711 referatur.
2541 2649 2654 2704 Hoc
2683 2655 2737 2701 tu
2766 2658 2976 2716 quoque
2999 2641 3180 2705 facito,
3211 2636 3505 2701 carissime,
3533 2641 3586 2688 et
3614 2633 3792 2686 viven-

2221 2745 2353 2799 tium
2379 2748 2434 2796 et
2457 2747 2785 2794 mortuorum
2817 2733 2954 2790 illius
2979 2731 3160 2788 fovens
3186 2747 3199 2782 :
3233 2727 3519 2786 viventium
3548 2723 3763 2794 quidem
3781 2761 3800 2787 ,

2220 2842 2280 2890 ut
2301 2832 2401 2886 hoc
2417 2827 2574 2884 modo
2597 2834 2844 2898 parentes
2863 2824 3070 2878 illorum
3099 2819 3190 2874 tibi
3212 2816 3502 2872 concilies:
3527 2811 3803 2868 defuncto-

2220 2937 2341 2979 rum
2381 2934 2511 2976 vero
2537 2917 2673 2972 filios
2720 2927 2935 2979 curans,
2960 2919 3016 2966 ut
3045 2924 3075 2964 a
3103 2908 3213 2963 Deo
3238 2906 3458 2960 multum
3503 2903 3596 2958 tibi
3641 2913 3799 2972 pares

2220 3015 2454 3068 favorem
2496 3005 2841 3079 plurimisque
2878 2999 3093 3056 coronis
3135 2995 3426 3061 decoret-is,
3453 3001 3617 3061 utque
3636 2993 3795 3045 innu-

2221 3118 2369 3161 mera
2395 3100 2462 3155 ab
2486 3078 2732 3155 omnibus
2759 3100 2879 3148 vota
2901 3101 3192 3163 precesque
3216 3082 3578 3155 consequaris,
3598 3094 3707 3135 non
3732 3078 3800 3134 ab

2224 3195 2292 3251 iis
2317 3200 2522 3248 tantum
2548 3187 2636 3259 qui
2667 3186 2769 3241 tuis
2787 3181 3062 3240 beneﬁciis
3085 3177 3250 3247 adiuti
3268 3184 3411 3242 sunt,
3429 3186 3615 3229 verum
3631 3170 3796 3225 etiam

2223 3287 2291 3342 ab
2318 3286 2381 3339 iis
2407 3281 2498 3353 qui
2548 3279 2810 3334 viderunt.
2839 3273 2951 3329 Hoc
2976 3286 3072 3342 pro
3101 3279 3151 3326 te
3169 3267 3328 3324 stabit
3353 3266 3446 3320 illo
3467 3263 3576 3330 die,
3599 3260 3806 3331 magni-

2225 3390 2327 3446 que
2351 3352 2443 3427 tibi
2463 3369 2621 3425 futuri
2648 3375 2772 3423 sunt
2791 3363 2996 3436 patroni
3019 3363 3072 3416 in
3093 3358 3276 3431 judicii
3319 3367 3579 3425 tempore,
3622 3352 3806 3407 hostes

2226 3477 2318 3524 tuo
2355 3461 2614 3522 beneficio
2639 3457 2805 3529 adiuti
2834 3474 2850 3512 :
2876 3455 3038 3511 multa
3068 3459 3278 3523 peccata
3307 3446 3565 3519 expiabis,
3619 3452 3675 3499 et
3724 3458 3809 3498 re-

2226 3572 2413 3632 posces
2437 3553 2758 3613 mercedem.
2782 3547 2999 3608 Etiamsi
3031 3547 3306 3602 innumera
3328 3538 3663 3598 commiseris
3689 3550 3811 3608 pec-

2228 3629 2363 3717 cata,
2386 3651 2433 3706 si
2454 3646 2690 3718 proferas
2705 3643 2848 3697 illam
2868 3637 3252 3712 precationem,
3276 3648 3395 3704 quae
3418 3631 3552 3687 dicit
3577 3645 3591 3685 :
3618 3629 3810 3685 Rendl-

2233 3744 2320 3797 tite
2342 3739 2557 3795 inimicis
2584 3735 2761 3791 uestris
2783 3774 2798 3798 ,
2825 3741 2870 3786 et
2900 3730 3054 3785 Pater
3072 3735 3233 3782 uester
3255 3725 3470 3779 remittet
3498 3721 3640 3777 vobis
3686 3735 3805 3790 pec-

2235 3842 2348 3889 cata
2393 3824 2794 3896 restraUlattlt.
2825 3822 2880 3878 6.
2909 3817 3244 3891 l4):multa
3262 3829 3384 3871 cum
3433 3811 3624 3868 fiducia
3668 3823 3816 3866 com-

2235 3923 2518 3978 missorum
2547 3915 2785 3973 omnium
2833 3909 3206 3983 remissionem
3258 3903 3606 3975 consequeris
3652 3911 3811 3972 atque

2237 4015 2325 4070 hic
2349 4012 2560 4068 interim
2597 4008 2734 4064 bona
2777 4018 2900 4061 cum
2938 4016 3034 4071 spe
3075 4001 3249 4064 vives,
3301 3995 3578 4051 habiturus
3630 4004 3819 4048 omnes

2235 4114 2476 4163 amanter
2492 4115 2615 4172 erga
2632 4107 2684 4154 te
2699 4096 2934 4152 aﬂ‘ectos.
2949 4092 3082 4149 Cum
3092 4089 3234 4146 enim
3249 4085 3477 4142 viderint
3497 4093 3552 4140 te
3574 4083 3821 4139 inimicos

2235 4206 2289 4253 et
2319 4193 2652 4249 inimicorum
2677 4186 2816 4242 filios
2844 4185 2924 4241 sic
2949 4182 3191 4251 diligere,
3214 4177 3303 4248 qtti
3326 4175 3443 4231 fieri
3498 4174 3716 4245 poterit,
3763 4180 3822 4228 ut

2238 4303 2343 4343 non
2369 4285 2614 4340 affectent
2636 4279 2730 4336 tibi
2763 4277 2919 4333 amici
2939 4275 3119 4345 tuique
3144 4268 3366 4326 studiosi
3389 4265 3524 4331 fieri,
3554 4274 3608 4321 et
3639 4265 3820 4319 omnia

2242 4389 2329 4434 tua
2354 4389 2512 4432 causa
2541 4381 2650 4427 tum
2686 4369 2864 4424 facere
2908 4374 3020 4419 tum
3048 4360 3192 4433 pati?
3235 4358 3406 4415 Porro
3434 4371 3561 4411 cum
3615 4365 3820 4410 tantum

2242 4466 2383 4540 apud
2411 4467 2578 4521 Deum
2628 4459 2720 4516 tibi
2739 4471 2898 4530 pares
2918 4457 3170 4517 favorem,
3198 4463 3323 4505 cum
3347 4455 3570 4504 cunctos
3622 4445 3825 4501 habeas

2243 4560 2421 4617 omnia
2444 4559 2582 4614 bona
2603 4552 2698 4609 tibi
2719 4551 3142 4619 eompreeantes,
3166 4555 3327 4613 quam
3352 4553 3610 4596 sensurus
3628 4551 3690 4593 es
3710 4550 3825 4592 mo-

2243 4650 2473 4715 lestiam,
2494 4653 2585 4717 aut
2624 4641 2742 4713 quis
2793 4646 2848 4694 te
2872 4636 3036 4691 vitam
3059 4633 3203 4687 vivat
3240 4627 3570 4686 feliciorem?
3601 4624 3732 4681 Eme
3771 4625 3825 4680 in

2248 4744 2349 4799 hac
2371 4741 2476 4796 vita
2513 4751 2620 4793 non
2663 4741 2869 4789 tantum
2905 4727 3202 4789 laudemus,
3253 4736 3441 4780 verum
3489 4718 3655 4776 etiam
3705 4717 3828 4774 hinc

2247 4833 2450 4906 egressi
2473 4838 2769 4893 servem,
2797 4837 2863 4880 ac
2887 4818 3290 4878 obambulantes
3311 4811 3560 4869 inimicos
3578 4821 3828 4880 perscru-

2101 5121 2147 5176 ἱ-
2256 5108 2412 5164 fuerit
2438 5097 2865 5176 opus,veniaque
2891 5094 2958 5149 ab
2982 5091 3111 5162 ipsis
3138 5085 3366 5176 petenda
3583 5094 3656 5138 ne
3681 5094 3832 5137 recu-

2254 5213 2454 5262 semus,
2475 5169 2646 5250 etiam
2691 5188 2738 5244 si
2783 5184 2886 5258 ipsi
2934 5181 3194 5239 fuerimus
3240 5173 3432 5246 injuria
3473 5171 3672 5228 affecti.
3726 5169 3835 5226 llos

2265 5486 2566 5544 sequemur,
2595 5465 2761 5537 gratia
2784 5471 2838 5518 ct
2860 5458 3096 5517 bonitate
3119 5451 3330 5509 Domini
3357 5445 3525 5504 nostri
3539 5445 3668 5502 Iesu
3687 5444 3838 5499 Chri-

2269 5537 2360 5628 Sil:
2383 5578 2503 5617 cum
2529 5574 2634 5629 quo
2661 5555 2804 5610 Patri
2830 5550 2982 5608 simul
3013 5557 3067 5604 et
3090 5554 3275 5601 sancto
3288 5539 3503 5614 Spiritui
3523 5537 3714 5610 gloria,
3744 5538 3838 5590 im-

2269 5657 2496 5729 perium,
2529 5653 2700 5706 honor
2727 5660 2867 5704 nunc
2894 5653 2949 5702 et
2975 5655 3204 5714 semper,
3236 5646 3290 5694 et
3317 5637 3371 5692 in
3397 5632 3590 5691 saecula
3621 5631 3838 5686 saculo-

1987 5937 2469 5961 “cr——
