4014 6350
325 383 436 390 __‘
457 386 534 389 _._-
557 383 698 389 __-‘.
735 384 802 387 ,__
819 380 1106 388 .__.__...___._.
1127 380 1150 386 α
1169 381 1206 386 __
1227 381 1258 385 ._
1277 379 1334 385 ο-
1351 379 1438 385 --μ-ς
1453 375 1936 388 ---μήνη-..-κῃ
1993 373 2356 384 ψη...-
2382 365 3009 379 mm
3530 382 3539 385 >

321 415 324 417 Δ
339 412 722 418 ῌ--ῃ-Δ”-⁴-μ
747 411 757 416 η
1281 406 1528 414 Ms
1570 403 1676 412 -οο-νη-
1739 399 1754 408 ’³
1797 406 1944 418 ’.ν-
1998 409 2023 418 ..
2046 410 2085 417 ---
2112 409 2186 417 —
2236 406 2860 417 —_—.——
3395 411 3410 416 ⁸
3441 383 3468 387 _
3487 383 3517 387 ’.Ω

1235 510 1907 595 ,ΒΑΙιιΕΡιΙΝῘΟΙίῠΜ
1949 511 2589 578 NUNCUPATORIA.

808 648 2399 872 BENEDTCTO
2555 709 3026 872 XIV

1348 973 1577 1058 PON
1590 970 1954 1057 TIFICI
2025 969 2523 1054 MAXIMO

559 1150 978 1227 PETBUS
1048 1151 1187 1223 ET
1263 1145 1989 1222 HIEBONYMUS
2061 1144 2574 1219 FRATRES
2644 1146 3277 1227 BALLERINII

1489 1299 1884 1352 PRESBYTER!
1916 1295 2346 1351 VERONENSES.

352 1578 512 1642 Hac
547 1574 932 1639 sanctissimi
959 1590 1127 1654 aque
1158 1591 1230 1633 ac
1267 1569 1616 1633 doctissimi
1641 1568 1863 1630 summi
1896 1567 2219 1650 pontiﬁcis
2252 1568 2486 1630 Lsosts
2538 1571 2754 1631 Meam
2802 1570 3005 1652 Opera
3029 1620 3048 1651 ,
3082 1592 3217 1655 qua
3249 1576 3331 1639 ad
3378 1596 3563 1659 pra-

270 1679 696 1741 stantissimos
726 1676 992 1746 codices,
1017 1673 1365 1754 prasertim
1393 1672 1736 1748 Romanos,
1770 1679 2016 1747 exacta,
2049 1667 2471 1730 emendatiora
2498 1678 2551 1731 et
2587 1672 2877 1734 auctiora
2904 1693 3070 1738 nunc
3098 1679 3433 1755 prodeunt,
3455 1685 3562 1746 cui

271 1786 486 1870 potius
517 1780 995 1846 inscriberemus
1023 1797 1206 1858 quam
1236 1775 1376 1850 tibi,
1414 1774 1758 1837 beatissime
1786 1774 2000 1851 Pater,
2032 1774 2141 1853 qui
2171 1774 2334 1833 tanti
2361 1774 2683 1852 pontiﬁcis
2709 1775 2778 1836 in
2815 1776 3018 1838 eadem
3043 1779 3323 1842 Romana
3348 1784 3564 1844 cathe-

271 1889 385 1952 dra
414 1906 767 1965 successor,
797 1885 1016 1949 iisdem
1043 1883 1161 1945 zeli
1196 1882 1398 1961 ipsius
1432 1898 1504 1941 ac
1530 1879 1836 1941 doctrina
1863 1877 2147 1959 vestigiis
2184 1876 2503 1951 insistens,
2552 1877 2714 1939 idem
2764 1898 3018 1942 MAGNUS
3068 1883 3201 1944 Ι.Εο
3245 1885 3563 1947 redivivus

270 1992 508 2054 sideris
532 1992 565 2051 7
591 1990 712 2052 Ille
737 1986 987 2069 quidem
1009 1984 1082 2046 ob
1108 1982 1299 2063 plura
1332 1990 1388 2041 et
1421 1977 1728 2058 praclara
1763 1977 2054 2039 diuturni
2077 1976 2486 2055 pontiﬁcatus
2507 1983 2702 2054 gesta,
2732 1977 2981 2057 quibus,
3009 1981 3187 2042 nulla
3218 1991 3566 2061 temporum

268 2111 601 2174 rerumque
650 2089 1090 2152 vicissitudine
1147 2094 1257 2146 aut
1316 2082 1728 2164 difﬁcultate,
1772 2081 2155 2161 perterritus
2180 2125 2197 2151 ,
2233 2080 2531 2141 adversus
2561 2091 2951 2143 contumaces
2980 2103 3053 2144 ac
3094 2083 3390 2146 subdolos
3419 2087 3567 2167 ﬁdei

268 2194 511 2263 hostes,
570 2191 895 2255 catholica
944 2184 1247 2249 Ecclesia
1293 2183 1588 2262 dogmata
1623 2181 1897 2261 defendit
1929 2179 2257 2251 acerrime,
2293 2188 2347 2239 et
2377 2179 2643 2241 novitiis
2671 2199 2743 2241 ac
2777 2183 3121 2244 temerariis
3154 2186 3567 2264 quorumdam

270 2294 532 2356 ausibus
559 2312 689 2353 sese
736 2290 1034 2372 objicicns
1056 2332 1072 2357 ,
1106 2285 1539 2348 Ecclesiarum
1565 2283 1905 2362 privilegia
1935 2292 1988 2341 et
2022 2280 2381 2360 apostolica
2405 2280 2569 2341 sedis
2602 2281 2748 2360 jura
2793 2283 3050 2356 fortiter
3075 2286 3427 2349 vindicavit
3453 2333 3469 2359 ,
3510 2298 3565 2351 et

267 2411 386 2478 pro
420 2391 715 2454 custodia
741 2408 814 2450 ac
843 2384 1238 2450 observantia
1265 2383 1693 2445 ecclesiastica
1723 2381 2076 2460 disciplina
2103 2381 2443 2458 irrepentes
2469 2383 2858 2459 corruptelas
2888 2392 2943 2444 et
2988 2383 3217 2445 abusus
3243 2387 3521 2467 detegere
3544 2434 3562 2464 ,

267 2494 731 2576 perstringere,
760 2488 1084 2553 emendare
1134 2495 1191 2547 et
1223 2486 1621 2564 exstinguere
1654 2487 1832 2546 nisus
1860 2492 1944 2543 est
1977 2506 1997 2550 :
2034 2483 2160 2553 ille,
2191 2481 2442 2561 inquam
2466 2527 2480 2553 ,
2536 2489 2749 2544 tantus
2781 2487 3072 2567 ponti/ea:
3102 2489 3177 2551 ob
3232 2499 3357 2552 tam
3386 2510 3565 2572 ρνω..

268 2596 449 2657 clara
492 2602 669 2674 gesta
702 2594 915 2655 Meam
975 2588 1228 2651 titulum
1270 2590 1421 2666 jure
1468 2586 1857 2665 promeruit;
1890 2584 2139 2664 ejusque
2196 2583 2476 2662 insignia
2529 2582 2736 2663 Opera
2766 2632 2779 2653 ,
2823 2587 3048 2666 quibus
3082 2609 3179 2651 res
3211 2600 3303 2652 tot
3334 2612 3405 2654 ac
3441 2605 3567 2657 tam

268 2714 493 2776 grates
526 2691 845 2773 promovit
877 2698 1060 2768 atque
1083 2687 1372 2766 perfecit,
1408 2687 1476 2746 in
1499 2702 1827 2764 perennem
1862 2693 2255 2762 posterorum
2285 2684 2641 2745 memoriam
2667 2686 2749 2746 ad
2776 2706 2889 2747 nos
2925 2693 3310 2763 transmissa,
3347 2698 3565 2757 maxi-

268 2798 507 2877 misque
544 2792 845 2855 encomiis
886 2808 1016 2851 non
1050 2789 1252 2850 solum
1281 2808 1320 2847 a
1360 2788 1629 2859 Latinis,
1662 2803 1874 2849 verum
1898 2787 2081 2847 etiam
2107 2806 2145 2847 a
2174 2785 2406 2849 Gracis
2434 2795 2563 2848 tum
2594 2789 2894 2868 antiquis,
2930 2802 3060 2853 tum
3088 2796 3564 2873 recentioribus,

266 2895 728 2967 commendata,
761 2890 1029 2972 ejusdem
1056 2887 1231 2950 tituli
1258 2888 1549 2948 meritum
1582 2906 1654 2948 ac
1681 2887 2005 2965 justitiam
2029 2886 2481 2947 demonstrant.

347 2998 529 3073 Quid
582 3005 786 3058 autem
834 2993 907 3055 de
977 3002 1066 3066 te,
1117 2990 1462 3053 beatissime
1519 2989 1762 3053 Pater?
1815 2991 1961 3052 Jam
2007 2987 2152 3048 inde
2202 2987 2278 3048 ab
2328 2987 2590 3049 exordio
2665 2991 3077 3071 pontiﬁcatus
3140 2996 3236 3057 tui
3299 3007 3450 3077 quot
3508 3012 3565 3062 et

270 3118 458 3181 quam
491 3097 785 3177 implexa
812 3113 1011 3157 causa
1036 3110 1155 3173 pro
1189 3091 1550 3154 conditione
1576 3091 1844 3153 istorum
1881 3099 2223 3168 temporum
2254 3102 2735 3169 concurrerunt,
2772 3093 2998 3174 quibus
3026 3115 3196 3158 nunc
3234 3101 3567 3179 integritas

268 3198 417 3277 ﬁdei
440 3242 459 3273 ,
510 3214 683 3256 nunc
730 3192 919 3274 ponti
924 3191 1068 3270 ﬁcia
1107 3191 1265 3271 jura
1292 3234 1309 3266 ,
1342 3207 1513 3251 nunc
1547 3189 1891 3268 disciplina
1919 3188 2336 3249 ecclesiastica
2383 3206 2654 3269 sanaque
2688 3192 2979 3255 doctrina
3007 3215 3245 3257 morum
3273 3203 3567 3281 impetita

269 3302 444 3380 {me
465 3301 497 3359 1
526 3301 631 3360 Tu
664 3314 809 3357 vero
835 3294 1005 3355 nulli
1032 3292 1237 3355 labori
1263 3335 1281 3366 ,
1318 3291 1488 3354 nulli
1513 3292 1911 3353 meditationi
1936 3309 2201 3370 parcens
2224 3335 2240 3359 ,
2290 3301 2641 3368 opportune
2668 3295 2953 3356 omnibus
2981 3303 3347 3376 providisti.
3381 3304 3565 3367 Assi-

267 3404 407 3463 due
456 3418 627 3462 cura
673 3408 728 3460 et
777 3396 1011 3478 vigilia
1071 3404 1226 3465 tua,
1281 3391 1507 3474 quibus
1558 3393 1924 3471 parcissimo
1974 3390 2109 3452 cibo
2161 3390 2451 3470 brevique
2479 3410 2694 3452 somno
2731 3405 3082 3469 contentus,
3124 3400 3224 3460 die
3255 3415 3568 3484 noctuque

268 3502 588 3583 pastorali
623 3500 834 3581 ofﬁcio
871 3508 927 3560 et
960 3494 1320 3559 actionibus
1342 3495 1621 3575 publicis
1647 3494 1995 3572 indefessus
2024 3512 2207 3555 vacas
2236 3539 2251 3565 ,
2285 3503 2338 3552 et
2372 3494 2541 3574 quod
2587 3507 2866 3574 superest
2896 3499 3190 3563 subcisivi
3225 3509 3520 3584 temporis
3547 3551 3564 3579 ,

269 3607 335 3666 in
358 3601 855 3666 conscribendas
882 3617 1001 3679 pro
1033 3616 1243 3660 rerum
1275 3596 1639 3660 necessitate
1667 3596 2060 3656 doctissimas
2111 3603 2171 3654 et
2213 3596 2669 3659 eruditissimos
2698 3600 3143 3663 Institutiones
3174 3615 3357 3684 atque
3386 3608 3567 3670 (Ion-

270 3704 643 3766 stitutiones
669 3702 938 3782 confers,
976 3698 1261 3761 omnibus
1290 3697 1635 3759 notissima
1663 3705 1830 3756 sunt.
1861 3695 2013 3773 Ipsa
2039 3704 2145 3755 tua
2173 3694 2378 3774 Opera
2412 3713 2546 3775 qua
2566 3696 2858 3775 pluribus
2884 3699 3303 3764 voluminibus
3325 3706 3568 3786 digesta

269 3805 576 3867 hactenus
617 3802 1003 3883 prodierunt
1055 3800 1125 3861 in
1178 3799 1399 3870 lucem,
1432 3815 1684 3878 quaque
1731 3798 1801 3858 in
1834 3796 1960 3856 dies
1988 3796 2324 3857 identidem
2349 3797 2708 3875 prodeunt,
2750 3818 2821 3859 ac
2850 3801 2916 3861 in
2953 3804 3119 3865 omni
3148 3805 3567 3869 ecclesiastica

267 3906 533 3965 materie
562 3921 693 3965 non
720 3913 845 3963 tam
871 3898 1308 3981 prementibus,
1336 3916 1519 3977 quam
1540 3897 1780 3977 futuris
1806 3897 2187 3975 temporibus
2211 3897 2635 3977 prospiciunt,
2666 3897 2811 3959 dum
2840 3919 3044 3962 omnes
3070 3923 3203 3964 cum
3243 3908 3568 3988 voluptate

270 4018 323 4067 et
353 4006 647 4067 utilitate
676 4002 998 4074 evolvunt,
1029 4001 1483 4078 maximamque
1518 4000 1586 4058 in
1612 3997 1832 4058 iisdem
1863 4015 1990 4057 non
2009 3996 2146 4076 jam
2176 3998 2393 4058 molem
2416 4042 2432 4070 ,
2456 3999 2561 4060 sed
2586 3999 3021 4077 eruditionem,
3056 4023 3264 4067 rerum
3289 4011 3569 4072 varieta-

272 4119 416 4179 tem,
448 4107 827 4179 methodum,
869 4103 1383 4185 perspicuitatem
1409 4119 1481 4162 ac
1510 4100 1866 4162 doctrinam
1916 4099 2342 4173 admirantur,
2401 4109 2459 4160 te
2509 4119 2649 4163 cum
2694 4104 2972 4184 antiquis
3015 4113 3567 4185 prastanlioribus

268 4208 689 4293 pontiﬁcibus
723 4208 1029 4288 conferre,
1082 4213 1139 4267 et
1190 4206 1477 4266 MAGNUM
1529 4221 1687 4270 vere,
1743 4220 1849 4262 seu
1889 4202 2110 4283 potius
2154 4202 2479 4263 MAXIMUM
2513 4204 2796 4282 conﬁteri
2826 4223 2954 4265 non
3000 4206 3314 4269 dubitant.
3347 4212 3566 4274 Meam

272 4316 481 4394 igitur
535 4310 787 4389 antiqui
830 4307 1101 4368 Romani
1142 4303 1452 4366 antistitis
1482 4302 1686 4384 Opera
1709 4301 1826 4365 tibi
1867 4320 2000 4382 pra
2045 4304 2281 4364 cateris
2310 4304 2656 4365 successori
2684 4323 2759 4366 ac
2784 4307 3140 4369 amulatori
3165 4310 3298 4389 ejus
3331 4313 3566 4378 MAGNO

268 4417 621 4498 aquissime
647 4412 921 4476 dicanda
947 4412 1143 4493 fuere.

346 4521 537 4585 Huic
565 4526 773 4581 autem
805 4513 1384 4594 congruentissima
1413 4511 1660 4573 rationi
1688 4510 1816 4573 alia
1843 4511 2104 4590 gravior
2133 4517 2186 4570 et
2217 4511 2455 4590 fortior
2482 4509 2742 4571 accedit.
2774 4510 2928 4572 Cum
2956 4514 3113 4574 enim
3147 4525 3289 4576 ante
3324 4534 3565 4596 paucos

269 4637 476 4681 annos
520 4618 685 4678 alter
709 4636 738 4677 e
772 4614 951 4677 nobis
984 4615 1193 4675 Roma
1221 4610 1489 4690 degeret,
1522 4628 1701 4690 seque
1732 4620 1877 4670 ante
1904 4610 2083 4688 pedes
2117 4618 2261 4669 tuos
2306 4610 2645 4670 identidem
2686 4610 2972 4682 sisteret;
3006 4615 3168 4673 inter
3196 4636 3301 4676 cos
3335 4637 3566 4681 sermo-

272 4741 404 4791 nes,
435 4738 596 4801 quos
629 4736 747 4798 pro
779 4733 1014 4778 summa
1044 4712 1430 4791 benignitate
1467 4720 1574 4771 tua
1611 4727 1748 4770 cum
1772 4708 1977 4769 eodem
2012 4707 2235 4769 habere
2257 4754 2272 4778 ,
2315 4708 2658 4788 quibusque
2685 4709 2810 4787 fere
2837 4708 2910 4768 de
2958 4712 3210 4790 optimis
3251 4715 3482 4777 studiis
3509 4728 3567 4780 et

275 4817 719 4884 ecclesiasticis
749 4813 1104 4894 disciplinis
1128 4829 1259 4872 non
1299 4829 1505 4890 pauca
1532 4808 1768 4871 solebas
1816 4808 2113 4869 disserere
2141 4854 2158 4885 ,
2188 4808 2259 4869 de
2292 4828 2357 4868 ea
2394 4810 2463 4870 S.
2500 4810 2721 4869 Leonis
2749 4809 3021 4871 editione
3049 4812 3277 4875 incidit
3307 4819 3561 4888 mentio,

272 4943 399 5006 qua
431 4919 807 4983 Paschasius
847 4915 1213 4994 Quesnellus
1240 4912 1446 4973 sancti
1477 4911 1802 4991 pontiﬁcis
1837 4909 2045 4991 Opera
2076 4927 2205 4971 non
2233 4918 2357 4969 tam
2386 4908 2709 4970 emendare
2733 4927 2804 4969 ac
2836 4909 3160 4973 illustrare
3186 4961 3202 4988 ,
3233 4933 3416 4995 quam
3442 4918 3569 4981 ali-

273 5034 431 5108 quot
461 5024 687 5104 pravis
716 5016 1207 5093 notatiunculis,
1235 5010 1774 5077 observationibus
1815 5020 1875 5072 et
1905 5009 2450 5072 dissertationibus
2477 5028 2608 5071 non
2637 5011 2860 5090 paucis
2887 5011 2956 5070 in
2982 5011 3135 5073 locis
3165 5016 3564 5097 redarguere,

273 5137 633 5209 pervertere
660 5132 714 5185 et
742 5121 1077 5200 deturpare
1098 5116 1368 5178 studuit.
1405 5115 1582 5175 Hinc
1615 5128 1812 5192 porro
1844 5130 2021 5173 nova
2052 5111 2374 5184 editionis,
2399 5128 2541 5190 qua
2564 5110 2644 5170 ad
2678 5111 3006 5172 Vaticanos
3033 5117 3377 5190 praesertim
3419 5137 3562 5181 mss.

274 5230 524 5290 codices
555 5226 630 5287 ab
663 5245 728 5287 eo
773 5221 1170 5286 inconsultos
1206 5217 1588 5297 exigeretur,
1621 5213 2005 5295 ejusdemque
2054 5212 2315 5274 audaces
2363 5219 2625 5273 conatus
2671 5213 3030 5274 retunderet
3058 5226 3111 5275 et
3166 5217 3563 5299 infringeret,

270 5330 700 5392 necessitatem
735 5324 1110 5387 memorasti.
1156 5320 1310 5384 Cum
1360 5336 1503 5380 vero
1553 5317 1667 5379 hoc
1721 5315 1882 5377 idem
1913 5314 2247 5377 consilium
2297 5314 2663 5395 quibusdam
2709 5314 3266 5394 pradecessoribus
3319 5323 3445 5384 tuis
3500 5328 3569 5386 in

270 5441 539 5492 mentem
564 5428 808 5509 quidem
842 5424 1098 5487 venisset
1123 5444 1145 5493 ,°
1180 5431 1243 5483 at
1278 5437 1392 5501 per
1420 5440 1546 5496 eos,
1572 5418 1794 5501 quibus
1825 5417 1891 5478 id
1918 5418 2156 5495 negotii
2184 5416 2621 5478 demandatum
2646 5417 2803 5497 fuit,
2828 5435 3164 5499 numquam
3185 5424 3523 5501 perfectum
3547 5471 3567 5498 ,

272 5552 380 5595 nec
402 5528 851 5612 perﬁciendum
881 5525 1279 5595 crederetur,-
1319 5532 1388 5583 tu
1431 5522 1680 5582 minime
1707 5522 1911 5601 ferens
1946 5520 2280 5581 editionem
2312 5528 2436 5578 tam
2480 5520 2887 5581 necessariam
2913 5520 3154 5583 diutius
3179 5527 3526 5603 prorogari
3548 5574 3568 5606 ,

270 5637 431 5698 tunc
467 5632 654 5695 nobis
684 5628 1117 5712 imponendum
1147 5626 1466 5691 censuisti.
1505 5625 1653 5688 Non
1680 5625 1882 5686 solum
1915 5624 2287 5704 magnitudo
2313 5626 2542 5702 operis,
2575 5633 2632 5684 et
2662 5624 2875 5703 magni
2903 5622 3254 5688 adversarii
3285 5628 3566 5693 eruditio

270 5755 342 5800 ac
364 5734 718 5805 innenium,
738 5748 951 5792 verum
978 5731 1160 5792 etiam
1185 5737 1243 5791 et
1264 5727 1461 5788 multo
1489 5726 1682 5804 magis
1707 5724 2094 5788 imbecillitas
2118 5736 2361 5805 nostra,
2387 5729 2563 5806 cujus
2590 5726 3046 5807 nobismetipsis
3069 5731 3306 5793 conscii
3329 5748 3564 5804 sumus,

575 5830 850 5891 Ριτιιοι..
899 5828 1057 5889 LIV.

3141 5874 3169 5929 1
