4014 6350
445 408 507 470 ιι
1627 404 1950 463 EPISTULA
1987 385 2538 484 NUNCUﬁATomA.
3655 410 3714 465 se

437 543 766 604 suspensos
811 526 1000 586 initio
1036 531 1218 603 atque
1267 519 1566 600 ancipites
1621 523 1828 583 animo
1881 522 2102 582 tenuit.
2157 521 2244 583 At
2273 505 2595 582 voluntati
2629 513 2686 579 ti
2716 517 3093 583 auctoritati
3121 530 3241 582 tua:
3273 521 3712 602 obsequendum

436 627 583 705 fuit.
618 625 748 688 Nos
780 634 984 685 autem
1017 634 1085 686 ut
1118 627 1384 704 erigeres
1411 633 1592 702 atque
1613 621 1916 703 reﬁceres,
1951 624 2077 682 non
2107 623 2260 686 solis
2291 622 2489 685 verbis
2513 641 2662 682 usus
2687 641 2776 692 es,
2805 622 2910 682 sed
2938 632 3113 683 tuum
3139 643 3377 706 quoque
3405 628 3714 687 auxilium

437 730 507 790 in
537 729 797 789 eamdem
822 729 1153 790 editionem
1177 723 1526 786 contulisti.
1559 726 1712 786 Cum
1739 727 1899 787 enim
1929 725 1994 786 in
2021 725 2327 804 ejusmodi
2356 723 2737 786 editioni‘bus
2761 715 3183 803 procurandis
3205 729 3716 804 praestantiorum

436 831 721 894 codicum
749 828 1091 892 subsidium
1119 817 1514 908 polissimum
1544 819 1939 906 requiratu‘i‘;
1979 817 2049 886 tu
2084 819 2394 886 Vaticana
2435 809 2812 905 eximpla'rié
2844 817 3052 887 sTd'tim
3083 821 3530 890 communicari
3563 830 3716 909 jus-

435 933 598 1004 sisti,
637 941 820 1009 atque
845 938 918 990 ut
950 929 1204 991 collatio
1229 928 1571 1016 facilior‘et
1602 925 1956 1016 expeditior
1981 929 2360 1014 ﬁeret-eram
2390 926 2727 1008 privilegio
2762 946 2852 1000 ea,
2874 927 3100 1006 quibus
3134 928 3568 1006 indigeremus.
3600 933 3717 992 do-

430 1051 594 1092 mum
626 1031 868 1112 a/f’erri,
908 1040 962 1090 et
987 1029 1285 1110 quamdiu
1311 1047 1468 1107 opus
1497 1011 1645 1088 esset
1675 1011 1934 1086 retineri
1966 1011 2331 1087 indulsisti:
2355 1045 2426 1087 ac
2444 1034 2742 1105 praetcrea
2771 1036 2839 1086 ut
2866 1025 3011 1088 aliis
3038 1045 3117 1088 ea:
3137 1027 3422 1109 urbibus,
3446 1031 3555 1091 ubi
3585 1033 3717 1092 rari

386 1135 391 1144 ’
432 1143 629 1194 essent
690 1142 872 1211 atque
927 1131 1274 1193 inconsulti
1325 1127 1589 1202 codices;
1635 1141 1942 1193 accurate»
1988 1131 2354 1193 collationes
2381 1123 2863 1210 prastarentur,
2895 1129 3025 1209 ipse
3049 1147 3171 1210 pro
3199 1131 3585 1198 humanitate
3610 1146 3716 1198 tua

431 1232 720 1312 effecisti,
757 1232 906 1292 adeo
944 1242 1010 1292 ut
1044 1230 1226 1291 etiam
1266 1230 1333 1290 in
1366 1227 1524 1292 hanc
1557 1239 1838 1290 nostram
1873 1227 2085 1290 urbem
2129 1230 2539 1310 quorumdam
2591 1231 2997 1310 antiquorum
3046 1230 3351 1294 librorum
3406 1237 3717 1298 variantes

429 1335 750 1404 lectiones,
782 1354 916 1416 qua:
944 1333 1019 1396 ob
1044 1333 1566 1412 longinquitatem
1592 1331 2108 1416 locorumisthuc
2160 1331 2362 1393 serius
2411 1347 2776 1411 pervenere,
2827 1331 3294 1393 humanissimis
3325 1333 3554 1396 litteris
3592 1338 3717 1398 tuis

429 1439 701 1500 sociatae
752 1415 1194 1498 transmiseris.
1232 1434 1315 1495 1d
1368 1444 1572 1494 autem
1626 1451 1806 1512 penes
1871 1415 2075 1512 arquos
2119 1449 2327 1492 rerum
2383 1431 2789 1494 wstimatores
2825 1439 3071 1492 tantum
3097 1441 3212 1510 est,
3243 1443 3313 1494 ut
3348 1434 3472 1496 haec
3497 1436 3716 1506 editio.

429 1539 612 1616 cujus
640 1545 710 1596 tu
737 1544 966 1598 auctor
990 1543 1048 1595 et
1073 1534 1425 1614 opitulator
1447 1535 1655 1613 fuisti,
1673 1541 1783 1594 tua
1813 1533 2259 1613 quodammodo
2289 1531 2566 1595 habenda
2588 1535 2712 1605 sit:
2743 1552 2816 1595 ac
2843 1536 3110 1614 proinde
3140 1538 3210 1598 in
3235 1553 3303 1597 ea
3327 1546 3436 1598 tuo
3474 1540 3715 1600 nomini

427 1638 772 1701 dedicanda
801 1657 929 1699 non
967 1638 1299 1718 offeramus
1329 1635 1574 1716 aliquid
1605 1636 1872 1696 omnimo
1905 1642 2225 1705 nostrum;
2262 1634 2368 1695 sed
2399 1636 2608 1696 verius
2629 1673 2647 1710 ,-
2681 1636 2852 1715 quod
2881 1637 3170 1719 beneficio
3202 1648 3311 1698 tuo
3342 1641 3714 1718 accepimus,

425 1742 777 1803 reddamus.
809 1741 987 1801 Hinc
1021 1740 1204 1800 etiam
1233 1739 1602 1819 conﬁdimus
1628 1737 1766 1818 fore
1792 1743 1867 1798 ut
1910 1738 2105 1816 ipsam
2153 1736 2486 1798 editionem
2535 1736 2796 1817 benigne
2839 1740 3148 1819 suscipias
3177 1760 3250 1802 ac
3277 1743 3508 1803 tuearis
3537 1744 3714 1823 quasi

425 1861 550 1904 rem
587 1852 799 1906 tuam:
832 1851 1176 1923 omnesque,
1233 1841 1344 1922 qui
1381 1845 1506 1901 eam
1550 1860 1588 1900 a
1633 1849 1692 1900 te
1718 1849 2110 1918 prmceptam,
2147 1848 2319 1920 teque
2345 1854 2518 1919 opem
2549 1841 2784 1920 ferente
2808 1845 3142 1921 perfectam
3170 1843 3546 1922 intelligent,
3582 1865 3716 1908 cum

423 1947 792 2024 praclarum
827 1962 1044 2006 curam
1071 1951 1130 2004 et
1178 1944 1558 2023 singularem
1606 1944 1882 2023 favorem
1915 1951 2088 2004 tuum
2134 1943 2684 2014 commendabunt;
2719 1955 2847 2006 tum
2877 1965 3022 2007 vero
3053 1948 3111 2008 si
3140 1948 3292 2027 quid
3319 1965 3432 2027 per
3459 1967 3572 2011 nos
3605 1953 3716 2013 mi-

423 2063 543 2106 nus
569 2057 710 2126 apt'e
738 2045 1130 2109 exsecutioni
1156 2045 1518 2106 mandatum
1547 2045 1908 2122 invenient,
1941 2048 2213 2111 nominis
2241 2055 2300 2109 et
2323 2049 2682 2130 patrocinii
2717 2050 2815 2113 tui
2828 2053 3041 2128 gratia
3072 2052 3540 2115 condonatum:
3569 2071 3716 2132 spe-

422 2155 636 2210 ramus

501 2252 848 2333 Antequam
896 2270 1040 2316 vero
1087 2251 1273 2334 hujus
1323 2251 1599 2330 epistola:
1659 2249 1837 2332 finem
1867 2253 2130 2333 facimus
2152 2299 2168 2327 ,
2201 2255 2373 2328 sine,
2407 2259 2778 2333 quaesumus,
2813 2256 3000 2317 Pater
3029 2254 3399 2332 beatissime,
3443 2267 3513 2320 ut
3547 2257 3715 2339 quod

424 2352 491 2416 S.
523 2354 720 2414 Luam
748 2355 1015 2415 maxime
1045 2365 1390 2431 congruum
1416 2362 1472 2412 et
1507 2353 1854 2430 gloriosum
1889 2353 2219 2426 credimus,
2252 2353 2715 2432 sapientissimo
2739 2354 2990 2434 judicio
3028 2365 3136 2418 tu‘o
3171 2356 3594 2431 subiiciamus.
3635 2361 3716 2421 De

423 2471 734 2516 noc'roms
767 2456 955 2517 titulo
985 2460 1041 2514 et
1069 2453 1246 2514 cultu
1273 2453 1464 2516 eidem
1488 2463 1706 2516 sancto
1733 2455 2027 2534 pontiﬁci
2052 2455 2438 2516 decernendo
2473 2471 2676 2534 pauca
2701 2455 2978 2536 quadam
3007 2457 3162 2533 tibi,
3193 2468 3263 2520 ut
3303 2462 3668 2542 conﬁdimus
3697 2497 3713 2538 δ

423 2571 554 2614 non
588 2555 935 2635 injucunda
960 2561 1312 2634 proponere
1357 2554 1528 2617 libet.
1571 2557 1698 2630 (ui
1733 2556 1950 2617 Meam
1985 2573 2205 2617 nomen
2237 2557 2545 2626 obtinuit.
2589 2563 2900 2621 nocroms
2934 2563 3172 2641 quoque
3208 2563 3461 2624 titulum
3490 2569 3714 2630 mereri

423 2658 586 2719 nihil
621 2658 1011 2737 ambigimus.
1069 2658 1144 2721 Si
1171 2657 1331 2717 enim
1375 2655 1681 2718 no’c'roms
1723 2660 2144 2738 appellatione
2194 2669 2251 2720 et
2299 2659 2478 2722 cultu
2524 2661 2574 2722 ii
2619 2661 2802 2740 digni
2826 2672 3000 2739 sunt,
3035 2663 3144 2742 qui
3167 2667 3291 2723 una
3322 2684 3456 2725 cum
3485 2669 3714 2731 eximia

425 2764 760 2824 sanctitate
791 2763 1097 2839 insignem
1119 2763 1368 2840 pariter
1397 2761 1754 2822 doctrinam
1777 2763 2137 2842 jungentes,
2165 2771 2223 2823 et
2252 2763 2400 2824 dum
2428 2764 2496 2826 in
2524 2765 2686 2826 vivis
2720 2766 2937 2832 essent;
2970 2767 3324 2828 universam
3366 2768 3714 2832 Ecclesium

424 2863 713 2939 docuere,
749 2873 801 2922 et
827 2864 949 2922 adh
977 2883 1030 2922 .c
1060 2873 1206 2940 post
1240 2871 1494 2923 mortem
1550 2863 1722 2923 illam
1769 2865 1997 2924 docent
2027 2865 2105 2926 iis
2141 2865 2428 2945 operibus
2481 2867 2722 2929 relictis
2748 2915 2764 2944 ,
2797 2873 2934 2948 quae
2963 2867 3133 2932 omni
3163 2877 3428 2950 tempere
3444 2891 3560 2952 pro
3595 2875 3714 2954 fide

424 2991 497 3032 ac
535 2972 874 3051 disciplina
905 2970 1205 3031 Ecclesia:
1229 2971 1374 3031 usui
1396 2972 1618 3049 futura
1645 2971 1812 3034 sint:
1843 2983 2047 3031 nonne
2099 2972 2160 3032 S.
2191 2973 2360 3047 L20,
2411 2970 2590 3050 cujus
2642 2964 3059 3035 sanctimonia
3107 2973 3445 3039 certissima
3477 2977 3570 3039 est
3595 3026 3610 3052 ,
3658 2989 3713 3042 et

421 3071 667 3149 doCuit,
709 3086 760 3135 et
796 3076 994 3144 docet,
1028 3081 1088 3134 et
1111 3085 1345 3153 semper
1373 3074 1678 3136 docturus
1707 3084 1792 3136 est
1826 3077 2178 3137 universam
2213 3073 2585 3150 Ecclesium;
2615 3085 2752 3134 cum
2787 3085 2841 3135 et
2877 3076 3284 3138 instituendis
3315 3079 3713 3143 Christianae

420 3197 562 3240 rum
597 3179 872 3241 moribus
895 3225 910 3249 ,
942 3186 997 3238 et
1026 3186 1207 3239 rectm
1240 3177 1384 3257 ﬁdei
1432 3177 1892 3244 conservandis.
1929 3176 2453 3256 ‘c‘o-nfutandi'sque
2476 3167 3002 3237 heterodoxorum
3037 3177 3361 3239 'err'oribu‘s
3393 3184 3711 3260 aptissima

419 3279 700 3363 plurium
743 3287 1094 3339 sermonum
1130 3287 1186 3338 et
1237 3279 1646 3357 epistularum
1688 3283 2084 3340 monumenta
2124 3279 2430 3358 vulgarit,
2465 3287 2602 3360 qua
2632 3295 2762 3340 non
2796 3277 2918 3340 tam
2941 3269 3006 3342 in
3035 3282 3419 3356 Occidentis,
3435 3281 3620 3364 quam
3644 3279 3710 3350 in

422 3383 706 3446 Orientis
735 3381 1040 3441 Ecclesiis
1068 3395 1296 3440 summa
1327 3398 1464 3440 cum
1497 3380 1732 3440 honore
1760 3391 2078 3458 suscepta,
2113 3379 2506 3440 celebrantur
2547 3378 2622 3440 ab
2657 3380 2966 3452 omnibus,
2995 3383 3389 3464 maximoque
3418 3387 3710 3447 arietari-

424 3486 573 3546 tatis
599 3483 868 3564 pondere
898 3471 1254 3562 allégantur
1276 3483 1771 3562 frequentissime
1797 3527 1810 3553 ,
1844 3489 2011 3561 seque
2039 3493 2113 3542 ac
2158 3481 2563 3542 celebriorum
2594 3483 2921 3543 doctorum
2949 3487 3137 3562 Opera
3171 3477 3433 3564 ailegari
3467 3487 3710 3550 solent?

421 3589 593 3651 Hinc
615 3597 818 3648 autem
847 3591 978 3646 no‘n
1005 3586 1312 3646 immerito
1343 3589 1650 3646 nocroius
1683 3574 1902 3644 nomen
1927 3584 1984 3645 ei
2014 3583 2164 3644 olim
2193 3581 2421 3645 tribuit
2453 3583 2870 3646 Cassiodorus
2899 3583 3014 3663 (a),
3052 3593 3110 3645 et
3139 3585 3158 3662 (
3177 3587 3288 3664 qui
3319 3585 3576 3648 maximi
3603 3588 3710 3648 lia-‘-

422 3690 606 3753 bendi
635 3689 821 3768 sunt)
847 3690 970 3748 duo
995 3683 1215 3750 summi
1243 3687 1572 3767 pontiﬁces
1616 3680 1882 3765 Vigilﬁts
1910 3677 1994 3758 (ὁ)
2025 3694 2079 3745 et
2130 3684 2504 3745 Hadrianus
2541 3686 2574 3744 Ι
2611 3683 2696 3765 (c)
2717 3731 2734 3760 ,
2765 3699 2838 3745 ac
2868 3683 3156 3764 deinceps
3182 3685 3304 3748 ἀιίί
3329 3733 3345 3761 ,
3381 3698 3459 3747 ea:
3486 3681 3709 3767 quibus

420 3794 746 3857 Usuardus
776 3801 834 3854 et
870 3790 1318 3852 Vandelbertus
1376 3786 1648 3849 eumdem
1695 3787 1953 3849 titulum
1996 3787 2472 3867 Martyrologio
2528 3774 2952 3848 inseruerunt.
2990 3788 3214 3849 Plures
3259 3789 3449 3851 etiam
3491 3789 3710 3854 Galli-'-

421 3916 590 3960 cance
630 3897 923 3960 Ecclesia:
957 3891 1242 3955 doctores
1286 3880 1522 3953 honori
1570 3899 1705 3952 ‘eum
1754 3892 1822 3953 in
1869 3887 2142 3970 publicis
2177 3890 2404 3971 ofﬁciis
2455 3889 2654 3950 colere
2695 3893 2826 3950 non
2861 3888 3256 3962 dubitarunt,
3287 3899 3356 3950 ut
3391 3903 3471 3952 ex
3499 3899 3708 3954 eorum

419 4000 741 4080 liturgicis
790 3998 968 4060 libris
1018 3990 1377 4057 didicimus.
1421 3990 1684 4073 Aliquot
1721 3989 1818 4053 hic
1861 3989 2103 4051 tantum
2158 3990 2423 4070 etcenrpli
2472 3990 2685 4069 gratia
2735 3991 3114 4071 attingemus
3144 3991 3536 4065 testimonia,
3574 3999 3708 4073 qua

420 4102 935 4166 eminentissimus
967 4097 1305 4160 cardinalis
1330 4095 1664 4174 Philippus
1693 4095 1764 4154 de
1787 4088 2115 4155 Montibus
2141 4091 2288 4156 huic
2338 4103 2556 4154 ποεινο
2592 4092 2858 4156 consilio
2913 4093 3182 4154 Maxime
3221 4083 3437 4173 favens
3461 4140 3477 4166 ,
3511 4097 3705 4175 paulo

420 4223 748 4290 antequam
776 4229 803 4269 e
829 4209 988 4270 vicis
1034 4204 1373 4273 excederet,
1410 4222 1486 4264 ea:
1521 4221 1635 4262 sua
1666 4202 2004 4263 lectissima
2039 4199 2415 4263 bibliotheca
2467 4202 2648 4263 nobis
2687 4200 3187 4263 communicavit.
3226 4200 3340 4260 Εᾶ·
3368 4191 3704 4264 Breviario

418 4311 803 4392 Lingonensi
839 4297 990 4371 anni
1020 4297 1383 4374 Mbcc'xX'xi,
1419 4305 1516 4365 'die
1545 4295 1681 4365 ixi:
1708 4295 2002 4366 Octob-ris
2034 4325 2050 4362 .-
2085 4297 2322 4366 Lamus
2362 4303 2382 4364 1
2417 4309 2597 4384 papae,
2623 4312 2682 4366 el
2722 4300 3020 4366 Ecclesia:
3046 4311 3376 4394 DUCThRis.
3412 4304 3527 4364 Ex
3555 4307 3704 4366 Bre-

418 4416 622 4477 viario
659 4410 1105 4477 Catalaunensi
1138 4408 1289 4468 anni
1320 4425 1728 4482 mnccxxxvx,
1762 4405 1861 4467 die
1891 4423 1980 4465 xx
2014 4403 2304 4465 Octobris
2345 4427 2363 4466 :
2393 4405 2627 4464 Lamus
2676 4403 2890 4480 Magni
2923 4407 3104 4481 papae
3131 4406 3190 4464 ‘el
3219 4403 3516 4466 Ecclesiae
3541 4421 3703 4467 noc-

416 4535 626 4579 roms.
697 4516 929 4575 Eadem
987 4513 1285 4590 leguntur
1355 4510 1424 4571 in
1494 4508 1846 4570 Breviariis
1891 4497 2304 4568 Cluniacensi
2357 4506 2514 4566 anni
2571 4517 2948 4580 MDCCXXVI,
3000 4504 3492 4583 Rothomagensi
3547 4507 3703 4572 anni

418 4634 832 4689 MDccxxvm,
883 4621 941 4674 et
973 4614 1463 4675 'Claramontano
1503 4609 1655 4670 anni
1696 4625 2111 4684 mnccxxxm,
2141 4608 2240 4668 die
2269 4624 2334 4667 ιι
2367 4607 2650 4684 Aprilis;
2691 4609 2758 4671 in
2786 4607 3186 4671 Narbonensi
3227 4608 3382 4670 anni
3415 4615 3698 4684 tacent,

420 4719 517 4782 die
548 4733 754 4779 xxvuu
784 4711 1005 4781 Junii;
1035 4714 1104 4774 in
1131 4698 1472 4773 Senone‘nsi
1500 4709 1652 4769 anni
1688 4705 2018 4769 mnccxﬂl
2068 4713 2123 4766 ct
2159 4704 2596 4766 Aurelianensi
2629 4707 2783 4768 anni
2811 4715 3182 4780 Mnccxnl,
3215 4707 3312 4768 die
3338 4721 3468 4768 xxx
3500 4706 3700 4768 Octo-

418 4820 587 4887 bris;
618 4819 687 4880 in
721 4815 1068 4879 Parisiensi
1102 4813 1255 4876 anni
1283 4817 1688 4886 Mnccxxxvx,
1718 4813 1817 4874 die
1854 4831 1894 4873 x
1923 4797 2324 4878 Novembris,-
2354 4825 2425 4870 ac
2470 4810 2534 4872 in
2571 4803 2959 4874 Bituricensi
2985 4807 3142 4874 anni
3165 4821 3569 4887 nbccxxxlv,
3603 4812 3699 4873 die

415 4937 551 4982 xxx
588 4916 980 4982 Novembris.

491 5022 656 5086 Num
682 5037 825 5080 vero
856 5007 1090 5097 tempus
1107 5007 1242 5097 jam
1273 5001 1618 5088 advenerit,
1656 5013 1721 5076 in
1759 5034 1877 5095 quo
1911 5002 2193 5077 Ronzaiza
2235 5025 2478 5098 quoque
2512 5013 2801 5078 Ecclesia
2825 5059 2843 5089 ,
2876 5013 3008 5096 quib
3033 5005 3160 5077 non
3187 5016 3483 5077 minorem
3511 5011 3694 5095 hujus

413 5127 512 5186 sui
557 5119 938 5185 sanctissimi
985 5119 1450 5204 doctissimique
1474 5120 1800 5202 pontiﬁcis
1827 5167 1842 5196 ,
1875 5117 1995 5200 quo
2029 5123 2293 5180 maxime
2329 5129 2630 5190 ornatur,
2677 5111 2942 5179 amorem
2976 5119 3206 5190 nutrit,
3242 5118 3404 5179 hunc
3426 5120 3694 5179 eumdem

411 5225 667 5288 titulum
713 5231 770 5285 et
821 5222 1059 5284 cultum
1109 5211 1299 5283 eidem.
1346 5217 1707 5282 solemniter
1739 5220 2002 5294 tribuat,
2034 5227 2430 5305 generaliquc
2481 5224 2723 5285 decreto
2760 5224 2826 5286 in
2865 5225 3228 5284 universum.
3262 5222 3694 5284 Christianum

410 5325 618 5386 orbem
658 5323 977 5395 extendat,
1027 5313 1165 5395 tibi,
1223 5317 1565 5384 beatissime
1595 5311 1810 5396 Pater,
1847 5325 2329 5406 dijudicandum
2361 5337 2545 5408 atque
2597 5327 3100 5388 constituendum
3129 5327 3559 5404 relinquimus.
3599 5325 3690 5384 Tu

407 5428 476 5487 in
520 5428 584 5486 eo
625 5422 1015 5487 celeberrimo
1049 5417 1245 5502 Opere
1275 5424 1348 5485 de
1381 5417 1862 5489 Beéliﬁcalione
1893 5436 1951 5490 el
1981 5429 2523 5504 Canonizatione,
2561 5431 2729 5510 quod
2779 5417 3106 5509 cinni'gena
3139 5448 3317 5489 sacra
3344 5429 3691 5490 eruditione

406 5531 703 5610 refertum
727 5573 743 5603 ,
791 5527 959 5591 circa
1005 5519 1169 5588 ritus
1219 5525 1576 5605 hujusmodi
1605 5530 1824 5608 regula
1863 5523 1930 5592 in
1963 5529 2284 5612 posterum
2318 5528 2610 5597 solemnis
2657 5525 2728 5595 'ac
2760 5529 3072 5597 tutissima
3093 5533 3382 5614 futurum
3406 5537 3530 5608 'est,
3564 5537 3689 5593 tres

476 5750 560 5820 (a)
599 5735 655 5820 in
799 5762 922 5801 va.

486 5813 554 5891 ἰ)
593 5813 875 5874 Constitui.
910 5831 964 5871 η.
988 5816 1081 5883 22,
1114 5824 1151 5869 ι.
1186 5813 1255 5871 Vl
1281 5815 1490 5874 Concil.
1523 5816 1659 5875 Ven.
1689 5814 1820 5874 edit.
1855 5814 1965 5875 col.
1999 5817 2126 5875 305.

473 5825 552 5960 ie}
593 5889 763 5960 Epist.
794 5887 886 5948 97.
913 5885 1049 5946 Cod.
1079 5885 1318 5946 Carolin.

501 5885 552 5959 ej
593 5889 763 5960 Epist.
794 5887 886 5948 97.
913 5885 1049 5946 Cod.
1079 5885 1318 5946 Carolin.
