4014 6350
238 453 306 521 18
1085 455 1457 519 ΡΒΕΕΑΊΊΟ
1494 461 1822 518 GENERAL

1933 463 1993 519 [Ν
2033 464 2216 519 ΗΑΝΟ
2256 461 2649 519 EDITIONEM.
3443 467 3518 524 14

235 568 621 634 conditiones
672 570 755 631 ad
808 572 1329 634 constituendum
1388 575 1691 637 Ecclesia:
1742 576 2068 635 doctorem
2116 576 2519 637 necessarias
2574 574 2920 654 designasti
2959 576 3073 659 (τι),
3131 577 3516 639 eminentem

233 676 472 737 scilicet
490 677 870 750 doctrinam,
905 679 1220 758 insignem
1252 680 1395 741 vitae
1414 683 1847 748 sanctitatem,
1880 687 1939 739 et
1967 688 2270 758 praterea
2300 678 2532 739 summi
2561 677 2876 756 pontiﬁcis
2902 684 3014 738 aut
3045 680 3297 739 concilii
3327 699 3518 757 genas

230 777 378 840 ralis
410 778 693 857 Iegitiine
722 782 1095 859 congregati
1124 782 1651 843 declarationem.
1681 783 1851 840 Duas
1874 786 2120 860 priores
2151 783 2564 855 conditiones,
2594 782 2661 841 in
2691 778 2917 860 quibus
2948 783 3079 861 w'us
3106 782 3280 843 tituli
3304 784 3520 843 decer—

227 878 412 941 nendi
463 879 657 941 radix
702 886 760 942 'et
796 882 1083 942 meritum
1138 884 1530 955 contiitetur,
1566 883 1639 942 ‘in
1666 884 1880 943 Leone
1916 894 2139 943 nostro
2178 883 2450 945 inveniri
2481 883 2623 962 ipsa
2648 883 2926 942 Romana
2952 883 3243 945 Ecclesia
3272 903 3409 944 cum
3452 885 3519 945 in

228 984 366 1046 aliis
419 984 703 1064 pitbiit'is
738 984 1001 1063 tabulis,
1040 992 1168 1045 tum
1220 989 1285 1047 in
1325 986 1801 1064 Martyrologio
1843 987 1995 1047 satis
2044 993 2269 1046 testata
2312 992 2422 1044 est.
2458 978 2769 1046 Restatut
2836 986 3021 1045 tertia
3066 986 3370 1056 conditio,
3398 1007 3521 1066 qua

225 1085 375 1148 idem
411 1088 642 1147 titulus
664 1097 721 1149 et
755 1088 963 1149 cultus
987 1089 1109 1167 ipsi
1135 1089 1203 1148 in
1233 1089 1528 1149 universa
1557 1088 1843 1148 Ecclesia
1865 1087 2142 1165 legitima
2172 1089 2554 1147 auctoritate
2584 1087 3241 1161 constituatur,eidem
3267 1090 3521 1148 accedat

219 1198 324 1266 per
361 1198 449 1260 te,
480 1190 592 1270 qui
618 1191 749 1268 eius
780 1192 1005 1250 mtrita
1056 1190 1463 1275 considerans
1493 1235 1508 1262 ,
1542 1189 1614 1251 de
1649 1190 1853 1250 eodem
1890 1190 2181 1268 fortassis
2208 1188 2675 1269 pronuntiabis,
2705 1188 2873 1269 quod
2903 1189 2973 1250 de
2997 1182 3064 1250 Β.
3093 1192 3413 1252 Bernardo
3448 1188 3520 1252 in

222 1287 425 1350 eodem
461 1286 659 1369 0pm
689 1286 1007 1371 scripsisti
1039 1290 1123 1373 (ὑ)
1160 1312 1176 1351 :
1210 1290 1568 1352 Dolendum
1623 1294 1870 1353 videtur
1897 1338 1914 1366 ,
1948 1294 2117 1371 quod
2156 1312 2358 1373 usque
2390 1295 2599 1356 adhuc
2629 1296 2981 1374 cogitatum
3029 1310 3158 1356 non
3209 1296 3399 1357 fuerit
3445 1298 3522 1357 de

221 1387 455 1450 Sancto
512 1397 608 1453 tot
671 1393 915 1455 m’eritis
967 1394 1204 1455 eximio
1234 1394 1607 1471 caelestique
1637 1395 1929 1455 doctrina
1964 1394 2234 1465 referto,
2268 1395 2534 1457 colendo
2568 1396 2756 1455 titulo
2786 1404 3094 1456 noc‘rotus
3123 1398 3187 1455 in
3220 1398 3523 1461 universa

219 1491 532 1554 Ecclesia.
572 1492 773 1555 Forte
809 1495 947 1567 tibi,
977 1497 1079 1556 cui
1108 1497 1271 1558 nihil
1289 1496 1645 1577 jucundius
1676 1515 1859 1577 quam
1892 1507 2258 1559 sanctorum
2283 1500 2519 1558 cultum
2548 1515 2932 1577 promovere,
2965 1501 3189 1579 quique
3209 1500 3525 1577 peculiare

221 1601 394 1655 tuum
444 1594 598 1677 Erga
640 1596 926 1660 “sanctum
982 1600 1251 1662 Lit-civem
1277 1600 1579 1673 studium,
1626 1600 1771 1662 “dum
1825 1614 1977 1662 esses
2008 1603 2371 1664 Canonicirs
2405 1603 2765 1665 Archivista
2797 1602 3087 1664 Basilica:
3122 1605 3194 1665 S.
3220 1604 3421 1675 Petri,
3452 1605 3525 1665 in

221 1703 566 1763 novissima
604 1704 961 1768 itwentibne
993 1705 1073 1788 (ο)
1106 1709 1235 1788 ejus
1266 1709 1558 1786 corporis
1586 1709 1982 1787 potissimum
2014 1706 2477 1783 demonstrasti,
2511 1707 2649 1779 tibi,
2678 1708 2926 1785 inquam
2947 1753 2962 1782 ,
2990 1705 3112 1766 htec
3138 1706 3275 1766 laus
3314 1707 3524 1766 reser—

223 1812 360 1861 rata
389 1812 509 1876 est,
542 1813 616 1864 ut
653 1807 763 1885 qui
797 1820 1061 1885 magnus
1090 1826 1149 1866 es
1192 1808 1403 1885 magni
1454 1806 1685 1870 LEo'ms
1716 1823 2037 1869 successor
2075 1818 2129 1869 et
2174 1810 2523 1883 (emutator,
2560 1814 2802 1868 tantum
2826 1808 3181 1887 pontiﬁcem
3211 1814 3523 1871 nocrotts

222 1906 407 1963 titulo
440 1916 713 1967 exornes
748 1904 937 1987 huius
968 1907 1261 1971 editionis
1313 1911 1674 1982 occasione,
1706 1930 1838 1990 qua:
1868 1912 2013 1971 dum
2043 1912 2243 1988 ipsius
2275 1910 2483 1989 Opera
2509 1911 2800 1990 ,jubente
2833 1930 2903 1971 ac
2935 1912 3287 1990 opitulante
3318 1919 3405 1981 te,
3434 1912 3526 1972 "ad

220 2008 513 2089 purior-es
547 2011 791 2071 codices
824 2021 1044 2073 exacta
1080 2020 1139 2072 et
1163 2009 1490 2074 illus‘trata
1527 2022 1754 2093 tuoque
1788 2013 2034 2075 nomini
2068 2015 2381 2092 inscripta
2415 2010 2481 2075 in
2513 2012 2709 2073 lucem
2743 2014 2990 2091 profert
3013 2056 3028 2086 ,
3067 2012 3279 2072 Msem
3336 2004 3524 2091 hujus

221 2124 535 2171 DOCTOBIS
570 2113 859 2174 meritum
886 2114 1071 2174 etiam
1120 2108 1303 2195 atque
1344 2113 1526 2175 etiam
1560 2104 1913 2196 conﬁrmat.
1957 2117 2082 2179 Sed
2130 2117 2243 2181 hoc
2276 2116 2451 2178 tuum
2492 2116 2811 2196 judicium
2867 2120 3018 2177 esto.
3075 2112 3221 2177 Tibi
3273 2115 3527 2178 interim

222 2210 367 2271 dum
422 2212 718 2273 voluinen
760 2210 935 2274 istud
984 2213 1328 2295 offerimus,
1360 2225 1610 2279 sanctos
1657 2224 1797 2279 tuos
1838 2218 2019 2298 pedes
2050 2217 2389 2281 humillime
2420 2218 2876 2297 deosculantes,
2905 2215 3313 2299 optrito!in
3344 2215 3528 2299 bette-

222 2314 575 2377 dictionem
620 2314 1045 2399 deprecantur.

323 2540 374 2609 θ)
415 2540 493 2594 Ilii
524 2556 577 2597 c.
616 2540 781 2603 12,...
813 2542 865 2596 9.

317 2468 372 2535 α)
413 2468 537 2523 Lib.
573 2485 650 2533 ιν.
676 2478 815 2538 part.
845 2486 907 2539 ιι,
938 2484 1057 2540 cap.
1091 2471 1182 2535 tt,
1214 2486 1270 2526 n.
1299 2442 1370 2526 13

317 2468 372 2535 α)
413 2468 537 2551 Lib.
573 2485 650 2533 ιν.
676 2478 815 2538 part.
845 2486 907 2539 ιι,
938 2484 1057 2540 cap.
1091 2471 1182 2535 tt,
1214 2486 1270 2526 n.
1299 2470 1370 2526 t5

293 2468 374 2683 £13
412 2540 902 2684 mecm:
939 2619 1070 2668 tom.
1104 2612 1173 2681 ll,
1202 2613 1255 2668 in
1278 2612 1552 2668 observat.
1586 2606 1653 2667 ad
1684 2611 1907 2668 Dissert.
1938 2614 1966 2667 1
2000 2612 2275 2679 Quesnelti
2305 2614 2373 2669 ad
2404 2626 2493 2671 an.
2526 2612 2652 2671 461.

2680 2750 2747 2762 »μ’

229 2782 3492 2820 Μ

1233 2922 2517 3049 BALLERINIORUM

739 3128 1811 3305 ΡΒᾹΞἚΑΤΙΟ
1912 3128 3031 3307 GENERALIS

823 3407 901 3469 IN
945 3376 1411 3470 UNIVEBSAM
1450 3403 1776 3466 OPERUH
1821 3402 2104 3466 SANCTI
2150 3403 2435 3465 LEONIS
2477 3405 2948 3469 EDITIONEM.

310 3715 364 3777 1.
399 3714 567 3778 Gum
596 3713 673 3775 de
706 3727 879 3772 nova
916 3709 1193 3772 editione
1221 3707 1502 3787 Operam
1533 3706 1736 3767 sancti
1770 3706 2001 3766 Leonis
2041 3724 2223 3785 papas
2254 3708 2327 3767 ad
2362 3726 2514 3769 mss.
2546 3713 2897 3788 prwsertim
2926 3714 3247 3778 Romanos
3280 3720 3531 3783 codices

240 3818 672 3892 lucubranda,
709 3829 855 3893 qua
890 3813 1153 3873 editioni
1186 3810 1662 3886 Quesnelliante
1694 3810 1824 3887 jam
1859 3812 2233 3889 proscripta:
2264 3815 2501 3889 opponi
2531 3818 2590 3873 et
2629 3814 2909 3892 praeferri
2942 3827 3195 3895 posset,
3228 3823 3412 3883 alteri
3446 3840 3529 3886 ex

241 3927 453 4000 nobis,
486 3925 640 3984 dum
676 3920 894 3983 Romae
923 3927 1115 3990 esset,
1156 3933 1496 3995 supremus
1523 3918 1789 3977 antistes
1817 3915 2195 3978 Benedictus
2225 3916 2373 3976 XIV
2412 3932 2576 3977 onus
2604 3918 2934 3997 imposuit,
2970 3941 3097 3983 non
3150 3943 3353 4002 pauca
3392 3928 3527 4006 pri-

236 4032 410 4089 mnia
454 4022 571 4089 nec
603 4026 767 4087 levia
801 4029 1119 4084 momenta
1157 4024 1546 4081 terruerunt.
1576 4017 1731 4090 Quae
1763 4020 1930 4077 enim
1962 4021 2021 4076 et
2054 4020 2278 4093 quanti
2314 4018 2393 4077 sit
2430 4033 2506 4080 ea
2533 4018 2765 4079 Leonis
2803 4022 3017 4099 editio,
3048 4030 3241 4099 quam
3278 4041 3530 4085 summo

237 4129 453 4190 studio
483 4126 738 4188 curavit
762 4122 1146 4185 Paschasius
1183 4118 1594 4194 Quesnellu‘s,
1621 4119 1710 4178 illi
1742 4120 1857 4177 soli
1890 4121 2187 4196 ignorare
2216 4124 2484 4194 queunt,
2521 4121 2629 4197 qui
2667 4121 3007 4181 editionem
3035 4126 3172 4201 ejus
3206 4126 3529 4204 ignorant.

239 4231 299 4291 Si
332 4238 587 4291 textum
616 4228 970 4306 eipendas,
1006 4225 1115 4305 qui
1149 4229 1212 4286 in
1247 4224 1635 4286 aestimandis
1664 4229 1949 4283 veterum
1977 4221 2361 4283 editionibus
2397 4225 2670 4299 primum
2708 4231 2763 4283 et
2801 4224 3205 4302 potissimum
3238 4236 3535 4304 spectan-

241 4335 355 4396 dus
392 4343 517 4409 est,
556 4343 617 4397 et
657 4335 719 4394 in
749 4351 880 4412 quo
910 4333 1223 4411 quaeritur
1258 4349 1410 4391 num
1442 4329 1525 4390 sit
1556 4329 1933 4388 emendatus
1970 4342 2044 4386 ac
2087 4326 2339 4385 inedilis
2373 4327 2700 4402 opusculis
2734 4334 2989 4401 auctus,
3045 4328 3258 4402 plures
3295 4329 3401 4388 ille
3456 4346 3533 4391 ac

242 4438 809 4517 praestantissimos
845 4438 1095 4497 codices
1136 4444 1361 4495 nactus
1388 4441 1507 4509 est,
1546 4447 1823 4508 quorum
1862 4428 2155 4507 prtesidio
2193 4429 2394 4488 multa
2420 4428 2555 4489 loca
2591 4429 2651 4485 in
2683 4427 3115 4488 anterioribus
3144 4429 3533 4490 editionibus

244 4541 596 4618 depravata
634 4538 903 4599 feliciter
931 4536 1236 4604 correxit,
1281 4540 1341 4595 et
1376 4530 1695 4611 Epistolas
1750 4529 2094 4608 pontiﬁcis,
2134 4547 2278 4607 quae
2323 4530 2488 4589 inter
2524 4529 2725 4607 ipsius
2762 4528 2969 4610 Opera
3002 4547 3201 4593 sacras
3251 4532 3535 4596 historias

247 4640 540 4699 utiliores
581 4643 756 4711 sunt,
793 4652 873 4698 ex
908 4646 1036 4696 tino
1065 4635 1435 4695 Grimanico
1470 4651 1585 4692 ms.
1618 4639 1762 4693 octo
1800 4640 1861 4691 et
1894 4631 2115 4709 viginti
2156 4640 2340 4690 antea
2392 4630 2644 4691 ineditis
2692 4648 2928 4709 augere
2962 4633 3265 4711 Epistolis
3303 4637 3533 4712 potuit.

247 4742 564 4803 Praeterea
598 4740 725 4802 alia
756 4738 1044 4818 quaedam
1081 4738 1309 4816 adjecit
1340 4734 1603 4806 inedita,
1645 4735 1810 4795 inter
1838 4752 1982 4811 quas
2018 4738 2298 4795 maxime
2345 4735 2614 4796 celebris
2648 4745 2744 4797 est
2777 4738 3227 4813 antiquissima
3266 4740 3373 4799 illa
3407 4740 3536 4801 Ca-

251 4861 495 4905 nonum
539 4849 605 4904 et
639 4842 1069 4920 Epistolarum
1118 4841 1558 4900 Romanorum
1598 4835 1967 4915 pontiﬁcum
2021 4836 2338 4905 collectio,
2390 4853 2535 4914 quas
2585 4837 2991 4917 Dionysianw
3041 4839 3314 4899 nihilum
3344 4840 3536 4917 cedit,

248 4946 805 5025 vetustissimique
835 4945 1124 5006 canonici
1149 4944 1314 5022 juris
1348 4940 1647 5003 studiosis
1680 4940 1965 5000 maximo
1994 4940 2365 5017 adjumeuto
2397 4947 2514 5000 est.
2549 4939 2609 4999 Si
2641 4958 2791 5000 vero
2824 4941 3025 5018 ipsius
3058 4941 3318 5003 editoris
3352 4943 3537 5003 lucu-

250 5054 583 5114 brationes
618 5049 825 5110 textui
882 5049 978 5109 vel
1023 5048 1215 5109 rebus
1262 5042 1662 5107 illustrandis
1703 5043 1973 5103 insertas
2014 5041 2373 5103 consideres
2424 5040 2508 5121 (id
2559 5044 2729 5101 enim
2779 5044 3051 5103 alterum
3102 5050 3202 5104 est
3246 5046 3418 5121 quod
3470 5045 3539 5104 in

246 5154 645 5217 editioni!)th
682 5154 1046 5232 quaeritur),
1086 5166 1381 5229 quasnam
1420 5149 1613 5211 editio
1643 5146 1904 5208 Patrum
1952 5153 2039 5205 tot
2089 5146 2283 5205 unius
2314 5145 2573 5205 editoris
2610 5146 3194 5219 observationibus,
3238 5147 3542 5207 admoni—

251 5256 565 5325 ltUllibDS,
591 5255 759 5313 uotis
784 5259 845 5312 et
874 5252 1435 5311 dissertationibus
1472 5248 1863 5324 locupletata
1893 5246 2280 5316 invenietur,
2320 5250 2479 5321 quot
2509 5245 2617 5306 illa
2648 5245 2901 5312 Leonis,
2932 5262 3127 5322 quam
3148 5248 3536 5321 Quesnellus

248 5357 417 5435 typis
467 5356 840 5434 impressit?
885 5356 1041 5429 Quae
1070 5356 1240 5415 enim
1289 5353 1576 5432 ejusdem
1627 5348 1945 5429 pontiﬁcis
1992 5348 2202 5426 Opera
2252 5360 2449 5425 parvo
2484 5349 2809 5409 volumine
2842 5349 3086 5425 formae,
3134 5351 3227 5410 uti
3279 5357 3537 5427 vocant,

246 5466 497 5521 octava:
536 5459 635 5521 vel
677 5465 927 5537 quartas
965 5456 1032 5518 in
1078 5457 1362 5536 antiquis
1402 5455 1788 5517 editionibus
1820 5450 2556 5533 comprehendebantur,
2592 5454 2675 5513 ob
2720 5452 3047 5526 Qu‘esne‘lll
3105 5453 3541 5521 additamenta

188 5556 207 5616 :1
252 5558 409 5623 duos
440 5564 707 5640 implent
732 5554 859 5621 non
884 5563 1156 5641 exiguos
1192 5565 1397 5621 tomos
1423 5557 1712 5618 in-t'olio.
1744 5557 1948 5630 Quem
1982 5566 2173 5632 porro
2205 5570 2329 5614 non
2364 5562 2618 5616 moveat
2656 5560 2899 5615 tantum
2930 5555 3213 5616 studium
3236 5556 3301 5615 in
3328 5556 3543 5619 Leone

258 5664 497 5729 edendo
533 5667 616 5729 ab
651 5682 728 5728 eo
773 5674 1144 5743 susceptum
1189 5668 1251 5724 et
1302 5664 1555 5724 naviter
1596 5662 1982 5739 impensum,
2014 5657 2123 5736 qui
2168 5656 2491 5735 praestanti
2531 5657 2791 5735 ingenio
2826 5658 2890 5717 et
2936 5656 3137 5717 multa
3181 5659 3543 5718 eruditione

255 5762 547 5843 ornatus)
576 5762 934 5850 plurimam
968 5772 1241 5847 poterat,
1275 5768 1517 5846 quique
1570 5764 1850 5843 priorem
1894 5762 2237 5823 editionem
2271 5761 2454 5824 novis
2498 5763 2669 5823 curis
2708 5759 3105 5839 recognitam
3132 5766 3283 5838 post
3310 5760 3540 5839 viginti

246 5866 547 5951 quinque
568 5883 787 5935 annos
824 5868 1065 5930 recusit
1098 5867 1476 5942 auctiorem»,
1516 5861 1676 5929 adeo
1706 5870 1777 5928 ut
1808 5865 2024 5926 limata
2057 5869 2117 5925 et
2148 5863 2449 5941 perfecta,
2476 5870 2790 5942 quantum
2816 5878 2929 5940 per
2957 5878 3105 5923 eum
3143 5862 3277 5925 ﬁeri
3315 5864 3540 5941 potuit,

254 5970 520 6038 iudicari
559 5969 835 6037 debeat?
872 5967 1212 6044 Magniﬁca
1244 5969 1497 6043 quidem
1539 5970 1746 6045 elogia
1786 5986 1821 6034 a
1859 5965 2356 6045 quampluribus
2388 5965 2680 6029 litteratis
2720 5964 2872 6031 viris
2909 5966 3189 6030 obtinuit
3232 5962 3541 6029 eiusmodi
