4014 6350
468 320 541 385 15
1321 323 1694 381 ΡΒᾸΞΙΤΑΤΙΟ
1732 322 2053 381 GENERAL

2180 322 2235 378 IN
2278 320 2461 379 HANC
2502 321 2902 379 EDITIONEM.
3702 316 3765 378 16

467 418 689 494 editio,
712 434 857 496 quat
894 416 1130 480 idcirco
1162 436 1287 480 non
1324 425 1449 479 tam
1484 421 1762 496 primum
1796 418 2113 495 impressa
2145 432 2340 494 quam
2370 433 2630 488 recusa,
2662 414 2877 475 statim
2909 418 3043 474 toto
3071 411 3229 473 orbe
3256 410 3544 490 dispersa
3577 413 3765 488 atque

468 529 793 595 suscepta,
833 519 1041 581 adhuc
1087 519 1486 581 desideratur
1531 537 1570 581 a
1623 519 1954 596 pluribus;
2007 526 2067 579 et
2110 518 2255 578 licet
2298 518 2379 578 ob
2411 533 2724 579 censuras
2760 516 3250 587 nonnullorum,
3294 528 3370 574 ac
3414 514 3767 590 praesertim

468 622 913 698 Inquist‘uonis
946 622 1250 683 Romanis
1295 622 1449 683 anni
1498 621 1677 692 1676,
1726 622 1894 699 apud
1942 618 2295 679 catholicos
2343 636 2470 678 non
2527 617 2848 678 modicum
2905 614 3268 676 detrimenti
3307 614 3574 691 ceperit,
3621 627 3765 674 eam

470 726 885 786 nihilominus
939 724 1207 785 eruditis
1252 722 1479 804 ubique
1507 722 1841 803 probatam
1877 722 2201 783 affirmare
2238 738 2363 780 non
2403 720 2724 782 dubitavit
2753 720 3037 781 Joannes
3071 718 3369 779 Albertus
3406 715 3765 776 Fabricius.

467 826 615 888 llam
640 826 898 904 quidem
930 824 1304 887 heterodoxi
1345 826 1460 885 viri
1502 826 1671 900 laus,
1703 824 1821 884 etsi
1861 824 2168 884 Romana:
2196 838 2487 884 censura)
2527 838 2868 902 perperam
2906 820 3173 879 omnino
3214 817 3584 897 opponitur,
3620 833 3770 894 per-

472 932 797 1007 vulgatam
836 931 1053 989 tamen
1102 927 1178 990 de
1210 928 1433 989 eadem
1462 927 1740 989 editione
1774 926 2145 1004 Opinionem
2179 924 2323 984 aliis
2356 924 2549 986 etiam
2599 924 3067 986 catholicorum
3115 919 3501 982 testimoniis
3529 918 3768 979 contir-

468 1034 705 1088 matam
738 1026 1039 1087 ostendit.

546 1127 625 1189 ll.
675 1128 864 1188 Hisce
910 1126 1607 1199 animadversionibus,
1658 1143 1803 1205 quae
1859 1127 2098 1185 metum
2152 1123 2571 1201 ingerebant,
2627 1123 3081 1201 Opponebatur
3133 1138 3318 1184 novas
3366 1120 3577 1182 adhuc
3628 1125 3771 1200 post

468 1231 991 1306 Quesnellianam
1030 1231 1326 1291 editionis
1361 1230 1733 1291 necessitas.
1782 1228 1995 1289 Primo
2028 1227 2198 1287 enim
2228 1227 2585 1305 judicatum
2622 1225 2740 1286 fuit
2770 1225 3085 1285 interesse
3118 1225 3467 1303 plurimum
3508 1223 3570 1286 S.
3607 1240 3773 1303 pou-

472 1334 653 1394 tiﬁcis
683 1332 895 1409 Opera
933 1331 1011 1392 ad
1056 1333 1378 1391 Romanos
1425 1331 1745 1409 przecipue
1783 1329 2032 1390 codices
2063 1329 2348 1406 exigere,
2399 1327 2509 1405 qui
2549 1328 2664 1388 etsi
2713 1328 2773 1386 in
2815 1328 3085 1387 Romani
3120 1327 3424 1387 antistitis
3450 1326 3772 1404 Operibus

468 1432 942 1511 praastanliores
975 1435 1169 1507 atque
1212 1431 1508 1507 puriores
1543 1427 1968 1508 przesuinendi
1999 1430 2150 1497 sint,
2194 1446 2227 1487 a
2275 1428 2631 1501 Quesnello
2669 1432 2880 1488 tamen
2916 1430 3125 1503 irrito,
3165 1436 3232 1487 ut
3284 1429 3347 1488 in
3401 1428 3771 1506 praefatione

468 1538 762 1601 testatur,
796 1537 1033 1591 conatu
1065 1531 1342 1609 quaesiti,
1381 1530 1901 1608 prtetcrmittendi
1944 1530 2202 1591 fuerunt
2234 1531 2296 1589 in
2332 1530 2539 1607 prima
2573 1531 2895 1605 editione;
2933 1532 2993 1590 in
3029 1530 3312 1593 secunda
3343 1549 3495 1591 vero
3540 1530 3775 1590 Barbe-

464 1635 759 1694 rinorum
794 1637 1041 1692 tantum
1075 1633 1665 1709 manuscriptorum
1703 1633 2031 1693 variantes
2070 1632 2375 1693 lectiones
2401 1634 2672 1710 accepit,
2699 1651 2776 1693 ex
2813 1635 3049 1711 quibus
3088 1634 3241 1714 ipsis
3276 1652 3513 1712 paucas
3547 1634 3774 1695 admo-

464 1741 612 1800 dum
638 1739 704 1798 in
736 1739 887 1797 solis
907 1737 1211 1815 Epistolis
1235 1736 1553 1797 adhibuit.
1581 1739 1788 1799 Tanto
1812 1744 2027 1798 autem
2055 1739 2255 1816 magis
2290 1739 2423 1799 haec
2453 1738 2891 1797 Romanorum
2918 1738 3390 1813 exemplarium
3420 1739 3773 1816 recognitio

464 1840 832 1902 necessaria
863 1838 1001 1897 visa
1032 1846 1149 1909 est,
1190 1839 1359 1914 quod
1395 1855 1471 1898 ex
1513 1856 1643 1900 una
1677 1844 1854 1915 parte
1891 1839 2278 1912 Quesnellus
2320 1839 2383 1897 in
2419 1856 2537 1898 usu
2576 1839 2867 1899 codicum
2905 1838 3317 1917 negligentia:
3352 1846 3696 1903 accusetur
3735 1855 3775 1902 a

464 1942 873 2020 quibusdam,
902 1957 979 2002 ac
1014 1942 1366 2018 prtesertim
1406 1959 1442 2003 a
1475 1942 1740 2002 Baluzio
1766 1950 1825 2001 et
1860 1941 2267 2015 Constantio,
2302 1941 2366 2001 in
2406 1940 2825 2018 antiquorum
2860 1940 3173 1999 librorum
3209 1939 3420 1999 studio
3454 1940 3776 2016 peritissi-

464 2046 615 2117 mis;
648 2064 727 2104 ex
760 2045 887 2105 alia
935 2061 1089 2105 vero
1118 2051 1266 2104 nota
1315 2043 1452 2122 ejus
1486 2044 1747 2103 libertas
1797 2044 1860 2102 in
1916 2041 2316 2103 emendando
2363 2041 2702 2102 identidem
2736 2048 2938 2110 textu,
2974 2040 3151 2099 nullo
3201 2040 3481 2118 allegato
3532 2040 3775 2115 codice,

464 2147 796 2209 nonnullis
830 2146 1265 2225 suspicionem
1309 2145 1627 2223 injecerit.
1672 2147 1908 2207 Deinde
1942 2145 2215 2223 plurima
2247 2150 2396 2203 sunt
2445 2145 2505 2203 in
2544 2144 2681 2222 ejus
2735 2142 3292 2204 lucubrationibus
3330 2142 3624 2203 licentius
3677 2142 3774 2202 iu-

464 2253 659 2322 serta,
692 2248 932 2325 quibus
971 2246 1147 2307 falsis
1177 2245 1486 2305 doctrinis
1519 2245 1711 2318 favet,
1762 2252 1822 2305 et
1858 2263 1984 2303 non
2037 2252 2165 2304 tam
2200 2245 2477 2304 Leonem
2528 2262 2723 2322 quam
2760 2246 3063 2306 Romanae
3112 2245 3281 2305 sedis
3313 2245 3771 2323 praerogativae

465 2367 638 2412 nunc
661 2351 901 2428 palam,
930 2366 1103 2409 nunc
1135 2348 1412 2409 latenter
1445 2350 1756 2426 impetivit
1781 2375 1798 2415 ;
1828 2349 1985 2409 adeo
2016 2355 2082 2407 ut
2117 2350 2246 2408 haec
2278 2348 2495 2419 editio,
2530 2366 2676 2426 qua:
2705 2349 2983 2410 Leonem
3012 2350 3223 2426 potius
3252 2349 3550 2426 deturpat
3575 2366 3769 2426 quam

469 2450 772 2519 illustrat,
798 2451 1218 2528 justissimam
1250 2450 1751 2529 prohibitionem
1792 2450 2120 2510 meruerit.

540 2550 649 2612 Ill.
679 2551 794 2610 His
822 2552 896 2611 de
931 2550 1169 2625 causis,
1200 2558 1268 2609 ut
1295 2550 1576 2629 primum
1612 2552 1831 2612 eadem
1865 2551 2058 2610 editio
2091 2568 2266 2611 anno
2303 2550 2455 2610 1675
2501 2552 2563 2611 in
2603 2551 2811 2614 lucem
2854 2553 3113 2628 prodiit,
3153 2555 3366 2613 statim
3406 2571 3590 2617 novae
3624 2553 3769 2615 edi-

462 2652 653 2714 tionis
689 2654 906 2713 Romaa
941 2651 1330 2713 adornanda:
1357 2653 1702 2712 consilium
1741 2658 1995 2728 ceptum
2029 2652 2252 2724 fuisse,
2285 2653 2495 2731 colligi
2529 2671 2713 2729 posse
2760 2654 3079 2715 credimus
3104 2672 3185 2714 ex
3228 2654 3451 2715 Italica
3498 2654 3770 2730 epistola

458 2752 789 2815 Laurentii
822 2753 982 2812 Mari
1015 2752 1090 2812 ad
1121 2751 1538 2812 Franciscum
1572 2752 1952 2812 Grisendum
1984 2753 2218 2829 scripta
2251 2754 2348 2812 die
2380 2753 2458 2812 30
2488 2753 2699 2812 Martii
2738 2755 2893 2812 anni
2923 2754 3110 2827 1677;
3141 2755 3262 2816 sibi
3305 2756 3473 2815 enim
3512 2754 3768 2834 signiﬁ-

465 2862 682 2915 catum
710 2854 988 2916 afﬁrmat
1022 2860 1407 2930 prmccptum
1457 2854 1876 2913 illustrissimi
1924 2853 2247 2914 Brancatii
2290 2854 2365 2915 de
2405 2872 2572 2915 nova
2623 2854 2900 2914 editione
2937 2854 3220 2935 Operum
3255 2856 3318 2916 S.
3364 2856 3618 2917 Leonis.
3664 2856 3768 2920 Mi

457 2975 737 3036 vengono
801 2954 1184 3016 comunicati
1234 2956 1257 3016 ἱ
1312 2956 1602 3016 comendi
1647 2955 1715 3015 di
1766 2955 2137 3032 monsignor
2167 2956 2600 3017 illustrissimo
2637 2959 2951 3019 Brancuci
3002 2960 3124 3019 mio
3170 2960 3425 3037 signare
3469 2977 3659 3039 sopra
3705 2961 3767 3022 la

457 3075 667 3119 nuova
703 3057 982 3119 edizione
1018 3056 1083 3117 di
1114 3058 1185 3117 S.
1222 3056 1465 3124 Leone,-
1500 3064 1558 3116 cl
1598 3057 1659 3115 in
1696 3055 1862 3116 hanc
1907 3058 2251 3131 quaasilum
2294 3057 2506 3117 subdit
2539 3059 2851 3135 quidquid
2880 3061 2978 3120 .lo.
3020 3061 3303 3137 Baptista
3357 3062 3576 3121 Marus
3629 3062 3766 3140 ejus

458 3157 660 3222 frater
696 3178 775 3220 ex
811 3177 963 3220 mss.
997 3158 1301 3219 Romanis
1345 3163 1705 3237 paraverat.
1760 3158 1969 3235 Hujus
2010 3157 2323 3234 epistolae,
2360 3176 2552 3236 quam
2595 3158 2658 3217 in
2701 3159 2917 3220 codice
2955 3160 3316 3220 Barberino
3365 3159 3761 3235 invenimus,

457 3265 736 3343 amplior
774 3263 998 3324 notitia
1025 3261 1282 3323 dabitur
1310 3262 1371 3321 in
1416 3262 1783 3339 praefatione
1821 3262 2223 3322 sermonibus
2264 3261 2493 3322 Leonis
2526 3262 2877 3339 praemissa.
2932 3266 2960 3338 §
3003 3263 3064 3321 7.
3110 3262 3259 3323 Haec
3314 3261 3534 3322 eadem
3585 3279 3766 3324 nova!

462 3364 763 3424 editionis
795 3362 1099 3443 cogitatio
1135 3362 1367 3422 iterum
1418 3362 1695 3422 excitata
1741 3369 1833 3422 cst
1887 3378 2060 3421 anno
2111 3362 2289 3431 1716,
2348 3362 2598 3423 favente
2649 3381 2902 3423 summo
2942 3363 3237 3440 pontifice
3274 3362 3599 3424 Clemente
3646 3364 3759 3423 X1.

454 3467 876 3547 Exploratum
916 3470 1009 3525 est
1041 3465 1473 3525 testimonium
1509 3465 1763 3523 Patrum
1795 3464 2349 3524 'l‘rivultianorum
2385 3465 2698 3523 insertum
2739 3466 3076 3527 Me’moircs
3104 3466 3343 3536 AuriL,
3390 3465 3569 3537 1716,
3609 3484 3757 3544 pag.

458 3568 599 3643 722,
636 3569 741 3627 ubi
769 3586 849 3627 ex
881 3567 1153 3642 epistola
1187 3565 1403 3624 Romae
1434 3565 1673 3641 scripta
1699 3564 1829 3625 haec
1854 3565 2228 3624 traduntur:
2253 3563 2349 3626 0n
2381 3585 2415 3624 α
2442 3566 2642 3643 forme’
2672 3565 2724 3625 le
2750 3567 2960 3647 proici
2983 3567 3166 3627 d’une
3199 3568 3489 3629 nouvcllc
3521 3567 3764 3629 e’dition

452 3670 524 3729 de
548 3672 615 3730 S.
658 3669 850 3729 Le’ou.
875 3670 961 3729 Su
983 3665 1289 3735 Saintele’,
1318 3666 1427 3743 qui
1453 3684 1488 3723 α
1520 3683 1639 3724 une
1668 3664 1963 3724 de’volion
1993 3665 2404 3743 particuliére
2431 3666 2467 3724 ὰ
2497 3686 2560 3726 ce
2588 3670 2759 3729 min:
2786 3668 3068 3741 docteur,
3088 3670 3364 3748 favorisc
3391 3689 3457 3731 ce
3494 3670 3760 3734 desset'n.

452 3772 578 3831 Sub
608 3772 927 3833 Clemente
955 3772 1168 3827 autem
1199 3765 1343 3837 XII,
1386 3782 1511 3825 non
1550 3766 1737 3824 modo
1772 3766 2005 3825 revixit
2040 3763 2200 3824 idem
2240 3767 2607 3843 consilium,
2650 3788 2873 3830 verum
2911 3772 3101 3831 etiam
3149 3771 3282 3831 htec
3312 3788 3466 3832 cura
3505 3770 3759 3835 duobus

451 3870 821 3934 clarissimis
856 3868 1008 3928 viris
1044 3865 1340 3945 imposita
1372 3863 1512 3937 fuit,
1562 3866 1945 3943 collatisque
1983 3865 2254 3926 istorum
2289 3866 2541 3937 studiis,
2580 3870 2933 3946 multisque
2979 3870 3131 3929 hinc
3174 3880 3232 3928 et
3284 3870 3432 3930 hinc
3482 3870 3757 3963 paratis,

451 3981 622 4035 tanta
660 3972 851 4047 hujus
892 3970 1193 4028 Romanae
1224 3965 1519 4025 editionis
1552 3966 1946 4044 exspectatio
1980 3965 2323 4037 increbuit,
2375 3972 2443 4026 ut
2472 3968 3031 4028 eminentissimus
3064 3967 3412 4029 cardinalis
3441 3968 3760 4043 Quirinus

451 4076 571 4137 hac
600 4073 675 4131 de
706 4086 902 4131 causa
937 4069 1267 4144 scripserit
1297 4083 1469 4126 anno
1503 4063 1680 4138 17ιιο,
1718 4066 1779 4123 in
1809 4066 2162 4142 appendice
2198 4067 2487 4147 subjecta
2516 4070 2693 4130 Pauli
2733 4070 2789 4129 ll
2822 4070 3006 4145 Vitae,
3040 4087 3186 4149 pag.
3215 4070 3355 4145 161,
3393 4088 3520 4128 non
3546 4073 3759 4131 solum

450 4176 700 4256 piorum
735 4178 918 4249 atque
947 4167 1339 4228 eruditorum
1371 4176 1583 4226 votum
1615 4167 1963 4244 deposcere,
1996 4186 2217 4228 verum
2256 4171 2449 4231 etiam
2478 4188 2729 4250 sperare
2755 4171 3065 4232 saniorem
3113 4192 3184 4233 ac
3222 4172 3565 4252 ﬁdeliorem
3611 4172 3759 4234 edi-

451 4280 678 4339 tionem
708 4274 787 4333 ad
835 4272 1283 4333 Vaticanorum
1311 4271 1661 4349 praesertim
1692 4271 1975 4330 codicum
2006 4272 2189 4351 ﬁdem

532 4380 637 4438 ιν.
680 4378 840 4436 Dum
878 4392 1045 4433 unus
1081 4390 1116 4434 e
1156 4374 1341 4433 nobis
1392 4390 1565 4435 anno
1619 4370 1772 4433 1748
1808 4375 2075 4434 Romam
2109 4375 2236 4435 alia
2287 4376 2363 4437 de
2403 4392 2603 4439 causa
2634 4379 2928 4451 accessit,
2974 4378 3050 4439 de
3087 4378 3207 4439 hac
3260 4397 3430 4440 nova
3476 4380 3757 4441 editione

454 4481 671 4558 plures
710 4475 1070 4537 sciscitatus
1117 4480 1233 4535 est.
1292 4478 1373 4534 At
1420 4475 1529 4534 alii
1581 4492 1649 4533 se
1698 4475 1947 4553 jamdiu
2007 4476 2168 4535 nihil
2220 4477 2466 4547 audire,
2515 4478 2625 4538 alii
2679 4496 2832 4539 vero
2891 4496 3067 4556 spem
3124 4496 3378 4539 omnem
3410 4482 3757 4543 evanuisse

452 4579 949 4659 responderunt.
984 4580 1123 4652 Qua
1161 4579 1239 4638 de
1294 4595 1363 4638 re
1403 4595 1548 4637 cum
1606 4594 1819 4638 sermo
1865 4577 2089 4639 fuisset
2137 4595 2353 4640 coram
2406 4598 2661 4641 summo
2717 4580 3019 4659 pontiﬁce
3066 4580 3409 4642 Benedicto
3441 4582 3617 4654 XIV,
3674 4584 3761 4654 is,

444 4684 741 4749 eamdem
777 4681 1288 4760 deSperationem
1326 4680 1750 4742 conﬁrmante
1786 4700 1914 4742 uno
1948 4699 2030 4743 ex
2062 4682 2188 4742 illis
2217 4682 2492 4757 duobus,
2525 4687 2763 4763 quibus
2800 4702 2876 4747 ea
2908 4686 3103 4746 editio
3133 4689 3251 4746 sub
3285 4686 3604 4749 Clemente
3633 4688 3761 4749 Xll

445 4786 796 4847 commissa
832 4783 1063 4858 fuerat,
1104 4783 1297 4844 hocce
1326 4781 1607 4843 studium
1642 4784 1822 4844 nobis
1859 4784 2183 4865 imposuit.
2238 4784 2373 4847 Etsi
2408 4805 2560 4849 vero
2600 4797 2829 4867 prteter
2856 4810 2930 4854 ea
2958 4809 3103 4870 quae
3141 4792 3324 4850 initio
3357 4793 3759 4852 memoravi-

446 4906 591 4947 mus
629 4892 997 4945 nostrarum
1052 4883 1242 4943 etiam
1304 4884 1535 4943 virium
1582 4883 1985 4946 imbecillitas
2038 4886 2415 4961 deterreret,
2468 4887 2709 4951 diutius
2745 4898 2954 4953 tamen
3007 4893 3373 4955 auctoritati
3412 4898 3603 4953 tantm
3645 4910 3759 4951 re-

445 4984 808 5046 sistendum
838 5000 966 5044 non
999 4983 1138 5043 fuit.
1173 4984 1462 5059 Cumque
1495 4984 1571 5044 de
1606 4984 1727 5046 hac
1747 4986 2028 5048 editione
2057 4996 2357 5067 suscepta
2391 4990 2455 5049 in
2491 4992 2657 5053 Urbe
2683 4993 3087 5074 divulgatum
3120 5002 3311 5073 esset,
3335 5004 3759 5057 accesserunt

446 5090 693 5165 aliquot
724 5082 1175 5156 cardinalium,
1208 5084 1622 5163 praelatorum
1653 5093 1713 5145 et
1745 5088 2099 5147 amicorum
2131 5088 2473 5167 impulsus,
2499 5095 2610 5170 qui
2645 5098 2836 5157 etiam
2869 5098 3188 5158 auxilium
3209 5116 3397 5159 suum
3426 5098 3759 5160 obtulere.

448 5194 603 5256 Cum
626 5206 665 5251 a
695 5187 1019 5249 codicibus
1050 5185 1513 5247 exordiendum
1539 5195 1731 5264 esset,
1765 5190 2061 5251 laudatus
2094 5208 2384 5255 summus
2424 5196 2736 5273 pontifex,
2766 5208 2827 5258 ut
2867 5199 3223 5261 faciliorem
3255 5202 3719 5280 expeditiorem
3742 5238 3767 5249 -

447 5311 573 5373 que
609 5288 1017 5352 collationem
1058 5286 1316 5359 faceret,
1347 5287 1673 5349 Vaticana
1706 5289 2101 5350 bibliotheca:
2139 5309 2289 5352 mss.
2326 5294 2550 5371 libros,
2582 5298 2691 5373 qui
2728 5300 3011 5360 maximo
3047 5304 3187 5359 usui
3223 5302 3453 5379 forent,
3487 5302 3754 5363 domum

449 5395 679 5458 deferri
712 5388 1018 5469 peculiari
1054 5388 1388 5468 privilegio
1421 5392 1758 5452 concessit.
1792 5394 2063 5453 Patuere
2088 5401 2282 5453 etiam
2310 5402 2553 5457 cieterze
2590 5400 2988 5462 bibliothecae
3011 5402 3340 5475 Romanae,
3363 5403 3757 5475 Barberina,

448 5498 784 5589 Chigiana,
823 5490 1304 5562 Casauatensis,
1340 5491 1789 5563 Vallicellana,
1826 5494 2161 5571 Angelica,
2212 5501 2272 5555 et
2322 5496 2430 5556 illa
2462 5494 2750 5560 Basilica:
2786 5502 2848 5561 S.
2882 5502 3071 5562 Petri.
3121 5503 3277 5565 Cum
3310 5512 3524 5565 autem
3568 5505 3755 5565 multi

446 5607 665 5667 essent
699 5599 949 5662 codices
980 5596 1328 5671 recolendi,
1372 5597 1606 5673 quibus
1640 5616 1805 5658 unus
1840 5617 1966 5659 non
1997 5598 2257 5675 sufﬁcit,
2284 5601 2617 5662 auxiliarii
2674 5606 2882 5681 pretio
2927 5611 3365 5683 accesserunt,
3401 5606 3509 5667 alii
3555 5608 3756 5668 etiam

448 5712 865 5786 spontaneam
903 5708 962 5761 et
995 5700 1339 5780 gratuitam
1371 5716 1632 5779 Operam
1665 5704 2037 5767 contulere:
2064 5704 2233 5767 inter
2264 5723 2427 5784 quos
2460 5708 2864 5785 potissimum
2892 5712 3254 5773 laudandus
3277 5711 3459 5773 estP.
3489 5711 3753 5777 Brunus

448 5812 675 5880 Toma.
713 5815 865 5870 tunc
907 5813 1123 5881 ﬂector,
1151 5824 1317 5868 nunc
1346 5807 1526 5883 prior
1560 5809 1814 5872 Patrum
1851 5815 2359 5879 Praedicatorum
2389 5810 2453 5873 Β.
2482 5810 2758 5888 Sabinas,
2793 5814 2901 5890 qui
2936 5816 3099 5876 alios
3131 5835 3162 5877 e
3188 5816 3321 5877 suis
3352 5813 3419 5875 in
3454 5814 3755 5878 collatio-
