4014 6350
293 342 386 445 IT.
552 438 590 445 η
620 440 633 445 Α
718 442 758 445 Η
1157 358 1526 421 PREFATIO
1563 366 1954 426 GENEHALIS
1993 373 2057 427 IN
2099 373 2280 430 HANC
2323 374 2710 432 EDITIONEM.
3511 389 3577 445 ικ

290 438 481 557 uibus
512 438 634 501 sibi
659 442 977 557 adiunxit.
1020 447 1091 509 In
1125 451 1247 514 hoc
1274 453 1493 516 labore
1534 464 1732 519 totum
1768 460 1825 519 id
1861 465 2190 543 temporis,
2229 484 2359 543 quo
2384 469 2545 530 alter
2585 488 2620 531 e
2657 471 2840 532 nobis
2876 472 3093 537 Bomte
3122 483 3411 539 versatus
3456 438 3577 557 est,

286 541 350 655 id
377 548 476 655 est
500 560 751 655 annum
783 549 1103 631 integrum
1137 572 1281 617 cum
1314 557 1600 638 dimidio,
1658 562 1823 624 inter
1856 564 2103 627 codices
2145 568 2572 632 indesinenter
2601 576 3017 653 consumpsit.
3074 581 3362 655 Cumque
3391 580 3442 640 is
3494 541 3577 643 ex

284 642 814 759 Urbediscedens
842 655 1155 759 nonpulla
1185 659 1547 737 reliquisset
1580 664 1991 742 conferenda,
2013 670 2367 729 subsidium
2402 642 3329 754 perhumaniter.praestiterunt
3359 681 3575 759 plures

280 746 502 857 amici.-
526 747 610 857 P;
630 751 936 829 magister
965 753 1254 831 Schiara,
1286 762 1529 823 ordinis
1556 766 2077 839 Prwdicatorum,
2113 772 2514 835 bibliotheca:
2536 746 2949 839 Casanatensi
2978 781 3335 857 praefectus,
3359 746 3576 847 comes

282 846 526 957 {os—epis
564 849 955 957 Qarampus,
998 860 1349 923 canonicos
1388 865 1670 929 basilicas
1718 869 1778 928 S.
1822 872 1985 932 Petri
2040 879 2100 933 et
2132 874 2423 935 Vaticani
2463 878 2703 939 archivi
2746 846 2992 957 custos,
3032 846 3333 945 concivis'
3360 894 3575 946 noster

278 950 339 1061 ξ).
369 948 765 1061 Eranciscus
798 971 835 1017 a
858 957 1080 1035 Puteo,
1111 965 1448 1043 presbyter
1476 966 1760 1031 Oratorii
1798 971 1858 1030 in
1884 973 2240 1042 Vallicella,
2277 975 2493 1037 Simon
2523 978 2886 1041 Ballarinus
2918 948 3367 1045 a'bibliotheca
3411 987 3574 1047 Bar—

276 1048 535 1125 berina,
574 1056 818 1135 aliique
855 1064 1179 1139 nonnulli,
1230 1068 1338 1144 qui
1374 1069 1695 1132 variantes
1729 1076 2321 1153 manuscriptorum
2370 1094 2531 1156 quas
2585 1079 3131 1156 desiderabamus,
3162 1084 3276 1145 abs
3306 1102 3375 1147 se
3416 1087 3571 1147 dili-

273 1160 508 1230 genter
540 1156 893 1238 descriptas
920 1162 1247 1227 Veronam
1284 1170 1619 1233 miserunt.

354 1257 427 1361 V.
469 1260 546 1322 In
576 1263 723 1326 aliis
754 1283 1016 1344 quoque
1048 1270 1250 1333 ltaliaa
1284 1274 1688 1339 bibliothecis
1733 1294 1767 1339 a
1809 1279 2158 1352 Quesnello
2193 1281 2474 1358 intactis,
2503 1300 2646 1361 quas
2694 1301 2841 1343 mss.
2879 1285 3357 1361 exemplaribus
3397 1287 3571 1347 cele-

271 1357 531 1463 briores
585 1369 761 1439 sunt,
817 1368 1137 1431 Leoninos
1186 1374 1460 1447 codices,
1519 1383 1839 1455 quotquot
1870 1378 2144 1459 alicujus
2187 1385 2367 1460 pretii
2410 1385 2729 1454 novimus,
2782 1385 2917 1445 sive
2964 1403 3077 1462 per
3114 1404 3257 1457 nos,
3289 1388 3419 1447 sive
3460 1403 3570 1463 per

269 1460 519 1561 amicos
560 1463 985 1528 conferendos
1021 1473 1411 1533 curavimus.
1463 1476 1699 1538 Przeter
1730 1480 2125 1555 exemplaria
2181 1483 2427 1559 aliquot
2465 1460 2990 1561 prastantissima
3032 1484 3291 1560 capituli
3346 1460 3569 1545 cathe-

267 1558 466 1620 dralis
501 1562 925 1639 Veronensis,
963 1588 1105 1647 quae
1131 1574 1214 1632 ob
1257 1577 1575 1652 insignem
1618 1585 1993 1641 vetustatem
2036 1582 2230 1643 nullis
2263 1558 2401 1643 aliis
2446 1558 2703 1658 cedunt,
2744 1585 3023 1645 Venetiis
3077 1558 3142 1645 in
3186 1587 3570 1651 bibliotheca

267 1658 325 1719 S.
366 1662 609 1767 Marci,
648 1684 793 1743 quas
822 1671 1117 1747 pluribus
1149 1673 1385 1737 Graecis
1410 1676 1786 1756 Latinisque
1818 1682 2140 1744 codicibus
2172 1683 2661 1745 instructissima
2692 1690 2812 1761 est,
2844 1704 2973 1746 non
3013 1704 3249 1765 paucos
3278 1690 3368 1749 rei
3400 1706 3568 1767 prae-

264 1764 429 1871 senti
466 1764 665 1827 utiles
696 1770 991 1831 invenire
1022 1774 1222 1846 licuit,
1254 1786 1313 1837 et
1345 1780 1696 1839 Antonium
1732 1781 2090 1857 Zanettum,
2125 1784 2409 1863 ejusdem
2444 1788 2799 1863 custodem,
2837 1790 2946 1866 qui
2985 1764 3282 1851 ommbus
3312 1764 3566 1852 studio—

264 1861 349 1921 sis
389 1861 689 1967 i’avorem
728 1875 1011 1950 praestat,
1044 1876 1106 1935 in
1138 1876 1373 1939 Grtncis
1407 1885 1759 1957 prtesertim
1798 1885 1976 1945 libris
2015 1888 2369 1948 recolendis
2407 1889 2841 1967 coadjutorem
2883 1891 3423 1955 humanissimum
3456 1912 3561 1953 ex-

262 1964 423 2066 perti
465 1983 724 2029 sumus.
760 1971 1001 2034 Patavii
1036 1977 1099 2035 in
1134 1977 1516 2040 bibliotheca
1544 1983 1800 2042 Patrum
1841 1984 2357 2045 Eremitanorum
2389 1986 2450 2046 P.
2497 1964 2805 2066 magister
2826 1990 3145 2051 Antonius
3171 1990 3562 2061 Manenlius,

260 2064 323 2123 in
359 2064 424 2125 S.
460 2067 742 2133 Iustinae
778 2078 1242 2139 monachorum
1272 2080 1334 2141 S.
1367 2082 1686 2144 Benedicti
1722 2086 1787 2145 P.
1818 2087 1889 2145 D.
1925 2086 2242 2164 Spiridion
2278 2064 2695 2166 Peristianus,
2727 2097 2785 2149 et
2825 2091 2887 2149 in
2918 2090 2980 2151 S.
3014 2092 3271 2151 Antonii
3306 2093 3564 2151 Patroni

259 2166 805 2270 Eonventualium
829 2177 892 2238 S.
926 2178 1249 2242 Francisci
1282 2184 1345 2243 P.
1380 2187 1684 2262 magister
1717 2188 2108 2266 Reginaldus
2141 2189 2401 2251 Fischer
2432 2191 2681 2252 codices
2714 2195 2776 2253 et
2807 2208 3071 2270 Operam
3104 2193 3564 2253 exhibuerunt.

259 2266 352 2327 Ex
388 2270 635 2351 insigni
679 2281 1073 2340 monasterio
1100 2281 1559 2345 Padilironensi
1593 2285 1657 2345 S.
1693 2287 2012 2348 Benedicti
2049 2289 2110 2348 in
2146 2308 2301 2368 agro
2342 2290 2698 2351 Mantuano
2735 2293 2799 2352 P.
2936 2292 3217 2354 Joannes
3253 2295 3563 2369 Augusti~

261 2388 382 2431 nus
420 2371 831 2439 Gradonicus
872 2380 1163 2443 codicum
1204 2385 1527 2445 variantes
1568 2405 1693 2445 non
1734 2389 1971 2466 exiguo
2023 2389 2239 2450 labore
2292 2391 2590 2451 collectas
2641 2391 3015 2451 transmisit.
3056 2391 3394 2451 Florentia)
3431 2400 3564 2453 tum

263 2473 328 2531 iu
362 2474 757 2541 bibliotheca
802 2480 864 2541 S.
897 2482 1122 2561 Marci,
1154 2491 1286 2546 tum
1331 2488 1392 2547 in
1445 2486 1883 2553 Laurentiana
1931 2492 2212 2553 Mcdicea
2246 2494 2519 2553 multum
2573 2493 2875 2554 debemus
2912 2497 2976 2554 Ρ.
3013 2496 3234 2554 lectori
3271 2494 3563 2572 Philippo

260 2573 484 2637 Harie
512 2576 777 2649 Sereno,
813 2583 924 2659 qui
962 2584 1088 2647 alia
1122 2588 1420 2662 contulit,
1453 2588 1575 2647 alia
1610 2590 1795 2649 etiam
1828 2592 2187 2670 essm-ipsit.
2232 2592 2503 2663 Fesulis,
2547 2609 2690 2668 qua:
2740 2610 2901 2670 opus
2952 2600 3153 2663 erant,
3200 2595 3563 2671 procuravit

266 2677 721 2739 P.Alexander
744 2682 1166 2760 Chiappinus,
1193 2688 1391 2747 abbas
1422 2690 1741 2767 generalis
1772 2693 2235 2752 cnnonicorum
2264 2692 2822 2768 Lateranensium,
2851 2695 2959 2769 qui
2995 2695 3361 2771 nuperrime
3383 2696 3562 2754 obiit.
3650 2706 3655 2709 ‘

265 2776 484 2850 Quoad
536 2797 689 2840 mss.
731 2782 967 2844 hiantis
1001 2785 1257 2855 Casini,
1312 2806 1615 2864 magnum
1650 2794 1987 2867 patronum
2023 2792 2267 2867 experti
2304 2808 2525 2849 sumus
2564 2790 3133 2850 eminentissimum
3173 2792 3564 2855 cardinalem

264 2878 765 2953 Tamburinum,
818 2882 896 2943 de
946 2888 1128 2959 cuius
1168 2885 1439 2947 miriﬁco
1488 2888 1679 2963 plane
1732 2889 1944 2950 favore
2000 2889 2338 2965 peculiaris
2391 2890 2614 2948 redibit
2664 2890 2899 2947 mentio
2949 2890 3009 2947 in
3062 2890 3429 2965 praefatione
3483 2890 3562 2949 ad

265 2996 628 3059 sermones,
669 3003 846 3043 nom.
891 2986 984 3044 16.
1025 2987 1432 3047 Lucanorum
1471 2988 1763 3049 codicum
1798 2990 2203 3049 collationem
2244 2996 2468 3067 sponte
2498 2988 2727 3048 obtulit
2768 2989 2831 3049 P.
2879 2988 3157 3047 Joannes
3194 2989 3563 3050 Dominicus

266 3081 584 3156 Mansius,
645 3086 708 3143 in
759 3086 1043 3163 antiquis
1099 3105 1250 3146 mss.
1308 3089 1808 3159 versatissimus,
1854 3095 1917 3147 et
1956 3091 2249 3165 pluribus
2298 3089 2480 3148 editis
2529 3088 2927 3148 documentis
2986 3104 3062 3148 ac
3115 3089 3300 3149 tomis
3346 3095 3559 3149 notus.

264 3180 560 3260 Bergomi
601 3202 789 3263 opem
825 3189 969 3247 tulit
998 3189 1425 3251 amicissimos
1463 3197 1680 3249 noster
1707 3192 1770 3250 P.
1796 3190 2192 3269 Hyacinthus
2222 3190 2392 3260 Sale,
2423 3190 2664 3249 ordinis
2696 3189 3214 3264 Prmdicatorum,
3245 3192 3306 3250 in
3336 3191 3563 3252 acade-

264 3288 385 3346 mia
435 3288 827 3351 Taurinensi
877 3292 1171 3369 publicus
1228 3292 1561 3372 theologia:
1594 3294 1942 3372 professor.
1993 3296 2135 3357 Alia
2181 3296 2462 3356 subsidia
2505 3314 2614 3373 per
2649 3296 2808 3355 alios
2847 3296 3218 3370 Mediolani,
3250 3298 3561 3373 Tridenti,

264 3387 531 3447 Taurini
584 3397 644 3449 et
701 3392 849 3450 alibi
897 3400 1127 3469 praesto
1165 3392 1446 3453 fuerunt.

338 3491 453 3551 Vl.
493 3491 697 3553 Extra
730 3492 979 3553 Italiam
1012 3495 1203 3555 etiam
1240 3496 1636 3574 diligentiam
1672 3498 2104 3572 extendimus,
2129 3502 2432 3561 nimirum
2464 3502 2525 3561 in
2562 3502 2979 3564 bibliothecas
3018 3502 3373 3565 Caesaream
3399 3502 3562 3563 Vin-

261 3593 701 3655 debonensem
756 3600 815 3657 et
852 3595 1387 3673 Ratisponensem
1439 3597 1500 3655 S.
1546 3598 1956 3657 Emmerami.
2014 3601 2057 3659 E
2108 3603 2491 3663 bibliotheca
2544 3602 2859 3678 Cmsarca,
2917 3604 3099 3680 cujus
3152 3622 3305 3663 mss.
3359 3603 3558 3664 libros

265 3694 494 3756 Gallus
523 3696 732 3756 editor
771 3695 1003 3757 frustra
1034 3696 1356 3774 qumsivit,
1394 3697 1666 3757 duorum
1700 3702 2379 3777 pltestantissimorum
2416 3702 2880 3780 exemplarium
2912 3703 3305 3763 collectionis
3326 3701 3558 3779 Hispa-

258 3800 419 3860 nicae
472 3806 531 3859 et
565 3798 1039 3872 Quesnellianaa
1093 3800 1499 3861 collationem
1556 3818 1747 3875 quam
1803 3802 2357 3877 diligentissinnun
2416 3801 2593 3860 nullo
2642 3802 2921 3879 sumptui
2986 3806 3313 3876 parcentes
3371 3801 3557 3859 nobis

258 3899 810 3976 comparavimus.
861 3898 931 3957 In
986 3898 1436 3976 liatisponensi
1512 3916 1662 3959 vero
1713 3898 1957 3957 servari
2014 3899 2321 3957 eximium
2387 3916 2651 3976 prorsus
2707 3905 2767 3957 et
2825 3898 3216 3975 singularem
3276 3896 3559 3958 codicem

256 3998 701 4075 Epistolarum
737 3999 801 4059 S.
838 4000 1089 4071 Leonis,
1118 3999 1321 4061 eidem
1360 4001 1758 4061 bibliotheca:
1796 4018 1908 4077 pro
1937 4002 2188 4061 Tufonc
2225 4001 2525 4081 episeOpo
2550 4002 2720 4061 dono
2755 4001 2969 4059 datum
3013 4008 3289 4061 exeunte
3322 4002 3559 4060 swculo

260 4120 463 4173 nono,
511 4104 616 4163 vel
653 4103 899 4166 decimo
930 4106 1221 4179 ineunte,
1254 4107 1614 4184 prodiderat
1647 4107 1712 4167 P.
1743 4108 2105 4167 Bernardus
2140 4107 2254 4166 Pez
2289 4105 2349 4163 in
2384 4103 2830 4163 dissertatione
2870 4102 3188 4180 isagOgiea
3229 4102 3552 4179 praemissa

258 4214 436 4265 torno
469 4207 495 4267 l
524 4207 842 4267 Thesauri
872 4208 1371 4283 Anecdotorom,
1408 4226 1584 4267 num.
1615 4206 1715 4266 (35.
1760 4208 1965 4286 Hujus
1996 4208 2229 4268 codicis
2268 4205 2583 4267 desiderio
2621 4206 2672 4264 is
2710 4204 2817 4282 qui
2852 4222 2884 4263 e
2916 4205 3095 4263 nobis
3138 4206 3355 4265 Romae
3391 4212 3556 4275 erat,

258 4306 461 4367 adivit
490 4307 556 4366 P.
596 4306 682 4365 Μ.
720 4306 1032 4366 Thomam
1078 4307 1508 4381 Ricchinium,
1560 4305 1801 4366 ordinis
1853 4307 2340 4367 Praedicatorum
2379 4322 2413 4364 a
2452 4307 2713 4365 secretis
2750 4304 3266 4380 congregationis
3296 4302 3555 4374 Indicis,

256 4424 473 4484 eoque
510 4416 896 4485 cooperante
930 4408 993 4466 P.
1032 4406 1117 4467 M.
1148 4407 1478 4469 Emericus
1509 4408 2018 4485 Langenuaeter,
2051 4406 2331 4486 ejusdem
2364 4406 2604 4467 ordinis
2638 4406 3048 4484 provincialis
3077 4405 3306 4475 Daciae,
3335 4420 3411 4465 ac
3441 4421 3559 4481 ge-

259 4510 505 4569 neralis
548 4509 833 4585 magistri
865 4506 1105 4578 socius,
1136 4508 1389 4587 scripsit
1427 4510 1639 4568 statim
1670 4508 1745 4569 ad
1776 4511 1845 4568 P.
1875 4507 1960 4567 Μ.
1988 4507 2389 4568 Antoninum
2418 4506 2788 4577 Veichtner,
2819 4506 2928 4583 qui
2969 4522 3145 4575 mox,
3174 4521 3291 4581 pro
3314 4505 3557 4584 insigni

260 4626 378 4671 sua
413 4612 482 4671 in
520 4610 693 4671 hisce
729 4609 956 4672 studiis
996 4609 1249 4686 peritia,
1282 4609 1516 4670 codicis
1548 4612 1987 4689 prmslantiam
2032 4628 2107 4670 ac
2135 4608 2473 4669 utilitatem
2514 4624 2899 4686 agnoscens,
2925 4606 3142 4667 favore
3180 4624 3304 4667 non
3344 4608 3555 4668 minus

262 4727 465 4787 quam
522 4709 742 4771 labore
779 4709 970 4789 plane
1006 4709 1321 4789 singulari
1362 4710 1571 4790 ipsum
1613 4713 1893 4772 codicem
1942 4729 2069 4772 non
2107 4708 2589 4783 conferendum,
2647 4710 2752 4769 sed
2802 4712 2877 4771 de
2903 4711 3102 4771 verbo
3154 4709 3233 4769 ad
3290 4710 3556 4771 verbum

262 4829 460 4888 quam
498 4812 991 4872 accuratissime
1028 4811 1579 4873 transcribendum
1612 4813 1884 4890 putavit.
1923 4813 1988 4873 ld
2025 4818 2239 4873 autem
2275 4819 2343 4871 ut
2370 4812 2761 4873 commodius
2797 4830 2910 4890 per
2946 4829 3090 4871 eum
3138 4811 3339 4879 ﬁeret,
3371 4828 3410 4873 a
3440 4829 3557 4873 re—

262 4912 733 4973 verendissimo
761 4913 994 4973 abbate
1024 4911 1099 4971 ad
1132 4910 1194 4971 S.
1240 4912 1722 4972 Emmeramum
1769 4914 1933 4974 sacri
1966 4914 2234 4975 Romani
2272 4912 2521 4990 imperii
2557 4912 2869 4991 principe,
2904 4914 3042 4971 viro
3076 4912 3139 4970 in
3169 4912 3341 4972 omni
3391 4912 3559 4975 litte-

266 5034 485 5078 rarum
525 5022 587 5075 et
615 5016 1029 5076 scientiarum
1060 5031 1296 5092 genere
1322 5015 1788 5089 excultissimo,
1822 5033 2070 5076 summa
2101 5015 2495 5092 benignitate
2517 5031 2892 5075 concessum
2921 5013 3035 5073 fuit
3064 5018 3133 5073 ut
3161 5013 3324 5074 idem
3354 5018 3555 5078 codex

260 5117 736 5179 Laudishutum
782 5117 847 5177 in
880 5118 1213 5179 memorati
1265 5118 1332 5177 P.
1382 5116 1687 5176 Antonini
1735 5122 2124 5179 conventum
2178 5115 2558 5177 deferretur.
2614 5117 2769 5190 Quae
2816 5116 3160 5193 peculiaris
3218 5117 3408 5177 unius
3441 5118 3552 5177 di-

260 5220 529 5300 ligentia
559 5222 622 5281 in
658 5221 1107 5289 exscribendo,
1140 5226 1199 5279 et
1227 5220 1494 5280 alterius
1526 5220 1892 5281 humanitas
1944 5222 2005 5280 in
2039 5220 2502 5281 commodando
2548 5226 2673 5281 tam
2722 5219 2961 5281 eximio
3006 5219 3249 5294 codice,
3304 5219 3379 5278 de
3425 5237 3556 5296 quo

256 5326 450 5401 plura
492 5325 556 5384 in
585 5324 963 5404 prastatione
1000 5324 1076 5386 ad
1124 5323 1442 5400 Epistolas
1491 5324 1758 5383 dicenda
1796 5329 2013 5397 erunt,
2070 5328 2201 5382 toto
2251 5324 2390 5383 orbi
2444 5322 2734 5383 testanda
2782 5338 2859 5382 ac
2916 5319 3183 5398 perenni
3230 5322 3557 5383 memoria

258 5424 769 5487 commendanda
804 5425 940 5486 fuit.
974 5425 1085 5485 His
1118 5433 1331 5485 autem
1363 5425 1666 5483 subsidiis
1699 5424 1945 5502 experti
1983 5441 2204 5485 sumus
2252 5425 2460 5501 ipsum
2495 5422 2558 5484 S.
2592 5423 2826 5484 Leonis
2872 5428 3115 5484 textum
3169 5421 3382 5483 adhuc
3418 5432 3557 5502 post

260 5528 684 5599 Qnesnellum
718 5543 903 5602 posse
939 5526 1264 5587 emendari
1304 5542 1429 5583 non
1458 5525 1802 5599 modicum,
1835 5532 1893 5585 et
1926 5525 2104 5585 novis
2136 5528 2327 5587 etiam
2361 5525 2611 5586 ineditis
2646 5525 3082 5586 monumentis
3111 5524 3355 5601 augeri.

341 5630 475 5690 Vll.
505 5628 923 5689 Sermonibus
959 5628 1367 5688 emendandis
1399 5644 1552 5688 mss.
1588 5628 1985 5704 exemplaria
2023 5629 2307 5689 Romana
2346 5629 2748 5707 potissimum
2795 5628 3125 5690 contulere
3159 5649 3174 5688 :
3211 5630 3376 5690 inter
3413 5647 3561 5709 quas

264 5751 405 5793 cum
444 5732 762 5793 nonnulla
794 5732 871 5791 ad
922 5733 1212 5793 basilicas
1251 5732 1437 5794 Urbis
1489 5732 1843 5792 certissime
1877 5732 2325 5808 pertinuerint,
2364 5738 2542 5792 certo
2586 5733 2874 5793 Romana
2925 5736 3101 5802 sunt,
3149 5748 3225 5791 ac
3265 5734 3559 5808 puriores

261 5833 561 5899 lectiones
603 5832 793 5896 nobis
830 5840 1319 5898 conservarunt.
1354 5834 1771 5907 Quesnellus,
1824 5834 1940 5895 etsi
1985 5834 2181 5892 multa
2218 5834 2525 5907 correxit,
2559 5851 2705 5893 cum
2738 5841 2954 5893 tamen
2999 5832 3115 5895 hos
3147 5831 3398 5896 codices
3426 5847 3559 5895 non
