  <div class='ocr_page' id='page_1' title='image "/cluster/home/n/w/nwhite01/storage/ocr_20150623/54/hvd.32044015471584/015.png"; bbox 0 0 4014 6350; ppageno 0'>
   <div class='ocr_carea' id='block_1_1' title="bbox 424 371 3718 440">
    <p class='ocr_par' dir='ltr' id='par_1_1' title="bbox 424 371 3718 440">
     <span class='ocr_line' id='line_1_1' title="bbox 424 371 3718 440; baseline -0.002 -9"><span class='ocrx_word' id='word_1_1' title='bbox 424 384 492 440; x_wconf 71' lang='lat'><strong>25</strong></span> <span class='ocrx_word' id='word_1_2' title='bbox 795 419 799 422; x_wconf 92' lang='grc'><strong>-</strong></span> <span class='ocrx_word' id='word_1_3' title='bbox 1286 377 1663 434; x_wconf 67' lang='grc' dir='ltr'><strong>ΡΒΑΣΡΑΊΊΟ</strong></span> <span class='ocrx_word' id='word_1_4' title='bbox 1699 373 2095 432; x_wconf 73' lang='lat' dir='ltr'><strong>GENERAIJS</strong></span> <span class='ocrx_word' id='word_1_5' title='bbox 2136 373 2198 426; x_wconf 81' lang='grc' dir='ltr'><strong>ΙΝ</strong></span> <span class='ocrx_word' id='word_1_6' title='bbox 2240 371 2423 426; x_wconf 73' lang='lat' dir='ltr'><strong>llANC</strong></span> <span class='ocrx_word' id='word_1_7' title='bbox 2465 372 2848 427; x_wconf 72' lang='lat' dir='ltr'><strong>EDITIONEM.</strong></span> <span class='ocrx_word' id='word_1_8' title='bbox 3643 371 3718 428; x_wconf 60' lang='grc' dir='ltr'><strong>αι</strong></span> 
     </span>
    </p>
   </div>
   <div class='ocr_carea' id='block_1_2' title="bbox 429 465 3721 550">
    <p class='ocr_par' dir='ltr' id='par_1_2' title="bbox 429 465 3721 550">
     <span class='ocr_line' id='line_1_2' title="bbox 429 465 3721 550; baseline -0.004 -10"><span class='ocrx_word' id='word_1_9' title='bbox 429 479 592 540; x_wconf 83' lang='lat' dir='ltr'><strong>Petri</strong></span> <span class='ocrx_word' id='word_1_10' title='bbox 625 478 701 540; x_wconf 89' lang='lat' dir='ltr'><strong>de</strong></span> <span class='ocrx_word' id='word_1_11' title='bbox 725 477 942 541; x_wconf 87' lang='lat' dir='ltr'><strong>Marca</strong></span> <span class='ocrx_word' id='word_1_12' title='bbox 974 475 1270 538; x_wconf 78' lang='lat' dir='ltr'><strong>editionis</strong></span> <span class='ocrx_word' id='word_1_13' title='bbox 1306 476 1680 538; x_wconf 87' lang='lat' dir='ltr'><strong>Parisiensis</strong></span> <span class='ocrx_word' id='word_1_14' title='bbox 1703 473 1855 535; x_wconf 90' lang='lat' dir='ltr'><strong>anni</strong></span> <span class='ocrx_word' id='word_1_15' title='bbox 1893 468 2071 545; x_wconf 63' lang='lat' dir='ltr'><strong>170&#39;s,</strong></span> <span class='ocrx_word' id='word_1_16' title='bbox 2099 488 2242 548; x_wconf 88' lang='lat' dir='ltr'><strong>pag.</strong></span> <span class='ocrx_word' id='word_1_17' title='bbox 2274 468 2452 529; x_wconf 77' lang='lat' dir='ltr'><strong>13M.</strong></span> <span class='ocrx_word' id='word_1_18' title='bbox 2481 469 2714 529; x_wconf 92' lang='lat' dir='ltr'><strong>Ibidem</strong></span> <span class='ocrx_word' id='word_1_19' title='bbox 2747 477 3078 548; x_wconf 61' lang='lat' dir='ltr'><strong>praeterea,</strong></span> <span class='ocrx_word' id='word_1_20' title='bbox 3109 484 3254 550; x_wconf 87' lang='lat' dir='ltr'><strong>pag.</strong></span> <span class='ocrx_word' id='word_1_21' title='bbox 3287 465 3466 542; x_wconf 66' lang='lat' dir='ltr'><strong>13M,</strong></span> <span class='ocrx_word' id='word_1_22' title='bbox 3493 483 3721 547; x_wconf 84' lang='lat' dir='ltr'><strong>parum</strong></span> 
     </span>
    </p>
   </div>
   <div class='ocr_carea' id='block_1_3' title="bbox 425 567 3721 655">
    <p class='ocr_par' dir='ltr' id='par_1_3' title="bbox 425 567 3721 655">
     <span class='ocr_line' id='line_1_3' title="bbox 425 567 3721 655; baseline -0.004 -17"><span class='ocrx_word' id='word_1_23' title='bbox 425 579 740 639; x_wconf 82' lang='lat' dir='ltr'><strong>sincerum</strong></span> <span class='ocrx_word' id='word_1_24' title='bbox 774 595 845 638; x_wconf 91' lang='lat' dir='ltr'><strong>ac</strong></span> <span class='ocrx_word' id='word_1_25' title='bbox 881 576 1242 655; x_wconf 74' lang='lat' dir='ltr'><strong>diligentem</strong></span> <span class='ocrx_word' id='word_1_26' title='bbox 1298 571 1697 648; x_wconf 83' lang='lat' dir='ltr'><strong>Quesnellum</strong></span> <span class='ocrx_word' id='word_1_27' title='bbox 1755 573 1825 634; x_wconf 86' lang='lat' dir='ltr'><strong>in</strong></span> <span class='ocrx_word' id='word_1_28' title='bbox 1876 571 1988 631; x_wconf 79' lang='lat' dir='ltr'><strong>hac</strong></span> <span class='ocrx_word' id='word_1_29' title='bbox 2036 569 2306 631; x_wconf 85' lang='lat' dir='ltr'><strong>editione</strong></span> <span class='ocrx_word' id='word_1_30' title='bbox 2334 576 2629 645; x_wconf 88' lang='lat' dir='ltr'><strong>testatur,</strong></span> <span class='ocrx_word' id='word_1_31' title='bbox 2657 585 2936 644; x_wconf 89' lang='lat' dir='ltr'><strong>eumque</strong></span> <span class='ocrx_word' id='word_1_32' title='bbox 2992 569 3406 646; x_wconf 89' lang='lat' dir='ltr'><strong>reprehendit</strong></span> <span class='ocrx_word' id='word_1_33' title='bbox 3435 587 3510 630; x_wconf 90' lang='lat' dir='ltr'><strong>eo</strong></span> <span class='ocrx_word' id='word_1_34' title='bbox 3546 567 3721 646; x_wconf 81' lang='lat' dir='ltr'><strong>quod</strong></span> 
     </span>
    </p>
   </div>
   <div class='ocr_carea' id='block_1_4' title="bbox 427 666 3722 755">
    <p class='ocr_par' dir='ltr' id='par_1_4' title="bbox 427 666 3722 755">
     <span class='ocr_line' id='line_1_4' title="bbox 427 666 3722 755; baseline -0.004 -16"><span class='ocrx_word' id='word_1_35' title='bbox 427 686 601 739; x_wconf 87' lang='lat' dir='ltr'><strong>certo</strong></span> <span class='ocrx_word' id='word_1_36' title='bbox 637 678 918 755; x_wconf 90' lang='lat' dir='ltr'><strong>quodam</strong></span> <span class='ocrx_word' id='word_1_37' title='bbox 969 678 1108 739; x_wconf 90' lang='lat' dir='ltr'><strong>loco</strong></span> <span class='ocrx_word' id='word_1_38' title='bbox 1166 683 1423 736; x_wconf 89' lang='lat' dir='ltr'><strong>secutus</strong></span> <span class='ocrx_word' id='word_1_39' title='bbox 1467 677 1549 735; x_wconf 92' lang='lat' dir='ltr'><strong>sit</strong></span> <span class='ocrx_word' id='word_1_40' title='bbox 1598 674 1969 736; x_wconf 84' lang='lat' dir='ltr'><strong>mendosam</strong></span> <span class='ocrx_word' id='word_1_41' title='bbox 2032 671 2369 732; x_wconf 89' lang='lat' dir='ltr'><strong>lectionem</strong></span> <span class='ocrx_word' id='word_1_42' title='bbox 2436 669 2669 730; x_wconf 83' lang='lat' dir='ltr'><strong>codicis</strong></span> <span class='ocrx_word' id='word_1_43' title='bbox 2703 666 3120 739; x_wconf 89' lang='lat' dir='ltr'><strong>Oxoniensis,</strong></span> <span class='ocrx_word' id='word_1_44' title='bbox 3179 670 3282 728; x_wconf 90' lang='lat' dir='ltr'><strong>cui</strong></span> <span class='ocrx_word' id='word_1_45' title='bbox 3335 667 3722 730; x_wconf 83' lang='lat' dir='ltr'><strong>Thuaneum</strong></span> 
     </span>
    </p>
   </div>
   <div class='ocr_carea' id='block_1_5' title="bbox 427 769 3724 858">
    <p class='ocr_par' dir='ltr' id='par_1_5' title="bbox 427 769 3724 858">
     <span class='ocr_line' id='line_1_5' title="bbox 427 769 3724 858; baseline -0.004 -19"><span class='ocrx_word' id='word_1_46' title='bbox 427 779 760 858; x_wconf 81' lang='lat' dir='ltr'><strong>exemplar</strong></span> <span class='ocrx_word' id='word_1_47' title='bbox 791 778 1038 840; x_wconf 90' lang='lat' dir='ltr'><strong>cunctis</strong></span> <span class='ocrx_word' id='word_1_48' title='bbox 1070 777 1438 837; x_wconf 87' lang='lat' dir='ltr'><strong>nominibus</strong></span> <span class='ocrx_word' id='word_1_49' title='bbox 1470 772 2140 837; x_wconf 83' lang='lat' dir='ltr'><strong>eratantcferendum.</strong></span> <span class='ocrx_word' id='word_1_50' title='bbox 2187 773 2351 832; x_wconf 89' lang='lat' dir='ltr'><strong>Etin</strong></span> <span class='ocrx_word' id='word_1_51' title='bbox 2405 771 2775 849; x_wconf 76' lang='lat' dir='ltr'><strong>prtefatione</strong></span> <span class='ocrx_word' id='word_1_52' title='bbox 2825 770 2902 831; x_wconf 90' lang='lat' dir='ltr'><strong>ad</strong></span> <span class='ocrx_word' id='word_1_53' title='bbox 2954 771 3292 849; x_wconf 88' lang='lat' dir='ltr'><strong>antiquam</strong></span> <span class='ocrx_word' id='word_1_54' title='bbox 3360 769 3724 830; x_wconf 83' lang='lat' dir='ltr'><strong>versionem</strong></span> 
     </span>
    </p>
   </div>
   <div class='ocr_carea' id='block_1_6' title="bbox 426 871 3722 949">
    <p class='ocr_par' dir='ltr' id='par_1_6' title="bbox 426 871 3722 949">
     <span class='ocr_line' id='line_1_6' title="bbox 426 871 3722 949; baseline -0.002 -13"><span class='ocrx_word' id='word_1_55' title='bbox 426 877 721 939; x_wconf 80' lang='lat' dir='ltr'><strong>Latinam</strong></span> <span class='ocrx_word' id='word_1_56' title='bbox 761 875 1012 936; x_wconf 89' lang='lat' dir='ltr'><strong>concilii</strong></span> <span class='ocrx_word' id='word_1_57' title='bbox 1067 873 1637 947; x_wconf 80' lang='lat' dir='ltr'><strong>Chalcedonensis,</strong></span> <span class='ocrx_word' id='word_1_58' title='bbox 1691 891 1868 933; x_wconf 90' lang='lat' dir='ltr'><strong>num.</strong></span> <span class='ocrx_word' id='word_1_59' title='bbox 1925 872 2029 945; x_wconf 73' lang='lat'><strong>2&#39;2,</strong></span> <span class='ocrx_word' id='word_1_60' title='bbox 2080 871 2371 934; x_wconf 86' lang='lat' dir='ltr'><strong>eamdem</strong></span> <span class='ocrx_word' id='word_1_61' title='bbox 2412 871 2549 948; x_wconf 85' lang='lat' dir='ltr'><strong>ejus</strong></span> <span class='ocrx_word' id='word_1_62' title='bbox 2589 871 3042 949; x_wconf 82' lang='lat' dir='ltr'><strong>negligentiam</strong></span> <span class='ocrx_word' id='word_1_63' title='bbox 3079 871 3140 929; x_wconf 92' lang='lat' dir='ltr'><strong>in</strong></span> <span class='ocrx_word' id='word_1_64' title='bbox 3177 871 3306 930; x_wconf 90' lang='lat' dir='ltr'><strong>alio</strong></span> <span class='ocrx_word' id='word_1_65' title='bbox 3335 877 3722 949; x_wconf 83' lang='lat' dir='ltr'><strong>argumento</strong></span> 
     </span>
    </p>
   </div>
   <div class='ocr_carea' id='block_1_7' title="bbox 426 967 3730 1050">
    <p class='ocr_par' dir='ltr' id='par_1_7' title="bbox 426 967 3730 1050">
     <span class='ocr_line' id='line_1_7' title="bbox 426 967 3730 1050; baseline -0.002 -13"><span class='ocrx_word' id='word_1_66' title='bbox 426 992 744 1037; x_wconf 79' lang='lat' dir='ltr'><strong>accusans</strong></span> <span class='ocrx_word' id='word_1_67' title='bbox 777 993 792 1032; x_wconf 90' lang='lat'><strong>:</strong></span> <span class='ocrx_word' id='word_1_68' title='bbox 824 973 899 1034; x_wconf 92' lang='lat' dir='ltr'><strong>Si</strong></span> <span class='ocrx_word' id='word_1_69' title='bbox 944 973 1074 1044; x_wconf 84' lang='lat' dir='ltr'><strong>ille,</strong></span> <span class='ocrx_word' id='word_1_70' title='bbox 1142 974 1381 1050; x_wconf 88' lang='lat' dir='ltr'><strong>inquit,</strong></span> <span class='ocrx_word' id='word_1_71' title='bbox 1445 979 1674 1032; x_wconf 75' lang='lat' dir='ltr'><strong>veteres</strong></span> <span class='ocrx_word' id='word_1_72' title='bbox 1705 971 1946 1031; x_wconf 75' lang='lat' dir='ltr'><strong>codices</strong></span> <span class='ocrx_word' id='word_1_73' title='bbox 1977 977 2297 1039; x_wconf 87' lang='lat' dir='ltr'><strong>accurate,</strong></span> <span class='ocrx_word' id='word_1_74' title='bbox 2327 977 2402 1031; x_wconf 88' lang='lat' dir='ltr'><strong>ut</strong></span> <span class='ocrx_word' id='word_1_75' title='bbox 2461 988 2578 1029; x_wconf 86' lang='lat' dir='ltr'><strong>nos</strong></span> <span class='ocrx_word' id='word_1_76' title='bbox 2610 970 2894 1047; x_wconf 79' lang='lat' dir='ltr'><strong>fecimus,</strong></span> <span class='ocrx_word' id='word_1_77' title='bbox 2923 969 3365 1041; x_wconf 82' lang='lat' dir='ltr'><strong>consuluisset,</strong></span> <span class='ocrx_word' id='word_1_78' title='bbox 3395 968 3554 1030; x_wconf 82' lang='lat' dir='ltr'><strong>hanc</strong></span> <span class='ocrx_word' id='word_1_79' title='bbox 3582 967 3730 1048; x_wconf 84' lang='lat' dir='ltr'><strong>opi-</strong></span> 
     </span>
    </p>
   </div>
   <div class='ocr_carea' id='block_1_8' title="bbox 429 1069 3729 1154">
    <p class='ocr_par' dir='ltr' id='par_1_8' title="bbox 429 1069 3729 1154">
     <span class='ocr_line' id='line_1_8' title="bbox 429 1069 3729 1154; baseline -0.003 -16"><span class='ocrx_word' id='word_1_80' title='bbox 429 1077 681 1138; x_wconf 87' lang='lat' dir='ltr'><strong>nionem</strong></span> <span class='ocrx_word' id='word_1_81' title='bbox 703 1083 897 1136; x_wconf 87' lang='lat' dir='ltr'><strong>mente</strong></span> <span class='ocrx_word' id='word_1_82' title='bbox 930 1094 1042 1136; x_wconf 83' lang='lat' dir='ltr'><strong>sua</strong></span> <span class='ocrx_word' id='word_1_83' title='bbox 1073 1093 1202 1135; x_wconf 86' lang='lat' dir='ltr'><strong>non</strong></span> <span class='ocrx_word' id='word_1_84' title='bbox 1232 1073 1806 1154; x_wconf 82' lang='lat' dir='ltr'><strong>comprehendisset.</strong></span> <span class='ocrx_word' id='word_1_85' title='bbox 1836 1072 2072 1132; x_wconf 89' lang='lat' dir='ltr'><strong>Eodem</strong></span> <span class='ocrx_word' id='word_1_86' title='bbox 2103 1089 2364 1150; x_wconf 86' lang='lat' dir='ltr'><strong>quoque</strong></span> <span class='ocrx_word' id='word_1_87' title='bbox 2393 1089 2663 1132; x_wconf 88' lang='lat' dir='ltr'><strong>numero</strong></span> <span class='ocrx_word' id='word_1_88' title='bbox 2690 1070 2769 1129; x_wconf 75' lang='lat'><strong>22</strong></span> <span class='ocrx_word' id='word_1_89' title='bbox 2789 1069 2863 1128; x_wconf 89' lang='lat' dir='ltr'><strong>de</strong></span> <span class='ocrx_word' id='word_1_90' title='bbox 2884 1074 3161 1146; x_wconf 73' lang='lat' dir='ltr'><strong>quadam</strong></span> <span class='ocrx_word' id='word_1_91' title='bbox 3194 1069 3334 1148; x_wconf 89' lang='lat' dir='ltr'><strong>ejus</strong></span> <span class='ocrx_word' id='word_1_92' title='bbox 3359 1070 3729 1148; x_wconf 84' lang='lat' dir='ltr'><strong>conjectura</strong></span> 
     </span>
    </p>
   </div>
   <div class='ocr_carea' id='block_1_9' title="bbox 430 1173 3732 1255">
    <p class='ocr_par' dir='ltr' id='par_1_9' title="bbox 430 1173 3732 1255">
     <span class='ocr_line' id='line_1_9' title="bbox 430 1173 3732 1255; baseline -0.002 -14"><span class='ocrx_word' id='word_1_93' title='bbox 430 1180 521 1241; x_wconf 85' lang='lat' dir='ltr'><strong>ait</strong></span> <span class='ocrx_word' id='word_1_94' title='bbox 551 1199 566 1238; x_wconf 90' lang='lat'><strong>:</strong></span> <span class='ocrx_word' id='word_1_95' title='bbox 595 1179 776 1240; x_wconf 89' lang='lat' dir='ltr'><strong>Mera</strong></span> <span class='ocrx_word' id='word_1_96' title='bbox 804 1177 1114 1238; x_wconf 81' lang='lat' dir='ltr'><strong>divinatio</strong></span> <span class='ocrx_word' id='word_1_97' title='bbox 1139 1185 1249 1253; x_wconf 89' lang='lat' dir='ltr'><strong>est,</strong></span> <span class='ocrx_word' id='word_1_98' title='bbox 1280 1185 1347 1236; x_wconf 91' lang='lat' dir='ltr'><strong>ut</strong></span> <span class='ocrx_word' id='word_1_99' title='bbox 1367 1193 1518 1254; x_wconf 82' lang='lat' dir='ltr'><strong>pace</strong></span> <span class='ocrx_word' id='word_1_100' title='bbox 1544 1177 1673 1255; x_wconf 82' lang='lat' dir='ltr'><strong>ejus</strong></span> <span class='ocrx_word' id='word_1_101' title='bbox 1701 1174 1994 1243; x_wconf 72' lang='lat' dir='ltr'><strong>dixerim,</strong></span> <span class='ocrx_word' id='word_1_102' title='bbox 2024 1193 2158 1253; x_wconf 70' lang='lat' dir='ltr'><strong>quae</strong></span> <span class='ocrx_word' id='word_1_103' title='bbox 2180 1175 2428 1236; x_wconf 69' lang='lat' dir='ltr'><strong>ratione</strong></span> <span class='ocrx_word' id='word_1_104' title='bbox 2459 1192 2588 1235; x_wconf 88' lang='lat' dir='ltr'><strong>non</strong></span> <span class='ocrx_word' id='word_1_105' title='bbox 2616 1182 2886 1235; x_wconf 79' lang='lat' dir='ltr'><strong>constat.</strong></span> <span class='ocrx_word' id='word_1_106' title='bbox 2905 1174 2970 1234; x_wconf 89' lang='lat' dir='ltr'><strong>P.</strong></span> <span class='ocrx_word' id='word_1_107' title='bbox 2997 1174 3361 1234; x_wconf 86' lang='lat' dir='ltr'><strong>Bernardus</strong></span> <span class='ocrx_word' id='word_1_108' title='bbox 3391 1173 3732 1234; x_wconf 86' lang='lat' dir='ltr'><strong>Montfau-</strong></span> 
     </span>
    </p>
   </div>
   <div class='ocr_carea' id='block_1_10' title="bbox 431 1273 3730 1355">
    <p class='ocr_par' dir='ltr' id='par_1_10' title="bbox 431 1273 3730 1355">
     <span class='ocr_line' id='line_1_10' title="bbox 431 1273 3730 1355; baseline -0.001 -15"><span class='ocrx_word' id='word_1_109' title='bbox 431 1279 664 1340; x_wconf 87' lang='lat' dir='ltr'><strong>conius</strong></span> <span class='ocrx_word' id='word_1_110' title='bbox 695 1297 809 1340; x_wconf 90' lang='lat' dir='ltr'><strong>seu</strong></span> <span class='ocrx_word' id='word_1_111' title='bbox 841 1279 1138 1338; x_wconf 90' lang='lat' dir='ltr'><strong>monachi</strong></span> <span class='ocrx_word' id='word_1_112' title='bbox 1169 1277 1559 1339; x_wconf 88' lang='lat' dir='ltr'><strong>Benedictini</strong></span> <span class='ocrx_word' id='word_1_113' title='bbox 1597 1277 2117 1354; x_wconf 86' lang='lat' dir='ltr'><strong>congregationis</strong></span> <span class='ocrx_word' id='word_1_114' title='bbox 2151 1276 2437 1336; x_wconf 88' lang='lat' dir='ltr'><strong>S.Mauri</strong></span> <span class='ocrx_word' id='word_1_115' title='bbox 2465 1277 2527 1335; x_wconf 92' lang='lat' dir='ltr'><strong>in</strong></span> <span class='ocrx_word' id='word_1_116' title='bbox 2552 1277 2825 1336; x_wconf 87' lang='lat' dir='ltr'><strong>diatriba</strong></span> <span class='ocrx_word' id='word_1_117' title='bbox 2852 1277 2914 1335; x_wconf 92' lang='lat' dir='ltr'><strong>in</strong></span> <span class='ocrx_word' id='word_1_118' title='bbox 2933 1275 3294 1354; x_wconf 84' lang='lat' dir='ltr'><strong>symbolum</strong></span> <span class='ocrx_word' id='word_1_119' title='bbox 3323 1273 3730 1355; x_wconf 83' lang='lat' dir='ltr'><strong>Quicumque,</strong></span> 
     </span>
    </p>
   </div>
   <div class='ocr_carea' id='block_1_11' title="bbox 433 1380 3729 1465">
    <p class='ocr_par' dir='ltr' id='par_1_11' title="bbox 433 1380 3729 1465">
     <span class='ocr_line' id='line_1_11' title="bbox 433 1380 3729 1465; baseline -0.001 -21"><span class='ocrx_word' id='word_1_120' title='bbox 433 1388 590 1445; x_wconf 81' lang='lat' dir='ltr'><strong>tom.</strong></span> <span class='ocrx_word' id='word_1_121' title='bbox 628 1384 684 1444; x_wconf 89' lang='lat' dir='ltr'><strong>ll</strong></span> <span class='ocrx_word' id='word_1_122' title='bbox 712 1383 995 1462; x_wconf 90' lang='lat' dir='ltr'><strong>Operum</strong></span> <span class='ocrx_word' id='word_1_123' title='bbox 1022 1383 1087 1444; x_wconf 92' lang='lat' dir='ltr'><strong>S.</strong></span> <span class='ocrx_word' id='word_1_124' title='bbox 1130 1383 1494 1454; x_wconf 83' lang='lat' dir='ltr'><strong>Athanasii,</strong></span> <span class='ocrx_word' id='word_1_125' title='bbox 1521 1399 1663 1460; x_wconf 87' lang='lat' dir='ltr'><strong>pag.</strong></span> <span class='ocrx_word' id='word_1_126' title='bbox 1694 1380 1836 1457; x_wconf 66' lang='lat' dir='ltr'><strong>721i,</strong></span> <span class='ocrx_word' id='word_1_127' title='bbox 1869 1382 1944 1442; x_wconf 89' lang='lat' dir='ltr'><strong>de</strong></span> <span class='ocrx_word' id='word_1_128' title='bbox 1973 1383 2348 1459; x_wconf 85' lang='lat' dir='ltr'><strong>Quesnello,</strong></span> <span class='ocrx_word' id='word_1_129' title='bbox 2389 1385 2494 1460; x_wconf 88' lang='lat' dir='ltr'><strong>qui</strong></span> <span class='ocrx_word' id='word_1_130' title='bbox 2551 1386 2843 1447; x_wconf 88' lang='lat' dir='ltr'><strong>eumdem</strong></span> <span class='ocrx_word' id='word_1_131' title='bbox 2900 1388 3264 1465; x_wconf 84' lang='lat' dir='ltr'><strong>symbolum</strong></span> <span class='ocrx_word' id='word_1_132' title='bbox 3288 1383 3525 1462; x_wconf 76' lang='lat' dir='ltr'><strong>Vigilio</strong></span> <span class='ocrx_word' id='word_1_133' title='bbox 3559 1383 3729 1460; x_wconf 85' lang='lat' dir='ltr'><strong>Tap-</strong></span> 
     </span>
    </p>
   </div>
   <div class='ocr_carea' id='block_1_12' title="bbox 435 1482 3737 1564">
    <p class='ocr_par' dir='ltr' id='par_1_12' title="bbox 435 1482 3737 1564">
     <span class='ocr_line' id='line_1_12' title="bbox 435 1482 3737 1564; baseline -0.001 -18"><span class='ocrx_word' id='word_1_134' title='bbox 435 1485 611 1546; x_wconf 84' lang='lat' dir='ltr'><strong>sensi</strong></span> <span class='ocrx_word' id='word_1_135' title='bbox 648 1485 1057 1560; x_wconf 88' lang='lat' dir='ltr'><strong>ascripserat,</strong></span> <span class='ocrx_word' id='word_1_136' title='bbox 1099 1485 1516 1559; x_wconf 89' lang='lat' dir='ltr'><strong>pronuntiant</strong></span> <span class='ocrx_word' id='word_1_137' title='bbox 1551 1502 1566 1541; x_wconf 93' lang='lat'><strong>:</strong></span> <span class='ocrx_word' id='word_1_138' title='bbox 1601 1482 1729 1557; x_wconf 85' lang='lat' dir='ltr'><strong>Qui</strong></span> <span class='ocrx_word' id='word_1_139' title='bbox 1756 1489 1980 1552; x_wconf 84' lang='lat' dir='ltr'><strong>tamen,</strong></span> <span class='ocrx_word' id='word_1_140' title='bbox 2021 1493 2088 1544; x_wconf 90' lang='lat' dir='ltr'><strong>ut</strong></span> <span class='ocrx_word' id='word_1_141' title='bbox 2117 1486 2276 1545; x_wconf 82' lang='lat' dir='ltr'><strong>valet</strong></span> <span class='ocrx_word' id='word_1_142' title='bbox 2299 1487 2642 1564; x_wconf 77' lang='lat' dir='ltr'><strong>sagacitate</strong></span> <span class='ocrx_word' id='word_1_143' title='bbox 2670 1495 2726 1546; x_wconf 86' lang='lat' dir='ltr'><strong>et</strong></span> <span class='ocrx_word' id='word_1_144' title='bbox 2759 1488 3136 1562; x_wconf 79' lang='lat' dir='ltr'><strong>eruditione,</strong></span> <span class='ocrx_word' id='word_1_145' title='bbox 3163 1507 3290 1548; x_wconf 86' lang='lat' dir='ltr'><strong>non</strong></span> <span class='ocrx_word' id='word_1_146' title='bbox 3323 1487 3450 1548; x_wconf 88' lang='lat' dir='ltr'><strong>nisi</strong></span> <span class='ocrx_word' id='word_1_147' title='bbox 3477 1485 3737 1563; x_wconf 88' lang='lat' dir='ltr'><strong>conjec-</strong></span> 
     </span>
    </p>
   </div>
   <div class='ocr_carea' id='block_1_13' title="bbox 440 1586 3739 1671">
    <p class='ocr_par' dir='ltr' id='par_1_13' title="bbox 440 1586 3739 1671">
     <span class='ocr_line' id='line_1_13' title="bbox 440 1586 3739 1671; baseline 0.002 -24"><span class='ocrx_word' id='word_1_148' title='bbox 440 1586 631 1648; x_wconf 83' lang='lat' dir='ltr'><strong>tando</strong></span> <span class='ocrx_word' id='word_1_149' title='bbox 655 1587 944 1667; x_wconf 82' lang='lat' dir='ltr'><strong>loquitur</strong></span> <span class='ocrx_word' id='word_1_150' title='bbox 973 1606 992 1644; x_wconf 90' lang='lat'><strong><em>:</em></strong></span> <span class='ocrx_word' id='word_1_151' title='bbox 1029 1587 1416 1648; x_wconf 86' lang='lat' dir='ltr'><strong>Guillelmus</strong></span> <span class='ocrx_word' id='word_1_152' title='bbox 1461 1587 1709 1649; x_wconf 85' lang='lat' dir='ltr'><strong>Caveus</strong></span> <span class='ocrx_word' id='word_1_153' title='bbox 1740 1590 1817 1650; x_wconf 91' lang='lat' dir='ltr'><strong>ad</strong></span> <span class='ocrx_word' id='word_1_154' title='bbox 1851 1607 2094 1651; x_wconf 89' lang='lat' dir='ltr'><strong>annum</strong></span> <span class='ocrx_word' id='word_1_155' title='bbox 2129 1589 2269 1664; x_wconf 74' lang='grc' dir='ltr'><strong>ῑιῑιο,</strong></span> <span class='ocrx_word' id='word_1_156' title='bbox 2300 1611 2441 1671; x_wconf 84' lang='lat' dir='ltr'><strong>pag.</strong></span> <span class='ocrx_word' id='word_1_157' title='bbox 2475 1593 2618 1669; x_wconf 77' lang='lat'>279,</span> <span class='ocrx_word' id='word_1_158' title='bbox 2643 1594 2716 1653; x_wconf 89' lang='lat' dir='ltr'><strong>de</strong></span> <span class='ocrx_word' id='word_1_159' title='bbox 2738 1593 3065 1668; x_wconf 91' lang='lat' dir='ltr'><strong>Quesnelli</strong></span> <span class='ocrx_word' id='word_1_160' title='bbox 3107 1592 3581 1660; x_wconf 83' lang='lat' dir='ltr'><strong>dissertatione,</strong></span> <span class='ocrx_word' id='word_1_161' title='bbox 3607 1604 3739 1665; x_wconf 81' lang='lat' dir='ltr'><strong>qua</strong></span> 
     </span>
    </p>
   </div>
   <div class='ocr_carea' id='block_1_14' title="bbox 439 1689 3737 1773">
    <p class='ocr_par' dir='ltr' id='par_1_14' title="bbox 439 1689 3737 1773">
     <span class='ocr_line' id='line_1_14' title="bbox 439 1689 3737 1773; baseline -0.001 -23"><span class='ocrx_word' id='word_1_162' title='bbox 439 1690 640 1751; x_wconf 87' lang='lat' dir='ltr'><strong>libros</strong></span> <span class='ocrx_word' id='word_1_163' title='bbox 695 1691 771 1748; x_wconf 89' lang='lat' dir='ltr'><strong>de</strong></span> <span class='ocrx_word' id='word_1_164' title='bbox 828 1690 1181 1751; x_wconf 90' lang='lat' dir='ltr'><strong>Vocatione</strong></span> <span class='ocrx_word' id='word_1_165' title='bbox 1218 1691 1505 1749; x_wconf 88' lang='lat' dir='ltr'><strong>omnium</strong></span> <span class='ocrx_word' id='word_1_166' title='bbox 1542 1691 1828 1770; x_wconf 89' lang='lat' dir='ltr'><strong>gentium</strong></span> <span class='ocrx_word' id='word_1_167' title='bbox 1885 1692 2082 1752; x_wconf 83' lang='lat' dir='ltr'><strong>Leoni</strong></span> <span class='ocrx_word' id='word_1_168' title='bbox 2131 1693 2593 1769; x_wconf 87' lang='lat' dir='ltr'><strong>adjudicandos</strong></span> <span class='ocrx_word' id='word_1_169' title='bbox 2651 1697 2958 1773; x_wconf 84' lang='lat' dir='ltr'><strong>suscepit,</strong></span> <span class='ocrx_word' id='word_1_170' title='bbox 2992 1697 3232 1773; x_wconf 88' lang='lat' dir='ltr'><strong>pariter</strong></span> <span class='ocrx_word' id='word_1_171' title='bbox 3265 1693 3522 1773; x_wconf 87' lang='lat' dir='ltr'><strong>scripsit</strong></span> <span class='ocrx_word' id='word_1_172' title='bbox 3553 1710 3569 1750; x_wconf 87' lang='lat'><strong>:</strong></span> <span class='ocrx_word' id='word_1_173' title='bbox 3606 1689 3737 1748; x_wconf 78' lang='lat' dir='ltr'><strong>Eos</strong></span> 
     </span>
    </p>
   </div>
   <div class='ocr_carea' id='block_1_15' title="bbox 441 1788 3740 1874">
    <p class='ocr_par' dir='ltr' id='par_1_15' title="bbox 441 1788 3740 1874">
     <span class='ocr_line' id='line_1_15' title="bbox 441 1788 3740 1874; baseline -0.002 -20"><span class='ocrx_word' id='word_1_174' title='bbox 441 1792 638 1854; x_wconf 87' lang='lat' dir='ltr'><strong>Leoni</strong></span> <span class='ocrx_word' id='word_1_175' title='bbox 668 1809 935 1852; x_wconf 83' lang='lat' dir='ltr'><strong>asserere</strong></span> <span class='ocrx_word' id='word_1_176' title='bbox 971 1799 1265 1863; x_wconf 86' lang='lat' dir='ltr'><strong>conatur,</strong></span> <span class='ocrx_word' id='word_1_177' title='bbox 1301 1791 1483 1872; x_wconf 83' lang='lat' dir='ltr'><strong>idque</strong></span> <span class='ocrx_word' id='word_1_178' title='bbox 1511 1792 1699 1870; x_wconf 86' lang='lat' dir='ltr'><strong>longo</strong></span> <span class='ocrx_word' id='word_1_179' title='bbox 1731 1794 2239 1871; x_wconf 84' lang='lat' dir='ltr'><strong>conjecturarum</strong></span> <span class='ocrx_word' id='word_1_180' title='bbox 2289 1797 2508 1872; x_wconf 81' lang='lat' dir='ltr'><strong>potius</strong></span> <span class='ocrx_word' id='word_1_181' title='bbox 2538 1814 2724 1874; x_wconf 89' lang='lat' dir='ltr'><strong>quam</strong></span> <span class='ocrx_word' id='word_1_182' title='bbox 2749 1805 3265 1873; x_wconf 86' lang='lat' dir='ltr'><strong>argumentorum</strong></span> <span class='ocrx_word' id='word_1_183' title='bbox 3310 1791 3577 1871; x_wconf 87' lang='lat' dir='ltr'><strong>agmine.</strong></span> <span class='ocrx_word' id='word_1_184' title='bbox 3624 1788 3740 1849; x_wconf 80' lang='lat' dir='ltr'><strong>His</strong></span> 
     </span>
    </p>
   </div>
   <div class='ocr_carea' id='block_1_16' title="bbox 442 1897 3744 1977">
    <p class='ocr_par' dir='ltr' id='par_1_16' title="bbox 442 1897 3744 1977">
     <span class='ocr_line' id='line_1_16' title="bbox 442 1897 3744 1977; baseline -0.003 -15"><span class='ocrx_word' id='word_1_185' title='bbox 442 1903 661 1962; x_wconf 87' lang='lat' dir='ltr'><strong>autem</strong></span> <span class='ocrx_word' id='word_1_186' title='bbox 717 1897 1291 1977; x_wconf 90' lang='lat' dir='ltr'><strong>conjectationibus</strong></span> <span class='ocrx_word' id='word_1_187' title='bbox 1345 1899 1722 1974; x_wconf 87' lang='lat' dir='ltr'><strong>compendio</strong></span> <span class='ocrx_word' id='word_1_188' title='bbox 1773 1899 2107 1959; x_wconf 88' lang='lat' dir='ltr'><strong>recensitis</strong></span> <span class='ocrx_word' id='word_1_189' title='bbox 2159 1901 2374 1958; x_wconf 82' lang='lat' dir='ltr'><strong>subdit</strong></span> <span class='ocrx_word' id='word_1_190' title='bbox 2407 1923 2422 1961; x_wconf 90' lang='lat'><strong>:</strong></span> <span class='ocrx_word' id='word_1_191' title='bbox 2464 1900 2762 1960; x_wconf 85' lang='lat' dir='ltr'><strong>Pluribus</strong></span> <span class='ocrx_word' id='word_1_192' title='bbox 2793 1900 2916 1962; x_wconf 75' lang='lat' dir='ltr'><strong>haec</strong></span> <span class='ocrx_word' id='word_1_193' title='bbox 2943 1901 3108 1960; x_wconf 85' lang='lat' dir='ltr'><strong>dicit</strong></span> <span class='ocrx_word' id='word_1_194' title='bbox 3137 1900 3239 1960; x_wconf 78' lang='lat' dir='ltr'><strong>vir</strong></span> <span class='ocrx_word' id='word_1_195' title='bbox 3266 1898 3576 1968; x_wconf 81' lang='lat' dir='ltr'><strong>eruditus,</strong></span> <span class='ocrx_word' id='word_1_196' title='bbox 3608 1911 3744 1974; x_wconf 76' lang='lat' dir='ltr'><strong>qua:</strong></span> 
     </span>
    </p>
   </div>
   <div class='ocr_carea' id='block_1_17' title="bbox 447 1997 3745 2080">
    <p class='ocr_par' dir='ltr' id='par_1_17' title="bbox 447 1997 3745 2080">
     <span class='ocr_line' id='line_1_17' title="bbox 447 1997 3745 2080; baseline -0.002 -20"><span class='ocrx_word' id='word_1_197' title='bbox 447 2018 586 2060; x_wconf 90' lang='lat' dir='ltr'><strong>cum</strong></span> <span class='ocrx_word' id='word_1_198' title='bbox 616 2017 737 2078; x_wconf 84' lang='lat' dir='ltr'><strong>pro</strong></span> <span class='ocrx_word' id='word_1_199' title='bbox 774 2000 1049 2080; x_wconf 78' lang='lat' dir='ltr'><strong>cujusvis</strong></span> <span class='ocrx_word' id='word_1_200' title='bbox 1108 2001 1361 2078; x_wconf 88' lang='lat' dir='ltr'><strong>ingenio</strong></span> <span class='ocrx_word' id='word_1_201' title='bbox 1396 2001 1643 2062; x_wconf 86' lang='lat' dir='ltr'><strong>variare</strong></span> <span class='ocrx_word' id='word_1_202' title='bbox 1666 2001 1895 2077; x_wconf 80' lang='lat' dir='ltr'><strong>solent,</strong></span> <span class='ocrx_word' id='word_1_203' title='bbox 1929 2008 1983 2061; x_wconf 89' lang='lat' dir='ltr'><strong>et</strong></span> <span class='ocrx_word' id='word_1_204' title='bbox 2011 1999 2157 2080; x_wconf 85' lang='lat' dir='ltr'><strong>plus</strong></span> <span class='ocrx_word' id='word_1_205' title='bbox 2190 2001 2468 2062; x_wconf 80' lang='lat' dir='ltr'><strong>minusve</strong></span> <span class='ocrx_word' id='word_1_206' title='bbox 2495 2004 2560 2062; x_wconf 87' lang='lat' dir='ltr'><strong>in</strong></span> <span class='ocrx_word' id='word_1_207' title='bbox 2589 2001 2735 2063; x_wconf 85' lang='lat' dir='ltr'><strong>aliis</strong></span> <span class='ocrx_word' id='word_1_208' title='bbox 2778 2002 3046 2080; x_wconf 83' lang='lat' dir='ltr'><strong>reperiri</strong></span> <span class='ocrx_word' id='word_1_209' title='bbox 3070 2009 3362 2080; x_wconf 87' lang='lat' dir='ltr'><strong>possunt,</strong></span> <span class='ocrx_word' id='word_1_210' title='bbox 3393 1997 3562 2060; x_wconf 83' lang='lat' dir='ltr'><strong>haud</strong></span> <span class='ocrx_word' id='word_1_211' title='bbox 3589 1997 3745 2058; x_wconf 84' lang='lat' dir='ltr'><strong>satis</strong></span> 
     </span>
    </p>
   </div>
   <div class='ocr_carea' id='block_1_18' title="bbox 447 2096 3744 2182">
    <p class='ocr_par' dir='ltr' id='par_1_18' title="bbox 447 2096 3744 2182">
     <span class='ocr_line' id='line_1_18' title="bbox 447 2096 3744 2182; baseline -0.001 -22"><span class='ocrx_word' id='word_1_212' title='bbox 447 2102 692 2182; x_wconf 86' lang='lat' dir='ltr'><strong>ﬁrmum</strong></span> <span class='ocrx_word' id='word_1_213' title='bbox 713 2100 1032 2160; x_wconf 77' lang='lat' dir='ltr'><strong>sententiw</strong></span> <span class='ocrx_word' id='word_1_214' title='bbox 1057 2099 1693 2176; x_wconf 80' lang='lat' dir='ltr'><strong>huicfundamentum</strong></span> <span class='ocrx_word' id='word_1_215' title='bbox 1717 2101 2074 2160; x_wconf 81' lang='lat' dir='ltr'><strong>substruere</strong></span> <span class='ocrx_word' id='word_1_216' title='bbox 2120 2100 2435 2161; x_wconf 81' lang='lat' dir='ltr'><strong>videntur.</strong></span> <span class='ocrx_word' id='word_1_217' title='bbox 2470 2101 2547 2159; x_wconf 91' lang='lat' dir='ltr'><strong>Et</strong></span> <span class='ocrx_word' id='word_1_218' title='bbox 2574 2101 2635 2160; x_wconf 90' lang='lat' dir='ltr'><strong>P.</strong></span> <span class='ocrx_word' id='word_1_219' title='bbox 2671 2099 3054 2162; x_wconf 87' lang='lat' dir='ltr'><strong>Guillclmus</strong></span> <span class='ocrx_word' id='word_1_220' title='bbox 3093 2100 3383 2177; x_wconf 86' lang='lat' dir='ltr'><strong>Cuperus</strong></span> <span class='ocrx_word' id='word_1_221' title='bbox 3453 2099 3515 2158; x_wconf 91' lang='lat' dir='ltr'><strong>in</strong></span> <span class='ocrx_word' id='word_1_222' title='bbox 3571 2096 3744 2158; x_wconf 82' lang='lat' dir='ltr'><strong>Actis</strong></span> 
     </span>
    </p>
   </div>
   <div class='ocr_carea' id='block_1_19' title="bbox 446 2198 3749 2282">
    <p class='ocr_par' dir='ltr' id='par_1_19' title="bbox 446 2198 3749 2282">
     <span class='ocr_line' id='line_1_19' title="bbox 446 2198 3749 2282; baseline -0.003 -17"><span class='ocrx_word' id='word_1_223' title='bbox 446 2211 824 2266; x_wconf 84' lang='lat' dir='ltr'><strong>sanctorum</strong></span> <span class='ocrx_word' id='word_1_224' title='bbox 853 2202 951 2261; x_wconf 89' lang='lat' dir='ltr'><strong>die</strong></span> <span class='ocrx_word' id='word_1_225' title='bbox 995 2200 1075 2261; x_wconf 76' lang='grc'>25</span> <span class='ocrx_word' id='word_1_226' title='bbox 1131 2204 1431 2282; x_wconf 84' lang='lat' dir='ltr'><strong>Augusti,</strong></span> <span class='ocrx_word' id='word_1_227' title='bbox 1465 2219 1609 2281; x_wconf 85' lang='lat' dir='ltr'><strong>pag.</strong></span> <span class='ocrx_word' id='word_1_228' title='bbox 1647 2203 1783 2272; x_wconf 87' lang='lat'><strong>133,</strong></span> <span class='ocrx_word' id='word_1_229' title='bbox 1818 2203 1892 2263; x_wconf 88' lang='lat' dir='ltr'><strong>de</strong></span> <span class='ocrx_word' id='word_1_230' title='bbox 1931 2203 2206 2279; x_wconf 79' lang='lat' dir='ltr'><strong>quodam</strong></span> <span class='ocrx_word' id='word_1_231' title='bbox 2269 2209 2653 2282; x_wconf 85' lang='lat' dir='ltr'><strong>argumento</strong></span> <span class='ocrx_word' id='word_1_232' title='bbox 2691 2219 2819 2277; x_wconf 86' lang='lat' dir='ltr'><strong>quo</strong></span> <span class='ocrx_word' id='word_1_233' title='bbox 2856 2201 3242 2274; x_wconf 73' lang='lat' dir='ltr'><strong>Quesnellus</strong></span> <span class='ocrx_word' id='word_1_234' title='bbox 3289 2198 3506 2278; x_wconf 81' lang='lat' dir='ltr'><strong>rejecit</strong></span> <span class='ocrx_word' id='word_1_235' title='bbox 3547 2198 3749 2258; x_wconf 86' lang='lat' dir='ltr'><strong>histo-</strong></span> 
     </span>
    </p>
   </div>
   <div class='ocr_carea' id='block_1_20' title="bbox 444 2293 3750 2382">
    <p class='ocr_par' dir='ltr' id='par_1_20' title="bbox 444 2293 3750 2382">
     <span class='ocr_line' id='line_1_20' title="bbox 444 2293 3750 2382; baseline -0.002 -16"><span class='ocrx_word' id='word_1_236' title='bbox 444 2306 613 2367; x_wconf 82' lang='lat' dir='ltr'><strong>riam</strong></span> <span class='ocrx_word' id='word_1_237' title='bbox 632 2307 924 2367; x_wconf 90' lang='lat' dir='ltr'><strong>miraculi</strong></span> <span class='ocrx_word' id='word_1_238' title='bbox 955 2306 1016 2367; x_wconf 91' lang='lat' dir='ltr'><strong>S.</strong></span> <span class='ocrx_word' id='word_1_239' title='bbox 1051 2293 1336 2382; x_wconf 89' lang='lat' dir='ltr'><strong>Genesii,</strong></span> <span class='ocrx_word' id='word_1_240' title='bbox 1369 2308 1455 2368; x_wconf 88' lang='lat' dir='ltr'><strong>ait</strong></span> <span class='ocrx_word' id='word_1_241' title='bbox 1491 2327 1506 2365; x_wconf 91' lang='lat'><strong>:</strong></span> <span class='ocrx_word' id='word_1_242' title='bbox 1549 2307 1694 2367; x_wconf 66' lang='lat' dir='ltr'><strong>Ilaec</strong></span> <span class='ocrx_word' id='word_1_243' title='bbox 1723 2307 1877 2368; x_wconf 86' lang='lat' dir='ltr'><strong>levis</strong></span> <span class='ocrx_word' id='word_1_244' title='bbox 1907 2305 2296 2382; x_wconf 84' lang='lat' dir='ltr'><strong>ratiuncula,</strong></span> <span class='ocrx_word' id='word_1_245' title='bbox 2321 2305 2411 2367; x_wconf 70' lang='lat' dir='ltr'><strong>uel</strong></span> <span class='ocrx_word' id='word_1_246' title='bbox 2444 2305 2772 2365; x_wconf 81' lang='lat' dir='ltr'><strong>temeraria</strong></span> <span class='ocrx_word' id='word_1_247' title='bbox 2817 2303 3139 2379; x_wconf 83' lang='lat' dir='ltr'><strong>Quesnelli</strong></span> <span class='ocrx_word' id='word_1_248' title='bbox 3191 2302 3551 2381; x_wconf 82' lang='lat' dir='ltr'><strong>conjectura</strong></span> <span class='ocrx_word' id='word_1_249' title='bbox 3607 2316 3750 2362; x_wconf 83' lang='lat' dir='ltr'><strong>cor-</strong></span> 
     </span>
    </p>
   </div>
   <div class='ocr_carea' id='block_1_21' title="bbox 452 2403 3749 2486">
    <p class='ocr_par' dir='ltr' id='par_1_21' title="bbox 452 2403 3749 2486">
     <span class='ocr_line' id='line_1_21' title="bbox 452 2403 3749 2486; baseline -0.001 -18"><span class='ocrx_word' id='word_1_250' title='bbox 452 2425 630 2468; x_wconf 88' lang='lat' dir='ltr'><strong>ruere</strong></span> <span class='ocrx_word' id='word_1_251' title='bbox 661 2407 910 2469; x_wconf 83' lang='lat' dir='ltr'><strong>videtur</strong></span> <span class='ocrx_word' id='word_1_252' title='bbox 967 2427 1046 2469; x_wconf 71' lang='lat' dir='ltr'><strong>ea:</strong></span> <span class='ocrx_word' id='word_1_253' title='bbox 1099 2407 1536 2486; x_wconf 86' lang='lat' dir='ltr'><strong>chronologia.</strong></span> <span class='ocrx_word' id='word_1_254' title='bbox 1572 2409 1712 2469; x_wconf 91' lang='lat' dir='ltr'><strong>Alia</strong></span> <span class='ocrx_word' id='word_1_255' title='bbox 1750 2409 1934 2484; x_wconf 88' lang='lat' dir='ltr'><strong>plura</strong></span> <span class='ocrx_word' id='word_1_256' title='bbox 1969 2407 2254 2485; x_wconf 84' lang='lat' dir='ltr'><strong>ejusdem</strong></span> <span class='ocrx_word' id='word_1_257' title='bbox 2291 2407 2546 2485; x_wconf 86' lang='lat' dir='ltr'><strong>generis</strong></span> <span class='ocrx_word' id='word_1_258' title='bbox 2597 2406 2961 2467; x_wconf 87' lang='lat' dir='ltr'><strong>testimonia</strong></span> <span class='ocrx_word' id='word_1_259' title='bbox 2993 2404 3534 2484; x_wconf 73' lang='lat' dir='ltr'><strong>praetermittimus</strong></span> <span class='ocrx_word' id='word_1_260' title='bbox 3564 2423 3580 2462; x_wconf 89' lang='lat'><strong>:</strong></span> <span class='ocrx_word' id='word_1_261' title='bbox 3614 2403 3749 2466; x_wconf 64' lang='lat' dir='ltr'><strong>hac</strong></span> 
     </span>
    </p>
   </div>
   <div class='ocr_carea' id='block_1_22' title="bbox 452 2507 1930 2586">
    <p class='ocr_par' dir='ltr' id='par_1_22' title="bbox 452 2507 1930 2586">
     <span class='ocr_line' id='line_1_22' title="bbox 452 2507 1930 2586; baseline -0.005 -15"><span class='ocrx_word' id='word_1_262' title='bbox 452 2510 624 2571; x_wconf 87' lang='lat' dir='ltr'><strong>enim</strong></span> <span class='ocrx_word' id='word_1_263' title='bbox 665 2508 994 2586; x_wconf 89' lang='lat' dir='ltr'><strong>proposito</strong></span> <span class='ocrx_word' id='word_1_264' title='bbox 1031 2515 1254 2568; x_wconf 88' lang='lat' dir='ltr'><strong>nostro</strong></span> <span class='ocrx_word' id='word_1_265' title='bbox 1292 2509 1587 2568; x_wconf 90' lang='lat' dir='ltr'><strong>videntur</strong></span> <span class='ocrx_word' id='word_1_266' title='bbox 1617 2507 1930 2570; x_wconf 81' lang='lat' dir='ltr'><strong>sufﬁcere.</strong></span> 
     </span>
    </p>
   </div>
   <div class='ocr_carea' id='block_1_23' title="bbox 537 2603 3748 2686">
    <p class='ocr_par' dir='ltr' id='par_1_23' title="bbox 537 2603 3748 2686">
     <span class='ocr_line' id='line_1_23' title="bbox 537 2603 3748 2686; baseline -0.001 -18"><span class='ocrx_word' id='word_1_267' title='bbox 537 2608 679 2668; x_wconf 82' lang='lat' dir='ltr'><strong>XV.</strong></span> <span class='ocrx_word' id='word_1_268' title='bbox 727 2607 1054 2668; x_wconf 86' lang='lat' dir='ltr'><strong>Hactenus</strong></span> <span class='ocrx_word' id='word_1_269' title='bbox 1090 2609 1193 2668; x_wconf 92' lang='lat' dir='ltr'><strong>isti</strong></span> <span class='ocrx_word' id='word_1_270' title='bbox 1231 2608 1307 2669; x_wconf 91' lang='lat' dir='ltr'><strong>de</strong></span> <span class='ocrx_word' id='word_1_271' title='bbox 1351 2609 1785 2686; x_wconf 89' lang='lat' dir='ltr'><strong>peculiaribus</strong></span> <span class='ocrx_word' id='word_1_272' title='bbox 1837 2606 2169 2681; x_wconf 87' lang='lat' dir='ltr'><strong>Quesnelli</strong></span> <span class='ocrx_word' id='word_1_273' title='bbox 2207 2607 2752 2684; x_wconf 81' lang='lat' dir='ltr'><strong>disputationibus</strong></span> <span class='ocrx_word' id='word_1_274' title='bbox 2773 2613 2836 2669; x_wconf 89' lang='lat' dir='ltr'><strong>et</strong></span> <span class='ocrx_word' id='word_1_275' title='bbox 2870 2605 3301 2686; x_wconf 87' lang='lat' dir='ltr'><strong>argumentis,</strong></span> <span class='ocrx_word' id='word_1_276' title='bbox 3342 2605 3582 2682; x_wconf 84' lang='lat' dir='ltr'><strong>quippe</strong></span> <span class='ocrx_word' id='word_1_277' title='bbox 3635 2603 3748 2681; x_wconf 88' lang='lat' dir='ltr'><strong>qui</strong></span> 
     </span>
    </p>
   </div>
   <div class='ocr_carea' id='block_1_24' title="bbox 447 2709 3752 2790">
    <p class='ocr_par' dir='ltr' id='par_1_24' title="bbox 447 2709 3752 2790">
     <span class='ocr_line' id='line_1_24' title="bbox 447 2709 3752 2790; baseline -0.001 -18"><span class='ocrx_word' id='word_1_278' title='bbox 447 2711 806 2790; x_wconf 84' lang='lat' dir='ltr'><strong>peculiaria</strong></span> <span class='ocrx_word' id='word_1_279' title='bbox 845 2715 1093 2772; x_wconf 92' lang='lat' dir='ltr'><strong>tantum</strong></span> <span class='ocrx_word' id='word_1_280' title='bbox 1142 2713 1218 2772; x_wconf 90' lang='lat' dir='ltr'><strong>ad</strong></span> <span class='ocrx_word' id='word_1_281' title='bbox 1253 2731 1527 2773; x_wconf 84' lang='lat' dir='ltr'><strong>examen</strong></span> <span class='ocrx_word' id='word_1_282' title='bbox 1567 2719 1901 2774; x_wconf 87' lang='lat' dir='ltr'><strong>vocarunt.</strong></span> <span class='ocrx_word' id='word_1_283' title='bbox 1963 2712 2091 2773; x_wconf 86' lang='lat' dir='ltr'><strong>Nos</strong></span> <span class='ocrx_word' id='word_1_284' title='bbox 2153 2730 2348 2787; x_wconf 87' lang='lat' dir='ltr'><strong>vero,</strong></span> <span class='ocrx_word' id='word_1_285' title='bbox 2377 2711 2484 2788; x_wconf 89' lang='lat' dir='ltr'><strong>qui</strong></span> <span class='ocrx_word' id='word_1_286' title='bbox 2530 2711 2869 2772; x_wconf 73' lang='lat' dir='ltr'><strong>universas</strong></span> <span class='ocrx_word' id='word_1_287' title='bbox 2903 2711 3039 2790; x_wconf 90' lang='lat' dir='ltr'><strong>ejus</strong></span> <span class='ocrx_word' id='word_1_288' title='bbox 3081 2710 3560 2772; x_wconf 86' lang='lat' dir='ltr'><strong>lucubrationes</strong></span> <span class='ocrx_word' id='word_1_289' title='bbox 3595 2709 3752 2769; x_wconf 88' lang='lat' dir='ltr'><strong>Leo-</strong></span> 
     </span>
    </p>
   </div>
   <div class='ocr_carea' id='block_1_25' title="bbox 449 2803 3750 2891">
    <p class='ocr_par' dir='ltr' id='par_1_25' title="bbox 449 2803 3750 2891">
     <span class='ocr_line' id='line_1_25' title="bbox 449 2803 3750 2891; baseline -0.002 -17"><span class='ocrx_word' id='word_1_290' title='bbox 449 2815 620 2875; x_wconf 70' lang='lat' dir='ltr'><strong>ninm</strong></span> <span class='ocrx_word' id='word_1_291' title='bbox 642 2813 902 2874; x_wconf 87' lang='lat' dir='ltr'><strong>editioni</strong></span> <span class='ocrx_word' id='word_1_292' title='bbox 929 2815 1204 2877; x_wconf 91' lang='lat' dir='ltr'><strong>insertas</strong></span> <span class='ocrx_word' id='word_1_293' title='bbox 1231 2833 1313 2875; x_wconf 89' lang='lat' dir='ltr'><strong>cx</strong></span> <span class='ocrx_word' id='word_1_294' title='bbox 1337 2816 1630 2874; x_wconf 58' lang='lat' dir='ltr'><strong>instituto</strong></span> <span class='ocrx_word' id='word_1_295' title='bbox 1663 2803 2118 2891; x_wconf 78' lang='lat' dir='ltr'><strong>expendendos</strong></span> <span class='ocrx_word' id='word_1_296' title='bbox 2157 2821 2215 2873; x_wconf 93' lang='lat' dir='ltr'><strong>et</strong></span> <span class='ocrx_word' id='word_1_297' title='bbox 2241 2813 2321 2874; x_wconf 86' lang='lat' dir='ltr'><strong>ad</strong></span> <span class='ocrx_word' id='word_1_298' title='bbox 2364 2815 2580 2872; x_wconf 91' lang='lat' dir='ltr'><strong>vivum</strong></span> <span class='ocrx_word' id='word_1_299' title='bbox 2615 2811 2993 2873; x_wconf 87' lang='lat' dir='ltr'><strong>resecandas</strong></span> <span class='ocrx_word' id='word_1_300' title='bbox 3017 2812 3445 2888; x_wconf 84' lang='lat' dir='ltr'><strong>suscepimus,</strong></span> <span class='ocrx_word' id='word_1_301' title='bbox 3475 2810 3750 2885; x_wconf 88' lang='lat' dir='ltr'><strong>idipsum</strong></span> 
     </span>
    </p>
   </div>
   <div class='ocr_carea' id='block_1_26' title="bbox 452 2913 3754 2995">
    <p class='ocr_par' dir='ltr' id='par_1_26' title="bbox 452 2913 3754 2995">
     <span class='ocr_line' id='line_1_26' title="bbox 452 2913 3754 2995; baseline -0.001 -19"><span class='ocrx_word' id='word_1_302' title='bbox 452 2915 777 2978; x_wconf 79' lang='lat' dir='ltr'><strong>afﬁrmare</strong></span> <span class='ocrx_word' id='word_1_303' title='bbox 817 2932 1159 2992; x_wconf 89' lang='lat' dir='ltr'><strong>possumus</strong></span> <span class='ocrx_word' id='word_1_304' title='bbox 1196 2918 1272 2978; x_wconf 91' lang='lat' dir='ltr'><strong>de</strong></span> <span class='ocrx_word' id='word_1_305' title='bbox 1305 2917 1652 2995; x_wconf 89' lang='lat' dir='ltr'><strong>plerisque,</strong></span> <span class='ocrx_word' id='word_1_306' title='bbox 1690 2935 1768 2977; x_wconf 89' lang='lat' dir='ltr'><strong>ne</strong></span> <span class='ocrx_word' id='word_1_307' title='bbox 1803 2917 2092 2978; x_wconf 87' lang='lat' dir='ltr'><strong>dicamus</strong></span> <span class='ocrx_word' id='word_1_308' title='bbox 2125 2917 2198 2974; x_wconf 90' lang='lat' dir='ltr'><strong>de</strong></span> <span class='ocrx_word' id='word_1_309' title='bbox 2222 2916 2523 2977; x_wconf 91' lang='lat' dir='ltr'><strong>omnibus</strong></span> <span class='ocrx_word' id='word_1_310' title='bbox 2558 2931 2572 2969; x_wconf 91' lang='lat'><strong>:</strong></span> <span class='ocrx_word' id='word_1_311' title='bbox 2609 2913 2779 2975; x_wconf 83' lang='lat' dir='ltr'><strong>unde.</strong></span> <span class='ocrx_word' id='word_1_312' title='bbox 2813 2915 2988 2976; x_wconf 87' lang='lat' dir='ltr'><strong>nulla</strong></span> <span class='ocrx_word' id='word_1_313' title='bbox 3027 2916 3152 2976; x_wconf 85' lang='lat' dir='ltr'><strong>fere</strong></span> <span class='ocrx_word' id='word_1_314' title='bbox 3181 2916 3302 2977; x_wconf 88' lang='lat' dir='ltr'><strong>erit</strong></span> <span class='ocrx_word' id='word_1_315' title='bbox 3337 2913 3478 2993; x_wconf 83' lang='lat' dir='ltr'><strong>ejus</strong></span> <span class='ocrx_word' id='word_1_316' title='bbox 3510 2913 3754 2972; x_wconf 85' lang='lat' dir='ltr'><strong>disser-</strong></span> 
     </span>
    </p>
   </div>
   <div class='ocr_carea' id='block_1_27' title="bbox 451 3014 3754 3096">
    <p class='ocr_par' dir='ltr' id='par_1_27' title="bbox 451 3014 3754 3096">
     <span class='ocr_line' id='line_1_27' title="bbox 451 3014 3754 3096; baseline -0.001 -19"><span class='ocrx_word' id='word_1_317' title='bbox 451 3017 636 3090; x_wconf 79' lang='lat' dir='ltr'><strong>tatio,</strong></span> <span class='ocrx_word' id='word_1_318' title='bbox 691 3033 838 3095; x_wconf 65' lang='lat' dir='ltr'><strong>quas</strong></span> <span class='ocrx_word' id='word_1_319' title='bbox 885 3016 1189 3096; x_wconf 85' lang='lat' dir='ltr'><strong>subjectis</strong></span> <span class='ocrx_word' id='word_1_320' title='bbox 1256 3019 1494 3079; x_wconf 90' lang='lat' dir='ltr'><strong>nostris</strong></span> <span class='ocrx_word' id='word_1_321' title='bbox 1532 3019 2099 3078; x_wconf 79' lang='lat' dir='ltr'><strong>observationibus</strong></span> <span class='ocrx_word' id='word_1_322' title='bbox 2129 3019 2229 3080; x_wconf 85' lang='lat' dir='ltr'><strong>vel</strong></span> <span class='ocrx_word' id='word_1_323' title='bbox 2273 3019 2333 3078; x_wconf 92' lang='lat' dir='ltr'><strong>in</strong></span> <span class='ocrx_word' id='word_1_324' title='bbox 2377 3020 2703 3096; x_wconf 78' lang='lat' dir='ltr'><strong>praecipuo</strong></span> <span class='ocrx_word' id='word_1_325' title='bbox 2761 3018 3038 3080; x_wconf 89' lang='lat' dir='ltr'><strong>themate</strong></span> <span class='ocrx_word' id='word_1_326' title='bbox 3099 3015 3512 3091; x_wconf 85' lang='lat' dir='ltr'><strong>confutanda,</strong></span> <span class='ocrx_word' id='word_1_327' title='bbox 3554 3014 3649 3075; x_wconf 88' lang='lat' dir='ltr'><strong>vel</strong></span> <span class='ocrx_word' id='word_1_328' title='bbox 3687 3015 3754 3074; x_wconf 89' lang='lat' dir='ltr'><strong>in</strong></span> 
     </span>
    </p>
   </div>
   <div class='ocr_carea' id='block_1_28' title="bbox 451 3117 3754 3199">
    <p class='ocr_par' dir='ltr' id='par_1_28' title="bbox 451 3117 3754 3199">
     <span class='ocr_line' id='line_1_28' title="bbox 451 3117 3754 3199; baseline -0.002 -19"><span class='ocrx_word' id='word_1_329' title='bbox 451 3120 752 3199; x_wconf 69' lang='lat' dir='ltr'><strong>pluribus</strong></span> <span class='ocrx_word' id='word_1_330' title='bbox 780 3121 1160 3199; x_wconf 83' lang='lat' dir='ltr'><strong>corrigenda</strong></span> <span class='ocrx_word' id='word_1_331' title='bbox 1185 3139 1311 3181; x_wconf 90' lang='lat' dir='ltr'><strong>non</strong></span> <span class='ocrx_word' id='word_1_332' title='bbox 1348 3120 1561 3183; x_wconf 85' lang='lat' dir='ltr'><strong>fuerit.</strong></span> <span class='ocrx_word' id='word_1_333' title='bbox 1594 3121 1875 3198; x_wconf 87' lang='lat' dir='ltr'><strong>ldipsum</strong></span> <span class='ocrx_word' id='word_1_334' title='bbox 1915 3123 2078 3180; x_wconf 88' lang='lat' dir='ltr'><strong>notis</strong></span> <span class='ocrx_word' id='word_1_335' title='bbox 2111 3121 2246 3199; x_wconf 86' lang='lat' dir='ltr'><strong>ejus</strong></span> <span class='ocrx_word' id='word_1_336' title='bbox 2276 3121 2766 3198; x_wconf 86' lang='lat' dir='ltr'><strong>quamplurimis</strong></span> <span class='ocrx_word' id='word_1_337' title='bbox 2800 3119 3051 3184; x_wconf 83' lang='lat' dir='ltr'><strong>accidit,</strong></span> <span class='ocrx_word' id='word_1_338' title='bbox 3075 3136 3218 3194; x_wconf 64' lang='lat' dir='ltr'><strong>quae</strong></span> <span class='ocrx_word' id='word_1_339' title='bbox 3250 3117 3471 3178; x_wconf 85' lang='lat' dir='ltr'><strong>fusiori</strong></span> <span class='ocrx_word' id='word_1_340' title='bbox 3503 3117 3754 3176; x_wconf 85' lang='lat' dir='ltr'><strong>calamo</strong></span> 
     </span>
    </p>
   </div>
   <div class='ocr_carea' id='block_1_29' title="bbox 455 3214 3756 3302">
    <p class='ocr_par' dir='ltr' id='par_1_29' title="bbox 455 3214 3756 3302">
     <span class='ocr_line' id='line_1_29' title="bbox 455 3214 3756 3302; baseline -0.003 -16"><span class='ocrx_word' id='word_1_341' title='bbox 455 3223 563 3286; x_wconf 83' lang='lat' dir='ltr'><strong>vel</strong></span> <span class='ocrx_word' id='word_1_342' title='bbox 602 3222 906 3302; x_wconf 90' lang='lat' dir='ltr'><strong>appendit</strong></span> <span class='ocrx_word' id='word_1_343' title='bbox 958 3223 1194 3285; x_wconf 86' lang='lat' dir='ltr'><strong>Leonis</strong></span> <span class='ocrx_word' id='word_1_344' title='bbox 1232 3223 1672 3293; x_wconf 88' lang='lat' dir='ltr'><strong>Sermonibus,</strong></span> <span class='ocrx_word' id='word_1_345' title='bbox 1702 3223 1801 3285; x_wconf 88' lang='lat' dir='ltr'><strong>vel</strong></span> <span class='ocrx_word' id='word_1_346' title='bbox 1839 3225 1902 3282; x_wconf 92' lang='lat' dir='ltr'><strong>in</strong></span> <span class='ocrx_word' id='word_1_347' title='bbox 1947 3223 2266 3302; x_wconf 86' lang='lat' dir='ltr'><strong>Epistolas</strong></span> <span class='ocrx_word' id='word_1_348' title='bbox 2328 3222 2608 3300; x_wconf 87' lang='lat' dir='ltr'><strong>ejusdem</strong></span> <span class='ocrx_word' id='word_1_349' title='bbox 2660 3231 2800 3300; x_wconf 87' lang='lat' dir='ltr'><strong>post</strong></span> <span class='ocrx_word' id='word_1_350' title='bbox 2847 3219 3332 3281; x_wconf 87' lang='lat' dir='ltr'><strong>dissertationes</strong></span> <span class='ocrx_word' id='word_1_351' title='bbox 3383 3216 3626 3295; x_wconf 87' lang='lat' dir='ltr'><strong>rejecit.</strong></span> <span class='ocrx_word' id='word_1_352' title='bbox 3664 3214 3756 3276; x_wconf 90' lang='lat' dir='ltr'><strong>Ne</strong></span> 
     </span>
    </p>
   </div>
   <div class='ocr_carea' id='block_1_30' title="bbox 457 3317 3751 3402">
    <p class='ocr_par' dir='ltr' id='par_1_30' title="bbox 457 3317 3751 3402">
     <span class='ocr_line' id='line_1_30' title="bbox 457 3317 3751 3402; baseline -0.004 -14"><span class='ocrx_word' id='word_1_353' title='bbox 457 3340 617 3388; x_wconf 82' lang='lat' dir='ltr'><strong>vero</strong></span> <span class='ocrx_word' id='word_1_354' title='bbox 642 3323 779 3386; x_wconf 62' lang='lat' dir='ltr'><strong>haec</strong></span> <span class='ocrx_word' id='word_1_355' title='bbox 815 3323 892 3384; x_wconf 92' lang='lat' dir='ltr'><strong>ad</strong></span> <span class='ocrx_word' id='word_1_356' title='bbox 915 3322 1293 3402; x_wconf 87' lang='lat' dir='ltr'><strong>jactantiam</strong></span> <span class='ocrx_word' id='word_1_357' title='bbox 1323 3325 1492 3387; x_wconf 90' lang='lat' dir='ltr'><strong>dicta</strong></span> <span class='ocrx_word' id='word_1_358' title='bbox 1521 3324 1893 3395; x_wconf 87' lang='lat' dir='ltr'><strong>credantur,</strong></span> <span class='ocrx_word' id='word_1_359' title='bbox 1925 3324 2023 3382; x_wconf 87' lang='lat' dir='ltr'><strong>vel</strong></span> <span class='ocrx_word' id='word_1_360' title='bbox 2077 3325 2360 3402; x_wconf 84' lang='lat' dir='ltr'><strong>suspicio</strong></span> <span class='ocrx_word' id='word_1_361' title='bbox 2391 3325 2497 3394; x_wconf 86' lang='lat' dir='ltr'><strong>sit,</strong></span> <span class='ocrx_word' id='word_1_362' title='bbox 2530 3341 2674 3396; x_wconf 85' lang='lat' dir='ltr'><strong>nos,</strong></span> <span class='ocrx_word' id='word_1_363' title='bbox 2705 3323 2853 3384; x_wconf 90' lang='lat' dir='ltr'><strong>dum</strong></span> <span class='ocrx_word' id='word_1_364' title='bbox 2883 3321 3302 3396; x_wconf 88' lang='lat' dir='ltr'><strong>Quesnellum</strong></span> <span class='ocrx_word' id='word_1_365' title='bbox 3336 3317 3751 3397; x_wconf 86' lang='lat' dir='ltr'><strong>impugnabi-</strong></span> 
     </span>
    </p>
   </div>
   <div class='ocr_carea' id='block_1_31' title="bbox 456 3420 3756 3502">
    <p class='ocr_par' dir='ltr' id='par_1_31' title="bbox 456 3420 3756 3502">
     <span class='ocr_line' id='line_1_31' title="bbox 456 3420 3756 3502; baseline -0.001 -19"><span class='ocrx_word' id='word_1_366' title='bbox 456 3440 630 3496; x_wconf 82' lang='lat' dir='ltr'><strong>mus,</strong></span> <span class='ocrx_word' id='word_1_367' title='bbox 661 3423 952 3501; x_wconf 58' lang='lat' dir='ltr'><strong>quaedam</strong></span> <span class='ocrx_word' id='word_1_368' title='bbox 989 3441 1070 3484; x_wconf 89' lang='lat' dir='ltr'><strong>ex</strong></span> <span class='ocrx_word' id='word_1_369' title='bbox 1097 3423 1239 3502; x_wconf 91' lang='lat' dir='ltr'><strong>ipso</strong></span> <span class='ocrx_word' id='word_1_370' title='bbox 1273 3441 1568 3501; x_wconf 88' lang='lat' dir='ltr'><strong>carpere,</strong></span> <span class='ocrx_word' id='word_1_371' title='bbox 1593 3441 1738 3502; x_wconf 69' lang='lat' dir='ltr'><strong>qum</strong></span> <span class='ocrx_word' id='word_1_372' title='bbox 1775 3442 1808 3484; x_wconf 91' lang='lat' dir='ltr'><strong>a</strong></span> <span class='ocrx_word' id='word_1_373' title='bbox 1849 3432 2148 3485; x_wconf 82' lang='lat' dir='ltr'><strong>contextu</strong></span> <span class='ocrx_word' id='word_1_374' title='bbox 2184 3424 2322 3502; x_wconf 90' lang='lat' dir='ltr'><strong>ejus</strong></span> <span class='ocrx_word' id='word_1_375' title='bbox 2353 3425 2624 3486; x_wconf 86' lang='lat' dir='ltr'><strong>dissecla</strong></span> <span class='ocrx_word' id='word_1_376' title='bbox 2665 3424 2844 3484; x_wconf 79' lang='lat' dir='ltr'><strong>facile</strong></span> <span class='ocrx_word' id='word_1_377' title='bbox 2878 3427 2940 3482; x_wconf 91' lang='lat' dir='ltr'><strong>iu</strong></span> <span class='ocrx_word' id='word_1_378' title='bbox 2973 3423 3274 3483; x_wconf 89' lang='lat' dir='ltr'><strong>invidiam</strong></span> <span class='ocrx_word' id='word_1_379' title='bbox 3314 3429 3375 3480; x_wconf 87' lang='lat' dir='ltr'><strong>et</strong></span> <span class='ocrx_word' id='word_1_380' title='bbox 3411 3420 3756 3500; x_wconf 89' lang='lat' dir='ltr'><strong>reprehen-</strong></span> 
     </span>
    </p>
   </div>
   <div class='ocr_carea' id='block_1_32' title="bbox 458 3521 3753 3604">
    <p class='ocr_par' dir='ltr' id='par_1_32' title="bbox 458 3521 3753 3604">
     <span class='ocr_line' id='line_1_32' title="bbox 458 3521 3753 3604; baseline 0 -20"><span class='ocrx_word' id='word_1_381' title='bbox 458 3522 707 3585; x_wconf 79' lang='lat' dir='ltr'><strong>sionem</strong></span> <span class='ocrx_word' id='word_1_382' title='bbox 756 3521 1124 3600; x_wconf 89' lang='lat' dir='ltr'><strong>detorqueri</strong></span> <span class='ocrx_word' id='word_1_383' title='bbox 1154 3532 1418 3601; x_wconf 85' lang='lat' dir='ltr'><strong>queant,</strong></span> <span class='ocrx_word' id='word_1_384' title='bbox 1454 3527 1798 3588; x_wconf 88' lang='lat' dir='ltr'><strong>statuimus</strong></span> <span class='ocrx_word' id='word_1_385' title='bbox 1844 3526 2018 3604; x_wconf 88' lang='lat' dir='ltr'><strong>ipsas</strong></span> <span class='ocrx_word' id='word_1_386' title='bbox 2050 3527 2332 3603; x_wconf 86' lang='lat' dir='ltr'><strong>ejusdem</strong></span> <span class='ocrx_word' id='word_1_387' title='bbox 2367 3527 2850 3586; x_wconf 88' lang='lat' dir='ltr'><strong>lucubrationes</strong></span> <span class='ocrx_word' id='word_1_388' title='bbox 2890 3525 3173 3604; x_wconf 87' lang='lat' dir='ltr'><strong>integras</strong></span> <span class='ocrx_word' id='word_1_389' title='bbox 3212 3531 3447 3585; x_wconf 64' lang='lat' dir='ltr'><strong>nostra</strong></span> <span class='ocrx_word' id='word_1_390' title='bbox 3492 3523 3753 3585; x_wconf 90' lang='lat' dir='ltr'><strong>editioni</strong></span> 
     </span>
    </p>
   </div>
   <div class='ocr_carea' id='block_1_33' title="bbox 458 3627 3757 3718">
    <p class='ocr_par' dir='ltr' id='par_1_33' title="bbox 458 3627 3757 3718">
     <span class='ocr_line' id='line_1_33' title="bbox 458 3627 3757 3718; baseline -0 -30"><span class='ocrx_word' id='word_1_391' title='bbox 458 3627 774 3718; x_wconf 76' lang='lat' dir='ltr'><strong>inserere,</strong></span> <span class='ocrx_word' id='word_1_392' title='bbox 809 3634 870 3689; x_wconf 90' lang='lat' dir='ltr'><strong>et</strong></span> <span class='ocrx_word' id='word_1_393' title='bbox 905 3646 1056 3689; x_wconf 88' lang='lat' dir='ltr'><strong>suas</strong></span> <span class='ocrx_word' id='word_1_394' title='bbox 1085 3629 1322 3706; x_wconf 90' lang='lat' dir='ltr'><strong>cuique</strong></span> <span class='ocrx_word' id='word_1_395' title='bbox 1349 3631 1833 3691; x_wconf 85' lang='lat' dir='ltr'><strong>observationes</strong></span> <span class='ocrx_word' id='word_1_396' title='bbox 1866 3632 2204 3708; x_wconf 85' lang='lat' dir='ltr'><strong>subjicere,</strong></span> <span class='ocrx_word' id='word_1_397' title='bbox 2235 3633 2470 3709; x_wconf 88' lang='lat' dir='ltr'><strong>quibus</strong></span> <span class='ocrx_word' id='word_1_398' title='bbox 2502 3649 2576 3693; x_wconf 89' lang='lat' dir='ltr'><strong>ea</strong></span> <span class='ocrx_word' id='word_1_399' title='bbox 2609 3631 3207 3708; x_wconf 66' lang='lat' dir='ltr'><strong>qumconfutatione</strong></span> <span class='ocrx_word' id='word_1_400' title='bbox 3241 3639 3386 3691; x_wconf 88' lang='lat' dir='ltr'><strong>sunt</strong></span> <span class='ocrx_word' id='word_1_401' title='bbox 3415 3627 3608 3708; x_wconf 85' lang='lat' dir='ltr'><strong>digna</strong></span> <span class='ocrx_word' id='word_1_402' title='bbox 3639 3629 3757 3688; x_wconf 90' lang='lat' dir='ltr'><strong>im-</strong></span> 
     </span>
    </p>
   </div>
   <div class='ocr_carea' id='block_1_34' title="bbox 459 3728 3754 3808">
    <p class='ocr_par' dir='ltr' id='par_1_34' title="bbox 459 3728 3754 3808">
     <span class='ocr_line' id='line_1_34' title="bbox 459 3728 3754 3808; baseline 0.001 -20"><span class='ocrx_word' id='word_1_403' title='bbox 459 3733 836 3808; x_wconf 82' lang='lat' dir='ltr'><strong>pugnentur</strong></span> <span class='ocrx_word' id='word_1_404' title='bbox 869 3728 970 3790; x_wconf 87' lang='lat' dir='ltr'><strong>vel</strong></span> <span class='ocrx_word' id='word_1_405' title='bbox 1001 3731 1438 3808; x_wconf 87' lang='lat' dir='ltr'><strong>corrigantur.</strong></span> <span class='ocrx_word' id='word_1_406' title='bbox 1474 3733 1566 3794; x_wconf 85' lang='lat' dir='ltr'><strong>Ita</strong></span> <span class='ocrx_word' id='word_1_407' title='bbox 1606 3734 1846 3794; x_wconf 91' lang='lat' dir='ltr'><strong>scilicet</strong></span> <span class='ocrx_word' id='word_1_408' title='bbox 1874 3750 2088 3795; x_wconf 62' lang='lat' dir='ltr'><strong>causas</strong></span> <span class='ocrx_word' id='word_1_409' title='bbox 2143 3742 2378 3795; x_wconf 68' lang='lat' dir='ltr'><strong>nostra:</strong></span> <span class='ocrx_word' id='word_1_410' title='bbox 2415 3733 2818 3804; x_wconf 88' lang='lat' dir='ltr'><strong>confidimus,</strong></span> <span class='ocrx_word' id='word_1_411' title='bbox 2855 3742 2922 3793; x_wconf 90' lang='lat' dir='ltr'><strong>ut</strong></span> <span class='ocrx_word' id='word_1_412' title='bbox 2958 3735 3311 3795; x_wconf 87' lang='lat' dir='ltr'><strong>adversarii</strong></span> <span class='ocrx_word' id='word_1_413' title='bbox 3347 3732 3576 3794; x_wconf 85' lang='lat' dir='ltr'><strong>faciem</strong></span> <span class='ocrx_word' id='word_1_414' title='bbox 3626 3748 3754 3791; x_wconf 87' lang='lat' dir='ltr'><strong>uon</strong></span> 
     </span>
    </p>
   </div>
   <div class='ocr_carea' id='block_1_35' title="bbox 459 3828 3758 3911">
    <p class='ocr_par' dir='ltr' id='par_1_35' title="bbox 459 3828 3758 3911">
     <span class='ocr_line' id='line_1_35' title="bbox 459 3828 3758 3911; baseline 0.001 -23"><span class='ocrx_word' id='word_1_415' title='bbox 459 3828 886 3907; x_wconf 83' lang='lat' dir='ltr'><strong>refugiamus.</strong></span> <span class='ocrx_word' id='word_1_416' title='bbox 918 3829 1087 3892; x_wconf 87' lang='lat' dir='ltr'><strong>Hinc</strong></span> <span class='ocrx_word' id='word_1_417' title='bbox 1146 3832 1342 3892; x_wconf 89' lang='lat' dir='ltr'><strong>etiam</strong></span> <span class='ocrx_word' id='word_1_418' title='bbox 1386 3831 1493 3892; x_wconf 84' lang='lat' dir='ltr'><strong>fiet</strong></span> <span class='ocrx_word' id='word_1_419' title='bbox 1548 3839 1614 3892; x_wconf 90' lang='lat' dir='ltr'><strong>ut</strong></span> <span class='ocrx_word' id='word_1_420' title='bbox 1654 3835 2017 3894; x_wconf 82' lang='lat' dir='ltr'><strong>necessaria</strong></span> <span class='ocrx_word' id='word_1_421' title='bbox 2069 3835 2346 3911; x_wconf 89' lang='lat' dir='ltr'><strong>amplius</strong></span> <span class='ocrx_word' id='word_1_422' title='bbox 2379 3852 2501 3893; x_wconf 90' lang='lat' dir='ltr'><strong>non</strong></span> <span class='ocrx_word' id='word_1_423' title='bbox 2538 3837 2616 3897; x_wconf 90' lang='lat' dir='ltr'><strong>sit</strong></span> <span class='ocrx_word' id='word_1_424' title='bbox 2645 3833 2974 3907; x_wconf 89' lang='lat' dir='ltr'><strong>Quesnelli</strong></span> <span class='ocrx_word' id='word_1_425' title='bbox 2999 3835 3216 3905; x_wconf 89' lang='lat' dir='ltr'><strong>editio,</strong></span> <span class='ocrx_word' id='word_1_426' title='bbox 3249 3850 3394 3911; x_wconf 67' lang='lat' dir='ltr'><strong>quae</strong></span> <span class='ocrx_word' id='word_1_427' title='bbox 3424 3841 3661 3894; x_wconf 63' lang='lat' dir='ltr'><strong>nostra</strong></span> <span class='ocrx_word' id='word_1_428' title='bbox 3691 3831 3758 3891; x_wconf 89' lang='lat' dir='ltr'><strong>in</strong></span> 
     </span>
    </p>
   </div>
   <div class='ocr_carea' id='block_1_36' title="bbox 460 3927 3758 4013">
    <p class='ocr_par' dir='ltr' id='par_1_36' title="bbox 460 3927 3758 4013">
     <span class='ocr_line' id='line_1_36' title="bbox 460 3927 3758 4013; baseline 0.001 -25"><span class='ocrx_word' id='word_1_429' title='bbox 460 3931 665 3988; x_wconf 88' lang='lat' dir='ltr'><strong>totum</strong></span> <span class='ocrx_word' id='word_1_430' title='bbox 694 3927 934 3990; x_wconf 89' lang='lat' dir='ltr'><strong>inserta</strong></span> <span class='ocrx_word' id='word_1_431' title='bbox 971 3929 1377 4000; x_wconf 88' lang='lat' dir='ltr'><strong>invenietur;</strong></span> <span class='ocrx_word' id='word_1_432' title='bbox 1403 3936 1465 3992; x_wconf 89' lang='lat' dir='ltr'><strong>et</strong></span> <span class='ocrx_word' id='word_1_433' title='bbox 1495 3936 1562 3990; x_wconf 90' lang='lat' dir='ltr'><strong>ut</strong></span> <span class='ocrx_word' id='word_1_434' title='bbox 1596 3932 1795 4007; x_wconf 85' lang='lat' dir='ltr'><strong>ipsius</strong></span> <span class='ocrx_word' id='word_1_435' title='bbox 1829 3932 2336 4002; x_wconf 83' lang='lat' dir='ltr'><strong>lucubrationes,</strong></span> <span class='ocrx_word' id='word_1_436' title='bbox 2365 3951 2510 4011; x_wconf 66' lang='lat' dir='ltr'><strong>qua:</strong></span> <span class='ocrx_word' id='word_1_437' title='bbox 2539 3934 2598 3993; x_wconf 88' lang='lat' dir='ltr'><strong>in</strong></span> <span class='ocrx_word' id='word_1_438' title='bbox 2631 3935 3018 3995; x_wconf 89' lang='lat' dir='ltr'><strong>editiouibus</strong></span> <span class='ocrx_word' id='word_1_439' title='bbox 3041 3934 3179 4013; x_wconf 89' lang='lat' dir='ltr'><strong>ejus</strong></span> <span class='ocrx_word' id='word_1_440' title='bbox 3205 3934 3558 3994; x_wconf 69' lang='lat' dir='ltr'><strong>interdictae</strong></span> <span class='ocrx_word' id='word_1_441' title='bbox 3583 3936 3758 4005; x_wconf 86' lang='lat' dir='ltr'><strong>sunt,</strong></span> 
     </span>
    </p>
   </div>
   <div class='ocr_carea' id='block_1_37' title="bbox 461 4026 3757 4114">
    <p class='ocr_par' dir='ltr' id='par_1_37' title="bbox 461 4026 3757 4114">
     <span class='ocr_line' id='line_1_37' title="bbox 461 4026 3757 4114; baseline 0.003 -28"><span class='ocrx_word' id='word_1_442' title='bbox 461 4026 532 4088; x_wconf 88' lang='lat' dir='ltr'><strong>in</strong></span> <span class='ocrx_word' id='word_1_443' title='bbox 565 4027 688 4088; x_wconf 90' lang='lat' dir='ltr'><strong>hac</strong></span> <span class='ocrx_word' id='word_1_444' title='bbox 719 4032 939 4089; x_wconf 87' lang='lat' dir='ltr'><strong>nostra</strong></span> <span class='ocrx_word' id='word_1_445' title='bbox 968 4029 1201 4107; x_wconf 89' lang='lat' dir='ltr'><strong>cuique</strong></span> <span class='ocrx_word' id='word_1_446' title='bbox 1236 4030 1424 4090; x_wconf 89' lang='lat' dir='ltr'><strong>liceat</strong></span> <span class='ocrx_word' id='word_1_447' title='bbox 1462 4031 1673 4109; x_wconf 88' lang='lat' dir='ltr'><strong>legere</strong></span> <span class='ocrx_word' id='word_1_448' title='bbox 1706 4040 1768 4090; x_wconf 92' lang='lat' dir='ltr'><strong>et</strong></span> <span class='ocrx_word' id='word_1_449' title='bbox 1817 4049 1961 4092; x_wconf 92' lang='lat' dir='ltr'><strong>cum</strong></span> <span class='ocrx_word' id='word_1_450' title='bbox 2009 4035 2244 4094; x_wconf 86' lang='lat' dir='ltr'><strong>nostris</strong></span> <span class='ocrx_word' id='word_1_451' title='bbox 2302 4037 2974 4098; x_wconf 87' lang='lat' dir='ltr'><strong>animadversionibus</strong></span> <span class='ocrx_word' id='word_1_452' title='bbox 3030 4043 3224 4114; x_wconf 88' lang='lat' dir='ltr'><strong>atque</strong></span> <span class='ocrx_word' id='word_1_453' title='bbox 3271 4035 3560 4096; x_wconf 82' lang='lat' dir='ltr'><strong>censuris</strong></span> <span class='ocrx_word' id='word_1_454' title='bbox 3598 4051 3757 4096; x_wconf 88' lang='lat' dir='ltr'><strong>eon-</strong></span> 
     </span>
    </p>
   </div>
   <div class='ocr_carea' id='block_1_38' title="bbox 463 4127 3761 4214">
    <p class='ocr_par' dir='ltr' id='par_1_38' title="bbox 463 4127 3761 4214">
     <span class='ocr_line' id='line_1_38' title="bbox 463 4127 3761 4214; baseline 0.003 -25"><span class='ocrx_word' id='word_1_455' title='bbox 463 4127 634 4190; x_wconf 83' lang='lat' dir='ltr'><strong>ferre</strong></span> <span class='ocrx_word' id='word_1_456' title='bbox 671 4153 688 4207; x_wconf 89' lang='lat'><strong>;</strong></span> <span class='ocrx_word' id='word_1_457' title='bbox 721 4147 805 4190; x_wconf 88' lang='lat' dir='ltr'><strong>ex</strong></span> <span class='ocrx_word' id='word_1_458' title='bbox 853 4147 985 4208; x_wconf 94' lang='lat' dir='ltr'><strong>quo</strong></span> <span class='ocrx_word' id='word_1_459' title='bbox 1037 4147 1371 4208; x_wconf 87' lang='lat' dir='ltr'><strong>speramus</strong></span> <span class='ocrx_word' id='word_1_460' title='bbox 1420 4131 1706 4192; x_wconf 78' lang='lat' dir='ltr'><strong>futurum</strong></span> <span class='ocrx_word' id='word_1_461' title='bbox 1740 4139 1807 4193; x_wconf 89' lang='lat' dir='ltr'><strong>ut</strong></span> <span class='ocrx_word' id='word_1_462' title='bbox 1838 4143 1898 4193; x_wconf 92' lang='lat' dir='ltr'><strong>et</strong></span> <span class='ocrx_word' id='word_1_463' title='bbox 1933 4138 2165 4198; x_wconf 86' lang='lat' dir='ltr'><strong>veritas</strong></span> <span class='ocrx_word' id='word_1_464' title='bbox 2213 4136 2463 4200; x_wconf 82' lang='lat' dir='ltr'><strong>facilius</strong></span> <span class='ocrx_word' id='word_1_465' title='bbox 2497 4140 2877 4214; x_wconf 88' lang='lat' dir='ltr'><strong>innotescat,</strong></span> <span class='ocrx_word' id='word_1_466' title='bbox 2916 4147 2977 4202; x_wconf 91' lang='lat' dir='ltr'><strong>et</strong></span> <span class='ocrx_word' id='word_1_467' title='bbox 3007 4157 3158 4200; x_wconf 88' lang='lat' dir='ltr'><strong>num</strong></span> <span class='ocrx_word' id='word_1_468' title='bbox 3192 4141 3464 4201; x_wconf 91' lang='lat' dir='ltr'><strong>nimium</strong></span> <span class='ocrx_word' id='word_1_469' title='bbox 3505 4139 3761 4201; x_wconf 84' lang='lat' dir='ltr'><strong>anseri-</strong></span> 
     </span>
    </p>
   </div>
   <div class='ocr_carea' id='block_1_39' title="bbox 463 4230 1302 4312">
    <p class='ocr_par' dir='ltr' id='par_1_39' title="bbox 463 4230 1302 4312">
     <span class='ocr_line' id='line_1_39' title="bbox 463 4230 1302 4312; baseline 0.008 -24"><span class='ocrx_word' id='word_1_470' title='bbox 463 4245 608 4291; x_wconf 89' lang='lat' dir='ltr'><strong>mus</strong></span> <span class='ocrx_word' id='word_1_471' title='bbox 633 4230 909 4308; x_wconf 89' lang='lat' dir='ltr'><strong>quisque</strong></span> <span class='ocrx_word' id='word_1_472' title='bbox 938 4233 1302 4312; x_wconf 85' lang='lat' dir='ltr'><strong>perspiciat.</strong></span> 
     </span>
    </p>
   </div>
   <div class='ocr_carea' id='block_1_40' title="bbox 548 4334 3764 4423">
    <p class='ocr_par' dir='ltr' id='par_1_40' title="bbox 548 4334 3764 4423">
     <span class='ocr_line' id='line_1_40' title="bbox 548 4334 3764 4423; baseline 0.003 -29"><span class='ocrx_word' id='word_1_473' title='bbox 548 4334 718 4396; x_wconf 83' lang='lat' dir='ltr'><strong>XVI.</strong></span> <span class='ocrx_word' id='word_1_474' title='bbox 765 4336 833 4397; x_wconf 90' lang='lat' dir='ltr'><strong>Id</strong></span> <span class='ocrx_word' id='word_1_475' title='bbox 859 4345 1073 4398; x_wconf 91' lang='lat' dir='ltr'><strong>autem</strong></span> <span class='ocrx_word' id='word_1_476' title='bbox 1105 4338 1388 4415; x_wconf 84' lang='lat' dir='ltr'><strong>proﬁteri</strong></span> <span class='ocrx_word' id='word_1_477' title='bbox 1428 4341 1548 4400; x_wconf 89' lang='lat' dir='ltr'><strong>hoc</strong></span> <span class='ocrx_word' id='word_1_478' title='bbox 1583 4340 1728 4401; x_wconf 90' lang='lat' dir='ltr'><strong>loco</strong></span> <span class='ocrx_word' id='word_1_479' title='bbox 1761 4340 1852 4402; x_wconf 84' lang='lat' dir='ltr'><strong>fas</strong></span> <span class='ocrx_word' id='word_1_480' title='bbox 1887 4349 2008 4414; x_wconf 91' lang='lat' dir='ltr'><strong>est,</strong></span> <span class='ocrx_word' id='word_1_481' title='bbox 2033 4341 2198 4404; x_wconf 89' lang='lat' dir='ltr'><strong>hanc</strong></span> <span class='ocrx_word' id='word_1_482' title='bbox 2225 4345 2638 4405; x_wconf 88' lang='lat' dir='ltr'><strong>concertandi</strong></span> <span class='ocrx_word' id='word_1_483' title='bbox 2673 4347 2986 4406; x_wconf 90' lang='lat' dir='ltr'><strong>rationem</strong></span> <span class='ocrx_word' id='word_1_484' title='bbox 3014 4363 3159 4406; x_wconf 92' lang='lat' dir='ltr'><strong>cum</strong></span> <span class='ocrx_word' id='word_1_485' title='bbox 3189 4345 3561 4406; x_wconf 87' lang='lat' dir='ltr'><strong>adversario</strong></span> <span class='ocrx_word' id='word_1_486' title='bbox 3592 4360 3764 4423; x_wconf 64' lang='lat' dir='ltr'><strong>prm-</strong></span> 
     </span>
    </p>
   </div>
   <div class='ocr_carea' id='block_1_41' title="bbox 465 4439 3762 4524">
    <p class='ocr_par' dir='ltr' id='par_1_41' title="bbox 465 4439 3762 4524">
     <span class='ocr_line' id='line_1_41' title="bbox 465 4439 3762 4524; baseline 0.001 -24"><span class='ocrx_word' id='word_1_487' title='bbox 465 4442 643 4500; x_wconf 82' lang='lat' dir='ltr'><strong>sente</strong></span> <span class='ocrx_word' id='word_1_488' title='bbox 663 4442 779 4499; x_wconf 89' lang='lat' dir='ltr'><strong>eta</strong></span> <span class='ocrx_word' id='word_1_489' title='bbox 808 4439 1014 4500; x_wconf 83' lang='lat' dir='ltr'><strong>fronte</strong></span> <span class='ocrx_word' id='word_1_490' title='bbox 1040 4440 1382 4502; x_wconf 90' lang='lat' dir='ltr'><strong>dimicante</strong></span> <span class='ocrx_word' id='word_1_491' title='bbox 1413 4441 1834 4511; x_wconf 88' lang='lat' dir='ltr'><strong>difficiliorem</strong></span> <span class='ocrx_word' id='word_1_492' title='bbox 1869 4443 2087 4504; x_wconf 89' lang='lat' dir='ltr'><strong>fuisse.</strong></span> <span class='ocrx_word' id='word_1_493' title='bbox 2114 4443 2468 4504; x_wconf 84' lang='lat' dir='ltr'><strong>Richardus</strong></span> <span class='ocrx_word' id='word_1_494' title='bbox 2506 4445 2720 4504; x_wconf 88' lang='lat' dir='ltr'><strong>Simon</strong></span> <span class='ocrx_word' id='word_1_495' title='bbox 2756 4464 2834 4506; x_wconf 86' lang='lat' dir='ltr'><strong>ex</strong></span> <span class='ocrx_word' id='word_1_496' title='bbox 2866 4446 3005 4506; x_wconf 91' lang='lat' dir='ltr'><strong>Elia</strong></span> <span class='ocrx_word' id='word_1_497' title='bbox 3039 4446 3314 4524; x_wconf 92' lang='lat' dir='ltr'><strong>Dupinio</strong></span> <span class='ocrx_word' id='word_1_498' title='bbox 3343 4447 3406 4504; x_wconf 92' lang='lat' dir='ltr'><strong>in</strong></span> <span class='ocrx_word' id='word_1_499' title='bbox 3443 4444 3762 4519; x_wconf 85' lang='lat' dir='ltr'><strong>Quesnel-</strong></span> 
     </span>
    </p>
   </div>
   <div class='ocr_carea' id='block_1_42' title="bbox 463 4539 3765 4622">
    <p class='ocr_par' dir='ltr' id='par_1_42' title="bbox 463 4539 3765 4622">
     <span class='ocr_line' id='line_1_42' title="bbox 463 4539 3765 4622; baseline -0 -20"><span class='ocrx_word' id='word_1_500' title='bbox 463 4539 644 4602; x_wconf 90' lang='lat' dir='ltr'><strong>liana</strong></span> <span class='ocrx_word' id='word_1_501' title='bbox 678 4540 957 4601; x_wconf 88' lang='lat' dir='ltr'><strong>editione</strong></span> <span class='ocrx_word' id='word_1_502' title='bbox 1009 4542 1139 4602; x_wconf 90' lang='lat' dir='ltr'><strong>duo</strong></span> <span class='ocrx_word' id='word_1_503' title='bbox 1189 4544 1458 4613; x_wconf 87' lang='lat' dir='ltr'><strong>notavit,</strong></span> <span class='ocrx_word' id='word_1_504' title='bbox 1497 4543 1799 4604; x_wconf 91' lang='lat' dir='ltr'><strong>nimirum</strong></span> <span class='ocrx_word' id='word_1_505' title='bbox 1835 4543 2161 4616; x_wconf 90' lang='lat' dir='ltr'><strong>Quesnelli</strong></span> <span class='ocrx_word' id='word_1_506' title='bbox 2184 4545 2666 4605; x_wconf 82' lang='lat' dir='ltr'><strong>dissertationes</strong></span> <span class='ocrx_word' id='word_1_507' title='bbox 2699 4545 2968 4605; x_wconf 91' lang='lat' dir='ltr'><strong>nimium</strong></span> <span class='ocrx_word' id='word_1_508' title='bbox 2997 4563 3136 4605; x_wconf 87' lang='lat' dir='ltr'><strong>esse</strong></span> <span class='ocrx_word' id='word_1_509' title='bbox 3167 4545 3480 4622; x_wconf 72' lang='lat' dir='ltr'><strong>prolixae,</strong></span> <span class='ocrx_word' id='word_1_510' title='bbox 3504 4549 3565 4604; x_wconf 88' lang='lat' dir='ltr'><strong>et</strong></span> <span class='ocrx_word' id='word_1_511' title='bbox 3597 4560 3765 4602; x_wconf 84' lang='lat' dir='ltr'><strong>non-</strong></span> 
     </span>
    </p>
   </div>
   <div class='ocr_carea' id='block_1_43' title="bbox 465 4641 3761 4731">
    <p class='ocr_par' dir='ltr' id='par_1_43' title="bbox 465 4641 3761 4731">
     <span class='ocr_line' id='line_1_43' title="bbox 465 4641 3761 4731; baseline 0 -25"><span class='ocrx_word' id='word_1_512' title='bbox 465 4642 680 4706; x_wconf 88' lang='lat' dir='ltr'><strong>nullas</strong></span> <span class='ocrx_word' id='word_1_513' title='bbox 733 4641 814 4704; x_wconf 88' lang='lat' dir='ltr'><strong>ad</strong></span> <span class='ocrx_word' id='word_1_514' title='bbox 859 4643 1092 4705; x_wconf 89' lang='lat' dir='ltr'><strong>Leonis</strong></span> <span class='ocrx_word' id='word_1_515' title='bbox 1146 4644 1356 4722; x_wconf 89' lang='lat' dir='ltr'><strong>Opera</strong></span> <span class='ocrx_word' id='word_1_516' title='bbox 1411 4663 1538 4704; x_wconf 91' lang='lat' dir='ltr'><strong>non</strong></span> <span class='ocrx_word' id='word_1_517' title='bbox 1597 4647 1719 4706; x_wconf 90' lang='lat' dir='ltr'><strong>nisi</strong></span> <span class='ocrx_word' id='word_1_518' title='bbox 1778 4648 2085 4708; x_wconf 88' lang='lat' dir='ltr'><strong>remotius</strong></span> <span class='ocrx_word' id='word_1_519' title='bbox 2145 4649 2487 4725; x_wconf 84' lang='lat' dir='ltr'><strong>pertinere.</strong></span> <span class='ocrx_word' id='word_1_520' title='bbox 2546 4648 2611 4710; x_wconf 90' lang='lat' dir='ltr'><strong>Il</strong></span> <span class='ocrx_word' id='word_1_521' title='bbox 2664 4647 3070 4731; x_wconf 86' lang='lat' dir='ltr'><strong>(Dupinius)</strong></span> <span class='ocrx_word' id='word_1_522' title='bbox 3115 4651 3219 4710; x_wconf 83' lang='lat' dir='ltr'><strong>n’a</strong></span> <span class='ocrx_word' id='word_1_523' title='bbox 3267 4667 3355 4730; x_wconf 86' lang='lat' dir='ltr'><strong>pu</strong></span> <span class='ocrx_word' id='word_1_524' title='bbox 3415 4648 3761 4727; x_wconf 79' lang='lat' dir='ltr'><strong>cependont</strong></span> 
     </span>
    </p>
   </div>
   <div class='ocr_carea' id='block_1_44' title="bbox 466 4743 3764 4828">
    <p class='ocr_par' dir='ltr' id='par_1_44' title="bbox 466 4743 3764 4828">
     <span class='ocr_line' id='line_1_44' title="bbox 466 4743 3764 4828; baseline 0 -22"><span class='ocrx_word' id='word_1_525' title='bbox 466 4743 827 4806; x_wconf 87' lang='lat' dir='ltr'><strong>dissimuler</strong></span> <span class='ocrx_word' id='word_1_526' title='bbox 870 4763 987 4824; x_wconf 87' lang='lat' dir='ltr'><strong>que</strong></span> <span class='ocrx_word' id='word_1_527' title='bbox 1033 4744 1119 4805; x_wconf 87' lang='lat' dir='ltr'><strong>les</strong></span> <span class='ocrx_word' id='word_1_528' title='bbox 1159 4745 1598 4807; x_wconf 84' lang='lat' dir='ltr'><strong>dissertations</strong></span> <span class='ocrx_word' id='word_1_529' title='bbox 1635 4755 1775 4806; x_wconf 90' lang='lat' dir='ltr'><strong>sont</strong></span> <span class='ocrx_word' id='word_1_530' title='bbox 1813 4753 1957 4824; x_wconf 86' lang='lat' dir='ltr'><strong>tr0p</strong></span> <span class='ocrx_word' id='word_1_531' title='bbox 1995 4745 2278 4824; x_wconf 85' lang='lat' dir='ltr'><strong>langues,</strong></span> <span class='ocrx_word' id='word_1_532' title='bbox 2319 4755 2378 4807; x_wconf 84' lang='lat' dir='ltr'><strong>et</strong></span> <span class='ocrx_word' id='word_1_533' title='bbox 2411 4767 2525 4826; x_wconf 88' lang='lat' dir='ltr'><strong>que</strong></span> <span class='ocrx_word' id='word_1_534' title='bbox 2562 4747 3032 4827; x_wconf 81' lang='lat' dir='ltr'><strong>quelques-unes</strong></span> <span class='ocrx_word' id='word_1_535' title='bbox 3058 4749 3239 4808; x_wconf 77' lang='lat' dir='ltr'><strong>n’ont</strong></span> <span class='ocrx_word' id='word_1_536' title='bbox 3269 4748 3462 4828; x_wconf 85' lang='lat' dir='ltr'><strong>qu’un</strong></span> <span class='ocrx_word' id='word_1_537' title='bbox 3496 4755 3764 4826; x_wconf 86' lang='lat' dir='ltr'><strong>rapport</strong></span> 
     </span>
    </p>
   </div>
   <div class='ocr_carea' id='block_1_45' title="bbox 479 4843 3765 4927">
    <p class='ocr_par' dir='ltr' id='par_1_45' title="bbox 479 4843 3765 4927">
     <span class='ocr_line' id='line_1_45' title="bbox 479 4843 3765 4927; baseline 0.001 -21"><span class='ocrx_word' id='word_1_538' title='bbox 479 4845 734 4922; x_wconf 67' lang='lat' dir='ltr'><strong>dloigne’</strong></span> <span class='ocrx_word' id='word_1_539' title='bbox 763 4863 893 4905; x_wconf 77' lang='lat' dir='ltr'><strong>oua:</strong></span> <span class='ocrx_word' id='word_1_540' title='bbox 923 4843 1222 4907; x_wconf 83' lang='lat' dir='ltr'><strong>OEuvres</strong></span> <span class='ocrx_word' id='word_1_541' title='bbox 1247 4847 1320 4907; x_wconf 88' lang='lat' dir='ltr'><strong>de</strong></span> <span class='ocrx_word' id='word_1_542' title='bbox 1349 4847 1518 4907; x_wconf 89' lang='lat' dir='ltr'><strong>saint</strong></span> <span class='ocrx_word' id='word_1_543' title='bbox 1548 4847 1721 4908; x_wconf 68' lang='lat' dir='ltr'><strong>Leon</strong></span> <span class='ocrx_word' id='word_1_544' title='bbox 1749 4847 1862 4926; x_wconf 94' lang='lat' dir='ltr'><strong>(a).</strong></span> <span class='ocrx_word' id='word_1_545' title='bbox 1891 4847 2039 4909; x_wconf 62' lang='lat' dir='ltr'><strong>Haec</strong></span> <span class='ocrx_word' id='word_1_546' title='bbox 2072 4849 2198 4908; x_wconf 91' lang='lat' dir='ltr'><strong>duo</strong></span> <span class='ocrx_word' id='word_1_547' title='bbox 2231 4849 2668 4910; x_wconf 72' lang='lat' dir='ltr'><strong>difficultatem</strong></span> <span class='ocrx_word' id='word_1_548' title='bbox 2698 4852 3091 4927; x_wconf 85' lang='lat' dir='ltr'><strong>potissimam</strong></span> <span class='ocrx_word' id='word_1_549' title='bbox 3127 4851 3518 4911; x_wconf 89' lang='lat' dir='ltr'><strong>facesserunt</strong></span> <span class='ocrx_word' id='word_1_550' title='bbox 3559 4870 3572 4908; x_wconf 92' lang='lat'><strong>:</strong></span> <span class='ocrx_word' id='word_1_551' title='bbox 3606 4859 3664 4910; x_wconf 90' lang='lat' dir='ltr'><strong>et</strong></span> <span class='ocrx_word' id='word_1_552' title='bbox 3697 4856 3765 4908; x_wconf 91' lang='lat' dir='ltr'><strong>ut</strong></span> 
     </span>
    </p>
   </div>
   <div class='ocr_carea' id='block_1_46' title="bbox 467 4944 3767 5028">
    <p class='ocr_par' dir='ltr' id='par_1_46' title="bbox 467 4944 3767 5028">
     <span class='ocr_line' id='line_1_46' title="bbox 467 4944 3767 5028; baseline 0 -21"><span class='ocrx_word' id='word_1_553' title='bbox 467 4947 749 5028; x_wconf 87' lang='lat' dir='ltr'><strong>primum</strong></span> <span class='ocrx_word' id='word_1_554' title='bbox 784 4944 1071 5008; x_wconf 90' lang='lat' dir='ltr'><strong>dicamus</strong></span> <span class='ocrx_word' id='word_1_555' title='bbox 1107 4949 1182 5008; x_wconf 91' lang='lat' dir='ltr'><strong>de</strong></span> <span class='ocrx_word' id='word_1_556' title='bbox 1214 4956 1538 5025; x_wconf 90' lang='lat' dir='ltr'><strong>postremo</strong></span> <span class='ocrx_word' id='word_1_557' title='bbox 1572 4950 1802 5026; x_wconf 88' lang='lat' dir='ltr'><strong>capite,</strong></span> <span class='ocrx_word' id='word_1_558' title='bbox 1834 4967 1978 5009; x_wconf 91' lang='lat' dir='ltr'><strong>cum</strong></span> <span class='ocrx_word' id='word_1_559' title='bbox 2014 4951 2272 5009; x_wconf 86' lang='lat' dir='ltr'><strong>editoris</strong></span> <span class='ocrx_word' id='word_1_560' title='bbox 2311 4951 2391 5009; x_wconf 90' lang='lat' dir='ltr'><strong>sit</strong></span> <span class='ocrx_word' id='word_1_561' title='bbox 2422 4949 2856 5024; x_wconf 89' lang='lat' dir='ltr'><strong>eadiligenter</strong></span> <span class='ocrx_word' id='word_1_562' title='bbox 2886 4951 3160 5011; x_wconf 87' lang='lat' dir='ltr'><strong>scrutari</strong></span> <span class='ocrx_word' id='word_1_563' title='bbox 3201 4958 3259 5010; x_wconf 92' lang='lat' dir='ltr'><strong>et</strong></span> <span class='ocrx_word' id='word_1_564' title='bbox 3289 4949 3587 5010; x_wconf 90' lang='lat' dir='ltr'><strong>evolvere</strong></span> <span class='ocrx_word' id='word_1_565' title='bbox 3621 4967 3767 5026; x_wconf 62' lang='lat' dir='ltr'><strong>quas</strong></span> 
     </span>
    </p>
   </div>
   <div class='ocr_carea' id='block_1_47' title="bbox 469 5049 3761 5131">
    <p class='ocr_par' dir='ltr' id='par_1_47' title="bbox 469 5049 3761 5131">
     <span class='ocr_line' id='line_1_47' title="bbox 469 5049 3761 5131; baseline -0.002 -18"><span class='ocrx_word' id='word_1_566' title='bbox 469 5051 548 5113; x_wconf 86' lang='lat' dir='ltr'><strong>ad</strong></span> <span class='ocrx_word' id='word_1_567' title='bbox 579 5051 926 5111; x_wconf 87' lang='lat' dir='ltr'><strong>Auctorem</strong></span> <span class='ocrx_word' id='word_1_568' title='bbox 961 5050 1230 5128; x_wconf 87' lang='lat' dir='ltr'><strong>ejusque</strong></span> <span class='ocrx_word' id='word_1_569' title='bbox 1261 5049 1472 5131; x_wconf 89' lang='lat' dir='ltr'><strong>Opera</strong></span> <span class='ocrx_word' id='word_1_570' title='bbox 1501 5057 1815 5128; x_wconf 89' lang='lat' dir='ltr'><strong>spectant,</strong></span> <span class='ocrx_word' id='word_1_571' title='bbox 1853 5067 2054 5130; x_wconf 91' lang='lat' dir='ltr'><strong>pauca</strong></span> <span class='ocrx_word' id='word_1_572' title='bbox 2091 5049 2456 5120; x_wconf 90' lang='lat' dir='ltr'><strong>admodum,</strong></span> <span class='ocrx_word' id='word_1_573' title='bbox 2491 5068 2634 5126; x_wconf 69' lang='lat' dir='ltr'><strong>qua:</strong></span> <span class='ocrx_word' id='word_1_574' title='bbox 2669 5051 2896 5111; x_wconf 88' lang='lat' dir='ltr'><strong>Leonis</strong></span> <span class='ocrx_word' id='word_1_575' title='bbox 2947 5059 3056 5110; x_wconf 89' lang='lat' dir='ltr'><strong>aut</strong></span> <span class='ocrx_word' id='word_1_576' title='bbox 3104 5050 3242 5127; x_wconf 89' lang='lat' dir='ltr'><strong>ejus</strong></span> <span class='ocrx_word' id='word_1_577' title='bbox 3287 5049 3569 5125; x_wconf 88' lang='lat' dir='ltr'><strong>Operum</strong></span> <span class='ocrx_word' id='word_1_578' title='bbox 3605 5067 3761 5123; x_wconf 80' lang='lat' dir='ltr'><strong>pro-</strong></span> 
     </span>
    </p>
   </div>
   <div class='ocr_carea' id='block_1_48' title="bbox 447 5151 3763 5232">
    <p class='ocr_par' dir='ltr' id='par_1_48' title="bbox 447 5151 3763 5232">
     <span class='ocr_line' id='line_1_48' title="bbox 447 5151 3763 5232; baseline -0.001 -19"><span class='ocrx_word' id='word_1_579' title='bbox 447 5153 612 5232; x_wconf 37' lang='lat' dir='ltr'><strong>,pria</strong></span> <span class='ocrx_word' id='word_1_580' title='bbox 650 5157 826 5227; x_wconf 88' lang='lat' dir='ltr'><strong>sunt,</strong></span> <span class='ocrx_word' id='word_1_581' title='bbox 864 5153 926 5211; x_wconf 92' lang='lat' dir='ltr'><strong>in</strong></span> <span class='ocrx_word' id='word_1_582' title='bbox 955 5153 1304 5226; x_wconf 89' lang='lat' dir='ltr'><strong>Quesnello</strong></span> <span class='ocrx_word' id='word_1_583' title='bbox 1353 5152 1716 5232; x_wconf 88' lang='lat' dir='ltr'><strong>expendere</strong></span> <span class='ocrx_word' id='word_1_584' title='bbox 1748 5159 1810 5210; x_wconf 90' lang='lat' dir='ltr'><strong>et</strong></span> <span class='ocrx_word' id='word_1_585' title='bbox 1846 5157 2152 5214; x_wconf 83' lang='lat' dir='ltr'><strong>excutere</strong></span> <span class='ocrx_word' id='word_1_586' title='bbox 2199 5169 2362 5229; x_wconf 91' lang='lat' dir='ltr'><strong>opus</strong></span> <span class='ocrx_word' id='word_1_587' title='bbox 2417 5152 2670 5222; x_wconf 82' lang='lat' dir='ltr'><strong>fuisset;</strong></span> <span class='ocrx_word' id='word_1_588' title='bbox 2732 5171 2939 5228; x_wconf 88' lang='lat' dir='ltr'><strong>neque</strong></span> <span class='ocrx_word' id='word_1_589' title='bbox 2979 5152 3321 5212; x_wconf 82' lang='lat' dir='ltr'><strong>fuissemus</strong></span> <span class='ocrx_word' id='word_1_590' title='bbox 3351 5152 3548 5211; x_wconf 90' lang='lat' dir='ltr'><strong>coacti</strong></span> <span class='ocrx_word' id='word_1_591' title='bbox 3591 5151 3650 5208; x_wconf 88' lang='lat' dir='ltr'><strong>in</strong></span> <span class='ocrx_word' id='word_1_592' title='bbox 3690 5167 3763 5212; x_wconf 91' lang='lat' dir='ltr'><strong>ea</strong></span> 
     </span>
    </p>
   </div>
   <div class='ocr_carea' id='block_1_49' title="bbox 448 5229 3767 5336">
    <p class='ocr_par' dir='ltr' id='par_1_49' title="bbox 448 5229 3767 5336">
     <span class='ocr_line' id='line_1_49' title="bbox 448 5229 3767 5336; baseline 0 -25"><span class='ocrx_word' id='word_1_593' title='bbox 448 5229 741 5336; x_wconf 63' lang='lat' dir='ltr'><strong>jdigredi,</strong></span> <span class='ocrx_word' id='word_1_594' title='bbox 775 5252 838 5310; x_wconf 92' lang='lat' dir='ltr'><strong>in</strong></span> <span class='ocrx_word' id='word_1_595' title='bbox 904 5269 1048 5328; x_wconf 57' lang='lat' dir='ltr'><strong>quas</strong></span> <span class='ocrx_word' id='word_1_596' title='bbox 1093 5251 1199 5311; x_wconf 90' lang='lat' dir='ltr'><strong>ille</strong></span> <span class='ocrx_word' id='word_1_597' title='bbox 1242 5229 1498 5330; x_wconf 81' lang='lat' dir='ltr'><strong>longius</strong></span> <span class='ocrx_word' id='word_1_598' title='bbox 1528 5257 1587 5312; x_wconf 88' lang='lat' dir='ltr'><strong>et</strong></span> <span class='ocrx_word' id='word_1_599' title='bbox 1633 5251 1896 5312; x_wconf 89' lang='lat' dir='ltr'><strong>liberius</strong></span> <span class='ocrx_word' id='word_1_600' title='bbox 1934 5253 2264 5322; x_wconf 86' lang='lat' dir='ltr'><strong>excurrit;</strong></span> <span class='ocrx_word' id='word_1_601' title='bbox 2298 5252 2520 5328; x_wconf 87' lang='lat' dir='ltr'><strong>sicque</strong></span> <span class='ocrx_word' id='word_1_602' title='bbox 2576 5271 2702 5311; x_wconf 89' lang='lat' dir='ltr'><strong>non</strong></span> <span class='ocrx_word' id='word_1_603' title='bbox 2763 5270 2962 5328; x_wconf 85' lang='lat' dir='ltr'><strong>pauca</strong></span> <span class='ocrx_word' id='word_1_604' title='bbox 3026 5250 3382 5310; x_wconf 83' lang='lat' dir='ltr'><strong>difﬁciliora</strong></span> <span class='ocrx_word' id='word_1_605' title='bbox 3443 5249 3767 5326; x_wconf 67' lang='lat' dir='ltr'><strong>praeterire</strong></span> 
     </span>
    </p>
   </div>
   <div class='ocr_carea' id='block_1_50' title="bbox 479 5351 3767 5427">
    <p class='ocr_par' dir='ltr' id='par_1_50' title="bbox 479 5351 3767 5427">
     <span class='ocr_line' id='line_1_50' title="bbox 479 5351 3767 5427; baseline 0.001 -18"><span class='ocrx_word' id='word_1_606' title='bbox 479 5351 785 5412; x_wconf 87' lang='lat' dir='ltr'><strong>licuisset.</strong></span> <span class='ocrx_word' id='word_1_607' title='bbox 818 5351 896 5410; x_wconf 86' lang='lat' dir='ltr'><strong>At</strong></span> <span class='ocrx_word' id='word_1_608' title='bbox 949 5351 1379 5412; x_wconf 88' lang='lat' dir='ltr'><strong>inserentibus</strong></span> <span class='ocrx_word' id='word_1_609' title='bbox 1434 5369 1658 5412; x_wconf 90' lang='lat' dir='ltr'><strong>omnes</strong></span> <span class='ocrx_word' id='word_1_610' title='bbox 1695 5353 2209 5426; x_wconf 87' lang='lat' dir='ltr'><strong>dissertationes,</strong></span> <span class='ocrx_word' id='word_1_611' title='bbox 2271 5353 2742 5412; x_wconf 61' lang='lat' dir='ltr'><strong>adn-innitiones</strong></span> <span class='ocrx_word' id='word_1_612' title='bbox 2793 5361 2851 5414; x_wconf 88' lang='lat' dir='ltr'><strong>et</strong></span> <span class='ocrx_word' id='word_1_613' title='bbox 2909 5357 3359 5414; x_wconf 88' lang='lat' dir='ltr'><strong>aunotationes</strong></span> <span class='ocrx_word' id='word_1_614' title='bbox 3407 5351 3767 5427; x_wconf 87' lang='lat' dir='ltr'><strong>Quesnelli,</strong></span> 
     </span>
    </p>
   </div>
   <div class='ocr_carea' id='block_1_51' title="bbox 477 5452 3770 5532">
    <p class='ocr_par' dir='ltr' id='par_1_51' title="bbox 477 5452 3770 5532">
     <span class='ocr_line' id='line_1_51' title="bbox 477 5452 3770 5532; baseline -0 -17"><span class='ocrx_word' id='word_1_615' title='bbox 477 5455 731 5530; x_wconf 87' lang='lat' dir='ltr'><strong>singula</strong></span> <span class='ocrx_word' id='word_1_616' title='bbox 770 5453 1050 5513; x_wconf 81' lang='lat' dir='ltr'><strong>examini</strong></span> <span class='ocrx_word' id='word_1_617' title='bbox 1085 5452 1481 5532; x_wconf 88' lang='lat' dir='ltr'><strong>subjicienda</strong></span> <span class='ocrx_word' id='word_1_618' title='bbox 1517 5453 1717 5528; x_wconf 84' lang='lat' dir='ltr'><strong>tuere,</strong></span> <span class='ocrx_word' id='word_1_619' title='bbox 1757 5458 1893 5517; x_wconf 83' lang='lat' dir='ltr'><strong>sive</strong></span> <span class='ocrx_word' id='word_1_620' title='bbox 1929 5472 2072 5531; x_wconf 73' lang='lat' dir='ltr'><strong>quae</strong></span> <span class='ocrx_word' id='word_1_621' title='bbox 2103 5455 2176 5513; x_wconf 90' lang='lat' dir='ltr'><strong>ad</strong></span> <span class='ocrx_word' id='word_1_622' title='bbox 2213 5454 2489 5514; x_wconf 89' lang='lat' dir='ltr'><strong>Leonem</strong></span> <span class='ocrx_word' id='word_1_623' title='bbox 2520 5460 2631 5515; x_wconf 91' lang='lat' dir='ltr'><strong>aut</strong></span> <span class='ocrx_word' id='word_1_624' title='bbox 2660 5455 2794 5532; x_wconf 82' lang='lat' dir='ltr'><strong>ejus</strong></span> <span class='ocrx_word' id='word_1_625' title='bbox 2827 5454 3035 5531; x_wconf 77' lang='lat' dir='ltr'><strong>Opera</strong></span> <span class='ocrx_word' id='word_1_626' title='bbox 3073 5455 3417 5531; x_wconf 86' lang='lat' dir='ltr'><strong>pertinent,</strong></span> <span class='ocrx_word' id='word_1_627' title='bbox 3452 5454 3586 5514; x_wconf 87' lang='lat' dir='ltr'><strong>sive</strong></span> <span class='ocrx_word' id='word_1_628' title='bbox 3623 5471 3770 5530; x_wconf 68' lang='lat' dir='ltr'><strong>quas</strong></span> 
     </span>
    </p>
   </div>
   <div class='ocr_carea' id='block_1_52' title="bbox 475 5554 3766 5633">
    <p class='ocr_par' dir='ltr' id='par_1_52' title="bbox 475 5554 3766 5633">
     <span class='ocr_line' id='line_1_52' title="bbox 475 5554 3766 5633; baseline -0.001 -17"><span class='ocrx_word' id='word_1_629' title='bbox 475 5574 558 5616; x_wconf 88' lang='lat' dir='ltr'><strong>cx</strong></span> <span class='ocrx_word' id='word_1_630' title='bbox 588 5557 924 5616; x_wconf 86' lang='lat' dir='ltr'><strong>occasione</strong></span> <span class='ocrx_word' id='word_1_631' title='bbox 954 5555 1211 5617; x_wconf 87' lang='lat' dir='ltr'><strong>inducta</strong></span> <span class='ocrx_word' id='word_1_632' title='bbox 1244 5557 1666 5616; x_wconf 81' lang='lat' dir='ltr'><strong>remotissima</strong></span> <span class='ocrx_word' id='word_1_633' title='bbox 1697 5557 2102 5630; x_wconf 85' lang='lat' dir='ltr'><strong>distrahunt;</strong></span> <span class='ocrx_word' id='word_1_634' title='bbox 2135 5572 2250 5615; x_wconf 90' lang='lat' dir='ltr'><strong>nec</strong></span> <span class='ocrx_word' id='word_1_635' title='bbox 2287 5557 2662 5633; x_wconf 86' lang='lat' dir='ltr'><strong>quidquam,</strong></span> <span class='ocrx_word' id='word_1_636' title='bbox 2700 5557 2847 5617; x_wconf 64' lang='lat' dir='ltr'><strong>licvt</strong></span> <span class='ocrx_word' id='word_1_637' title='bbox 2907 5557 3223 5616; x_wconf 74' lang='lat' dir='ltr'><strong>difﬁcilius</strong></span> <span class='ocrx_word' id='word_1_638' title='bbox 3262 5563 3322 5616; x_wconf 90' lang='lat' dir='ltr'><strong>et</strong></span> <span class='ocrx_word' id='word_1_639' title='bbox 3357 5554 3766 5633; x_wconf 88' lang='lat' dir='ltr'><strong>implicatius,</strong></span> 
     </span>
    </p>
   </div>
   <div class='ocr_carea' id='block_1_53' title="bbox 479 5650 3767 5738">
    <p class='ocr_par' dir='ltr' id='par_1_53' title="bbox 479 5650 3767 5738">
     <span class='ocr_line' id='line_1_53' title="bbox 479 5650 3767 5738; baseline -0.001 -20"><span class='ocrx_word' id='word_1_640' title='bbox 479 5656 872 5719; x_wconf 87' lang='lat' dir='ltr'><strong>dissimulari</strong></span> <span class='ocrx_word' id='word_1_641' title='bbox 904 5663 1014 5718; x_wconf 88' lang='lat' dir='ltr'><strong>aut</strong></span> <span class='ocrx_word' id='word_1_642' title='bbox 1063 5659 1415 5719; x_wconf 87' lang='lat' dir='ltr'><strong>transcurri</strong></span> <span class='ocrx_word' id='word_1_643' title='bbox 1451 5660 1652 5736; x_wconf 89' lang='lat' dir='ltr'><strong>potuit</strong></span> <span class='ocrx_word' id='word_1_644' title='bbox 1683 5677 1826 5720; x_wconf 92' lang='lat' dir='ltr'><strong>cum</strong></span> <span class='ocrx_word' id='word_1_645' title='bbox 1866 5658 2221 5738; x_wconf 67' lang='lat' dir='ltr'><strong>praesertim</strong></span> <span class='ocrx_word' id='word_1_646' title='bbox 2260 5659 2322 5717; x_wconf 92' lang='lat' dir='ltr'><strong>in</strong></span> <span class='ocrx_word' id='word_1_647' title='bbox 2355 5657 2665 5736; x_wconf 85' lang='lat' dir='ltr'><strong>ejusmodi</strong></span> <span class='ocrx_word' id='word_1_648' title='bbox 2706 5658 3248 5737; x_wconf 83' lang='lat' dir='ltr'><strong>disputationibus</strong></span> <span class='ocrx_word' id='word_1_649' title='bbox 3276 5675 3309 5718; x_wconf 88' lang='lat' dir='ltr'><strong>a</strong></span> <span class='ocrx_word' id='word_1_650' title='bbox 3370 5656 3600 5717; x_wconf 89' lang='lat' dir='ltr'><strong>Leonis</strong></span> <span class='ocrx_word' id='word_1_651' title='bbox 3629 5650 3767 5715; x_wconf 77' lang='lat' dir='ltr'><strong>edi-</strong></span> 
     </span>
    </p>
   </div>
   <div class='ocr_carea' id='block_1_54' title="bbox 553 5845 2388 5920">
    <p class='ocr_par' dir='ltr' id='par_1_54' title="bbox 553 5845 2388 5920">
     <span class='ocr_line' id='line_1_54' title="bbox 553 5845 2388 5920; baseline -0.002 -18"><span class='ocrx_word' id='word_1_652' title='bbox 553 5849 628 5914; x_wconf 79' lang='grc' dir='ltr'><strong>(α)</strong></span> <span class='ocrx_word' id='word_1_653' title='bbox 669 5847 893 5916; x_wconf 82' lang='lat' dir='ltr'><strong>Critique</strong></span> <span class='ocrx_word' id='word_1_654' title='bbox 914 5847 978 5905; x_wconf 86' lang='lat' dir='ltr'><strong>de</strong></span> <span class='ocrx_word' id='word_1_655' title='bbox 998 5849 1049 5904; x_wconf 85' lang='lat' dir='ltr'><strong>ta</strong></span> <span class='ocrx_word' id='word_1_656' title='bbox 1077 5848 1657 5920; x_wconf 76' lang='lat' dir='ltr'><strong>Bibliotheque.....par</strong></span> <span class='ocrx_word' id='word_1_657' title='bbox 1679 5849 1748 5906; x_wconf 87' lang='lat' dir='ltr'><strong>M.</strong></span> <span class='ocrx_word' id='word_1_658' title='bbox 1777 5847 1974 5919; x_wconf 88' lang='lat' dir='ltr'><strong>Dupin,</strong></span> <span class='ocrx_word' id='word_1_659' title='bbox 2007 5845 2098 5907; x_wconf 83' lang='lat' dir='ltr'><strong>liv.</strong></span> <span class='ocrx_word' id='word_1_660' title='bbox 2126 5862 2184 5915; x_wconf 82' lang='grc' dir='ltr'><strong>ιι,</strong></span> <span class='ocrx_word' id='word_1_661' title='bbox 2215 5861 2265 5902; x_wconf 90' lang='lat' dir='ltr'><strong>e.</strong></span> <span class='ocrx_word' id='word_1_662' title='bbox 2304 5846 2388 5900; x_wconf 78' lang='lat' dir='ltr'><strong>to.</strong></span> 
     </span>
    </p>
   </div>
  </div>
