  <div class='ocr_page' id='page_1' title='image "/cluster/home/n/w/nwhite01/storage/ocr_20150623/54/hvd.32044015471584/017.png"; bbox 0 0 4014 6350; ppageno 0'>
   <div class='ocr_carea' id='block_1_1' title="bbox 524 307 2109 373">
    <p class='ocr_par' dir='ltr' id='par_1_1' title="bbox 524 310 2109 373">
     <span class='ocr_line' id='line_1_1' title="bbox 524 310 2109 373; baseline -0.015 11"><span class='ocrx_word' id='word_1_1' title='bbox 524 314 592 373; x_wconf 69' lang='lat'><strong>9&#39;7</strong></span> <span class='ocrx_word' id='word_1_2' title='bbox 1382 315 1746 371; x_wconf 62' lang='lat' dir='ltr'><strong>eamme</strong></span> <span class='ocrx_word' id='word_1_3' title='bbox 1786 310 2109 366; x_wconf 69' lang='lat' dir='ltr'><strong>GENERAL</strong></span> 
     </span>
    </p>
   </div>
   <div class='ocr_carea' id='block_1_2' title="bbox 2238 307 3823 373">
    <p class='ocr_par' dir='ltr' id='par_1_2' title="bbox 2238 307 3823 369">
     <span class='ocr_line' id='line_1_2' title="bbox 2238 307 3823 369; baseline 0.015 -10"><span class='ocrx_word' id='word_1_4' title='bbox 2238 307 2273 359; x_wconf 64' lang='grc' dir='ltr'><strong>Ν</strong></span> <span class='ocrx_word' id='word_1_5' title='bbox 2320 308 2503 363; x_wconf 61' lang='lat' dir='ltr'><strong>esse</strong></span> <span class='ocrx_word' id='word_1_6' title='bbox 2540 313 2930 369; x_wconf 80' lang='lat' dir='ltr'><strong>EDITIONEM.</strong></span> <span class='ocrx_word' id='word_1_7' title='bbox 3739 315 3823 369; x_wconf 63' lang='grc' dir='ltr'><strong>εδ</strong></span> 
     </span>
    </p>
   </div>
   <div class='ocr_carea' id='block_1_3' title="bbox 526 401 3825 491">
    <p class='ocr_par' dir='ltr' id='par_1_3' title="bbox 526 401 3825 491">
     <span class='ocr_line' id='line_1_3' title="bbox 526 401 3825 491; baseline -0.002 -20"><span class='ocrx_word' id='word_1_8' title='bbox 526 413 715 491; x_wconf 83' lang='lat' dir='ltr'><strong>qu&#39;on</strong></span> <span class='ocrx_word' id='word_1_9' title='bbox 745 414 898 486; x_wconf 84' lang='lat' dir='ltr'><strong>peut</strong></span> <span class='ocrx_word' id='word_1_10' title='bbox 925 407 1063 468; x_wconf 81' lang='lat' dir='ltr'><strong>dire</strong></span> <span class='ocrx_word' id='word_1_11' title='bbox 1088 407 1161 468; x_wconf 81' lang='lat' dir='ltr'><strong>de</strong></span> <span class='ocrx_word' id='word_1_12' title='bbox 1186 407 1456 475; x_wconf 79' lang='lat' dir='ltr'><strong>l’auteur</strong></span> <span class='ocrx_word' id='word_1_13' title='bbox 1484 408 1554 468; x_wconf 79' lang='lat' dir='ltr'><strong>de</strong></span> <span class='ocrx_word' id='word_1_14' title='bbox 1584 406 1871 468; x_wconf 79' lang='lat' dir='ltr'><strong>l’e’dition</strong></span> <span class='ocrx_word' id='word_1_15' title='bbox 1899 404 1971 465; x_wconf 81' lang='lat' dir='ltr'><strong>de</strong></span> <span class='ocrx_word' id='word_1_16' title='bbox 1992 405 2063 466; x_wconf 88' lang='lat' dir='ltr'><strong>S.</strong></span> <span class='ocrx_word' id='word_1_17' title='bbox 2096 404 2295 479; x_wconf 78' lang='lat' dir='ltr'><strong>Le’on,</strong></span> <span class='ocrx_word' id='word_1_18' title='bbox 2323 402 2565 482; x_wconf 64' lang='lat' dir='ltr'><strong>publica</strong></span> <span class='ocrx_word' id='word_1_19' title='bbox 2619 423 2763 469; x_wconf 78' lang='lat' dir='ltr'><strong>scus</strong></span> <span class='ocrx_word' id='word_1_20' title='bbox 2790 406 2845 474; x_wconf 67' lang='grc' dir='ltr'><strong>ις</strong></span> <span class='ocrx_word' id='word_1_21' title='bbox 2868 423 3013 466; x_wconf 79' lang='lat' dir='ltr'><strong>nam</strong></span> <span class='ocrx_word' id='word_1_22' title='bbox 3039 403 3125 464; x_wconf 85' lang='lat' dir='ltr'><strong>du</strong></span> <span class='ocrx_word' id='word_1_23' title='bbox 3158 402 3232 463; x_wconf 88' lang='lat' dir='ltr'><strong>P.</strong></span> <span class='ocrx_word' id='word_1_24' title='bbox 3265 401 3568 478; x_wconf 78' lang='lat' dir='ltr'><strong>Quesncl:</strong></span> <span class='ocrx_word' id='word_1_25' title='bbox 3600 402 3825 468; x_wconf 64' lang='lat' dir='ltr'><strong>Sumus</strong></span> 
     </span>
    </p>
   </div>
   <div class='ocr_carea' id='block_1_4' title="bbox 529 505 3836 605">
    <p class='ocr_par' dir='ltr' id='par_1_4' title="bbox 529 505 3836 605">
     <span class='ocr_line' id='line_1_4' title="bbox 529 505 3836 605; baseline -0.002 -34"><span class='ocrx_word' id='word_1_26' title='bbox 529 528 713 573; x_wconf 72' lang='lat' dir='ltr'><strong>uoto</strong></span> <span class='ocrx_word' id='word_1_27' title='bbox 745 509 855 590; x_wconf 83' lang='grc' dir='ltr'><strong>(α).</strong></span> <span class='ocrx_word' id='word_1_28' title='bbox 886 511 1209 571; x_wconf 77' lang='lat' dir='ltr'><strong>Hactenus</strong></span> <span class='ocrx_word' id='word_1_29' title='bbox 1244 506 1595 569; x_wconf 83' lang='lat' dir='ltr'><strong>Richardus</strong></span> <span class='ocrx_word' id='word_1_30' title='bbox 1620 507 1863 579; x_wconf 88' lang='lat' dir='ltr'><strong>Simon,</strong></span> <span class='ocrx_word' id='word_1_31' title='bbox 1902 506 2011 583; x_wconf 90' lang='lat' dir='ltr'><strong>qui</strong></span> <span class='ocrx_word' id='word_1_32' title='bbox 2062 506 2125 569; x_wconf 87' lang='lat' dir='ltr'><strong>in</strong></span> <span class='ocrx_word' id='word_1_33' title='bbox 2177 505 2679 584; x_wconf 69' lang='lat' dir='ltr'><strong>congregatione</strong></span> <span class='ocrx_word' id='word_1_34' title='bbox 2739 505 3019 568; x_wconf 83' lang='lat' dir='ltr'><strong>Oratorii</strong></span> <span class='ocrx_word' id='word_1_35' title='bbox 3085 522 3214 568; x_wconf 81' lang='lat' dir='ltr'><strong>una</strong></span> <span class='ocrx_word' id='word_1_36' title='bbox 3273 522 3419 569; x_wconf 87' lang='lat' dir='ltr'><strong>cum</strong></span> <span class='ocrx_word' id='word_1_37' title='bbox 3470 505 3836 605; x_wconf 52' lang='lat' dir='ltr'><strong>Quesnello‘</strong></span> 
     </span>
    </p>
   </div>
   <div class='ocr_carea' id='block_1_5' title="bbox 528 606 3825 687">
    <p class='ocr_par' dir='ltr' id='par_1_5' title="bbox 528 606 3825 687">
     <span class='ocr_line' id='line_1_5' title="bbox 528 606 3825 687; baseline -0.001 -18"><span class='ocrx_word' id='word_1_38' title='bbox 528 611 768 670; x_wconf 89' lang='lat' dir='ltr'><strong>diutius</strong></span> <span class='ocrx_word' id='word_1_39' title='bbox 819 612 976 673; x_wconf 81' lang='lat' dir='ltr'><strong>vixit</strong></span> <span class='ocrx_word' id='word_1_40' title='bbox 1039 627 1241 685; x_wconf 88' lang='lat' dir='ltr'><strong>usque</strong></span> <span class='ocrx_word' id='word_1_41' title='bbox 1274 610 1355 687; x_wconf 78' lang='lat' dir='ltr'><strong>ad</strong></span> <span class='ocrx_word' id='word_1_42' title='bbox 1380 609 1683 673; x_wconf 77' lang='lat' dir='ltr'><strong>Leoninae</strong></span> <span class='ocrx_word' id='word_1_43' title='bbox 1741 606 2037 676; x_wconf 77' lang='lat' dir='ltr'><strong>editionis</strong></span> <span class='ocrx_word' id='word_1_44' title='bbox 2106 607 2366 675; x_wconf 77' lang='lat' dir='ltr'><strong>circiter</strong></span> <span class='ocrx_word' id='word_1_45' title='bbox 2431 615 2742 685; x_wconf 76' lang='lat' dir='ltr'><strong>tempora.</strong></span> <span class='ocrx_word' id='word_1_46' title='bbox 2778 608 2846 669; x_wconf 91' lang='lat' dir='ltr'><strong>In</strong></span> <span class='ocrx_word' id='word_1_47' title='bbox 2877 607 2993 671; x_wconf 87' lang='lat' dir='ltr'><strong>huc</strong></span> <span class='ocrx_word' id='word_1_48' title='bbox 3022 611 3234 673; x_wconf 80' lang='lat' dir='ltr'><strong>autem</strong></span> <span class='ocrx_word' id='word_1_49' title='bbox 3266 607 3633 669; x_wconf 91' lang='lat' dir='ltr'><strong>testimonio</strong></span> <span class='ocrx_word' id='word_1_50' title='bbox 3661 609 3825 669; x_wconf 90' lang='lat' dir='ltr'><strong>illud</strong></span> 
     </span>
    </p>
   </div>
   <div class='ocr_carea' id='block_1_6' title="bbox 531 709 3821 789">
    <p class='ocr_par' dir='ltr' id='par_1_6' title="bbox 531 709 3821 789">
     <span class='ocr_line' id='line_1_6' title="bbox 531 709 3821 789; baseline 0 -20"><span class='ocrx_word' id='word_1_51' title='bbox 531 713 881 789; x_wconf 63' lang='lat' dir='ltr'><strong>praesertim</strong></span> <span class='ocrx_word' id='word_1_52' title='bbox 920 710 1389 773; x_wconf 89' lang='lat' dir='ltr'><strong>observandum</strong></span> <span class='ocrx_word' id='word_1_53' title='bbox 1434 718 1553 781; x_wconf 84' lang='lat' dir='ltr'><strong>est,</strong></span> <span class='ocrx_word' id='word_1_54' title='bbox 1584 711 1745 771; x_wconf 88' lang='lat' dir='ltr'><strong>adeo</strong></span> <span class='ocrx_word' id='word_1_55' title='bbox 1774 712 2073 775; x_wconf 87' lang='lat' dir='ltr'><strong>acerbum</strong></span> <span class='ocrx_word' id='word_1_56' title='bbox 2108 716 2166 787; x_wconf 78' lang='lat' dir='ltr'><strong>et</strong></span> <span class='ocrx_word' id='word_1_57' title='bbox 2198 709 2520 777; x_wconf 74' lang='lat' dir='ltr'><strong>infensum</strong></span> <span class='ocrx_word' id='word_1_58' title='bbox 2556 709 2620 768; x_wconf 89' lang='lat' dir='ltr'><strong>in</strong></span> <span class='ocrx_word' id='word_1_59' title='bbox 2651 709 3005 777; x_wconf 77' lang='lat' dir='ltr'><strong>Romanam</strong></span> <span class='ocrx_word' id='word_1_60' title='bbox 3035 710 3247 773; x_wconf 84' lang='lat' dir='ltr'><strong>sedem</strong></span> <span class='ocrx_word' id='word_1_61' title='bbox 3279 709 3473 771; x_wconf 85' lang='lat' dir='ltr'><strong>fuisse</strong></span> <span class='ocrx_word' id='word_1_62' title='bbox 3508 710 3821 783; x_wconf 83' lang='lat' dir='ltr'><strong>Quesncl-</strong></span> 
     </span>
    </p>
   </div>
   <div class='ocr_carea' id='block_1_7' title="bbox 532 811 3794 893">
    <p class='ocr_par' dir='ltr' id='par_1_7' title="bbox 532 811 3794 893">
     <span class='ocr_line' id='line_1_7' title="bbox 532 811 3794 893; baseline -0.001 -20"><span class='ocrx_word' id='word_1_63' title='bbox 532 816 688 882; x_wconf 88' lang='lat' dir='ltr'><strong>lum,</strong></span> <span class='ocrx_word' id='word_1_64' title='bbox 716 822 783 874; x_wconf 93' lang='lat' dir='ltr'><strong>ut</strong></span> <span class='ocrx_word' id='word_1_65' title='bbox 815 816 920 873; x_wconf 91' lang='lat' dir='ltr'><strong>uni</strong></span> <span class='ocrx_word' id='word_1_66' title='bbox 954 834 987 873; x_wconf 91' lang='lat' dir='ltr'><strong>e</strong></span> <span class='ocrx_word' id='word_1_67' title='bbox 1015 814 1148 873; x_wconf 88' lang='lat' dir='ltr'><strong>suis</strong></span> <span class='ocrx_word' id='word_1_68' title='bbox 1178 830 1437 889; x_wconf 90' lang='lat' dir='ltr'><strong>quoque</strong></span> <span class='ocrx_word' id='word_1_69' title='bbox 1466 813 1897 873; x_wconf 81' lang='lat' dir='ltr'><strong>confratribus</strong></span> <span class='ocrx_word' id='word_1_70' title='bbox 1959 812 2251 887; x_wconf 65' lang='lat' dir='ltr'><strong>quaedam</strong></span> <span class='ocrx_word' id='word_1_71' title='bbox 2300 814 2439 893; x_wconf 70' lang='lat' dir='ltr'><strong>loca</strong></span> <span class='ocrx_word' id='word_1_72' title='bbox 2492 811 2959 888; x_wconf 78' lang='lat' dir='ltr'><strong>displicuerint,</strong></span> <span class='ocrx_word' id='word_1_73' title='bbox 2993 812 3101 888; x_wconf 89' lang='lat' dir='ltr'><strong>qui</strong></span> <span class='ocrx_word' id='word_1_74' title='bbox 3140 811 3374 875; x_wconf 86' lang='lat' dir='ltr'><strong>idcirco</strong></span> <span class='ocrx_word' id='word_1_75' title='bbox 3408 812 3471 871; x_wconf 91' lang='lat' dir='ltr'><strong>in</strong></span> <span class='ocrx_word' id='word_1_76' title='bbox 3505 813 3794 890; x_wconf 87' lang='lat' dir='ltr'><strong>interpre</strong></span> 
     </span>
    </p>
   </div>
   <div class='ocr_carea' id='block_1_8' title="bbox 532 912 3821 990">
    <p class='ocr_par' dir='ltr' id='par_1_8' title="bbox 532 912 3821 990">
     <span class='ocr_line' id='line_1_8' title="bbox 532 912 3821 990; baseline -0.003 -13"><span class='ocrx_word' id='word_1_77' title='bbox 532 918 772 977; x_wconf 82' lang='lat' dir='ltr'><strong>talione</strong></span> <span class='ocrx_word' id='word_1_78' title='bbox 806 915 1034 977; x_wconf 89' lang='lat' dir='ltr'><strong>Latina</strong></span> <span class='ocrx_word' id='word_1_79' title='bbox 1068 931 1141 975; x_wconf 88' lang='lat' dir='ltr'><strong>ea</strong></span> <span class='ocrx_word' id='word_1_80' title='bbox 1171 912 1552 977; x_wconf 87' lang='lat' dir='ltr'><strong>emollienda</strong></span> <span class='ocrx_word' id='word_1_81' title='bbox 1591 914 2008 983; x_wconf 71' lang='lat' dir='ltr'><strong>existimavit.</strong></span> <span class='ocrx_word' id='word_1_82' title='bbox 2076 914 2235 981; x_wconf 80' lang='lat' dir='ltr'><strong>Cum</strong></span> <span class='ocrx_word' id='word_1_83' title='bbox 2271 933 2421 981; x_wconf 81' lang='lat' dir='ltr'><strong>vero</strong></span> <span class='ocrx_word' id='word_1_84' title='bbox 2471 914 2535 975; x_wconf 91' lang='lat' dir='ltr'><strong>id</strong></span> <span class='ocrx_word' id='word_1_85' title='bbox 2589 913 2974 988; x_wconf 70' lang='lat' dir='ltr'><strong>Quesnellus</strong></span> <span class='ocrx_word' id='word_1_86' title='bbox 3009 915 3350 990; x_wconf 67' lang='lat' dir='ltr'><strong>respuerit,</strong></span> <span class='ocrx_word' id='word_1_87' title='bbox 3407 915 3566 974; x_wconf 85' lang='lat' dir='ltr'><strong>nihil</strong></span> <span class='ocrx_word' id='word_1_88' title='bbox 3596 915 3717 975; x_wconf 80' lang='lat' dir='ltr'><strong>hac</strong></span> <span class='ocrx_word' id='word_1_89' title='bbox 3753 914 3821 973; x_wconf 82' lang='lat' dir='ltr'><strong>in</strong></span> 
     </span>
    </p>
   </div>
   <div class='ocr_carea' id='block_1_9' title="bbox 535 1006 3831 1097">
    <p class='ocr_par' dir='ltr' id='par_1_9' title="bbox 535 1006 3831 1097">
     <span class='ocr_line' id='line_1_9' title="bbox 535 1006 3831 1097; baseline 0.001 -24"><span class='ocrx_word' id='word_1_90' title='bbox 535 1030 712 1097; x_wconf 82' lang='lat' dir='ltr'><strong>parte</strong></span> <span class='ocrx_word' id='word_1_91' title='bbox 738 1035 818 1079; x_wconf 66' lang='lat' dir='ltr'><strong>aa</strong></span> <span class='ocrx_word' id='word_1_92' title='bbox 855 1018 1306 1093; x_wconf 80' lang='lat' dir='ltr'><strong>interpretibus</strong></span> <span class='ocrx_word' id='word_1_93' title='bbox 1336 1006 1619 1081; x_wconf 82' lang='lat' dir='ltr'><strong>additum</strong></span> <span class='ocrx_word' id='word_1_94' title='bbox 1660 1016 1755 1083; x_wconf 88' lang='lat' dir='ltr'><strong>vel</strong></span> <span class='ocrx_word' id='word_1_95' title='bbox 1792 1026 2256 1095; x_wconf 73' lang='lat' dir='ltr'><strong>exaggeralum</strong></span> <span class='ocrx_word' id='word_1_96' title='bbox 2292 1016 2413 1085; x_wconf 76' lang='lat' dir='ltr'><strong>diei</strong></span> <span class='ocrx_word' id='word_1_97' title='bbox 2449 1024 2695 1095; x_wconf 81' lang='lat' dir='ltr'><strong>potest;</strong></span> <span class='ocrx_word' id='word_1_98' title='bbox 2726 1019 2832 1079; x_wconf 80' lang='lat' dir='ltr'><strong>sed</strong></span> <span class='ocrx_word' id='word_1_99' title='bbox 2891 1018 3203 1093; x_wconf 80' lang='lat' dir='ltr'><strong>quidquid</strong></span> <span class='ocrx_word' id='word_1_100' title='bbox 3259 1018 3561 1078; x_wconf 89' lang='lat' dir='ltr'><strong>acerbius</strong></span> <span class='ocrx_word' id='word_1_101' title='bbox 3619 1018 3680 1076; x_wconf 87' lang='lat' dir='ltr'><strong>in</strong></span> <span class='ocrx_word' id='word_1_102' title='bbox 3748 1032 3831 1079; x_wconf 88' lang='lat' dir='ltr'><strong>ea</strong></span> 
     </span>
    </p>
   </div>
   <div class='ocr_carea' id='block_1_10' title="bbox 535 1114 3655 1193">
    <p class='ocr_par' dir='ltr' id='par_1_10' title="bbox 535 1114 3655 1193">
     <span class='ocr_line' id='line_1_10' title="bbox 535 1114 3655 1193; baseline -0.001 -16"><span class='ocrx_word' id='word_1_103' title='bbox 535 1118 808 1178; x_wconf 84' lang='lat' dir='ltr'><strong>editione</strong></span> <span class='ocrx_word' id='word_1_104' title='bbox 834 1117 1091 1191; x_wconf 77' lang='lat' dir='ltr'><strong>legitur,</strong></span> <span class='ocrx_word' id='word_1_105' title='bbox 1120 1124 1316 1183; x_wconf 87' lang='lat' dir='ltr'><strong>totum</strong></span> <span class='ocrx_word' id='word_1_106' title='bbox 1348 1135 1424 1179; x_wconf 82' lang='lat' dir='ltr'><strong>ex</strong></span> <span class='ocrx_word' id='word_1_107' title='bbox 1460 1118 1662 1193; x_wconf 83' lang='lat' dir='ltr'><strong>ipsius</strong></span> <span class='ocrx_word' id='word_1_108' title='bbox 1686 1114 2013 1189; x_wconf 80' lang='lat' dir='ltr'><strong>Quesnelli</strong></span> <span class='ocrx_word' id='word_1_109' title='bbox 2063 1120 2273 1193; x_wconf 77' lang='lat' dir='ltr'><strong>mente</strong></span> <span class='ocrx_word' id='word_1_110' title='bbox 2300 1119 2493 1191; x_wconf 83' lang='lat' dir='ltr'><strong>atque</strong></span> <span class='ocrx_word' id='word_1_111' title='bbox 2523 1115 2842 1183; x_wconf 80' lang='lat' dir='ltr'><strong>sententia</strong></span> <span class='ocrx_word' id='word_1_112' title='bbox 2877 1116 3231 1193; x_wconf 75' lang='lat' dir='ltr'><strong>profectum</strong></span> <span class='ocrx_word' id='word_1_113' title='bbox 3262 1118 3655 1193; x_wconf 81' lang='lat' dir='ltr'><strong>agnoscitur.</strong></span> 
     </span>
    </p>
   </div>
   <div class='ocr_carea' id='block_1_11' title="bbox 617 1213 3823 1299">
    <p class='ocr_par' dir='ltr' id='par_1_11' title="bbox 617 1213 3823 1299">
     <span class='ocr_line' id='line_1_11' title="bbox 617 1213 3823 1299; baseline -0.001 -19"><span class='ocrx_word' id='word_1_114' title='bbox 617 1219 795 1285; x_wconf 79' lang='lat' dir='ltr'><strong>XIX.</strong></span> <span class='ocrx_word' id='word_1_115' title='bbox 841 1220 979 1279; x_wconf 89' lang='lat' dir='ltr'><strong>Duo</strong></span> <span class='ocrx_word' id='word_1_116' title='bbox 1010 1219 1326 1295; x_wconf 67' lang='lat' dir='ltr'><strong>praacipua</strong></span> <span class='ocrx_word' id='word_1_117' title='bbox 1354 1216 1612 1281; x_wconf 78' lang='lat' dir='ltr'><strong>fuerunt</strong></span> <span class='ocrx_word' id='word_1_118' title='bbox 1645 1215 2010 1293; x_wconf 56' lang='lat' dir='ltr'><strong>prejudicia</strong></span> <span class='ocrx_word' id='word_1_119' title='bbox 2043 1215 2275 1291; x_wconf 88' lang='lat' dir='ltr'><strong>quibus</strong></span> <span class='ocrx_word' id='word_1_120' title='bbox 2303 1213 2411 1289; x_wconf 60' lang='lat' dir='ltr'><strong>hic.</strong></span> <span class='ocrx_word' id='word_1_121' title='bbox 2438 1216 2770 1283; x_wconf 79' lang='lat' dir='ltr'><strong>laborabat</strong></span> <span class='ocrx_word' id='word_1_122' title='bbox 2803 1258 2819 1273; x_wconf 92' lang='lat'><strong>.</strong></span> <span class='ocrx_word' id='word_1_123' title='bbox 2858 1218 3132 1299; x_wconf 79' lang='lat' dir='ltr'><strong>alterum</strong></span> <span class='ocrx_word' id='word_1_124' title='bbox 3166 1219 3231 1276; x_wconf 92' lang='lat' dir='ltr'><strong>iu</strong></span> <span class='ocrx_word' id='word_1_125' title='bbox 3265 1220 3528 1279; x_wconf 84' lang='lat' dir='ltr'><strong>materia</strong></span> <span class='ocrx_word' id='word_1_126' title='bbox 3565 1216 3823 1295; x_wconf 74' lang='lat' dir='ltr'><strong>gratim,</strong></span> 
     </span>
    </p>
   </div>
   <div class='ocr_carea' id='block_1_12' title="bbox 538 1316 3826 1397">
    <p class='ocr_par' dir='ltr' id='par_1_12' title="bbox 538 1316 3826 1397">
     <span class='ocr_line' id='line_1_12' title="bbox 538 1316 3826 1397; baseline -0.001 -13"><span class='ocrx_word' id='word_1_127' title='bbox 538 1322 808 1384; x_wconf 81' lang='lat' dir='ltr'><strong>alterum</strong></span> <span class='ocrx_word' id='word_1_128' title='bbox 842 1338 990 1387; x_wconf 82' lang='lat' dir='ltr'><strong>vero</strong></span> <span class='ocrx_word' id='word_1_129' title='bbox 1022 1318 1327 1385; x_wconf 74' lang='lat' dir='ltr'><strong>adversus</strong></span> <span class='ocrx_word' id='word_1_130' title='bbox 1360 1316 1673 1393; x_wconf 52' lang='lat' dir='ltr'><strong>quasdam</strong></span> <span class='ocrx_word' id='word_1_131' title='bbox 1704 1318 2005 1381; x_wconf 63' lang='lat' dir='ltr'><strong>Humana:</strong></span> <span class='ocrx_word' id='word_1_132' title='bbox 2034 1316 2197 1385; x_wconf 76' lang='lat' dir='ltr'><strong>sedis</strong></span> <span class='ocrx_word' id='word_1_133' title='bbox 2231 1318 2714 1395; x_wconf 73' lang='lat' dir='ltr'><strong>praerogativas.</strong></span> <span class='ocrx_word' id='word_1_134' title='bbox 2752 1318 2823 1393; x_wconf 74' lang='grc' dir='ltr'><strong>ιη</strong></span> <span class='ocrx_word' id='word_1_135' title='bbox 2860 1319 3126 1387; x_wconf 79' lang='lat' dir='ltr'><strong>materia</strong></span> <span class='ocrx_word' id='word_1_136' title='bbox 3160 1322 3404 1397; x_wconf 63' lang='lat' dir='ltr'><strong>gratias,</strong></span> <span class='ocrx_word' id='word_1_137' title='bbox 3436 1339 3629 1397; x_wconf 87' lang='lat' dir='ltr'><strong>quam</strong></span> <span class='ocrx_word' id='word_1_138' title='bbox 3656 1319 3826 1383; x_wconf 86' lang='lat' dir='ltr'><strong>male</strong></span> 
     </span>
    </p>
   </div>
   <div class='ocr_carea' id='block_1_13' title="bbox 538 1418 3825 1501">
    <p class='ocr_par' dir='ltr' id='par_1_13' title="bbox 538 1418 3825 1501">
     <span class='ocr_line' id='line_1_13' title="bbox 538 1418 3825 1501; baseline -0 -17"><span class='ocrx_word' id='word_1_139' title='bbox 538 1425 809 1485; x_wconf 77' lang='lat' dir='ltr'><strong>senserit</strong></span> <span class='ocrx_word' id='word_1_140' title='bbox 845 1424 1052 1499; x_wconf 86' lang='lat' dir='ltr'><strong>palam</strong></span> <span class='ocrx_word' id='word_1_141' title='bbox 1087 1422 1323 1481; x_wconf 79' lang='lat' dir='ltr'><strong>faciunt</strong></span> <span class='ocrx_word' id='word_1_142' title='bbox 1359 1437 1434 1481; x_wconf 87' lang='lat' dir='ltr'><strong>ea</strong></span> <span class='ocrx_word' id='word_1_143' title='bbox 1462 1437 1606 1496; x_wconf 65' lang='lat' dir='ltr'><strong>qua:</strong></span> <span class='ocrx_word' id='word_1_144' title='bbox 1639 1426 1859 1501; x_wconf 51' lang='lat' dir='ltr'><strong>postea,</strong></span> <span class='ocrx_word' id='word_1_145' title='bbox 1913 1420 2131 1492; x_wconf 59' lang='lat' dir='ltr'><strong>edidit.</strong></span> <span class='ocrx_word' id='word_1_146' title='bbox 2169 1427 2230 1478; x_wconf 75' lang='lat' dir='ltr'><strong>cl</strong></span> <span class='ocrx_word' id='word_1_147' title='bbox 2281 1420 2557 1487; x_wconf 66' lang='lat' dir='ltr'><strong>80k?le</strong></span> <span class='ocrx_word' id='word_1_148' title='bbox 2592 1418 3061 1495; x_wconf 73' lang='lat' dir='ltr'><strong>Constitutione</strong></span> <span class='ocrx_word' id='word_1_149' title='bbox 3118 1424 3473 1500; x_wconf 82' lang='lat' dir='ltr'><strong>proscripta</strong></span> <span class='ocrx_word' id='word_1_150' title='bbox 3532 1422 3825 1483; x_wconf 83' lang='lat' dir='ltr'><strong>fuerunt.</strong></span> 
     </span>
    </p>
   </div>
   <div class='ocr_carea' id='block_1_14' title="bbox 536 1518 3830 1599">
    <p class='ocr_par' dir='ltr' id='par_1_14' title="bbox 536 1518 3830 1599">
     <span class='ocr_line' id='line_1_14' title="bbox 536 1518 3830 1599; baseline -0 -15"><span class='ocrx_word' id='word_1_151' title='bbox 536 1524 630 1597; x_wconf 73' lang='lat' dir='ltr'><strong>Ex</strong></span> <span class='ocrx_word' id='word_1_152' title='bbox 677 1524 772 1585; x_wconf 86' lang='lat' dir='ltr'><strong>bis</strong></span> <span class='ocrx_word' id='word_1_153' title='bbox 814 1522 1122 1599; x_wconf 83' lang='lat' dir='ltr'><strong>nonnulla</strong></span> <span class='ocrx_word' id='word_1_154' title='bbox 1182 1520 1438 1581; x_wconf 90' lang='lat' dir='ltr'><strong>editioni</strong></span> <span class='ocrx_word' id='word_1_155' title='bbox 1500 1520 1729 1583; x_wconf 85' lang='lat' dir='ltr'><strong>Leonis</strong></span> <span class='ocrx_word' id='word_1_156' title='bbox 1787 1519 2088 1595; x_wconf 83' lang='lat' dir='ltr'><strong>inspersit</strong></span> <span class='ocrx_word' id='word_1_157' title='bbox 2115 1564 2131 1593; x_wconf 94' lang='lat'><strong>,</strong></span> <span class='ocrx_word' id='word_1_158' title='bbox 2172 1518 2279 1581; x_wconf 87' lang='lat' dir='ltr'><strong>sed</strong></span> <span class='ocrx_word' id='word_1_159' title='bbox 2336 1518 2610 1593; x_wconf 81' lang='lat' dir='ltr'><strong>latenter</strong></span> <span class='ocrx_word' id='word_1_160' title='bbox 2645 1526 2705 1581; x_wconf 90' lang='lat' dir='ltr'><strong>et</strong></span> <span class='ocrx_word' id='word_1_161' title='bbox 2739 1521 2994 1596; x_wconf 87' lang='lat' dir='ltr'><strong>parcius</strong></span> <span class='ocrx_word' id='word_1_162' title='bbox 3027 1540 3042 1580; x_wconf 89' lang='lat'><strong>:</strong></span> <span class='ocrx_word' id='word_1_163' title='bbox 3070 1521 3144 1587; x_wconf 89' lang='lat' dir='ltr'><strong>de</strong></span> <span class='ocrx_word' id='word_1_164' title='bbox 3207 1524 3440 1598; x_wconf 78' lang='lat' dir='ltr'><strong>quibus</strong></span> <span class='ocrx_word' id='word_1_165' title='bbox 3475 1526 3539 1582; x_wconf 91' lang='lat' dir='ltr'><strong>in</strong></span> <span class='ocrx_word' id='word_1_166' title='bbox 3576 1525 3830 1599; x_wconf 83' lang='lat' dir='ltr'><strong>aliquot</strong></span> 
     </span>
    </p>
   </div>
   <div class='ocr_carea' id='block_1_15' title="bbox 540 1622 3830 1701">
    <p class='ocr_par' dir='ltr' id='par_1_15' title="bbox 540 1622 3830 1701">
     <span class='ocr_line' id='line_1_15' title="bbox 540 1622 3830 1701; baseline 0 -14"><span class='ocrx_word' id='word_1_167' title='bbox 540 1626 1097 1689; x_wconf 81' lang='lat' dir='ltr'><strong>observationibus</strong></span> <span class='ocrx_word' id='word_1_168' title='bbox 1129 1624 1204 1685; x_wconf 89' lang='lat' dir='ltr'><strong>ad</strong></span> <span class='ocrx_word' id='word_1_169' title='bbox 1242 1622 1471 1685; x_wconf 75' lang='lat' dir='ltr'><strong>Leonis</strong></span> <span class='ocrx_word' id='word_1_170' title='bbox 1502 1622 1841 1693; x_wconf 65' lang='lat' dir='ltr'><strong>Sermonis</strong></span> <span class='ocrx_word' id='word_1_171' title='bbox 1873 1630 1935 1682; x_wconf 90' lang='lat' dir='ltr'><strong>et</strong></span> <span class='ocrx_word' id='word_1_172' title='bbox 1972 1624 2050 1691; x_wconf 83' lang='lat' dir='ltr'><strong>ad</strong></span> <span class='ocrx_word' id='word_1_173' title='bbox 2087 1622 2613 1701; x_wconf 69' lang='lat' dir='ltr'><strong>dissertationem</strong></span> <span class='ocrx_word' id='word_1_174' title='bbox 2639 1626 2988 1687; x_wconf 83' lang='lat' dir='ltr'><strong>secundam</strong></span> <span class='ocrx_word' id='word_1_175' title='bbox 3040 1626 3105 1689; x_wconf 88' lang='lat' dir='ltr'><strong>in</strong></span> <span class='ocrx_word' id='word_1_176' title='bbox 3138 1626 3338 1688; x_wconf 88' lang='lat' dir='ltr'><strong>libros</strong></span> <span class='ocrx_word' id='word_1_177' title='bbox 3370 1626 3446 1686; x_wconf 91' lang='lat' dir='ltr'><strong>de</strong></span> <span class='ocrx_word' id='word_1_178' title='bbox 3484 1626 3830 1687; x_wconf 73' lang='lat' dir='ltr'><strong>Vocatione</strong></span> 
     </span>
    </p>
   </div>
   <div class='ocr_carea' id='block_1_16' title="bbox 542 1718 3828 1808">
    <p class='ocr_par' dir='ltr' id='par_1_16' title="bbox 542 1718 3828 1808">
     <span class='ocr_line' id='line_1_16' title="bbox 542 1718 3828 1808; baseline 0.001 -21"><span class='ocrx_word' id='word_1_179' title='bbox 542 1731 813 1797; x_wconf 69' lang='lat' dir='ltr'><strong>cautium</strong></span> <span class='ocrx_word' id='word_1_180' title='bbox 849 1732 1142 1806; x_wconf 78' lang='lat' dir='ltr'><strong>gentium.</strong></span> <span class='ocrx_word' id='word_1_181' title='bbox 1176 1730 1579 1791; x_wconf 84' lang='lat' dir='ltr'><strong>nonnihilum</strong></span> <span class='ocrx_word' id='word_1_182' title='bbox 1612 1730 1985 1795; x_wconf 78' lang='lat' dir='ltr'><strong>disseretun.</strong></span> <span class='ocrx_word' id='word_1_183' title='bbox 2024 1728 2096 1791; x_wconf 70' lang='lat' dir='ltr'><strong>In</strong></span> <span class='ocrx_word' id='word_1_184' title='bbox 2122 1726 2479 1804; x_wconf 84' lang='lat' dir='ltr'><strong>pontiﬁcias</strong></span> <span class='ocrx_word' id='word_1_185' title='bbox 2510 1718 2724 1793; x_wconf 80' lang='lat' dir='ltr'><strong>autem</strong></span> <span class='ocrx_word' id='word_1_186' title='bbox 2761 1731 3218 1808; x_wconf 69' lang='lat' dir='ltr'><strong>prasrogativas</strong></span> <span class='ocrx_word' id='word_1_187' title='bbox 3249 1734 3530 1808; x_wconf 81' lang='lat' dir='ltr'><strong>apertius</strong></span> <span class='ocrx_word' id='word_1_188' title='bbox 3550 1738 3610 1791; x_wconf 90' lang='lat' dir='ltr'><strong>et</strong></span> <span class='ocrx_word' id='word_1_189' title='bbox 3634 1733 3828 1792; x_wconf 83' lang='lat' dir='ltr'><strong>latius</strong></span> 
     </span>
    </p>
   </div>
   <div class='ocr_carea' id='block_1_17' title="bbox 539 1830 3830 1913">
    <p class='ocr_par' dir='ltr' id='par_1_17' title="bbox 539 1830 3830 1913">
     <span class='ocr_line' id='line_1_17' title="bbox 539 1830 3830 1913; baseline 0.001 -22"><span class='ocrx_word' id='word_1_190' title='bbox 539 1832 873 1909; x_wconf 83' lang='lat' dir='ltr'><strong>divagatus</strong></span> <span class='ocrx_word' id='word_1_191' title='bbox 912 1840 1027 1890; x_wconf 88' lang='lat' dir='ltr'><strong>est.</strong></span> <span class='ocrx_word' id='word_1_192' title='bbox 1060 1831 1127 1890; x_wconf 87' lang='lat' dir='ltr'><strong>lu</strong></span> <span class='ocrx_word' id='word_1_193' title='bbox 1159 1830 1274 1893; x_wconf 84' lang='lat' dir='ltr'><strong>has</strong></span> <span class='ocrx_word' id='word_1_194' title='bbox 1312 1848 1462 1891; x_wconf 75' lang='lat' dir='ltr'><strong>vero</strong></span> <span class='ocrx_word' id='word_1_195' title='bbox 1495 1831 1655 1891; x_wconf 92' lang='lat' dir='ltr'><strong>male</strong></span> <span class='ocrx_word' id='word_1_196' title='bbox 1702 1830 1845 1893; x_wconf 87' lang='lat' dir='ltr'><strong>licet</strong></span> <span class='ocrx_word' id='word_1_197' title='bbox 1898 1832 2244 1906; x_wconf 88' lang='lat' dir='ltr'><strong>animatus,</strong></span> <span class='ocrx_word' id='word_1_198' title='bbox 2289 1837 2359 1890; x_wconf 92' lang='lat' dir='ltr'><strong>ut</strong></span> <span class='ocrx_word' id='word_1_199' title='bbox 2386 1831 2750 1906; x_wconf 84' lang='lat' dir='ltr'><strong>passionem</strong></span> <span class='ocrx_word' id='word_1_200' title='bbox 2782 1849 3037 1892; x_wconf 88' lang='lat' dir='ltr'><strong>omnem</strong></span> <span class='ocrx_word' id='word_1_201' title='bbox 3061 1851 3135 1894; x_wconf 88' lang='lat' dir='ltr'><strong>ac</strong></span> <span class='ocrx_word' id='word_1_202' title='bbox 3168 1833 3605 1913; x_wconf 74' lang='lat' dir='ltr'><strong>prtejudicium</strong></span> <span class='ocrx_word' id='word_1_203' title='bbox 3636 1851 3830 1895; x_wconf 89' lang='lat' dir='ltr'><strong>occu-</strong></span> 
     </span>
    </p>
   </div>
   <div class='ocr_carea' id='block_1_18' title="bbox 540 1934 3821 2014">
    <p class='ocr_par' dir='ltr' id='par_1_18' title="bbox 540 1934 3821 2014">
     <span class='ocr_line' id='line_1_18' title="bbox 540 1934 3821 2014; baseline 0.002 -20"><span class='ocrx_word' id='word_1_204' title='bbox 540 1936 720 2002; x_wconf 89' lang='lat' dir='ltr'><strong>leret,</strong></span> <span class='ocrx_word' id='word_1_205' title='bbox 754 1935 1241 2009; x_wconf 84' lang='lat' dir='ltr'><strong>protestationes</strong></span> <span class='ocrx_word' id='word_1_206' title='bbox 1272 1935 1579 2006; x_wconf 83' lang='lat' dir='ltr'><strong>quasdam</strong></span> <span class='ocrx_word' id='word_1_207' title='bbox 1610 1934 2059 2011; x_wconf 64' lang='lat' dir='ltr'><strong>observantia,</strong></span> <span class='ocrx_word' id='word_1_208' title='bbox 2092 1936 2300 1997; x_wconf 87' lang='lat' dir='ltr'><strong>cultus</strong></span> <span class='ocrx_word' id='word_1_209' title='bbox 2326 1942 2386 1995; x_wconf 89' lang='lat' dir='ltr'><strong>et</strong></span> <span class='ocrx_word' id='word_1_210' title='bbox 2423 1936 2799 1997; x_wconf 68' lang='lat' dir='ltr'><strong>reverentiae</strong></span> <span class='ocrx_word' id='word_1_211' title='bbox 2828 1937 2892 1995; x_wconf 90' lang='lat' dir='ltr'><strong>in</strong></span> <span class='ocrx_word' id='word_1_212' title='bbox 2922 1938 3342 2014; x_wconf 88' lang='lat' dir='ltr'><strong>apostolicam</strong></span> <span class='ocrx_word' id='word_1_213' title='bbox 3402 1939 3612 1999; x_wconf 92' lang='lat' dir='ltr'><strong>sedem</strong></span> <span class='ocrx_word' id='word_1_214' title='bbox 3676 1956 3821 2002; x_wconf 79' lang='lat' dir='ltr'><strong>ma-</strong></span> 
     </span>
    </p>
   </div>
   <div class='ocr_carea' id='block_1_19' title="bbox 540 2037 3829 2118">
    <p class='ocr_par' dir='ltr' id='par_1_19' title="bbox 540 2037 3829 2118">
     <span class='ocr_line' id='line_1_19' title="bbox 540 2037 3829 2118; baseline 0.002 -23"><span class='ocrx_word' id='word_1_215' title='bbox 540 2037 1077 2117; x_wconf 80' lang='lat' dir='ltr'><strong>gniﬁcentissimis</strong></span> <span class='ocrx_word' id='word_1_216' title='bbox 1112 2038 1318 2098; x_wconf 87' lang='lat' dir='ltr'><strong>verbis</strong></span> <span class='ocrx_word' id='word_1_217' title='bbox 1353 2037 1691 2099; x_wconf 86' lang='lat' dir='ltr'><strong>identidem</strong></span> <span class='ocrx_word' id='word_1_218' title='bbox 1718 2040 2057 2113; x_wconf 81' lang='lat' dir='ltr'><strong>exposuit;</strong></span> <span class='ocrx_word' id='word_1_219' title='bbox 2093 2057 2161 2103; x_wconf 83' lang='lat' dir='ltr'><strong>re</strong></span> <span class='ocrx_word' id='word_1_220' title='bbox 2196 2047 2407 2099; x_wconf 87' lang='lat' dir='ltr'><strong>autem</strong></span> <span class='ocrx_word' id='word_1_221' title='bbox 2440 2038 2886 2099; x_wconf 74' lang='lat' dir='ltr'><strong>auctoritatem</strong></span> <span class='ocrx_word' id='word_1_222' title='bbox 2922 2037 3059 2116; x_wconf 85' lang='lat' dir='ltr'><strong>ejus</strong></span> <span class='ocrx_word' id='word_1_223' title='bbox 3082 2041 3600 2118; x_wconf 85' lang='lat' dir='ltr'><strong>quibuscumque</strong></span> <span class='ocrx_word' id='word_1_224' title='bbox 3631 2042 3829 2103; x_wconf 82' lang='lat' dir='ltr'><strong>rebus</strong></span> 
     </span>
    </p>
   </div>
   <div class='ocr_carea' id='block_1_20' title="bbox 543 2141 3828 2220">
    <p class='ocr_par' dir='ltr' id='par_1_20' title="bbox 543 2141 3828 2220">
     <span class='ocr_line' id='line_1_20' title="bbox 543 2141 3828 2220; baseline 0.002 -22"><span class='ocrx_word' id='word_1_225' title='bbox 543 2148 756 2218; x_wconf 85' lang='lat' dir='ltr'><strong>posset</strong></span> <span class='ocrx_word' id='word_1_226' title='bbox 791 2152 1143 2203; x_wconf 81' lang='lat' dir='ltr'><strong>extenuare</strong></span> <span class='ocrx_word' id='word_1_227' title='bbox 1180 2150 1240 2203; x_wconf 88' lang='lat' dir='ltr'><strong>et</strong></span> <span class='ocrx_word' id='word_1_228' title='bbox 1270 2142 1651 2202; x_wconf 90' lang='lat' dir='ltr'><strong>imminuere</strong></span> <span class='ocrx_word' id='word_1_229' title='bbox 1687 2142 1865 2202; x_wconf 87' lang='lat' dir='ltr'><strong>nisus</strong></span> <span class='ocrx_word' id='word_1_230' title='bbox 1897 2148 2013 2202; x_wconf 86' lang='lat' dir='ltr'><strong>est.</strong></span> <span class='ocrx_word' id='word_1_231' title='bbox 2049 2141 2325 2201; x_wconf 86' lang='lat' dir='ltr'><strong>Tantum</strong></span> <span class='ocrx_word' id='word_1_232' title='bbox 2363 2158 2515 2200; x_wconf 91' lang='lat' dir='ltr'><strong>vero</strong></span> <span class='ocrx_word' id='word_1_233' title='bbox 2546 2159 2614 2200; x_wconf 91' lang='lat' dir='ltr'><strong>se</strong></span> <span class='ocrx_word' id='word_1_234' title='bbox 2645 2157 2841 2216; x_wconf 82' lang='lat' dir='ltr'><strong>supra</strong></span> <span class='ocrx_word' id='word_1_235' title='bbox 2870 2148 3134 2202; x_wconf 68' lang='lat' dir='ltr'><strong>caeteros</strong></span> <span class='ocrx_word' id='word_1_236' title='bbox 3195 2142 3478 2220; x_wconf 85' lang='lat' dir='ltr'><strong>ejusdem</strong></span> <span class='ocrx_word' id='word_1_237' title='bbox 3538 2143 3828 2205; x_wconf 82' lang='lat' dir='ltr'><strong>factionis</strong></span> 
     </span>
    </p>
   </div>
   <div class='ocr_carea' id='block_1_21' title="bbox 542 2239 3827 2324">
    <p class='ocr_par' dir='ltr' id='par_1_21' title="bbox 542 2239 3827 2324">
     <span class='ocr_line' id='line_1_21' title="bbox 542 2239 3827 2324; baseline 0.001 -22"><span class='ocrx_word' id='word_1_238' title='bbox 542 2243 834 2302; x_wconf 84' lang='lat' dir='ltr'><strong>homines</strong></span> <span class='ocrx_word' id='word_1_239' title='bbox 866 2243 980 2303; x_wconf 89' lang='lat' dir='ltr'><strong>hac</strong></span> <span class='ocrx_word' id='word_1_240' title='bbox 1014 2244 1076 2303; x_wconf 94' lang='lat' dir='ltr'><strong>in</strong></span> <span class='ocrx_word' id='word_1_241' title='bbox 1114 2262 1180 2303; x_wconf 88' lang='lat' dir='ltr'><strong>re</strong></span> <span class='ocrx_word' id='word_1_242' title='bbox 1208 2249 1598 2319; x_wconf 68' lang='lat' dir='ltr'><strong>pravenlum</strong></span> <span class='ocrx_word' id='word_1_243' title='bbox 1625 2242 2012 2319; x_wconf 83' lang='lat' dir='ltr'><strong>Quesnellus</strong></span> <span class='ocrx_word' id='word_1_244' title='bbox 2048 2242 2343 2318; x_wconf 84' lang='lat' dir='ltr'><strong>prodidit,</strong></span> <span class='ocrx_word' id='word_1_245' title='bbox 2371 2248 2436 2300; x_wconf 94' lang='lat' dir='ltr'><strong>ut</strong></span> <span class='ocrx_word' id='word_1_246' title='bbox 2466 2239 2851 2303; x_wconf 83' lang='lat' dir='ltr'><strong>documenta</strong></span> <span class='ocrx_word' id='word_1_247' title='bbox 2873 2260 3017 2318; x_wconf 67' lang='lat' dir='ltr'><strong>quas</strong></span> <span class='ocrx_word' id='word_1_248' title='bbox 3044 2244 3351 2305; x_wconf 79' lang='lat' dir='ltr'><strong>Romanis</strong></span> <span class='ocrx_word' id='word_1_249' title='bbox 3384 2246 3827 2324; x_wconf 77' lang='lat' dir='ltr'><strong>prterogativis</strong></span> 
     </span>
    </p>
   </div>
   <div class='ocr_carea' id='block_1_22' title="bbox 544 2341 3827 2418">
    <p class='ocr_par' dir='ltr' id='par_1_22' title="bbox 544 2341 3827 2418">
     <span class='ocr_line' id='line_1_22' title="bbox 544 2341 3827 2418; baseline -0 -13"><span class='ocrx_word' id='word_1_250' title='bbox 544 2345 754 2405; x_wconf 81' lang='lat' dir='ltr'><strong>favere</strong></span> <span class='ocrx_word' id='word_1_251' title='bbox 787 2346 1186 2418; x_wconf 82' lang='lat' dir='ltr'><strong>videbantur,</strong></span> <span class='ocrx_word' id='word_1_252' title='bbox 1218 2344 1364 2404; x_wconf 88' lang='lat' dir='ltr'><strong>licet</strong></span> <span class='ocrx_word' id='word_1_253' title='bbox 1398 2343 1663 2403; x_wconf 88' lang='lat' dir='ltr'><strong>omnino</strong></span> <span class='ocrx_word' id='word_1_254' title='bbox 1690 2347 1892 2414; x_wconf 88' lang='lat' dir='ltr'><strong>certa,</strong></span> <span class='ocrx_word' id='word_1_255' title='bbox 1946 2343 2081 2417; x_wconf 89' lang='lat' dir='ltr'><strong>ipse</strong></span> <span class='ocrx_word' id='word_1_256' title='bbox 2122 2341 2294 2400; x_wconf 88' lang='lat' dir='ltr'><strong>velut</strong></span> <span class='ocrx_word' id='word_1_257' title='bbox 2350 2341 2758 2417; x_wconf 86' lang='lat' dir='ltr'><strong>supposititia</strong></span> <span class='ocrx_word' id='word_1_258' title='bbox 2809 2342 2906 2399; x_wconf 86' lang='lat' dir='ltr'><strong>vel</strong></span> <span class='ocrx_word' id='word_1_259' title='bbox 2966 2342 3192 2409; x_wconf 83' lang='lat' dir='ltr'><strong>saltem</strong></span> <span class='ocrx_word' id='word_1_260' title='bbox 3247 2342 3441 2404; x_wconf 88' lang='lat' dir='ltr'><strong>dubia</strong></span> <span class='ocrx_word' id='word_1_261' title='bbox 3492 2343 3827 2405; x_wconf 69' lang='lat' dir='ltr'><strong>traducere</strong></span> 
     </span>
    </p>
   </div>
   <div class='ocr_carea' id='block_1_23' title="bbox 542 2443 3826 2525">
    <p class='ocr_par' dir='ltr' id='par_1_23' title="bbox 542 2443 3826 2525">
     <span class='ocr_line' id='line_1_23' title="bbox 542 2443 3826 2525; baseline 0 -20"><span class='ocrx_word' id='word_1_262' title='bbox 542 2446 933 2505; x_wconf 86' lang='lat' dir='ltr'><strong>inauissimis</strong></span> <span class='ocrx_word' id='word_1_263' title='bbox 962 2446 1530 2524; x_wconf 61' lang='lat' dir='ltr'><strong>conjs-elationibus</strong></span> <span class='ocrx_word' id='word_1_264' title='bbox 1589 2445 1930 2505; x_wconf 87' lang='lat' dir='ltr'><strong>studuerit.</strong></span> <span class='ocrx_word' id='word_1_265' title='bbox 1961 2443 2122 2513; x_wconf 89' lang='lat' dir='ltr'><strong>Hac,</strong></span> <span class='ocrx_word' id='word_1_266' title='bbox 2155 2449 2224 2503; x_wconf 92' lang='lat' dir='ltr'><strong>ut</strong></span> <span class='ocrx_word' id='word_1_267' title='bbox 2251 2444 2524 2512; x_wconf 90' lang='lat' dir='ltr'><strong>videtur,</strong></span> <span class='ocrx_word' id='word_1_268' title='bbox 2557 2443 2632 2503; x_wconf 90' lang='lat' dir='ltr'><strong>de</strong></span> <span class='ocrx_word' id='word_1_269' title='bbox 2668 2458 2866 2504; x_wconf 87' lang='lat' dir='ltr'><strong>causa</strong></span> <span class='ocrx_word' id='word_1_270' title='bbox 2899 2447 3353 2523; x_wconf 78' lang='lat' dir='ltr'><strong>expungenda,</strong></span> <span class='ocrx_word' id='word_1_271' title='bbox 3389 2464 3493 2506; x_wconf 81' lang='lat' dir='ltr'><strong>ex.</strong></span> <span class='ocrx_word' id='word_1_272' title='bbox 3524 2465 3645 2525; x_wconf 53' lang='grc' dir='ltr'><strong>ειη,</strong></span> <span class='ocrx_word' id='word_1_273' title='bbox 3670 2464 3826 2507; x_wconf 85' lang='lat' dir='ltr'><strong>cen-</strong></span> 
     </span>
    </p>
   </div>
   <div class='ocr_carea' id='block_1_24' title="bbox 544 2544 3823 2624">
    <p class='ocr_par' dir='ltr' id='par_1_24' title="bbox 544 2544 3823 2624">
     <span class='ocr_line' id='line_1_24' title="bbox 544 2544 3823 2624; baseline 0.001 -19"><span class='ocrx_word' id='word_1_274' title='bbox 544 2549 669 2605; x_wconf 85' lang='lat' dir='ltr'><strong>suit</strong></span> <span class='ocrx_word' id='word_1_275' title='bbox 698 2546 1036 2607; x_wconf 74' lang='lat' dir='ltr'><strong>coucnlium</strong></span> <span class='ocrx_word' id='word_1_276' title='bbox 1070 2548 1445 2624; x_wconf 83' lang='lat' dir='ltr'><strong>Teleptense</strong></span> <span class='ocrx_word' id='word_1_277' title='bbox 1474 2564 1618 2606; x_wconf 87' lang='lat' dir='ltr'><strong>cum</strong></span> <span class='ocrx_word' id='word_1_278' title='bbox 1649 2546 1914 2623; x_wconf 89' lang='lat' dir='ltr'><strong>epistola</strong></span> <span class='ocrx_word' id='word_1_279' title='bbox 1947 2545 2157 2605; x_wconf 84' lang='lat' dir='ltr'><strong>Siricii</strong></span> <span class='ocrx_word' id='word_1_280' title='bbox 2223 2561 2403 2622; x_wconf 61' lang='lat' dir='ltr'><strong>papas</strong></span> <span class='ocrx_word' id='word_1_281' title='bbox 2425 2588 2440 2613; x_wconf 91' lang='lat'><strong>,</strong></span> <span class='ocrx_word' id='word_1_282' title='bbox 2479 2544 2799 2605; x_wconf 84' lang='lat' dir='ltr'><strong>actionem</strong></span> <span class='ocrx_word' id='word_1_283' title='bbox 2835 2545 3416 2607; x_wconf 80' lang='lat' dir='ltr'><strong>Chalcedonensem</strong></span> <span class='ocrx_word' id='word_1_284' title='bbox 3449 2549 3522 2608; x_wconf 87' lang='lat' dir='ltr'><strong>de</strong></span> <span class='ocrx_word' id='word_1_285' title='bbox 3552 2550 3823 2624; x_wconf 89' lang='lat' dir='ltr'><strong>Domno,</strong></span> 
     </span>
    </p>
   </div>
   <div class='ocr_carea' id='block_1_25' title="bbox 542 2645 3823 2723">
    <p class='ocr_par' dir='ltr' id='par_1_25' title="bbox 542 2645 3823 2723">
     <span class='ocr_line' id='line_1_25' title="bbox 542 2645 3823 2723; baseline -0 -13"><span class='ocrx_word' id='word_1_286' title='bbox 542 2654 601 2710; x_wconf 85' lang='lat' dir='ltr'><strong>et</strong></span> <span class='ocrx_word' id='word_1_287' title='bbox 636 2650 822 2708; x_wconf 83' lang='lat' dir='ltr'><strong>vitam</strong></span> <span class='ocrx_word' id='word_1_288' title='bbox 855 2650 914 2709; x_wconf 89' lang='lat' dir='ltr'><strong>S.</strong></span> <span class='ocrx_word' id='word_1_289' title='bbox 954 2650 1245 2720; x_wconf 80' lang='lat' dir='ltr'><strong>Romani,</strong></span> <span class='ocrx_word' id='word_1_290' title='bbox 1286 2655 1396 2708; x_wconf 90' lang='lat' dir='ltr'><strong>aut</strong></span> <span class='ocrx_word' id='word_1_291' title='bbox 1428 2648 1649 2708; x_wconf 83' lang='lat' dir='ltr'><strong>saltem</strong></span> <span class='ocrx_word' id='word_1_292' title='bbox 1684 2653 1956 2718; x_wconf 82' lang='lat' dir='ltr'><strong>textum,</strong></span> <span class='ocrx_word' id='word_1_293' title='bbox 1989 2664 2178 2723; x_wconf 86' lang='lat' dir='ltr'><strong>quem</strong></span> <span class='ocrx_word' id='word_1_294' title='bbox 2209 2647 2415 2707; x_wconf 89' lang='lat' dir='ltr'><strong>eidem</strong></span> <span class='ocrx_word' id='word_1_295' title='bbox 2458 2645 2770 2705; x_wconf 88' lang='lat' dir='ltr'><strong>insertum</strong></span> <span class='ocrx_word' id='word_1_296' title='bbox 2804 2653 2864 2707; x_wconf 91' lang='lat' dir='ltr'><strong>et</strong></span> <span class='ocrx_word' id='word_1_297' title='bbox 2919 2648 3237 2713; x_wconf 82' lang='lat' dir='ltr'><strong>introsum</strong></span> <span class='ocrx_word' id='word_1_298' title='bbox 3293 2650 3823 2711; x_wconf 87' lang='lat' dir='ltr'><strong>comminiscitur.</strong></span> 
     </span>
    </p>
   </div>
   <div class='ocr_carea' id='block_1_26' title="bbox 543 2750 3823 2831">
    <p class='ocr_par' dir='ltr' id='par_1_26' title="bbox 543 2750 3823 2831">
     <span class='ocr_line' id='line_1_26' title="bbox 543 2750 3823 2831; baseline -0.001 -18"><span class='ocrx_word' id='word_1_299' title='bbox 543 2756 682 2814; x_wconf 85' lang='lat' dir='ltr'><strong>Alia</strong></span> <span class='ocrx_word' id='word_1_300' title='bbox 721 2755 926 2829; x_wconf 91' lang='lat' dir='ltr'><strong>plura,</strong></span> <span class='ocrx_word' id='word_1_301' title='bbox 964 2772 1106 2831; x_wconf 68' lang='lat' dir='ltr'><strong>quin</strong></span> <span class='ocrx_word' id='word_1_302' title='bbox 1163 2754 1481 2813; x_wconf 87' lang='lat' dir='ltr'><strong>hominem</strong></span> <span class='ocrx_word' id='word_1_303' title='bbox 1534 2755 1597 2812; x_wconf 91' lang='lat' dir='ltr'><strong>in</strong></span> <span class='ocrx_word' id='word_1_304' title='bbox 1658 2753 1981 2812; x_wconf 76' lang='lat' dir='ltr'><strong>Romanos</strong></span> <span class='ocrx_word' id='word_1_305' title='bbox 2020 2752 2348 2830; x_wconf 75' lang='lat' dir='ltr'><strong>pontiﬁces</strong></span> <span class='ocrx_word' id='word_1_306' title='bbox 2384 2769 2512 2811; x_wconf 91' lang='lat' dir='ltr'><strong>non</strong></span> <span class='ocrx_word' id='word_1_307' title='bbox 2570 2753 2733 2812; x_wconf 87' lang='lat' dir='ltr'><strong>bene</strong></span> <span class='ocrx_word' id='word_1_308' title='bbox 2786 2750 3081 2821; x_wconf 77' lang='lat' dir='ltr'><strong>affectum</strong></span> <span class='ocrx_word' id='word_1_309' title='bbox 3136 2751 3454 2830; x_wconf 76' lang='lat' dir='ltr'><strong>detegent,</strong></span> <span class='ocrx_word' id='word_1_310' title='bbox 3493 2752 3555 2812; x_wconf 90' lang='lat' dir='ltr'><strong>in</strong></span> <span class='ocrx_word' id='word_1_311' title='bbox 3588 2753 3823 2813; x_wconf 90' lang='lat' dir='ltr'><strong>nostris</strong></span> 
     </span>
    </p>
   </div>
   <div class='ocr_carea' id='block_1_27' title="bbox 542 2852 3824 2933">
    <p class='ocr_par' dir='ltr' id='par_1_27' title="bbox 542 2852 3824 2933">
     <span class='ocr_line' id='line_1_27' title="bbox 542 2852 3824 2933; baseline -0.001 -17"><span class='ocrx_word' id='word_1_312' title='bbox 542 2856 1103 2917; x_wconf 77' lang='lat' dir='ltr'><strong>observationibus</strong></span> <span class='ocrx_word' id='word_1_313' title='bbox 1132 2865 1327 2933; x_wconf 88' lang='lat' dir='ltr'><strong>atque</strong></span> <span class='ocrx_word' id='word_1_314' title='bbox 1380 2856 1570 2916; x_wconf 86' lang='lat' dir='ltr'><strong>etiam</strong></span> <span class='ocrx_word' id='word_1_315' title='bbox 1620 2856 1681 2914; x_wconf 92' lang='lat' dir='ltr'><strong>in</strong></span> <span class='ocrx_word' id='word_1_316' title='bbox 1723 2854 2055 2912; x_wconf 90' lang='lat' dir='ltr'><strong>nonnullis</strong></span> <span class='ocrx_word' id='word_1_317' title='bbox 2085 2854 2615 2914; x_wconf 88' lang='lat' dir='ltr'><strong>annotationibus</strong></span> <span class='ocrx_word' id='word_1_318' title='bbox 2662 2852 3005 2913; x_wconf 88' lang='lat' dir='ltr'><strong>identidem</strong></span> <span class='ocrx_word' id='word_1_319' title='bbox 3035 2860 3379 2913; x_wconf 82' lang='lat' dir='ltr'><strong>occurrent</strong></span> <span class='ocrx_word' id='word_1_320' title='bbox 3416 2872 3432 2911; x_wconf 90' lang='lat'><strong>:</strong></span> <span class='ocrx_word' id='word_1_321' title='bbox 3465 2869 3626 2930; x_wconf 90' lang='lat' dir='ltr'><strong>quas</strong></span> <span class='ocrx_word' id='word_1_322' title='bbox 3663 2854 3824 2930; x_wconf 88' lang='lat' dir='ltr'><strong>qui-</strong></span> 
     </span>
    </p>
   </div>
   <div class='ocr_carea' id='block_1_28' title="bbox 542 2955 3823 3035">
    <p class='ocr_par' dir='ltr' id='par_1_28' title="bbox 542 2955 3823 3035">
     <span class='ocr_line' id='line_1_28' title="bbox 542 2955 3823 3035; baseline 0 -20"><span class='ocrx_word' id='word_1_323' title='bbox 542 2973 815 3032; x_wconf 87' lang='lat' dir='ltr'><strong>cumque</strong></span> <span class='ocrx_word' id='word_1_324' title='bbox 870 2975 1055 3031; x_wconf 80' lang='lat' dir='ltr'><strong>tequo</strong></span> <span class='ocrx_word' id='word_1_325' title='bbox 1108 2958 1323 3016; x_wconf 86' lang='lat' dir='ltr'><strong>animo</strong></span> <span class='ocrx_word' id='word_1_326' title='bbox 1367 2957 1615 3035; x_wconf 86' lang='lat' dir='ltr'><strong>legerit,</strong></span> <span class='ocrx_word' id='word_1_327' title='bbox 1652 2956 1975 3023; x_wconf 75' lang='lat' dir='ltr'><strong>fatebitur,</strong></span> <span class='ocrx_word' id='word_1_328' title='bbox 2011 2955 2072 3013; x_wconf 91' lang='lat' dir='ltr'><strong>ni</strong></span> <span class='ocrx_word' id='word_1_329' title='bbox 2108 2955 2414 3026; x_wconf 77' lang='lat' dir='ltr'><strong>fallimur,</strong></span> <span class='ocrx_word' id='word_1_330' title='bbox 2466 2957 2900 3015; x_wconf 87' lang='lat' dir='ltr'><strong>necessarium</strong></span> <span class='ocrx_word' id='word_1_331' title='bbox 2942 2955 3137 3015; x_wconf 81' lang='lat' dir='ltr'><strong>fuisse</strong></span> <span class='ocrx_word' id='word_1_332' title='bbox 3167 2955 3449 3032; x_wconf 87' lang='lat' dir='ltr'><strong>aliquam</strong></span> <span class='ocrx_word' id='word_1_333' title='bbox 3481 2956 3823 3016; x_wconf 79' lang='lat' dir='ltr'><strong>editionem</strong></span> 
     </span>
    </p>
   </div>
   <div class='ocr_carea' id='block_1_29' title="bbox 539 3055 3820 3136">
    <p class='ocr_par' dir='ltr' id='par_1_29' title="bbox 539 3055 3820 3136">
     <span class='ocr_line' id='line_1_29' title="bbox 539 3055 3820 3136; baseline 0 -21"><span class='ocrx_word' id='word_1_334' title='bbox 539 3056 1015 3130; x_wconf 71' lang='lat' dir='ltr'><strong>Quesnellianm</strong></span> <span class='ocrx_word' id='word_1_335' title='bbox 1044 3075 1394 3136; x_wconf 79' lang='lat' dir='ltr'><strong>apponere.</strong></span> <span class='ocrx_word' id='word_1_336' title='bbox 1427 3073 1554 3134; x_wconf 89' lang='lat' dir='ltr'><strong>qua</strong></span> <span class='ocrx_word' id='word_1_337' title='bbox 1590 3072 1811 3125; x_wconf 86' lang='lat' dir='ltr'><strong>omnes</strong></span> <span class='ocrx_word' id='word_1_338' title='bbox 1844 3055 2035 3133; x_wconf 84' lang='lat' dir='ltr'><strong>hujus</strong></span> <span class='ocrx_word' id='word_1_339' title='bbox 2073 3057 2554 3115; x_wconf 89' lang='lat' dir='ltr'><strong>lucubrationes</strong></span> <span class='ocrx_word' id='word_1_340' title='bbox 2608 3056 2980 3134; x_wconf 82' lang='lat' dir='ltr'><strong>singillatim</strong></span> <span class='ocrx_word' id='word_1_341' title='bbox 3016 3057 3487 3134; x_wconf 86' lang='lat' dir='ltr'><strong>subjicerentnr</strong></span> <span class='ocrx_word' id='word_1_342' title='bbox 3520 3057 3820 3129; x_wconf 81' lang='lat' dir='ltr'><strong>examini,</strong></span> 
     </span>
    </p>
   </div>
   <div class='ocr_carea' id='block_1_30' title="bbox 541 3158 3817 3240">
    <p class='ocr_par' dir='ltr' id='par_1_30' title="bbox 541 3158 3817 3240">
     <span class='ocr_line' id='line_1_30' title="bbox 541 3158 3817 3240; baseline 0 -20"><span class='ocrx_word' id='word_1_343' title='bbox 541 3176 615 3220; x_wconf 92' lang='lat' dir='ltr'><strong>ac</strong></span> <span class='ocrx_word' id='word_1_344' title='bbox 641 3159 828 3236; x_wconf 87' lang='lat' dir='ltr'><strong>justis</strong></span> <span class='ocrx_word' id='word_1_345' title='bbox 860 3160 1147 3220; x_wconf 86' lang='lat' dir='ltr'><strong>censuris</strong></span> <span class='ocrx_word' id='word_1_346' title='bbox 1185 3167 1545 3236; x_wconf 87' lang='lat' dir='ltr'><strong>opportune.</strong></span> <span class='ocrx_word' id='word_1_347' title='bbox 1575 3164 1974 3219; x_wconf 83' lang='lat' dir='ltr'><strong>notarentur.</strong></span> <span class='ocrx_word' id='word_1_348' title='bbox 2006 3158 2222 3217; x_wconf 92' lang='lat' dir='ltr'><strong>Solum</strong></span> <span class='ocrx_word' id='word_1_349' title='bbox 2272 3158 2586 3235; x_wconf 85' lang='lat' dir='ltr'><strong>displicet,</strong></span> <span class='ocrx_word' id='word_1_350' title='bbox 2615 3159 2673 3218; x_wconf 91' lang='lat' dir='ltr'><strong>id</strong></span> <span class='ocrx_word' id='word_1_351' title='bbox 2737 3159 2975 3236; x_wconf 80' lang='lat' dir='ltr'><strong>negotii</strong></span> <span class='ocrx_word' id='word_1_352' title='bbox 3034 3160 3113 3219; x_wconf 88' lang='lat' dir='ltr'><strong>iis</strong></span> <span class='ocrx_word' id='word_1_353' title='bbox 3180 3158 3374 3221; x_wconf 79' lang='lat' dir='ltr'><strong>fuisse</strong></span> <span class='ocrx_word' id='word_1_354' title='bbox 3430 3160 3817 3240; x_wconf 90' lang='lat' dir='ltr'><strong>impositum,</strong></span> 
     </span>
    </p>
   </div>
   <div class='ocr_carea' id='block_1_31' title="bbox 542 3254 3819 3339">
    <p class='ocr_par' dir='ltr' id='par_1_31' title="bbox 542 3254 3819 3339">
     <span class='ocr_line' id='line_1_31' title="bbox 542 3254 3819 3339; baseline -0 -18"><span class='ocrx_word' id='word_1_355' title='bbox 542 3263 650 3338; x_wconf 89' lang='lat' dir='ltr'><strong>qui</strong></span> <span class='ocrx_word' id='word_1_356' title='bbox 675 3271 731 3323; x_wconf 88' lang='lat' dir='ltr'><strong>et</strong></span> <span class='ocrx_word' id='word_1_357' title='bbox 760 3262 1117 3323; x_wconf 85' lang='lat' dir='ltr'><strong>eruditione</strong></span> <span class='ocrx_word' id='word_1_358' title='bbox 1144 3270 1204 3323; x_wconf 89' lang='lat' dir='ltr'><strong>et</strong></span> <span class='ocrx_word' id='word_1_359' title='bbox 1237 3262 1499 3325; x_wconf 87' lang='lat' dir='ltr'><strong>scientia</strong></span> <span class='ocrx_word' id='word_1_360' title='bbox 1558 3260 1767 3319; x_wconf 90' lang='lat' dir='ltr'><strong>minus</strong></span> <span class='ocrx_word' id='word_1_361' title='bbox 1819 3258 2025 3337; x_wconf 81' lang='lat' dir='ltr'><strong>parati</strong></span> <span class='ocrx_word' id='word_1_362' title='bbox 2070 3265 2243 3317; x_wconf 89' lang='lat' dir='ltr'><strong>sunt.</strong></span> <span class='ocrx_word' id='word_1_363' title='bbox 2287 3254 2353 3316; x_wconf 87' lang='lat' dir='ltr'><strong>Id</strong></span> <span class='ocrx_word' id='word_1_364' title='bbox 2389 3265 2598 3318; x_wconf 90' lang='lat' dir='ltr'><strong>tamen</strong></span> <span class='ocrx_word' id='word_1_365' title='bbox 2646 3259 2979 3319; x_wconf 84' lang='lat' dir='ltr'><strong>veritatem</strong></span> <span class='ocrx_word' id='word_1_366' title='bbox 3013 3260 3215 3336; x_wconf 77' lang='lat' dir='ltr'><strong>magis</strong></span> <span class='ocrx_word' id='word_1_367' title='bbox 3240 3260 3574 3339; x_wconf 85' lang='lat' dir='ltr'><strong>magisque</strong></span> <span class='ocrx_word' id='word_1_368' title='bbox 3610 3261 3819 3321; x_wconf 87' lang='lat' dir='ltr'><strong>mani-</strong></span> 
     </span>
    </p>
   </div>
   <div class='ocr_carea' id='block_1_32' title="bbox 540 3360 3816 3441">
    <p class='ocr_par' dir='ltr' id='par_1_32' title="bbox 540 3360 3816 3441">
     <span class='ocr_line' id='line_1_32' title="bbox 540 3360 3816 3441; baseline 0 -19"><span class='ocrx_word' id='word_1_369' title='bbox 540 3360 764 3422; x_wconf 68' lang='lat' dir='ltr'><strong>fastam</strong></span> <span class='ocrx_word' id='word_1_370' title='bbox 796 3364 1000 3425; x_wconf 84' lang='lat' dir='ltr'><strong>faciet.</strong></span> <span class='ocrx_word' id='word_1_371' title='bbox 1026 3364 1085 3423; x_wconf 91' lang='lat' dir='ltr'><strong>Si</strong></span> <span class='ocrx_word' id='word_1_372' title='bbox 1121 3365 1287 3421; x_wconf 91' lang='lat' dir='ltr'><strong>enim</strong></span> <span class='ocrx_word' id='word_1_373' title='bbox 1316 3382 1457 3434; x_wconf 90' lang='lat' dir='ltr'><strong>nos,</strong></span> <span class='ocrx_word' id='word_1_374' title='bbox 1483 3362 1592 3441; x_wconf 90' lang='lat' dir='ltr'><strong>qui</strong></span> <span class='ocrx_word' id='word_1_375' title='bbox 1626 3363 1943 3422; x_wconf 91' lang='lat' dir='ltr'><strong>modicum</strong></span> <span class='ocrx_word' id='word_1_376' title='bbox 1983 3361 2287 3431; x_wconf 88' lang='lat' dir='ltr'><strong>valemus,</strong></span> <span class='ocrx_word' id='word_1_377' title='bbox 2318 3361 2724 3433; x_wconf 83' lang='lat' dir='ltr'><strong>evicerimus,</strong></span> <span class='ocrx_word' id='word_1_378' title='bbox 2752 3378 2946 3437; x_wconf 89' lang='lat' dir='ltr'><strong>quam</strong></span> <span class='ocrx_word' id='word_1_379' title='bbox 2980 3378 3312 3438; x_wconf 90' lang='lat' dir='ltr'><strong>perperam</strong></span> <span class='ocrx_word' id='word_1_380' title='bbox 3336 3363 3721 3435; x_wconf 87' lang='lat' dir='ltr'><strong>Quesnellus</strong></span> <span class='ocrx_word' id='word_1_381' title='bbox 3752 3365 3816 3423; x_wconf 91' lang='lat' dir='ltr'><strong>in</strong></span> 
     </span>
    </p>
   </div>
   <div class='ocr_carea' id='block_1_33' title="bbox 470 3460 3818 3544">
    <p class='ocr_par' dir='ltr' id='par_1_33' title="bbox 470 3460 3818 3544">
     <span class='ocr_line' id='line_1_33' title="bbox 470 3460 3818 3544; baseline 0.002 -23"><span class='ocrx_word' id='word_1_382' title='bbox 470 3470 475 3480; x_wconf 88' lang='lat'><em>‘</em></span> <span class='ocrx_word' id='word_1_383' title='bbox 542 3466 760 3523; x_wconf 90' lang='lat' dir='ltr'><strong>multis</strong></span> <span class='ocrx_word' id='word_1_384' title='bbox 820 3466 1169 3542; x_wconf 83' lang='lat' dir='ltr'><strong>scripserit,</strong></span> <span class='ocrx_word' id='word_1_385' title='bbox 1222 3465 1280 3522; x_wconf 90' lang='lat' dir='ltr'><strong>id</strong></span> <span class='ocrx_word' id='word_1_386' title='bbox 1338 3481 1463 3524; x_wconf 89' lang='lat' dir='ltr'><strong>non</strong></span> <span class='ocrx_word' id='word_1_387' title='bbox 1519 3465 1802 3544; x_wconf 73' lang='lat' dir='ltr'><strong>ingenio,</strong></span> <span class='ocrx_word' id='word_1_388' title='bbox 1842 3481 1967 3521; x_wconf 91' lang='lat' dir='ltr'><strong>non</strong></span> <span class='ocrx_word' id='word_1_389' title='bbox 2028 3468 2189 3537; x_wconf 90' lang='lat' dir='ltr'><strong>arte,</strong></span> <span class='ocrx_word' id='word_1_390' title='bbox 2223 3478 2352 3520; x_wconf 82' lang='lat' dir='ltr'><strong>non</strong></span> <span class='ocrx_word' id='word_1_391' title='bbox 2383 3461 2516 3520; x_wconf 92' lang='lat' dir='ltr'><strong>ullo</strong></span> <span class='ocrx_word' id='word_1_392' title='bbox 2548 3462 2854 3538; x_wconf 87' lang='lat' dir='ltr'><strong>peculiari</strong></span> <span class='ocrx_word' id='word_1_393' title='bbox 2884 3460 3196 3537; x_wconf 88' lang='lat' dir='ltr'><strong>subsidio,</strong></span> <span class='ocrx_word' id='word_1_394' title='bbox 3250 3464 3356 3523; x_wconf 88' lang='lat' dir='ltr'><strong>sed</strong></span> <span class='ocrx_word' id='word_1_395' title='bbox 3387 3465 3650 3527; x_wconf 89' lang='lat' dir='ltr'><strong>veritate</strong></span> <span class='ocrx_word' id='word_1_396' title='bbox 3684 3464 3818 3542; x_wconf 91' lang='lat' dir='ltr'><strong>ipsa</strong></span> 
     </span>
    </p>
   </div>
   <div class='ocr_carea' id='block_1_34' title="bbox 541 3565 1555 3643">
    <p class='ocr_par' dir='ltr' id='par_1_34' title="bbox 541 3565 1555 3643">
     <span class='ocr_line' id='line_1_34' title="bbox 541 3565 1555 3643; baseline 0 -17"><span class='ocrx_word' id='word_1_397' title='bbox 541 3565 1018 3626; x_wconf 77' lang='lat' dir='ltr'><strong>demonstrante</strong></span> <span class='ocrx_word' id='word_1_398' title='bbox 1054 3567 1286 3625; x_wconf 87' lang='lat' dir='ltr'><strong>factum</strong></span> <span class='ocrx_word' id='word_1_399' title='bbox 1318 3566 1555 3643; x_wconf 86' lang='lat' dir='ltr'><strong>patebit</strong></span> 
     </span>
    </p>
   </div>
   <div class='ocr_carea' id='block_1_35' title="bbox 624 3663 3815 3743">
    <p class='ocr_par' dir='ltr' id='par_1_35' title="bbox 624 3663 3815 3743">
     <span class='ocr_line' id='line_1_35' title="bbox 624 3663 3815 3743; baseline 0 -17"><span class='ocrx_word' id='word_1_400' title='bbox 624 3667 766 3727; x_wconf 82' lang='lat' dir='ltr'><strong>XX.</strong></span> <span class='ocrx_word' id='word_1_401' title='bbox 805 3669 983 3728; x_wconf 89' lang='lat' dir='ltr'><strong>Nunc</strong></span> <span class='ocrx_word' id='word_1_402' title='bbox 1022 3668 1341 3743; x_wconf 78' lang='lat' dir='ltr'><strong>reliquum</strong></span> <span class='ocrx_word' id='word_1_403' title='bbox 1370 3675 1465 3728; x_wconf 88' lang='lat' dir='ltr'><strong>est</strong></span> <span class='ocrx_word' id='word_1_404' title='bbox 1496 3672 1565 3727; x_wconf 91' lang='lat' dir='ltr'><strong>ut</strong></span> <span class='ocrx_word' id='word_1_405' title='bbox 1597 3673 1828 3727; x_wconf 59' lang='lat' dir='ltr'><strong>nostra;</strong></span> <span class='ocrx_word' id='word_1_406' title='bbox 1858 3666 2153 3725; x_wconf 85' lang='lat' dir='ltr'><strong>editionis</strong></span> <span class='ocrx_word' id='word_1_407' title='bbox 2193 3663 2482 3724; x_wconf 89' lang='lat' dir='ltr'><strong>ordinem</strong></span> <span class='ocrx_word' id='word_1_408' title='bbox 2513 3663 2933 3741; x_wconf 78' lang='lat' dir='ltr'><strong>explicemus.</strong></span> <span class='ocrx_word' id='word_1_409' title='bbox 2964 3664 3291 3737; x_wconf 88' lang='lat' dir='ltr'><strong>Quesnelli</strong></span> <span class='ocrx_word' id='word_1_410' title='bbox 3332 3667 3526 3728; x_wconf 89' lang='lat' dir='ltr'><strong>editio</strong></span> <span class='ocrx_word' id='word_1_411' title='bbox 3564 3664 3815 3727; x_wconf 89' lang='lat' dir='ltr'><strong>duobus</strong></span> 
     </span>
    </p>
   </div>
   <div class='ocr_carea' id='block_1_36' title="bbox 542 3765 3811 3845">
    <p class='ocr_par' dir='ltr' id='par_1_36' title="bbox 542 3765 3811 3845">
     <span class='ocr_line' id='line_1_36' title="bbox 542 3765 3811 3845; baseline 0.001 -18"><span class='ocrx_word' id='word_1_412' title='bbox 542 3772 728 3827; x_wconf 84' lang='lat' dir='ltr'><strong>tomis</strong></span> <span class='ocrx_word' id='word_1_413' title='bbox 762 3769 1148 3828; x_wconf 88' lang='lat' dir='ltr'><strong>continetur.</strong></span> <span class='ocrx_word' id='word_1_414' title='bbox 1183 3769 1429 3828; x_wconf 89' lang='lat' dir='ltr'><strong>Primus</strong></span> <span class='ocrx_word' id='word_1_415' title='bbox 1466 3769 1696 3828; x_wconf 79' lang='lat' dir='ltr'><strong>Leonis</strong></span> <span class='ocrx_word' id='word_1_416' title='bbox 1747 3768 1957 3843; x_wconf 59' lang='lat' dir='ltr'><strong>Opera</strong></span> <span class='ocrx_word' id='word_1_417' title='bbox 1994 3785 2120 3826; x_wconf 88' lang='lat' dir='ltr'><strong>non</strong></span> <span class='ocrx_word' id='word_1_418' title='bbox 2161 3772 2285 3825; x_wconf 89' lang='lat' dir='ltr'><strong>tam</strong></span> <span class='ocrx_word' id='word_1_419' title='bbox 2320 3765 2605 3844; x_wconf 83' lang='lat' dir='ltr'><strong>genuina</strong></span> <span class='ocrx_word' id='word_1_420' title='bbox 2649 3782 2845 3842; x_wconf 87' lang='lat' dir='ltr'><strong>quam</strong></span> <span class='ocrx_word' id='word_1_421' title='bbox 2895 3768 3303 3844; x_wconf 90' lang='lat' dir='ltr'><strong>supposititia</strong></span> <span class='ocrx_word' id='word_1_422' title='bbox 3343 3770 3811 3845; x_wconf 89' lang='lat' dir='ltr'><strong>complectitur.</strong></span> 
     </span>
    </p>
   </div>
   <div class='ocr_carea' id='block_1_37' title="bbox 544 3863 3819 3946">
    <p class='ocr_par' dir='ltr' id='par_1_37' title="bbox 544 3863 3819 3946">
     <span class='ocr_line' id='line_1_37' title="bbox 544 3863 3819 3946; baseline -0.001 -18"><span class='ocrx_word' id='word_1_423' title='bbox 544 3867 836 3928; x_wconf 86' lang='lat' dir='ltr'><strong>Genuina</strong></span> <span class='ocrx_word' id='word_1_424' title='bbox 878 3877 1025 3929; x_wconf 90' lang='lat' dir='ltr'><strong>sunt</strong></span> <span class='ocrx_word' id='word_1_425' title='bbox 1056 3870 1394 3929; x_wconf 75' lang='lat' dir='ltr'><strong>Sermones</strong></span> <span class='ocrx_word' id='word_1_426' title='bbox 1430 3876 1487 3928; x_wconf 88' lang='lat' dir='ltr'><strong>et</strong></span> <span class='ocrx_word' id='word_1_427' title='bbox 1519 3868 1840 3946; x_wconf 65' lang='lat' dir='ltr'><strong>Epistolas.</strong></span> <span class='ocrx_word' id='word_1_428' title='bbox 1882 3867 2049 3925; x_wconf 81' lang='lat' dir='ltr'><strong>Libri</strong></span> <span class='ocrx_word' id='word_1_429' title='bbox 2082 3872 2294 3927; x_wconf 88' lang='lat' dir='ltr'><strong>autem</strong></span> <span class='ocrx_word' id='word_1_430' title='bbox 2327 3865 2454 3923; x_wconf 90' lang='lat' dir='ltr'><strong>duo</strong></span> <span class='ocrx_word' id='word_1_431' title='bbox 2481 3864 2560 3923; x_wconf 87' lang='lat' dir='ltr'><strong>de</strong></span> <span class='ocrx_word' id='word_1_432' title='bbox 2595 3863 2948 3925; x_wconf 79' lang='lat' dir='ltr'><strong>Vocatione</strong></span> <span class='ocrx_word' id='word_1_433' title='bbox 2977 3865 3262 3925; x_wconf 92' lang='lat' dir='ltr'><strong>omnium</strong></span> <span class='ocrx_word' id='word_1_434' title='bbox 3294 3866 3603 3944; x_wconf 83' lang='lat' dir='ltr'><strong>gentium,</strong></span> <span class='ocrx_word' id='word_1_435' title='bbox 3627 3866 3819 3943; x_wconf 84' lang='lat' dir='ltr'><strong>Capi-</strong></span> 
     </span>
    </p>
   </div>
   <div class='ocr_carea' id='block_1_38' title="bbox 542 3965 3818 4045">
    <p class='ocr_par' dir='ltr' id='par_1_38' title="bbox 542 3965 3818 4045">
     <span class='ocr_line' id='line_1_38' title="bbox 542 3965 3818 4045; baseline 0.001 -19"><span class='ocrx_word' id='word_1_436' title='bbox 542 3969 674 4027; x_wconf 84' lang='lat' dir='ltr'><strong>tuta</strong></span> <span class='ocrx_word' id='word_1_437' title='bbox 707 3968 783 4028; x_wconf 86' lang='lat' dir='ltr'><strong>de</strong></span> <span class='ocrx_word' id='word_1_438' title='bbox 821 3970 1050 4045; x_wconf 81' lang='lat' dir='ltr'><strong>gratia,</strong></span> <span class='ocrx_word' id='word_1_439' title='bbox 1078 3977 1136 4027; x_wconf 87' lang='lat' dir='ltr'><strong>et</strong></span> <span class='ocrx_word' id='word_1_440' title='bbox 1164 3969 1451 4045; x_wconf 83' lang='lat' dir='ltr'><strong>Epistula</strong></span> <span class='ocrx_word' id='word_1_441' title='bbox 1483 3970 1559 4029; x_wconf 89' lang='lat' dir='ltr'><strong>ad</strong></span> <span class='ocrx_word' id='word_1_442' title='bbox 1594 3969 2087 4041; x_wconf 84' lang='lat' dir='ltr'><strong>Demetriadem,</strong></span> <span class='ocrx_word' id='word_1_443' title='bbox 2121 3984 2236 4028; x_wconf 90' lang='lat' dir='ltr'><strong>seu</strong></span> <span class='ocrx_word' id='word_1_444' title='bbox 2273 3967 2432 4026; x_wconf 92' lang='lat' dir='ltr'><strong>liber</strong></span> <span class='ocrx_word' id='word_1_445' title='bbox 2462 3966 2538 4026; x_wconf 93' lang='lat' dir='ltr'><strong>de</strong></span> <span class='ocrx_word' id='word_1_446' title='bbox 2566 3965 2965 4038; x_wconf 81' lang='lat' dir='ltr'><strong>Humilitate,</strong></span> <span class='ocrx_word' id='word_1_447' title='bbox 3004 3984 3167 4045; x_wconf 90' lang='lat' dir='ltr'><strong>quos</strong></span> <span class='ocrx_word' id='word_1_448' title='bbox 3205 3968 3399 4027; x_wconf 81' lang='lat' dir='ltr'><strong>Leoni</strong></span> <span class='ocrx_word' id='word_1_449' title='bbox 3432 3967 3818 4041; x_wconf 87' lang='lat' dir='ltr'><strong>Quesnellus</strong></span> 
     </span>
    </p>
   </div>
   <div class='ocr_carea' id='block_1_39' title="bbox 544 4066 3818 4148">
    <p class='ocr_par' dir='ltr' id='par_1_39' title="bbox 544 4066 3818 4148">
     <span class='ocr_line' id='line_1_39' title="bbox 544 4066 3818 4148; baseline 0 -17"><span class='ocrx_word' id='word_1_450' title='bbox 544 4086 880 4148; x_wconf 85' lang='lat' dir='ltr'><strong>perperam</strong></span> <span class='ocrx_word' id='word_1_451' title='bbox 906 4072 1153 4143; x_wconf 91' lang='lat' dir='ltr'><strong>tribuit,</strong></span> <span class='ocrx_word' id='word_1_452' title='bbox 1184 4071 1349 4128; x_wconf 88' lang='lat' dir='ltr'><strong>inter</strong></span> <span class='ocrx_word' id='word_1_453' title='bbox 1378 4070 1786 4148; x_wconf 85' lang='lat' dir='ltr'><strong>supposititia</strong></span> <span class='ocrx_word' id='word_1_454' title='bbox 1821 4067 2183 4129; x_wconf 80' lang='lat' dir='ltr'><strong>referimus.</strong></span> <span class='ocrx_word' id='word_1_455' title='bbox 2224 4069 2291 4129; x_wconf 87' lang='lat' dir='ltr'><strong>In</strong></span> <span class='ocrx_word' id='word_1_456' title='bbox 2324 4068 2448 4129; x_wconf 85' lang='lat' dir='ltr'><strong>ﬁne</strong></span> <span class='ocrx_word' id='word_1_457' title='bbox 2477 4066 2759 4146; x_wconf 86' lang='lat' dir='ltr'><strong>ejusdem</strong></span> <span class='ocrx_word' id='word_1_458' title='bbox 2792 4071 2943 4129; x_wconf 91' lang='lat' dir='ltr'><strong>tomi</strong></span> <span class='ocrx_word' id='word_1_459' title='bbox 2983 4069 3208 4148; x_wconf 87' lang='lat' dir='ltr'><strong>adjecit</strong></span> <span class='ocrx_word' id='word_1_460' title='bbox 3239 4068 3299 4130; x_wconf 89' lang='lat' dir='ltr'><strong>S.</strong></span> <span class='ocrx_word' id='word_1_461' title='bbox 3334 4070 3557 4131; x_wconf 84' lang='lat' dir='ltr'><strong>Hilarii</strong></span> <span class='ocrx_word' id='word_1_462' title='bbox 3590 4071 3818 4133; x_wconf 78' lang='lat' dir='ltr'><strong>Arela-</strong></span> 
     </span>
    </p>
   </div>
   <div class='ocr_carea' id='block_1_40' title="bbox 543 4168 3815 4249">
    <p class='ocr_par' dir='ltr' id='par_1_40' title="bbox 543 4168 3815 4249">
     <span class='ocr_line' id='line_1_40' title="bbox 543 4168 3815 4249; baseline 0 -19"><span class='ocrx_word' id='word_1_463' title='bbox 543 4174 741 4231; x_wconf 83' lang='lat' dir='ltr'><strong>tensis</strong></span> <span class='ocrx_word' id='word_1_464' title='bbox 778 4172 1022 4243; x_wconf 84' lang='lat' dir='ltr'><strong>Vitam,</strong></span> <span class='ocrx_word' id='word_1_465' title='bbox 1060 4179 1121 4230; x_wconf 91' lang='lat' dir='ltr'><strong>et</strong></span> <span class='ocrx_word' id='word_1_466' title='bbox 1159 4170 1470 4231; x_wconf 89' lang='lat' dir='ltr'><strong>nonnulla</strong></span> <span class='ocrx_word' id='word_1_467' title='bbox 1506 4170 1791 4249; x_wconf 86' lang='lat' dir='ltr'><strong>ejusdem</strong></span> <span class='ocrx_word' id='word_1_468' title='bbox 1828 4168 2180 4248; x_wconf 84' lang='lat' dir='ltr'><strong>Opuseula.</strong></span> <span class='ocrx_word' id='word_1_469' title='bbox 2231 4169 2521 4229; x_wconf 86' lang='lat' dir='ltr'><strong>Secundo</strong></span> <span class='ocrx_word' id='word_1_470' title='bbox 2560 4179 2730 4230; x_wconf 91' lang='lat' dir='ltr'><strong>tomo</strong></span> <span class='ocrx_word' id='word_1_471' title='bbox 2762 4172 3278 4247; x_wconf 86' lang='lat' dir='ltr'><strong>antiquissimam</strong></span> <span class='ocrx_word' id='word_1_472' title='bbox 3312 4176 3373 4231; x_wconf 89' lang='lat' dir='ltr'><strong>et</strong></span> <span class='ocrx_word' id='word_1_473' title='bbox 3410 4172 3815 4249; x_wconf 61' lang='lat' dir='ltr'><strong>praestantis-</strong></span> 
     </span>
    </p>
   </div>
   <div class='ocr_carea' id='block_1_41' title="bbox 543 4269 3813 4348">
    <p class='ocr_par' dir='ltr' id='par_1_41' title="bbox 543 4269 3813 4348">
     <span class='ocr_line' id='line_1_41' title="bbox 543 4269 3813 4348; baseline -0.002 -13"><span class='ocrx_word' id='word_1_474' title='bbox 543 4276 769 4335; x_wconf 83' lang='lat' dir='ltr'><strong>simam</strong></span> <span class='ocrx_word' id='word_1_475' title='bbox 806 4273 1263 4333; x_wconf 83' lang='lat' dir='ltr'><strong>Collectionem</strong></span> <span class='ocrx_word' id='word_1_476' title='bbox 1310 4272 1642 4331; x_wconf 84' lang='lat' dir='ltr'><strong>Canonum</strong></span> <span class='ocrx_word' id='word_1_477' title='bbox 1685 4276 1745 4329; x_wconf 86' lang='lat' dir='ltr'><strong>et</strong></span> <span class='ocrx_word' id='word_1_478' title='bbox 1794 4269 2341 4329; x_wconf 86' lang='lat' dir='ltr'><strong>Constitutionum</strong></span> <span class='ocrx_word' id='word_1_479' title='bbox 2369 4271 2739 4343; x_wconf 62' lang='lat' dir='ltr'><strong>apostolica</strong></span> <span class='ocrx_word' id='word_1_480' title='bbox 2762 4272 2924 4331; x_wconf 90' lang='lat' dir='ltr'><strong>sedis</strong></span> <span class='ocrx_word' id='word_1_481' title='bbox 2949 4288 2982 4331; x_wconf 92' lang='lat' dir='ltr'><strong>e</strong></span> <span class='ocrx_word' id='word_1_482' title='bbox 3020 4271 3341 4330; x_wconf 85' lang='lat' dir='ltr'><strong>codicibus</strong></span> <span class='ocrx_word' id='word_1_483' title='bbox 3370 4272 3588 4343; x_wconf 88' lang='lat' dir='ltr'><strong>edidit,</strong></span> <span class='ocrx_word' id='word_1_484' title='bbox 3625 4289 3813 4348; x_wconf 92' lang='lat' dir='ltr'><strong>quam</strong></span> 
     </span>
    </p>
   </div>
   <div class='ocr_carea' id='block_1_42' title="bbox 542 4370 3815 4450">
    <p class='ocr_par' dir='ltr' id='par_1_42' title="bbox 542 4370 3815 4450">
     <span class='ocr_line' id='line_1_42' title="bbox 542 4370 3815 4450; baseline -0.001 -16"><span class='ocrx_word' id='word_1_485' title='bbox 542 4376 825 4435; x_wconf 57' lang='lat' dir='ltr'><strong>(Iudicem.</strong></span> <span class='ocrx_word' id='word_1_486' title='bbox 860 4374 1179 4434; x_wconf 69' lang='lat' dir='ltr'><strong>(Iunonum</strong></span> <span class='ocrx_word' id='word_1_487' title='bbox 1230 4381 1287 4432; x_wconf 82' lang='lat' dir='ltr'><strong>et</strong></span> <span class='ocrx_word' id='word_1_488' title='bbox 1336 4372 1877 4435; x_wconf 76' lang='lat' dir='ltr'><strong>Constitutionum</strong></span> <span class='ocrx_word' id='word_1_489' title='bbox 1930 4370 2232 4432; x_wconf 64' lang='lat' dir='ltr'><strong>Ecclesia</strong></span> <span class='ocrx_word' id='word_1_490' title='bbox 2277 4371 2567 4431; x_wconf 78' lang='lat' dir='ltr'><strong>Romanae</strong></span> <span class='ocrx_word' id='word_1_491' title='bbox 2622 4372 3091 4432; x_wconf 90' lang='lat' dir='ltr'><strong>inscribendam</strong></span> <span class='ocrx_word' id='word_1_492' title='bbox 3147 4373 3435 4449; x_wconf 86' lang='lat' dir='ltr'><strong>putavit,</strong></span> <span class='ocrx_word' id='word_1_493' title='bbox 3471 4390 3597 4432; x_wconf 90' lang='lat' dir='ltr'><strong>non</strong></span> <span class='ocrx_word' id='word_1_494' title='bbox 3647 4374 3815 4450; x_wconf 90' lang='lat' dir='ltr'><strong>quod</strong></span> 
     </span>
    </p>
   </div>
   <div class='ocr_carea' id='block_1_43' title="bbox 543 4474 3815 4556">
    <p class='ocr_par' dir='ltr' id='par_1_43' title="bbox 543 4474 3815 4556">
     <span class='ocr_line' id='line_1_43' title="bbox 543 4474 3815 4556; baseline 0.001 -21"><span class='ocrx_word' id='word_1_495' title='bbox 543 4476 709 4536; x_wconf 87' lang='lat' dir='ltr'><strong>hanc</strong></span> <span class='ocrx_word' id='word_1_496' title='bbox 746 4478 1229 4552; x_wconf 85' lang='lat' dir='ltr'><strong>inscriptionem</strong></span> <span class='ocrx_word' id='word_1_497' title='bbox 1267 4476 1610 4553; x_wconf 66' lang='lat' dir='ltr'><strong>praeferant</strong></span> <span class='ocrx_word' id='word_1_498' title='bbox 1654 4476 1902 4536; x_wconf 87' lang='lat' dir='ltr'><strong>codices</strong></span> <span class='ocrx_word' id='word_1_499' title='bbox 1928 4519 1943 4546; x_wconf 93' lang='lat'><strong>,</strong></span> <span class='ocrx_word' id='word_1_500' title='bbox 1973 4474 2079 4535; x_wconf 88' lang='lat' dir='ltr'><strong>sed</strong></span> <span class='ocrx_word' id='word_1_501' title='bbox 2112 4476 2265 4552; x_wconf 89' lang='lat' dir='ltr'><strong>quia</strong></span> <span class='ocrx_word' id='word_1_502' title='bbox 2302 4474 2468 4535; x_wconf 88' lang='lat' dir='ltr'><strong>hanc</strong></span> <span class='ocrx_word' id='word_1_503' title='bbox 2507 4474 2957 4536; x_wconf 89' lang='lat' dir='ltr'><strong>Collectionem</strong></span> <span class='ocrx_word' id='word_1_504' title='bbox 2993 4476 3296 4536; x_wconf 67' lang='lat' dir='ltr'><strong>Romanas</strong></span> <span class='ocrx_word' id='word_1_505' title='bbox 3331 4475 3630 4538; x_wconf 77' lang='lat' dir='ltr'><strong>Ecclesite</strong></span> <span class='ocrx_word' id='word_1_506' title='bbox 3657 4495 3815 4556; x_wconf 88' lang='lat' dir='ltr'><strong>pro-</strong></span> 
     </span>
    </p>
   </div>
   <div class='ocr_carea' id='block_1_44' title="bbox 542 4574 3816 4654">
    <p class='ocr_par' dir='ltr' id='par_1_44' title="bbox 542 4574 3816 4654">
     <span class='ocr_line' id='line_1_44' title="bbox 542 4574 3816 4654; baseline 0.002 -23"><span class='ocrx_word' id='word_1_507' title='bbox 542 4576 771 4652; x_wconf 79' lang='lat' dir='ltr'><strong>priam,</strong></span> <span class='ocrx_word' id='word_1_508' title='bbox 807 4575 1037 4633; x_wconf 78' lang='lat' dir='ltr'><strong>Leonis</strong></span> <span class='ocrx_word' id='word_1_509' title='bbox 1071 4579 1256 4634; x_wconf 75' lang='lat' dir='ltr'><strong>tetate</strong></span> <span class='ocrx_word' id='word_1_510' title='bbox 1290 4576 1628 4651; x_wconf 84' lang='lat' dir='ltr'><strong>vigentem,</strong></span> <span class='ocrx_word' id='word_1_511' title='bbox 1666 4583 1725 4634; x_wconf 89' lang='lat' dir='ltr'><strong>et</strong></span> <span class='ocrx_word' id='word_1_512' title='bbox 1757 4576 1837 4634; x_wconf 89' lang='lat' dir='ltr'><strong>ab</strong></span> <span class='ocrx_word' id='word_1_513' title='bbox 1866 4574 2086 4633; x_wconf 87' lang='lat' dir='ltr'><strong>eodem</strong></span> <span class='ocrx_word' id='word_1_514' title='bbox 2120 4574 2411 4649; x_wconf 85' lang='lat' dir='ltr'><strong>pluribus</strong></span> <span class='ocrx_word' id='word_1_515' title='bbox 2433 4581 2684 4633; x_wconf 89' lang='lat' dir='ltr'><strong>auctam</strong></span> <span class='ocrx_word' id='word_1_516' title='bbox 2710 4576 3010 4650; x_wconf 86' lang='lat' dir='ltr'><strong>opinatus</strong></span> <span class='ocrx_word' id='word_1_517' title='bbox 3034 4584 3147 4635; x_wconf 90' lang='lat' dir='ltr'><strong>est.</strong></span> <span class='ocrx_word' id='word_1_518' title='bbox 3181 4576 3341 4635; x_wconf 90' lang='lat' dir='ltr'><strong>Tum</strong></span> <span class='ocrx_word' id='word_1_519' title='bbox 3374 4578 3641 4654; x_wconf 89' lang='lat' dir='ltr'><strong>subjecit</strong></span> <span class='ocrx_word' id='word_1_520' title='bbox 3671 4597 3816 4640; x_wconf 84' lang='lat' dir='ltr'><strong>sex-</strong></span> 
     </span>
    </p>
   </div>
   <div class='ocr_carea' id='block_1_45' title="bbox 542 4671 3815 4749">
    <p class='ocr_par' dir='ltr' id='par_1_45' title="bbox 542 4671 3815 4749">
     <span class='ocr_line' id='line_1_45' title="bbox 542 4671 3815 4749; baseline 0.004 -19"><span class='ocrx_word' id='word_1_521' title='bbox 542 4676 744 4733; x_wconf 83' lang='lat' dir='ltr'><strong>decim</strong></span> <span class='ocrx_word' id='word_1_522' title='bbox 772 4672 1253 4734; x_wconf 87' lang='lat' dir='ltr'><strong>dissertationes</strong></span> <span class='ocrx_word' id='word_1_523' title='bbox 1294 4672 1357 4731; x_wconf 91' lang='lat' dir='ltr'><strong>in</strong></span> <span class='ocrx_word' id='word_1_524' title='bbox 1394 4672 1618 4731; x_wconf 86' lang='lat' dir='ltr'><strong>Leonis</strong></span> <span class='ocrx_word' id='word_1_525' title='bbox 1657 4671 1866 4749; x_wconf 88' lang='lat' dir='ltr'><strong>Opera</strong></span> <span class='ocrx_word' id='word_1_526' title='bbox 1897 4679 1957 4732; x_wconf 89' lang='lat' dir='ltr'><strong>et</strong></span> <span class='ocrx_word' id='word_1_527' title='bbox 1995 4674 2057 4730; x_wconf 91' lang='lat' dir='ltr'><strong>in</strong></span> <span class='ocrx_word' id='word_1_528' title='bbox 2094 4672 2419 4732; x_wconf 88' lang='lat' dir='ltr'><strong>laudatam</strong></span> <span class='ocrx_word' id='word_1_529' title='bbox 2450 4675 2968 4747; x_wconf 87' lang='lat' dir='ltr'><strong>antiquissimam</strong></span> <span class='ocrx_word' id='word_1_530' title='bbox 2998 4676 3452 4738; x_wconf 87' lang='lat' dir='ltr'><strong>Collectionem</strong></span> <span class='ocrx_word' id='word_1_531' title='bbox 3484 4681 3815 4743; x_wconf 85' lang='lat' dir='ltr'><strong>Canonnm</strong></span> 
     </span>
    </p>
   </div>
   <div class='ocr_carea' id='block_1_46' title="bbox 543 4764 3814 4860">
    <p class='ocr_par' dir='ltr' id='par_1_46' title="bbox 543 4764 3814 4860">
     <span class='ocr_line' id='line_1_46' title="bbox 543 4764 3814 4860; baseline 0.002 -23"><span class='ocrx_word' id='word_1_532' title='bbox 543 4788 736 4854; x_wconf 87' lang='lat' dir='ltr'><strong>atque</strong></span> <span class='ocrx_word' id='word_1_533' title='bbox 768 4777 1311 4837; x_wconf 84' lang='lat' dir='ltr'><strong>Coustitutionum</strong></span> <span class='ocrx_word' id='word_1_534' title='bbox 1346 4778 1514 4837; x_wconf 89' lang='lat' dir='ltr'><strong>sedis</strong></span> <span class='ocrx_word' id='word_1_535' title='bbox 1568 4779 1959 4855; x_wconf 60' lang='lat' dir='ltr'><strong>apostolica.</strong></span> <span class='ocrx_word' id='word_1_536' title='bbox 1996 4778 2279 4838; x_wconf 86' lang='lat' dir='ltr'><strong>Tandem</strong></span> <span class='ocrx_word' id='word_1_537' title='bbox 2318 4780 2381 4838; x_wconf 93' lang='lat' dir='ltr'><strong>in</strong></span> <span class='ocrx_word' id='word_1_538' title='bbox 2420 4780 2735 4855; x_wconf 82' lang='lat' dir='ltr'><strong>Epistolas</strong></span> <span class='ocrx_word' id='word_1_539' title='bbox 2767 4780 2830 4840; x_wconf 93' lang='lat' dir='ltr'><strong>S.</strong></span> <span class='ocrx_word' id='word_1_540' title='bbox 2862 4781 3182 4842; x_wconf 83' lang='lat' dir='ltr'><strong>Pontiﬁcis</strong></span> <span class='ocrx_word' id='word_1_541' title='bbox 3234 4786 3447 4845; x_wconf 86' lang='lat' dir='ltr'><strong>varias</strong></span> <span class='ocrx_word' id='word_1_542' title='bbox 3483 4764 3814 4860; x_wconf 78' lang='lat' dir='ltr'><strong>lectiones,</strong></span> 
     </span>
    </p>
   </div>
   <div class='ocr_carea' id='block_1_47' title="bbox 545 4876 3817 4964">
    <p class='ocr_par' dir='ltr' id='par_1_47' title="bbox 545 4876 3817 4964">
     <span class='ocr_line' id='line_1_47' title="bbox 545 4876 3817 4964; baseline 0.003 -29"><span class='ocrx_word' id='word_1_543' title='bbox 545 4885 730 4939; x_wconf 87' lang='lat' dir='ltr'><strong>notas</strong></span> <span class='ocrx_word' id='word_1_544' title='bbox 760 4884 821 4933; x_wconf 89' lang='lat' dir='ltr'><strong>et</strong></span> <span class='ocrx_word' id='word_1_545' title='bbox 853 4876 1335 4935; x_wconf 86' lang='lat' dir='ltr'><strong>observationes</strong></span> <span class='ocrx_word' id='word_1_546' title='bbox 1362 4879 1707 4952; x_wconf 87' lang='lat' dir='ltr'><strong>impressit.</strong></span> <span class='ocrx_word' id='word_1_547' title='bbox 1733 4876 2094 4936; x_wconf 88' lang='lat' dir='ltr'><strong>Notandum</strong></span> <span class='ocrx_word' id='word_1_548' title='bbox 2122 4894 2271 4937; x_wconf 89' lang='lat' dir='ltr'><strong>vero</strong></span> <span class='ocrx_word' id='word_1_549' title='bbox 2298 4877 2826 4951; x_wconf 78' lang='lat' dir='ltr'><strong>estQuesnellum</strong></span> <span class='ocrx_word' id='word_1_550' title='bbox 2861 4880 2924 4938; x_wconf 92' lang='lat' dir='ltr'><strong>in</strong></span> <span class='ocrx_word' id='word_1_551' title='bbox 2952 4883 3229 4941; x_wconf 86' lang='lat' dir='ltr'><strong>secunda</strong></span> <span class='ocrx_word' id='word_1_552' title='bbox 3266 4884 3537 4945; x_wconf 89' lang='lat' dir='ltr'><strong>editione</strong></span> <span class='ocrx_word' id='word_1_553' title='bbox 3570 4886 3817 4964; x_wconf 83' lang='lat' dir='ltr'><strong>Lugdu-</strong></span> 
     </span>
    </p>
   </div>
   <div class='ocr_carea' id='block_1_48' title="bbox 546 4977 3812 5056">
    <p class='ocr_par' dir='ltr' id='par_1_48' title="bbox 546 4977 3812 5056">
     <span class='ocr_line' id='line_1_48' title="bbox 546 4977 3812 5056; baseline 0.003 -20"><span class='ocrx_word' id='word_1_554' title='bbox 546 4979 726 5036; x_wconf 88' lang='lat' dir='ltr'><strong>ueusi</strong></span> <span class='ocrx_word' id='word_1_555' title='bbox 767 4980 917 5035; x_wconf 87' lang='lat' dir='ltr'><strong>anui</strong></span> <span class='ocrx_word' id='word_1_556' title='bbox 951 4977 1101 5035; x_wconf 81' lang='lat'><strong>1700</strong></span> <span class='ocrx_word' id='word_1_557' title='bbox 1141 4995 1265 5036; x_wconf 92' lang='lat' dir='ltr'><strong>non</strong></span> <span class='ocrx_word' id='word_1_558' title='bbox 1298 4995 1501 5054; x_wconf 89' lang='lat' dir='ltr'><strong>pauca</strong></span> <span class='ocrx_word' id='word_1_559' title='bbox 1548 4978 1866 5039; x_wconf 86' lang='lat' dir='ltr'><strong>addidisse</strong></span> <span class='ocrx_word' id='word_1_560' title='bbox 1897 4995 2041 5056; x_wconf 70' lang='lat' dir='ltr'><strong>quas</strong></span> <span class='ocrx_word' id='word_1_561' title='bbox 2085 4979 2349 5039; x_wconf 87' lang='lat' dir='ltr'><strong>deerant</strong></span> <span class='ocrx_word' id='word_1_562' title='bbox 2399 4980 2462 5038; x_wconf 93' lang='lat' dir='ltr'><strong>in</strong></span> <span class='ocrx_word' id='word_1_563' title='bbox 2498 4980 2702 5056; x_wconf 88' lang='lat' dir='ltr'><strong>prima</strong></span> <span class='ocrx_word' id='word_1_564' title='bbox 2734 4982 3011 5041; x_wconf 86' lang='lat' dir='ltr'><strong>editione</strong></span> <span class='ocrx_word' id='word_1_565' title='bbox 3060 4983 3401 5045; x_wconf 85' lang='lat' dir='ltr'><strong>Parisiensi</strong></span> <span class='ocrx_word' id='word_1_566' title='bbox 3452 4988 3607 5047; x_wconf 91' lang='lat' dir='ltr'><strong>anni</strong></span> <span class='ocrx_word' id='word_1_567' title='bbox 3640 4987 3812 5047; x_wconf 79' lang='grc'><strong>1675.</strong></span> 
     </span>
    </p>
   </div>
   <div class='ocr_carea' id='block_1_49' title="bbox 542 5084 3818 5165">
    <p class='ocr_par' dir='ltr' id='par_1_49' title="bbox 542 5084 3818 5165">
     <span class='ocr_line' id='line_1_49' title="bbox 542 5084 3818 5165; baseline 0.002 -23"><span class='ocrx_word' id='word_1_568' title='bbox 542 5084 842 5156; x_wconf 64' lang='lat' dir='ltr'><strong>Quadam</strong></span> <span class='ocrx_word' id='word_1_569' title='bbox 874 5086 1042 5147; x_wconf 83' lang='lat' dir='ltr'><strong>enim</strong></span> <span class='ocrx_word' id='word_1_570' title='bbox 1072 5092 1487 5145; x_wconf 88' lang='lat' dir='ltr'><strong>monumenta</strong></span> <span class='ocrx_word' id='word_1_571' title='bbox 1517 5103 1660 5161; x_wconf 69' lang='lat' dir='ltr'><strong>qua:</strong></span> <span class='ocrx_word' id='word_1_572' title='bbox 1694 5092 1832 5162; x_wconf 92' lang='lat' dir='ltr'><strong>post</strong></span> <span class='ocrx_word' id='word_1_573' title='bbox 1863 5086 2132 5163; x_wconf 89' lang='lat' dir='ltr'><strong>primam</strong></span> <span class='ocrx_word' id='word_1_574' title='bbox 2169 5084 2512 5146; x_wconf 86' lang='lat' dir='ltr'><strong>editionem</strong></span> <span class='ocrx_word' id='word_1_575' title='bbox 2546 5086 2918 5164; x_wconf 90' lang='lat' dir='ltr'><strong>prodierunt</strong></span> <span class='ocrx_word' id='word_1_576' title='bbox 2952 5088 3013 5145; x_wconf 93' lang='lat' dir='ltr'><strong>in</strong></span> <span class='ocrx_word' id='word_1_577' title='bbox 3048 5088 3281 5165; x_wconf 84' lang='lat' dir='ltr'><strong>lucem,</strong></span> <span class='ocrx_word' id='word_1_578' title='bbox 3311 5091 3606 5162; x_wconf 73' lang='lat' dir='ltr'><strong>inseruit,</strong></span> <span class='ocrx_word' id='word_1_579' title='bbox 3638 5092 3818 5151; x_wconf 90' lang='lat' dir='ltr'><strong>nimi-</strong></span> 
     </span>
    </p>
   </div>
   <div class='ocr_carea' id='block_1_50' title="bbox 549 5184 3813 5269">
    <p class='ocr_par' dir='ltr' id='par_1_50' title="bbox 549 5184 3813 5269">
     <span class='ocr_line' id='line_1_50' title="bbox 549 5184 3813 5269; baseline 0.003 -26"><span class='ocrx_word' id='word_1_580' title='bbox 549 5203 683 5243; x_wconf 91' lang='lat' dir='ltr'><strong>rum</strong></span> <span class='ocrx_word' id='word_1_581' title='bbox 710 5186 868 5243; x_wconf 88' lang='lat' dir='ltr'><strong>duas</strong></span> <span class='ocrx_word' id='word_1_582' title='bbox 894 5184 1146 5245; x_wconf 66' lang='lat' dir='ltr'><strong>Graacas</strong></span> <span class='ocrx_word' id='word_1_583' title='bbox 1172 5185 1471 5245; x_wconf 89' lang='lat' dir='ltr'><strong>Martiani</strong></span> <span class='ocrx_word' id='word_1_584' title='bbox 1494 5188 1799 5263; x_wconf 88' lang='lat' dir='ltr'><strong>epistolas</strong></span> <span class='ocrx_word' id='word_1_585' title='bbox 1820 5188 1894 5246; x_wconf 91' lang='lat' dir='ltr'><strong>ad</strong></span> <span class='ocrx_word' id='word_1_586' title='bbox 1922 5187 2198 5247; x_wconf 83' lang='lat' dir='ltr'><strong>Leonem</strong></span> <span class='ocrx_word' id='word_1_587' title='bbox 2226 5188 2305 5248; x_wconf 90' lang='lat' dir='ltr'><strong>ab</strong></span> <span class='ocrx_word' id='word_1_588' title='bbox 2328 5188 2610 5247; x_wconf 88' lang='lat' dir='ltr'><strong>Arnoldo</strong></span> <span class='ocrx_word' id='word_1_589' title='bbox 2632 5188 2857 5257; x_wconf 88' lang='lat' dir='ltr'><strong>editas,</strong></span> <span class='ocrx_word' id='word_1_590' title='bbox 2889 5206 3080 5250; x_wconf 88' lang='lat' dir='ltr'><strong>unam</strong></span> <span class='ocrx_word' id='word_1_591' title='bbox 3109 5192 3409 5269; x_wconf 78' lang='lat' dir='ltr'><strong>Eutychis</strong></span> <span class='ocrx_word' id='word_1_592' title='bbox 3431 5194 3505 5251; x_wconf 88' lang='lat' dir='ltr'><strong>ad</strong></span> <span class='ocrx_word' id='word_1_593' title='bbox 3530 5196 3813 5255; x_wconf 88' lang='lat' dir='ltr'><strong>eumdem</strong></span> 
     </span>
    </p>
   </div>
   <div class='ocr_carea' id='block_1_51' title="bbox 545 5287 3819 5369">
    <p class='ocr_par' dir='ltr' id='par_1_51' title="bbox 545 5287 3819 5369">
     <span class='ocr_line' id='line_1_51' title="bbox 545 5287 3819 5369; baseline 0.004 -27"><span class='ocrx_word' id='word_1_594' title='bbox 545 5287 905 5368; x_wconf 75' lang='lat' dir='ltr'><strong>pontiﬁcem</strong></span> <span class='ocrx_word' id='word_1_595' title='bbox 950 5291 1271 5362; x_wconf 77' lang='lat' dir='ltr'><strong>vulgatam</strong></span> <span class='ocrx_word' id='word_1_596' title='bbox 1304 5306 1339 5349; x_wconf 89' lang='lat' dir='ltr'><strong>a</strong></span> <span class='ocrx_word' id='word_1_597' title='bbox 1377 5291 1437 5349; x_wconf 92' lang='lat' dir='ltr'><strong>P.</strong></span> <span class='ocrx_word' id='word_1_598' title='bbox 1471 5290 1674 5367; x_wconf 89' lang='lat' dir='ltr'><strong>Lupo,</strong></span> <span class='ocrx_word' id='word_1_599' title='bbox 1710 5288 2136 5368; x_wconf 84' lang='lat' dir='ltr'><strong>fragmentum</strong></span> <span class='ocrx_word' id='word_1_600' title='bbox 2174 5290 2471 5369; x_wconf 57' lang='lat' dir='ltr'><strong>Epistolas</strong></span> <span class='ocrx_word' id='word_1_601' title='bbox 2498 5291 2769 5350; x_wconf 84' lang='lat' dir='ltr'><strong>Anatolii</strong></span> <span class='ocrx_word' id='word_1_602' title='bbox 2806 5290 3525 5369; x_wconf 87' lang='lat' dir='ltr'><strong>Constantinopolitani,</strong></span> <span class='ocrx_word' id='word_1_603' title='bbox 3559 5305 3617 5356; x_wconf 89' lang='lat' dir='ltr'><strong>et</strong></span> <span class='ocrx_word' id='word_1_604' title='bbox 3649 5296 3819 5358; x_wconf 69' lang='lat' dir='ltr'><strong>Grae-</strong></span> 
     </span>
    </p>
   </div>
   <div class='ocr_carea' id='block_1_52' title="bbox 545 5388 3816 5469">
    <p class='ocr_par' dir='ltr' id='par_1_52' title="bbox 545 5388 3816 5469">
     <span class='ocr_line' id='line_1_52' title="bbox 545 5388 3816 5469; baseline 0.002 -20"><span class='ocrx_word' id='word_1_605' title='bbox 545 5407 688 5449; x_wconf 84' lang='lat' dir='ltr'><strong>cum</strong></span> <span class='ocrx_word' id='word_1_606' title='bbox 724 5399 965 5449; x_wconf 79' lang='lat' dir='ltr'><strong>textum</strong></span> <span class='ocrx_word' id='word_1_607' title='bbox 996 5389 1293 5465; x_wconf 65' lang='lat' dir='ltr'><strong>Epistola</strong></span> <span class='ocrx_word' id='word_1_608' title='bbox 1315 5390 1633 5464; x_wconf 88' lang='lat' dir='ltr'><strong>Flaviani,</strong></span> <span class='ocrx_word' id='word_1_609' title='bbox 1668 5405 1809 5467; x_wconf 63' lang='lat' dir='ltr'><strong>qua</strong></span> <span class='ocrx_word' id='word_1_610' title='bbox 1839 5390 2009 5469; x_wconf 78' lang='lat' dir='ltr'><strong>typis</strong></span> <span class='ocrx_word' id='word_1_611' title='bbox 2034 5388 2204 5450; x_wconf 91' lang='lat' dir='ltr'><strong>dedit</strong></span> <span class='ocrx_word' id='word_1_612' title='bbox 2239 5390 2620 5465; x_wconf 88' lang='lat' dir='ltr'><strong>Cotelerius,</strong></span> <span class='ocrx_word' id='word_1_613' title='bbox 2650 5408 2723 5451; x_wconf 90' lang='lat' dir='ltr'><strong>ac</strong></span> <span class='ocrx_word' id='word_1_614' title='bbox 2758 5391 3275 5454; x_wconf 89' lang='lat' dir='ltr'><strong>dissertationem</strong></span> <span class='ocrx_word' id='word_1_615' title='bbox 3307 5394 3575 5455; x_wconf 87' lang='lat' dir='ltr'><strong>Joannis</strong></span> <span class='ocrx_word' id='word_1_616' title='bbox 3609 5397 3816 5455; x_wconf 82' lang='lat' dir='ltr'><strong>Ciam-</strong></span> 
     </span>
    </p>
   </div>
   <div class='ocr_carea' id='block_1_53' title="bbox 549 5495 3816 5572">
    <p class='ocr_par' dir='ltr' id='par_1_53' title="bbox 549 5495 3816 5572">
     <span class='ocr_line' id='line_1_53' title="bbox 549 5495 3816 5572; baseline 0.003 -21"><span class='ocrx_word' id='word_1_617' title='bbox 549 5497 676 5572; x_wconf 90' lang='lat' dir='ltr'><strong>piui</strong></span> <span class='ocrx_word' id='word_1_618' title='bbox 710 5495 779 5552; x_wconf 70' lang='lat' dir='ltr'><strong>de</strong></span> <span class='ocrx_word' id='word_1_619' title='bbox 815 5496 978 5555; x_wconf 70' lang='lat' dir='ltr'><strong>vocis</strong></span> <span class='ocrx_word' id='word_1_620' title='bbox 1022 5498 1400 5555; x_wconf 78' lang='lat' dir='ltr'><strong>correctione</strong></span> <span class='ocrx_word' id='word_1_621' title='bbox 1431 5496 1496 5556; x_wconf 79' lang='lat' dir='ltr'><strong>in</strong></span> <span class='ocrx_word' id='word_1_622' title='bbox 1523 5512 1800 5555; x_wconf 82' lang='lat' dir='ltr'><strong>sermone</strong></span> <span class='ocrx_word' id='word_1_623' title='bbox 1833 5495 1939 5555; x_wconf 84' lang='grc' dir='ltr'><strong>νυ</strong></span> <span class='ocrx_word' id='word_1_624' title='bbox 1971 5496 2043 5557; x_wconf 90' lang='lat' dir='ltr'><strong>S.</strong></span> <span class='ocrx_word' id='word_1_625' title='bbox 2078 5495 2298 5556; x_wconf 80' lang='lat' dir='ltr'><strong>Leonis</strong></span> <span class='ocrx_word' id='word_1_626' title='bbox 2333 5496 2405 5556; x_wconf 83' lang='lat' dir='ltr'><strong>de</strong></span> <span class='ocrx_word' id='word_1_627' title='bbox 2429 5495 2782 5558; x_wconf 80' lang='lat' dir='ltr'><strong>Nativilale</strong></span> <span class='ocrx_word' id='word_1_628' title='bbox 2821 5499 3096 5557; x_wconf 75' lang='lat' dir='ltr'><strong>Domini.</strong></span> <span class='ocrx_word' id='word_1_629' title='bbox 3148 5499 3461 5559; x_wconf 78' lang='lat' dir='ltr'><strong>Prteterea</strong></span> <span class='ocrx_word' id='word_1_630' title='bbox 3498 5516 3576 5559; x_wconf 79' lang='lat' dir='ltr'><strong>ex</strong></span> <span class='ocrx_word' id='word_1_631' title='bbox 3612 5499 3816 5562; x_wconf 90' lang='lat' dir='ltr'><strong>tribus</strong></span> 
     </span>
    </p>
   </div>
   <div class='ocr_carea' id='block_1_54' title="bbox 546 5596 3819 5679">
    <p class='ocr_par' dir='ltr' id='par_1_54' title="bbox 546 5596 3819 5679">
     <span class='ocr_line' id='line_1_54' title="bbox 546 5596 3819 5679; baseline 0.002 -22"><span class='ocrx_word' id='word_1_632' title='bbox 546 5614 698 5657; x_wconf 83' lang='lat' dir='ltr'><strong>mss.</strong></span> <span class='ocrx_word' id='word_1_633' title='bbox 734 5598 1095 5658; x_wconf 80' lang='lat' dir='ltr'><strong>Barberiuis</strong></span> <span class='ocrx_word' id='word_1_634' title='bbox 1126 5597 1553 5675; x_wconf 82' lang='lat' dir='ltr'><strong>Epistolarum</strong></span> <span class='ocrx_word' id='word_1_635' title='bbox 1582 5596 1932 5674; x_wconf 87' lang='lat' dir='ltr'><strong>variantes,</strong></span> <span class='ocrx_word' id='word_1_636' title='bbox 1961 5614 2121 5676; x_wconf 90' lang='lat' dir='ltr'><strong>quas</strong></span> <span class='ocrx_word' id='word_1_637' title='bbox 2149 5605 2373 5675; x_wconf 87' lang='lat' dir='ltr'><strong>postea</strong></span> <span class='ocrx_word' id='word_1_638' title='bbox 2395 5600 2665 5679; x_wconf 89' lang='lat' dir='ltr'><strong>accepit,</strong></span> <span class='ocrx_word' id='word_1_639' title='bbox 2693 5600 2759 5660; x_wconf 90' lang='lat' dir='ltr'><strong>in</strong></span> <span class='ocrx_word' id='word_1_640' title='bbox 2786 5600 2955 5661; x_wconf 87' lang='lat' dir='ltr'><strong>notis</strong></span> <span class='ocrx_word' id='word_1_641' title='bbox 2989 5599 3085 5663; x_wconf 89' lang='lat' dir='ltr'><strong>vel</strong></span> <span class='ocrx_word' id='word_1_642' title='bbox 3107 5599 3170 5659; x_wconf 89' lang='lat' dir='ltr'><strong>in</strong></span> <span class='ocrx_word' id='word_1_643' title='bbox 3192 5601 3465 5678; x_wconf 86' lang='lat' dir='ltr'><strong>postillis</strong></span> <span class='ocrx_word' id='word_1_644' title='bbox 3496 5618 3819 5662; x_wconf 86' lang='lat' dir='ltr'><strong>nonnum-</strong></span> 
     </span>
    </p>
   </div>
   <div class='ocr_carea' id='block_1_55' title="bbox 619 5762 2443 5839">
    <p class='ocr_par' dir='ltr' id='par_1_55' title="bbox 619 5762 2443 5839">
     <span class='ocr_line' id='line_1_55' title="bbox 619 5762 2443 5839; baseline -0.001 -14"><span class='ocrx_word' id='word_1_645' title='bbox 619 5763 694 5827; x_wconf 74' lang='lat' dir='ltr'><strong>ta)</strong></span> <span class='ocrx_word' id='word_1_646' title='bbox 733 5762 954 5833; x_wconf 81' lang='lat' dir='ltr'><strong>Critique</strong></span> <span class='ocrx_word' id='word_1_647' title='bbox 979 5765 1042 5823; x_wconf 74' lang='lat' dir='ltr'><strong>dc</strong></span> <span class='ocrx_word' id='word_1_648' title='bbox 1064 5765 1113 5821; x_wconf 83' lang='lat' dir='ltr'><strong>la</strong></span> <span class='ocrx_word' id='word_1_649' title='bbox 1134 5764 1572 5834; x_wconf 53' lang='lat' dir='ltr'><strong>(imitamina...</strong></span> <span class='ocrx_word' id='word_1_650' title='bbox 1595 5782 1692 5839; x_wconf 82' lang='lat' dir='ltr'><strong>par</strong></span> <span class='ocrx_word' id='word_1_651' title='bbox 1712 5767 1784 5827; x_wconf 77' lang='grc' dir='ltr'><strong>Μ.</strong></span> <span class='ocrx_word' id='word_1_652' title='bbox 1815 5765 2015 5839; x_wconf 79' lang='lat' dir='ltr'><strong>Dupin,</strong></span> <span class='ocrx_word' id='word_1_653' title='bbox 2050 5764 2147 5825; x_wconf 89' lang='lat' dir='ltr'><strong>liv.</strong></span> <span class='ocrx_word' id='word_1_654' title='bbox 2173 5781 2234 5827; x_wconf 86' lang='grc' dir='ltr'><strong>ιι.</strong></span> <span class='ocrx_word' id='word_1_655' title='bbox 2263 5780 2313 5825; x_wconf 85' lang='lat' dir='ltr'><strong>c.</strong></span> <span class='ocrx_word' id='word_1_656' title='bbox 2347 5766 2443 5827; x_wconf 76' lang='grc' dir='ltr'><strong>ιο.</strong></span> 
     </span>
    </p>
   </div>
  </div>
