4014 6350
554 310 622 373 Μ
1418 317 1787 373 ΡΒιΕΡΑΤΙΟ
1828 316 2139 372 GENERAI

2270 318 2330 371 IN
2374 319 2557 375 ΗΑΝο
2602 322 2989 377 th'I‘lONEM.
3770 326 3840 384 52

560 410 869 488 ponenda)
895 410 1238 477 sufﬁcient.
1265 412 1329 473 Id
1367 416 1722 489 praasertim
1756 413 1999 474 servari
2033 412 2250 473 debuit
2284 415 2497 490 quoad
2540 416 2810 492 primam
2834 415 3392 494 di~sertationem,
3420 435 3566 496 quae
3589 419 3652 480 S.
3682 420 3840 481 Leo-

556 513 656 573 nis
690 513 899 576 Vitam
938 517 1237 577 describit
1268 539 1284 592 ;
1325 517 1428 575 ubi
1469 518 1584 577 etsi
1620 535 1747 576 non
1781 535 1983 595 pauca
2009 518 2410 596 castiganda,
2443 521 2760 581 nonnulla
2793 522 2985 582 etiam
3019 520 3373 598 adjicienda
3408 528 3620 593 erunt,
3656 524 3839 599 plura

552 623 762 679 tamen
801 620 953 680 satis
983 627 1301 681 constant.
1338 620 1523 680 Hunc
1557 624 1796 681 tomum
1829 623 2215 683 concludent
2245 623 2532 701 ejusdem
2570 623 2900 698 Quesnelli
2954 624 3439 686 observationes
3476 631 3536 683 et
3576 633 3745 688 noue
3774 627 3835 686 in

548 716 782 779 Leonis
831 720 1153 798 Epistolas
1186 767 1202 796 ,
1238 738 1401 796 quas
1439 723 1526 780 uti
1566 723 1953 798 prolixiores
2005 724 2143 801 ipse
2201 742 2461 802 quoque
2508 733 2652 803 post
2681 725 3166 785 dissertationes
3212 725 3536 803 vulgavit;
3573 742 3839 806 easque,

546 819 655 877 ubi
698 836 859 892 Opus
892 821 1038 893 erit,
1074 822 1215 881 aliis
1248 825 1482 882 nostris
1514 825 2046 884 annotationibus
2076 823 2371 885 distincte
2411 825 2754 903 propositis
2787 824 3294 886 emendabimus.

625 923 868 985 XXIII.
903 927 1119 987 Tertio
1142 934 1313 988 tomo
1343 931 1690 1006 separatim
1728 928 1973 990 edendo
2009 937 2069 989 et
2100 930 2174 990 ad
2208 930 2443 1008 justam
2475 930 2707 991 molem
2747 930 3211 1009 compingendo
3236 929 3637 991 occasionem
3668 929 3840 992 dedit

543 1027 986 1088 vetustissima
1026 1026 1329 1089 Collectio
1384 1031 1721 1090 Canonum
1765 1036 1825 1090 et
1854 1028 2402 1089 Constitutionum
2444 1031 2815 1107 apostolica:
2866 1030 3033 1090 sedis
3062 1076 3074 1097 ,
3106 1047 3301 1106 quam
3343 1029 3463 1090 sub
3492 1030 3837 1091 arbitrario

538 1136 597 1189 et
627 1128 789 1190 falso
816 1132 999 1192 titulo
1023 1132 1276 1194 Cadio-is
1297 1133 1624 1195 Canonum
1649 1142 1706 1193 et
1733 1133 2285 1195 Constitutionum
2311 1133 2604 1193 Romana?
2622 1132 2921 1193 Ecclesia:
2941 1130 3324 1205 Quesnellus
3358 1131 3421 1190 in
3457 1131 3660 1193 lucem
3689 1141 3838 1211 pro-

540 1234 725 1292 duxit
755 1232 939 1293 initio
971 1236 1121 1293 tomi
1169 1236 1455 1295 secundi.
1496 1235 1648 1297 Haec
1680 1236 1760 1294 ab
1787 1234 2008 1294 eodem
2060 1251 2141 1293 ex
2185 1249 2303 1291 ms.
2334 1230 2690 1292 Oxoniensi
2735 1232 2901 1291 libro
2934 1230 3273 1291 recentiori
3324 1237 3387 1290 et
3415 1229 3601 1290 valde
3649 1249 3836 1291 men-

538 1331 696 1393 doso
733 1337 988 1413 vulgata
1021 1334 1181 1394 fuit:
1224 1336 1537 1396 Thuaneo
1566 1337 1738 1396 enim
1787 1334 2139 1411 antiquiori
2173 1342 2236 1395 et
2271 1336 2527 1412 Optimae
2558 1342 2724 1395 notas
2770 1333 3169 1408 exemplari,
3196 1333 3365 1410 quod
3397 1333 3603 1393 serius
3630 1335 3832 1409 novit,

540 1435 859 1495 modicum
894 1453 1009 1495 nec
1036 1435 1192 1496 satis
1223 1444 1368 1512 apte
1398 1453 1553 1495 usus
1593 1443 1709 1496 est.
1740 1435 1868 1495 Nos
1899 1434 2101 1493 multo
2135 1436 2320 1513 plura
2349 1452 2430 1495 ex
2485 1434 2604 1494 hoc
2635 1436 2849 1495 codice
2880 1433 3138 1494 aliunde
3180 1435 3565 1511 accepimus.
3605 1438 3835 1497 Acces-

537 1542 761 1595 serunt
790 1544 1006 1595 autem
1041 1537 1519 1613 quamplurima
1550 1554 1629 1597 ex
1660 1535 1789 1597 alio
1818 1537 2129 1596 hactenus
2158 1537 2412 1614 ignoto,
2446 1541 2509 1595 at
2538 1542 2907 1613 pervetusto
2947 1533 3345 1594 bibliothecas
3389 1533 3698 1595 Caesareas
3742 1535 3835 1594 li-

538 1634 653 1698 bro
675 1637 956 1715 ejusdem
990 1639 1424 1715 collectionis;
1458 1645 1520 1698 et
1556 1639 1655 1699 his
1688 1637 1988 1698 subsidiis
2022 1638 2339 1715 permulta
2381 1639 2606 1699 menda
2637 1640 2966 1716 corrigere
2995 1680 3009 1706 ,
3045 1644 3103 1697 et
3137 1638 3343 1714 ipsam
3389 1636 3833 1698 collectionem

536 1741 782 1800 meliori
831 1757 905 1801 ac
943 1741 1337 1819 primigenim
1378 1740 1596 1802 formae
1618 1743 1959 1803 restituere
1989 1744 2337 1821 potuimus.
2371 1738 2529 1801 Cum
2564 1758 2716 1801 vero
2744 1786 2762 1817 ,
2794 1744 2865 1799 ut
2901 1739 3053 1800 huic
3083 1739 3443 1800 collectioni
3478 1755 3593 1799 seu
3630 1739 3834 1799 corri-

533 1837 757 1917 gendae
790 1854 905 1897 seu
939 1838 1335 1899 illustrandaa
1362 1856 1441 1897 ex
1469 1840 1615 1899 aliis
1656 1857 1918 1918 quoque
1950 1841 2438 1901 collectionibus
2475 1840 2715 1917 aliquid
2756 1840 3103 1918 adjumenti
3129 1843 3490 1916 quaerentes
3521 1838 3741 1901 Rome
3769 1844 3832 1900 ei

531 1938 683 2001 alibi
720 1939 1213 2016 expenderimus
1262 1947 1580 2018 quotquot
1613 1942 1902 2003 invenire
1962 1942 2142 2003 licuit
2198 1942 2636 2018 manuscripta
2674 1942 2951 2003 aliarum
3011 1951 3303 2002 veterum
3360 1942 3810 2003 collectionum

531 2042 951 2122 exemplaria,
980 2043 1044 2102 in
1082 2044 1317 2120 quibus
1349 2045 1566 2104 omnia
1609 2044 1708 2104 vel
1744 2044 1872 2103 fere
1904 2047 2119 2106 omnia
2150 2044 2425 2106 laudatae
2468 2043 2864 2105 collectionis
2901 2045 3285 2106 documenta
3317 2088 3333 2118 ,
3365 2045 3515 2106 licet
3541 2045 3819 2123 sparsim

530 2145 797 2215 inserta,
833 2147 1115 2224 reperire
1139 2153 1200 2206 et
1230 2163 1693 2225 recOgnoscere
1725 2164 1855 2206 non
1889 2146 2206 2207 inutiliter
2237 2149 2531 2225 conligit.
2561 2146 2753 2208 aliam
2790 2164 2871 2207 ex
2903 2146 3024 2207 hoc
3046 2144 3257 2207 studio
3282 2146 3485 2206 multo
3511 2153 3831 2225 praestan-

531 2248 757 2307 tiorem
787 2248 1127 2309 utilitatem
1159 2246 1562 2323 collegimus.
1616 2246 1794 2307 Nacti
1844 2248 2015 2307 enim
2053 2265 2276 2307 sumus
2306 2248 2371 2305 in
2402 2246 2497 2306 his
2527 2246 2854 2307 codicibus
2888 2262 3015 2305 non
3050 2261 3258 2322 pauca
3303 2245 3637 2306 rarissima
3668 2289 3685 2317 ,
3717 2245 3822 2304 vel

528 2348 720 2407 etiam
752 2348 1018 2409 omnino
1044 2348 1265 2428 ignota
1299 2348 1739 2425 antiquissimi
1768 2348 2260 2426 canonicijuris
2301 2354 2719 2408 monumenta
2743 2391 2761 2423 ,
2806 2363 2953 2423 quas
2986 2354 3123 2424 post
3156 2351 3578 2408 memoratam
3603 2346 3829 2409 Colle-

537 2450 815 2509 ctionem
846 2449 942 2509 vel
972 2448 1411 2509 emendatiora
1445 2448 1733 2527 proferre
1756 2491 1772 2521 ,
1804 2448 1905 2510 vel
1962 2448 2239 2527 primum
2268 2447 2456 2507 edere
2503 2451 2757 2524 gratum
2795 2452 2857 2505 et
2889 2446 3043 2505 utile
3083 2444 3369 2505 futurum
3405 2445 3825 2506 arbitramur.

526 2549 677 2613 Haao
706 2569 848 2630 quae
872 2557 932 2612 et
962 2550 1144 2629 cujus
1181 2570 1336 2612 usus
1371 2558 1565 2630 atque
1602 2552 1989 2629 praestantia:
2018 2550 2172 2624 sint,
2203 2567 2283 2609 ex
2312 2550 2386 2609 iis
2418 2549 2815 2626 intelligetur
2849 2564 2994 2624 quas
3019 2547 3311 2609 dicentur
3348 2546 3411 2607 in
3444 2546 3827 2625 praefatione

526 2658 605 2718 ad
638 2663 881 2717 tomum
921 2658 1202 2717 tertium.
1240 2658 1376 2717 Hoc
1412 2676 1566 2719 vero
1594 2656 1883 2736 diligenti
1908 2656 2393 2736 quamplurium
2426 2655 3013 2731 manuscriptarum
3042 2651 3497 2711 collectionum
3520 2651 3827 2712 examine

526 2760 761 2822 factum
799 2766 919 2832 est,
957 2768 1024 2821 ut
1054 2779 1180 2822 non
1211 2764 1419 2822 solum
1446 2763 1695 2840 aliquot
1733 2761 1983 2840 ignotas
2017 2766 2079 2822 et
2129 2759 2400 2819 ineditas
2448 2757 2871 2820 Collectiones
2922 2756 3262 2819 Canonum
3296 2753 3817 2826 deprehenderi-

525 2876 693 2929 mus,
721 2859 826 2919 sed
868 2860 1083 2937 plures
1113 2862 1306 2920 etiam
1333 2861 1591 2922 notitias
1628 2863 1799 2922 nacti
1829 2862 2031 2921 simus
2054 2862 2225 2922 circa
2254 2861 2668 2921 collectiones
2698 2860 3019 2938 volgatas,
3058 2873 3202 2934 quae
3234 2855 3618 2917 novissimos
3649 2874 3828 2933 quo-

525 2975 653 3034 que
699 2965 759 3018 et
781 2958 1250 3019 eruditissimos
1280 2959 1509 3019 barum
1551 2977 1769 3020 rerum
1826 2961 2171 3038 scriptores
2232 2959 2609 3030 latuerunt,
2656 2958 3024 3035 quibusque
3055 2953 3490 3032 autiquijuris
3520 2956 3824 3015 canonici

528 3058 805 3121 historia
846 3060 1154 3121 illustrari
1196 3062 1474 3120 maxime
1504 3067 1733 3138 potest.
1766 3060 1932 3120 Hinc
1965 3066 2306 3120 tractatum
2337 3061 2409 3120 de
2445 3060 2722 3138 antiquis
2753 3067 2883 3119 tum
2912 3058 3096 3118 editis
3118 3104 3134 3132 ,
3171 3067 3297 3116 (tam
3328 3054 3585 3116 ineditt’s
3625 3055 3824 3116 colle-

527 3159 840 3221 ctionibus
872 3170 923 3220 et
962 3159 1398 3222 collecloribus
1434 3160 1757 3223 Canonum
1779 3159 1861 3221 ad
1888 3159 2269 3221 Gratianum
2297 3177 2490 3239 usque
2540 3158 3018 3233 Quesnelliaute
3046 3154 3407 3217 collectioni
3467 3153 3817 3229 praemitte-

528 3280 669 3323 mus
698 3309 715 3340 ,
749 3282 879 3341 quo
918 3264 1050 3325 haec
1101 3264 1317 3325 omnia
1366 3263 1503 3324 fuse
1552 3263 2077 3341 eXpl‘icabuntur.
2116 3262 2400 3323 Tandem
2462 3271 2601 3339 post
2653 3263 2861 3340 prisca
2892 3260 3279 3320 documenta
3310 3256 3584 3318 edentur
3618 3256 3821 3333 quin-

526 3384 651 3444 que
689 3368 1171 3428 dissertationes
1208 3366 1562 3442 Quesnelli,
1599 3382 1789 3444 quas,
1822 3383 1967 3426 cum
1996 3363 2077 3426 ad
2112 3364 2569 3426 Collectionem
2605 3361 2946 3424 Canonum
2983 3362 3065 3421 ab
3100 3377 3177 3421 eo
3226 3358 3553 3435 vulgatam
3610 3356 3815 3434 perti-

526 3474 744 3542 neant,
777 3468 900 3529 huc
926 3469 1397 3529 reservavimus
1431 3485 1547 3529 nec
1579 3485 1705 3527 non
1742 3466 2231 3527 observationes
2267 3469 2503 3525 nostra
2527 3508 2542 3535 ,
2576 3480 2720 3541 qua:
2746 3461 2985 3525 eisdem
3017 3458 3427 3522 confutandis
3455 3501 3473 3532 ,
3508 3457 3618 3518 ubi
3656 3474 3814 3536 per-

531 3585 748 3644 peram
780 3570 1019 3642 sensit,
1050 3586 1130 3628 ex
1160 3574 1458 3645 suscepto
1482 3567 1754 3628 consilio
1784 3566 2166 3627 necessaria:
2197 3565 2587 3626 videbuntur

608 3668 848 3731 XXIV.
882 3670 1255 3729 Distinctam
1284 3669 1689 3748 singularum
1739 3667 2099 3728 editionum
2134 3668 2427 3726 notitiam
2455 3711 2471 3741 ,
2505 3681 2649 3743 quas
2698 3664 2763 3724 in
2795 3662 3078 3744 generali
3142 3660 3517 3740 prtel'atione
3556 3676 3817 3737 equum

525 3776 741 3835 locum
774 3773 1131 3848 habuisset,
1178 3773 1516 3833 omisimus
1552 3791 1566 3830 :
1609 3771 1744 3833 llth
1784 3773 1955 3831 enim
2003 3771 2347 3831 exhibetur
2384 3772 2445 3829 in
2485 3768 2856 3846 praefatione
2888 3765 3241 3839 Quesnelli,
3281 3782 3477 3843 quam
3505 3808 3521 3837 ,
3552 3782 3631 3824 ne
3658 3762 3816 3840 quid

524 3874 1000 3951 Quesnelliaute
1027 3873 1322 3933 editionis
1354 3891 1436 3933 ex
1474 3873 1746 3933 instituti
1780 3874 1980 3934 nostri
2015 3873 2268 3934 ratione
2295 3870 2719 3940 desideretur,
2760 3870 2984 3931 additis
3016 3869 3238 3946 paucis
3277 3866 3816 3928 annotationibus

527 3994 677 4037 mox
712 3977 1111 4055 subjicimus.
1145 3976 1306 4035 Illud
1340 3977 1461 4036 sub
1490 3974 1682 4037 ﬁnem
1716 3993 2076 4045 monemus,
2110 3976 2277 4052 quod
2313 3992 2455 4033 cum
2488 3974 2706 4034 Romae
2728 3981 2787 4032 et
2818 3972 2971 4033 alibi
2996 3971 3441 4033 studiosorum
3476 3967 3816 4031 hominum

525 4080 821 4156 querelas
854 4078 1249 4139 audierimus
1280 4076 1357 4139 de
1390 4078 1718 4138 hodieruis
1754 4079 2142 4138 editionibus
2172 4120 2188 4147 ,
2217 4094 2365 4154 quat
2394 4078 2546 4137 folio
2577 4094 2810 4155 magno
2839 4076 2915 4135 ad
2956 4073 3499 4152 magnificentiam
3533 4072 3813 4150 impres-

524 4198 610 4243 βω
645 4181 958 4243 tractandi
996 4198 1072 4242 ac
1102 4180 1351 4256 legendi
1382 4180 1550 4249 usui,
1586 4182 1940 4259 prasertim
1981 4190 2298 4240 nocturno
2334 4186 2640 4258 tempore,
2673 4176 2961 4238 difﬁciles
2990 4185 3140 4237 sunt
3170 4221 3184 4249 ,
3232 4176 3362 4235 folii
3396 4176 3599 4254 parvi,
3636 4174 3811 4251 quod

523 4282 850 4343 commode
887 4281 1095 4342 evolvi
1127 4297 1203 4341 ac
1231 4280 1352 4358 legi
1386 4282 1614 4356 possit,
1648 4279 1918 4341 formam
1951 4279 2311 4357 eligendam
2346 4278 2738 4358 putavimus.

782 4432 3801 4463 mw

518 4442 763 4461 ﬂ

1584 4570 1727 4679 P.
1864 4570 2731 4701 QUESNELLI

1134 4788 2083 4914 PR/EFATIO
2191 4786 2533 4911 GEN
2560 4782 3187 4908 EBALIS

1060 4997 1107 5059 N
1152 4997 1394 5059 SUAM
1440 4996 1979 5056 EDITIONEM
2024 4992 2396 5055 OPERUM
2441 4992 2513 5053 S.
2565 4991 2894 5053 LEOle
2940 4991 3259 5052 MAGNI.

585 5233 621 5285 Ι.
667 5231 881 5287 Sanctae
954 5230 1213 5286 Ecclesia:
1261 5231 1540 5286 catholica:
1606 5230 2008 5288 fundamentum
2063 5250 2090 5287 a
2123 5243 2167 5298 Α
2199 5234 2364 5286 senda
2392 5243 2495 5296 est,
2528 5248 2646 5302 qttte
2681 5232 2729 5285 in
2761 5248 2825 5287 eo
2857 5234 3093 5302 ponitur,
3129 5246 3183 5288 ut
3215 5238 3466 5305 geminus
3492 5240 3580 5295 ille
3601 5243 3795 5295 catlm.

507 5326 722 5378 (Lini-isto
751 5325 979 5393 positum
1010 5341 1173 5379 unum
1214 5333 1317 5387 est,
1363 5325 1493 5379 ﬁdes
1523 5326 1719 5384 divina.
1754 5326 1903 5383 Fidei
1940 5342 2100 5394 porro
2210 5326 2322 5381 lica:
2350 5326 2471 5380 lidei
2503 5325 2688 5381 alveus
2710 5327 2778 5380 ab
2801 5327 3092 5382 adventitia
3118 5330 3352 5385 colluvie
3373 5335 3557 5399 purior
3578 5348 3795 5399 semper

515 5418 631 5471 laus
667 5416 873 5477 unicus,
906 5416 1123 5470 verbum
1160 5416 1275 5484 Dei,
1309 5431 1405 5471 seu
1436 5417 1565 5471 illud
1592 5418 1727 5485 quod
1762 5419 1930 5473 sacris
1956 5420 2095 5474 Iitte-
2204 5420 2423 5474 evadat:
2457 5436 2544 5487 ne,
2571 5421 2708 5475 vivis
2742 5421 2847 5476 illis
2869 5438 2933 5477 ac
2964 5424 3279 5480 calestibus
3310 5429 3555 5483 veritatis
3600 5432 3793 5485 divina:

510 5510 584 5562 ris
607 5526 918 5579 expressum
947 5511 1166 5581 legitur,
1200 5525 1294 5563 seu
1333 5512 1470 5579 quod
1512 5514 1771 5581 aposmlis
1800 5512 1917 5568 viva
1968 5528 2097 5568 voce
2202 5514 2354 5582 aquis
2390 5514 2794 5582 peregrinarum
2828 5516 3192 5572 doctrinarum
3225 5520 3338 5573 luto
3378 5523 3628 5588 turbatis,
3672 5525 3791 5578 iulio

507 5602 776 5658 creditum
809 5618 903 5673 per
931 5610 1242 5657 sanctorum
1271 5603 1485 5659 Patrum
1532 5605 1873 5661 traditionem
1906 5608 1971 5660 ad
1999 5620 2097 5662 nos
2200 5611 2408 5665 ciantur
2434 5610 2612 5677 potius
2639 5626 2794 5680 quam
2821 5612 3136 5667 reﬁciantur
3159 5615 3394 5669 lidelium
3428 5628 3657 5672 mentes.

507 5696 1067 5766 usquetrausmi~sum
1084 5697 1408 5763 accepimus.
1431 5696 1794 5765 Quamobrem
1823 5700 2095 5759 hiclabor.
2271 5701 2633 5757 Secerneudis
2663 5705 3014 5775 eluendis-que
3047 5709 3258 5762 mendis
3280 5709 3471 5776 quibus
3498 5724 3667 5763 sacrm
3698 5726 3791 5778 pa-

506 5784 623 5847 llae
647 5802 816 5853 ouera
843 5788 1065 5849 homine
1084 5790 1459 5850 ecclesiastico
1484 5790 1646 5862 digna
1672 5793 1727 5849 iu
1745 5793 1941 5861 primis
1966 5808 2098 5851 cen-
2194 5794 2337 5861 sinas
2359 5808 2457 5852 seu
2481 5804 2786 5867 temporum
2808 5799 3131 5862 ignorantia.
3151 5816 3250 5860 seu
3272 5800 3481 5859 malitia
3500 5800 3789 5863 haut-etiam
