4014 6350
203 370 274 430 δι
1031 365 1092 419 Ρ.
1132 361 1521 430 QUESNELLl
1563 359 1932 416 PRIEFATIO
1971 357 2037 414 IN
2078 358 2266 416 SUAM
2306 359 2700 418 EDITIONEM.
3444 371 3515 421 δι

203 497 322 539 rum
355 481 628 550 inspersa
659 478 895 544 fuerant,
920 486 1029 530 tam
1060 477 1305 546 diligenti
1345 493 1496 542 cura,
1533 488 1640 529 tam
1667 474 1806 528 felici
1835 488 1889 547 Α
1917 474 2190 544 evolgavit
2217 475 2440 530 Parisiis
2469 492 2560 530 an.
2589 474 2727 532 1524
2757 474 3111 532 lsidorianam
3141 475 3510 536 Conciliorum

203 588 467 634 mceessu
511 573 817 627 laboratum
849 577 934 625 est
961 569 1030 625 ab
1059 569 1286 624 eruditis
1332 566 1587 623 Ecclesim
1623 566 1813 621 catho-

205 671 326 724 lica
361 667 628 733 alumnis,
679 672 740 719 ut
780 665 850 720 ab
906 663 1014 717 isto
1057 667 1168 732 jam
1228 661 1610 730 litnpidissimo
1665 659 1814 714 fonte

205 761 497 817 scientiam
539 758 735 812 salutis
771 755 992 810 haurire
1035 755 1230 817 cuique
1279 754 1396 808 sine
1452 752 1563 806 ulla
1610 751 1815 806 erroris

207 852 501 908 lormidine
541 850 722 904 liceat.
765 849 834 903 At
871 845 973 902 SS.
1014 844 1232 900 Patrum
1280 843 1498 914 scripta,
1556 858 1650 911 per
1696 856 1816 912 qua:

205 947 355 1001 velut
387 959 486 1013 per
517 944 752 999 alterum
779 941 991 996 alveum
1014 940 1213 994 veritas
1239 953 1268 991 a
1299 937 1518 992 Christo
1541 936 1717 1005 capite
1748 935 1816 990 ad

207 1054 304 1095 nos
345 1052 532 1108 usque
573 1037 920 1090 volventibus
957 1031 1169 1086 steculis
1198 1030 1522 1094 traducitur,
1576 1027 1816 1082 nondum

208 1132 271 1186 ab
309 1139 630 1184 enatorum
660 1135 717 1182 et
747 1125 1224 1196 interpolationum
1262 1121 1397 1178 faece
1427 1121 1560 1176 satis
1593 1126 1818 1190 purgata

206 1235 357 1290 sunt,
405 1223 656 1278 nondum
696 1237 811 1277 sure
853 1219 1073 1291 puritati
1120 1219 1277 1287 plene
1326 1217 1568 1271 reddita:
1605 1216 1818 1272 tametsi

207 1322 310 1391 jam
357 1335 387 1370 a
430 1327 659 1372 centum
696 1314 1087 1386 quinquaginta
1133 1322 1188 1367 et
1236 1311 1468 1380 amplius
1513 1312 1670 1364 annis
1718 1311 1820 1366 boc

210 1412 390 1467 moliri
451 1412 731 1481 coeperint
776 1407 915 1463 haud
948 1407 1311 1462 mediocribus
1356 1405 1554 1476 vigiliis
1589 1406 1686 1459 viri
1721 1407 1822 1460 im-

209 1519 376 1575 pense
397 1502 579 1566 doeti,
616 1512 672 1554 ut
706 1502 862 1555 nobis
891 1498 1066 1554 sancti
1104 1499 1288 1552 Patres
1334 1497 1430 1552 toti
1465 1498 1618 1568 quasi
1659 1512 1819 1552 rena-

212 1607 530 1651 scerentur.
563 1595 736 1651 IEtati
767 1605 966 1649 nostra:
996 1605 1209 1648 servata
1235 1594 1412 1661 palma
1443 1593 1558 1647 haec
1585 1593 1818 1658 videtur;

213 1696 260 1746 in
280 1705 386 1760 qua
412 1694 821 1759 praecipitorum
860 1705 926 1743 ex
955 1688 1065 1742 illis
1096 1689 1268 1752 Opera
1317 1698 1570 1744 accurata
1623 1703 1817 1743 recen-

211 1783 383 1848 sione,
430 1783 836 1851 luculentisque
866 1780 1200 1835 eruditorum
1245 1780 1484 1834 virorum
1533 1794 1812 1835 commen-

1919 576 1975 623 et
2018 568 2380 638 Epistolarum
2415 570 2812 639 pontiﬁciarum
2855 570 3272 640 Collectionem,
3312 573 3364 628 in
3407 590 3512 646 qua

1928 659 2186 729 Epistolas
2221 659 2419 715 Leonis
2448 662 2734 733 nonaginta
2764 671 2992 733 quatuor
3023 663 3308 732 habentur,
3333 667 3514 723 multis

1917 751 2135 822 quidem
2191 751 2325 807 locis
2375 754 2670 823 mendosae,
2720 755 2813 809 sed
2861 755 3093 810 vicissim
3143 756 3198 811 in
3247 759 3514 830 aliquibus

1920 846 2090 900 multo
2123 847 2514 902 recentioribus
2543 849 2960 904 einendutiores.
2992 851 3148 906 Prelo
3174 851 3288 908 haec
3319 854 3514 910 iterum

1919 940 2159 1010 subjecta
2187 942 2430 996 Colonia:
2458 957 2548 997 an.
2579 943 2736 1007 1530,
2768 953 2822 998 et
2854 945 3072 998 Parisiis
3095 945 3254 1001 1555.

1992 1032 2205 1090 Ρετιωε
2233 1033 2469 1098 Cassam,
2523 1036 2792 1104 Minorita,
2832 1037 3233 1095 Mecbliniensis
3283 1039 3514 1109 amplio-

1922 1141 2034 1180 rem
2066 1127 2431 1182 Conciliorum
2463 1128 2754 1184 editionem
2780 1132 3052 1184 accuravit
3082 1148 3171 1184 an.
3213 1133 3372 1198 1538,
3415 1149 3512 1188 ex-

1921 1219 2177 1290 cuditque
2222 1220 2579 1286 Coloniae;in
2611 1237 2738 1292 qua,
2781 1233 2837 1275 ut
2868 1230 3054 1276 monet
3096 1223 3204 1291 ille,
3255 1222 3517 1292 Epistola-
3599 1241 3605 1249 '

1920 1327 2034 1365 rum
2065 1313 2249 1366 Leonis
2288 1329 2438 1383 papa:
2472 1312 2503 1367 Ι
2534 1317 2696 1384 magis
2727 1315 2938 1382 prapria
2975 1325 3025 1369 et
3067 1327 3190 1384 apta
3217 1317 3517 1383 ordinatio;

1922 1419 2037 1472 qua:
2066 1405 2220 1472 enim,
2244 1405 2392 1459 addit
2418 1406 2577 1473 idem,
2613 1407 2757 1476 prius
2789 1408 3000 1481 confuse
3040 1410 3342 1480 conscriptae
3374 1421 3512 1471 sunt.

1926 1512 2060 1550 nunc
2081 1499 2361 1551 secundum
2394 1501 2661 1553 consulum
2686 1500 2862 1573 (modo
2894 1502 3014 1554 sciri
3037 1504 3256 1571 possint)
3287 1521 3346 1558 ec
3372 1522 3511 1557 meu-

1924 1589 2058 1643 sium
2082 1590 2311 1644 debitum
2340 1593 2569 1645 ordinem
2591 1604 2706 1647 sunt
2730 1596 3020 1650 constituta.-
3038 1612 3057 1662 ;
3075 1599 3257 1665 quibus
3275 1597 3518 1667 deﬁcien-

1926 1681 2058 1735 tibus
2108 1686 2232 1735 ordo
2282 1683 2598 1754 reliquarum
2648 1683 3024 1754 Epistolarum,
3051 1690 3143 1758 qui
3183 1691 3355 1757 aptior
3383 1693 3520 1746 visus

1927 1783 2022 1837 est,
2048 1784 2298 1829 servatur.
2330 1773 2510 1829 Prima
2553 1776 2715 1845 igitur
2765 1778 2880 1831 laus
2925 1780 3114 1834 tentati
3156 1779 3518 1850 Epistolarum

213 1879 365 1933 tariis
388 1877 669 1930 illustrata
704 1877 785 1930 vel
831 1875 1152 1945 prodierunt
1201 1889 1309 1928 non
1343 1875 1414 1927 ita
1458 1873 1687 1944 pridem,
1737 1872 1819 1928 vel
1855 1877 1899 1936 Β
1927 1866 2150 1922 istarum
2179 1869 2386 1925 ordinis
2419 1870 2665 1927 Crabbeo
2691 1872 2938 1943 debetur,
2970 1875 3124 1943 cujus
3151 1875 3317 1931 editio
3343 1876 3519 1931 denuo

216 1971 370 2026 brevi
400 1980 537 2024 sunt
567 1969 874 2040 proditura.
909 1968 1035 2022 Mihi
1062 1982 1158 2038 pro
1190 1982 1434 2022 mearum
1461 1967 1720 2021 tenuitate
1744 1968 1821 2020 vi-

218 2081 352 2119 num
390 2066 516 2119 hrec
542 2075 652 2118 tam
681 2061 1000 2131 multiplicis
1033 2062 1232 2116 laboris
1274 2062 1531 2130 particula
1575 2062 1818 2130 Contigit,

215 2156 355 2211 utS.
387 2155 599 2211 Leonis
653 2170 806 2226 papa:
851 2156 1024 2224 Opera
1065 2154 1414 2224 expurganda
1468 2155 1821 2223 pristinoque,

217 2251 258 2304 si
305 2258 562 2319 possent,
613 2249 777 2303 nitori
818 2248 1145 2303 restituenda
1196 2249 1563 2318 susciperem:
1601 2247 1820 2312 Leonis,

220 2345 468 2410 inquam,
495 2343 829 2410 scriptorum
853 2341 996 2395 mole
1018 2341 1249 2407 minimi,
1281 2341 1600 2410 cognomine
1627 2339 1823 2409 Magni,

221 2437 343 2488 vita:
374 2434 768 2501 sanctimonia,
808 2434 1260 2503 gestisquejuxta
1309 2443 1362 2487 et
1408 2433 1625 2501 scriptis
1661 2434 1825 2487 rebus

222 2527 486 2592 maximi;
515 2527 676 2595 cujus
709 2527 911 2594 scripta
946 2533 1097 2580 tanto
1139 2534 1264 2580 sunt
1306 2524 1527 2595 majoris
1579 2528 1632 2579 in
1672 2540 1827 2579 sacra

222 2617 521 2673 traditione
544 2617 831 2686 momenti,
855 2626 1062 2688 quanto
1101 2626 1154 2672 et
1182 2617 1420 2685 majores
1455 2618 1686 2686 apostoli
1710 2617 1828 2687 qui-

227 2711 319 2766 bus
341 2713 642 2773 successit.
672 2722 725 2766 et
755 2711 995 2764 Romana
1025 2725 1184 2778 quam
1219 2712 1360 2765 rexit
1406 2710 1674 2776 Ecclesia,
1722 2727 1823 2765 eae-

226 2807 347 2859 teris
369 2803 820 2858 Occidentalibus
855 2803 1150 2873 antiquior,
1196 2803 1450 2858 omnibus
1501 2803 1829 2858 etninentior

228 2905 444 2963 prepter
469 2894 862 2964 potentiorem.
897 2903 954 2946 ut
992 2893 1225 2963 loquitur
1254 2893 1511 2958 lt'enwus,
1560 2894 1828 2963 principa-

226 2985 430 3040 litatem
459 3001 687 3054 semper
723 2996 805 3040 est
835 2985 1037 3040 habita.

288 3079 348 3134 ln
375 3094 447 3134 eo
473 3089 684 3146 autem,
722 3094 882 3148 quem
924 3079 1082 3133 nobis
1123 3077 1471 3148 sumpsimus,
1516 3079 1702 3134 labore
1752 3089 1831 3134 tot

225 3183 607 3228 antecessores
641 3173 950 3240 habuimus,
983 3181 1038 3226 ut
1076 3173 1164 3226 vix
1215 3173 1354 3226 inter
1393 3185 1610 3227 sanctos
1641 3172 1830 3228 Patres

1930 1978 2131 2016 excusa
2162 1973 2245 2018 est
2267 1981 2356 2018 an.
2389 1965 2550 2021 1551.

2000 2054 2210 2110 Psraus
2239 2056 2487 2112 Camsws
2512 2057 2980 2130 Noviomagensis.
3015 2060 3243 2115 clericus
3272 2070 3398 2117 tunc
3419 2064 3521 2119 Co-

1931 2143 2194 2200 loniensis
2225 2147 2500 2215 dimcesis,
2530 2151 2619 2217 qui
2657 2161 2840 2219 postea
2881 2151 3124 2206 societati
3156 2153 3284 2209 Jesu
3326 2171 3522 2212 nomen

1929 2238 2098 2305 dedit,
2125 2255 2188 2294 ac
2211 2241 2408 2309 pietate
2431 2242 2782 2312 doctrinaque
2803 2244 3026 2314 insignis
3057 2245 3176 2310 fuit,
3213 2247 3519 2304 uberiorem

1929 2329 2163 2398 Opernm
2204 2334 2260 2386 S.
2295 2332 2494 2388 Leonis
2522 2335 2902 2389 collectionem
2952 2337 3238 2406 publicavit
3278 2337 3521 2396 Colonia:

1930 2444 2056 2482 ann.
2091 2429 2231 2484 1546
2257 2440 2311 2485 et
2335 2433 2476 2488 1547
2503 2450 2516 2486 :
2550 2433 2895 2497 Adminiculo,
2923 2443 2980 2490 ut
3005 2436 3212 2498 scribit,
3240 2436 3522 2490 admodum

1929 2530 2246 2575 vetustorum
2276 2533 2322 2577 et
2353 2525 2885 2581 emendatissimorum
2912 2529 3347 2597 exemptariorum
3368 2528 3525 2602 adju-

1931 2620 2035 2675 tus,
2065 2631 2376 2684 quamquam
2405 2619 2547 2670 haud
2574 2618 2684 2671 sine
2713 2619 2856 2687 gravi
2887 2619 3076 2674 labore.
3108 2619 3397 2676 Laudando
3427 2621 3524 2675 viri

1933 2704 2107 2761 adhuc
2133 2719 2241 2761 tum
2269 2708 2503 2775 junioris
2531 2710 2835 2780 diligentia;
2867 2727 2971 2767 non
2997 2714 3299 2768 laudandus
3332 2714 3525 2782 ubique

1933 2811 2244 2852 successus:
2267 2800 2390 2853 dum
2408 2802 2549 2855 enim
2565 2804 2858 2857 auctiorem
2875 2804 2986 2857 vult
3002 2820 3249 2872 promere
3264 2805 3520 2869 Leonem.

1934 2890 2174 2958 ejusdem
2209 2895 2426 2960 scriptis
2466 2896 2691 2950 inseruit
2724 2897 2960 2952 libellum
2998 2898 3144 2952 illum
3177 2898 3256 2954 De
3279 2900 3526 2970 conﬂictu

1939 2984 2169 3036 vitiorum
2206 2995 2254 3038 et
2298 2987 2564 3052 virtutum,
2596 3004 2753 3056 quem
2791 2989 2874 3044 vel
2897 2991 3010 3044 sola
3057 2991 3260 3046 mentio
3308 2990 3526 3059 Regulae

1935 3076 1993 3130 S.
2031 3077 2305 3133 Benedicti
2341 3094 2447 3133 non
2485 3095 2608 3135 esse
2651 3080 2850 3136 Leonis
2881 3083 3048 3136 nostri
3082 3083 3408 3151 persuadere
3436 3085 3526 3138 de-

1934 3167 2141 3224 buerat.
2198 3169 2356 3226 Plura
2401 3172 2562 3228 etiam
2609 3174 2803 3229 menda
2853 3175 3277 3246 magniﬁcasque
3324 3177 3528 3246 aliquot

224 3283 357 3321 unus
377 3267 454 3321 sit
486 3267 648 3335 cujus
677 3266 896 3334 scriptis
923 3265 1184 3320 medicam
1218 3281 1440 3320 manum
1466 3267 1646 3337 plures
1669 3268 1826 3320 adhi-
1856 3267 1902 3330 C
1933 3263 2286 3330 epistolarutn
2323 3263 2703 3335 inscriptiones
2732 3269 2992 3335 continet,
3022 3284 3142 3336 qua:
3170 3284 3268 3325 nec
3296 3270 3349 3324 in
3376 3281 3524 3326 ante-

223 3359 460 3426 buerint,
489 3375 589 3412 nec
614 3359 752 3412 alius
776 3370 953 3412 tamen
982 3360 1068 3429 qui
1093 3373 1156 3413 ea
1185 3373 1311 3412 cura
1342 3360 1510 3427 magis
1541 3360 1830 3430 indigeret.

224 3452 529 3520 Antequam
561 3451 726 3519 igitur
753 3454 918 3504 nostri
973 3451 1024 3502 in
1068 3449 1169 3504 hac
1217 3451 1456 3505 editione
1501 3451 1732 3506 instituti
1772 3466 1835 3507 ac

227 3543 426 3595 laboris
450 3540 724 3595 rationem
758 3539 1071 3606 reddamus,
1105 3556 1287 3610 operte
1314 3543 1540 3609 pretium
1571 3555 1651 3596 est
1682 3543 1830 3597 brevi

226 3637 310 3689 hic
339 3635 579 3688 elencho
602 3644 1000 3702 repraesentare
1033 3633 1163 3704 quid
1198 3635 1265 3688 ab
1291 3635 1410 3688 aliis
1445 3636 1745 3704 praestitum
1778 3637 1831 3690 in

224 3731 334 3781 suis
373 3728 742 3793 editionibus,
785 3737 894 3780 tum
926 3741 995 3782 ne
1033 3741 1128 3780 sua
1175 3727 1426 3796 cuiquam
1483 3729 1658 3782 debita
1716 3729 1834 3784 laus

227 3831 436 3884 pereat,
469 3829 585 3873 tum
615 3828 672 3873 ut
704 3819 830 3889 quid
871 3819 1048 3888 opella
1091 3830 1279 3872 DOSII‘a
1344 3818 1468 3873 huic
1520 3820 1826 3886 accesserit,

226 3912 442 3966 (acilius
468 3910 702 3980 quisque
733 3912 902 3980 possit
925 3910 1250 3978 intelligere.

296 4003 364 4056 li.
407 4001 692 4057 Jonasses
721 4002 970 4056 Annuus
994 4000 1289 4054 Aleriensis
1313 4001 1365 4053 in
1390 4001 1613 4055 Corsica
1656 4000 1828 4055 insula

226 4096 524 4162 episcopus
571 4093 795 4160 primam
840 4091 1076 4160 Operum
1110 4092 1166 4148 S.
1213 4091 1409 4146 Leonis
1461 4091 1481 4146 Ι
1532 4091 1830 4148 editionem

226 4187 549 4254 procuravit
597 4186 676 4254 (τι)
710 4183 947 4237 Venetiis
997 4199 1122 4237 ann.
1180 4183 1357 4250 1485;
1412 4185 1552 4256 typis
1599 4184 1830 4240 Andreas

227 4279 552 4334 Parmensis
583 4278 712 4333 socii
740 4280 870 4332 artis
901 4277 1284 4346 impressorize.
1316 4279 1440 4332 Hmc
1472 4280 1638 4346 prima
1667 4279 1831 4335 editio

224 4386 431 4440 paucas
482 4370 778 4425 admodum
836 4370 1103 4438 Epistolas
1179 4373 1420 4426 continet
1477 4373 1829 4428 Sermonibus

227 4465 499 4528 adiectas.

297 4556 516 4609 Eadem
547 4554 716 4609 editio
743 4554 938 4610 ibidem
971 4558 1198 4627 repetita
1227 4567 1311 4612 est
1336 4573 1425 4611 an.
1465 4557 1624 4625 1505,
1657 4574 1711 4612 ιη
1745 4567 1827 4629 ty-

229 4652 570 4722 pograpbeio
595 4653 966 4707 Bartholomrei
991 4653 1059 4708 de
1087 4653 1250 4707 Zanis
1277 4655 1344 4708 de
1370 4655 1632 4717 Portesio,
1671 4655 1830 4707 libra-

230 4744 326 4800 ria
357 4747 506 4799 artis
537 4746 883 4812 peritissimo,
917 4750 1172 4815 expensis
1200 4747 1474 4802 bmredum
1509 4747 1705 4802 nobilis
1725 4749 1826 4802 viri

231 4837 295 4903 Q.
326 4836 545 4890 Domini
569 4837 844 4892 Octaviani
867 4838 1034 4893 Scoti.

306 4929 525 4983 Prodiit
553 4929 767 4983 Parisiis
807 4946 949 4984 anno
983 4929 1117 4986 1511
1169 4931 1271 4984 alia
1307 4931 1498 4996 editio,
1529 4933 1580 4985 in
1621 4947 1722 5001 qua
1751 4933 1831 4986 in-

233 5028 420 5073 sertos
452 5019 686 5075 habetur
715 5032 970 5077 tractatus
1000 5024 1062 5076 de
1090 5021 1352 5093 Conﬂictu
1374 5024 1624 5077 virtutum
1675 5035 1718 5077 et
1757 5024 1832 5079 vi-

234 5113 450 5168 tiaram.

305 5205 548 5261 Jaconus
595 5206 884 5272 MEBLINUS,
929 5207 1211 5279 theologia;
1249 5208 1442 5264 doctor
1484 5208 1826 5281 Parisienms,

309 5365 384 5434 (ο)
414 5366 724 5441 Dicendum
746 5376 827 5420 est
857 5366 1030 5441 Ranae
1049 5379 1167 5424 ante
1193 5386 1384 5423 annum
1412 5372 1568 5434 H72,
1603 5383 1662 5428 ut
1684 5384 1824 5441 pate-

236 5439 316 5491 bit
336 5454 400 5492 ex
432 5438 683 5491 dicendis
714 5438 764 5490 in
799 5439 1102 5505 praelatioue
1135 5441 1199 5494 ad
1225 5445 1517 5496 Sermones
1542 5445 1599 5499 S.
1636 5438 1830 5500 Leonis

237 5525 389 5562 num.
415 5507 506 5562 22.
545 5509 802 5562 Addenda
825 5522 905 5563 est
934 5512 1091 5564 etiam
1119 5514 1287 5567 altera
1309 5515 1550 5580 ejusdem
1578 5518 1828 5571 editionis

237 5583 491 5652 repeliliti
527 5580 764 5634 Venetiis
793 5598 882 5634 an.
913 5580 1068 5645 1459.,
1095 5599 1214 5652 quae
1248 5587 1524 5652 praeees~it
1571 5589 1825 5643 Venetam

237 5655 360 5705 anni
387 5650 559 5726 _1485.
588 5653 700 5726 lloc
733 5657 850 5706 loco
873 5650 1212 5726 memoranda
1249 5650 1544 5724 puriterest
1569 5661 1828 5726 interpre-

243 5724 566 5779 tuttoltalica
585 5725 906 5780 Sermonum
935 5725 992 5778 ὃ.
1025 5725 1498 5782 Leonisexeadem
1531 5724 1826 5786 Alericnsis

239 5797 479 5868 editione
507 5795 730 5860 Latina;
767 5798 836 5849 ita
871 5806 927 5868 ut
955 5808 1008 5850 et
1037 5797 1273 5868 quinque
1301 5800 1546 5866 epistola:
1583 5804 1825 5868 ejusdem

239 5865 536 5936 pontiﬁcis,
573 5875 631 5925 et
680 5869 795 5936 ipsa
826 5865 1118 5925 Aleriensis
1168 5865 1553 5940 nuncupatoria
1603 5865 1825 5942 epistola

1939 3355 2174 3410 rioribus
2219 3355 2504 3412 Canisiana
2563 3359 2929 3425 editionibus,
2975 3376 3076 3416 nec
3142 3361 3198 3415 in
3247 3361 3526 3416 codicibus

1939 3461 2070 3500 mss.
2102 3446 2371 3517 leguntur,
2405 3459 2463 3503 ut
2489 3450 2602 3505 suis
2630 3450 2764 3505 locis
2792 3452 3188 3508 annotabimus.

2011 3539 2356 3594 Lwasnvms
2415 3541 2608 3598 Sumus
2671 3541 3061 3599 Carthusianus
3109 3555 3214 3601 tota
3285 3545 3526 3602 Ecclesia

1937 3631 2170 3686 celebris
2198 3648 2418 3702 operam
2449 3649 2601 3688 suam
2635 3636 2684 3688 in
2717 3634 2918 3690 Leonis
2935 3637 3172 3692 editione
3199 3640 3414 3692 navavit
3434 3655 3524 3694 an.

1941 3723 2099 3786 1561,
2131 3725 2183 3779 in
2213 3742 2314 3794 qua
2345 3727 2573 3782 multum
2601 3744 2659 3782 se
2691 3733 2948 3798 temporis
2975 3746 3040 3787 ac
3077 3747 3254 3802 opera:
3286 3732 3529 3802 posuisse

1938 3820 2224 3888 proﬁtetur
2250 3820 2302 3874 in
2353 3821 2685 3891 corrigendis
2714 3824 2858 3878 illius
2887 3826 3142 3894 operibus
3169 3869 3183 3892 ,
3229 3826 3353 3882 licet
3403 3835 3528 3882 ante

1937 3925 2107 3964 annos
2133 3911 2364 3980 aliquot,
2380 3913 2568 3978 inquit,
2589 3914 2868 3971 doctorum
2891 3919 3125 3972 virorum
3147 3919 3322 3971 studio
3346 3934 3528 3972 cmen-

1935 4005 2058 4058 data
2093 4006 2437 4072 prodiissent.
2483 4006 2701 4060 Fatetur
2741 4017 2920 4063 tamen
2961 4025 3067 4063 non
3100 4026 3159 4064 se
3193 4019 3358 4065 totum
3387 4011 3527 4065 Leo-

1937 4112 2059 4150 nem
2099 4111 2212 4151 suze
2243 4097 2439 4164 ubique
2492 4098 2781 4169 integritati
2815 4099 2886 4154 ita
2914 4102 3215 4155 restituisse
3240 4142 3256 4166 ,
3305 4113 3361 4156 ut
3392 4101 3527 4157 nihil

1931 4189 2038 4258 jam
2067 4188 2331 4258 reliquum
2359 4199 2500 4244 esset
2519 4192 2867 4258 eaStigatione
2893 4191 3110 4262 dignum
3141 4192 3286 4246 :Nee
3309 4195 3527 4261 mirum,

1937 4281 2130 4350 inquit,
2154 4297 2270 4334 cum
2294 4282 2402 4351 ipse
2424 4280 2525 4334 Leo
2555 4282 2780 4351 fateatur
2806 4283 2958 4337 etiam
2998 4294 3104 4336 tum
3141 4301 3252 4336 cum
3276 4285 3446 4338 adhuc
3471 4286 3528 4340 in

1934 4372 2172 4425 humanis
2204 4385 2394 4442 ageret,
2419 4374 2646 4426 t-itiatam
2675 4376 2836 4442 fuisse
2871 4376 3146 4446 epistolam
3171 4375 3317 4429 illam
3355 4395 3524 4444 suam,

1932 4481 2048 4533 qua:
2074 4476 2146 4520 est
2168 4468 2236 4519 ad
2268 4465 2593 4520 Flavianum.

2007 4559 2150 4613 Idem
2202 4558 2398 4613 Leonis
2441 4558 2708 4629 Epistolas
2759 4559 2988 4616 inseruit
3031 4577 3144 4618 stne
3171 4565 3527 4622 conciliorum

1856 4661 1908 4722 ι)
1935 4651 2272 4716 Collectioni,
2303 4667 2424 4722 qua:
2453 4667 2594 4706 anno
2626 4653 2761 4709 1567
2793 4654 3030 4710 Colonia:
3071 4658 3262 4724 proditt
3295 4669 3347 4713 et
3381 4660 3524 4727 ptio-

1937 4761 2049 4800 rem
2100 4745 2390 4800 editionem
2441 4746 2679 4800 omnium
2725 4745 2868 4802 illius
2911 4747 3148 4804 Ooctum
3196 4765 3339 4806 anno
3392 4750 3531 4807 1569

1936 4839 2174 4892 Colonia:
2205 4839 2429 4894 recudit.

2010 4931 2246 4988 Joannes
2286 4933 2586 4987 SICBARDUS
2615 4930 2908 4988 Clementis
2964 4935 3189 4992 Romani
3221 4937 3394 5007 Opera
3425 4937 3528 4993 col-

1941 5026 2087 5095 legit,
2124 5025 2318 5093 quihus
2358 5039 2410 5079 et
2440 5036 2676 5080 veterum
2709 5030 3021 5097 pontiﬁcum
3056 5032 3523 5100 pseudoepistolas

1940 5117 2154 5185 adjecit.
2175 5118 2296 5172 Haec
2312 5129 2426 5188 post
2442 5119 2622 5189 plures
2635 5120 2896 5176 editiones
2914 5122 2986 5192 (ὁ)
3006 5125 3055 5176 in
3070 5123 3356 5180 Germania
3371 5127 3527 5181 emiso

1940 5227 2027 5267 sas
2045 5211 2265 5267 Parisiis
2293 5212 2456 5268 etiam
2479 5213 2790 5283 prodierunt
2807 5230 2950 5272 anno
2968 5216 3126 5285 1568,
3146 5233 3267 5274 cmn
3293 5222 3525 5290 plurium

1941 5377 2118 5431 ltalice
2147 5376 2369 5431 reddita:
2397 5377 2614 5433 fuerint.
2653 5379 2823 5449 Hujus
2870 5390 3048 5437 autem
3095 5385 3383 5440 rarissima:
3413 5386 3528 5440 edi-

1940 5451 2100 5502 tionis
2133 5449 2370 5522 in-lolio.
2399 5466 2557 5517 quam
2599 5455 2733 5518 apud
2767 5455 2836 5506 cl.
2870 5452 3044 5508 virum
3085 5457 3383 5522 apostolum
3430 5459 3527 5515 Ze-

1937 5536 2059 5573 num
2097 5521 2357 5584 inspicere
2389 5522 2553 5581 licitit,
2590 5523 2671 5573 hic
2701 5527 2885 5576 titulus
2916 5536 2998 5576 est
3033 5543 3045 5578 :
3079 5521 3277 5579 Gorsim‘
3308 5529 3362 5580 di
3386 5528 3512 5583 Bur-

1932 5589 2501 5670 toIOitteo-Floreatiuo.
2542 5593 2775 5670 Sequani
2801 5598 2884 5649 del
2913 5593 3074 5670 Beato
3100 5597 3267 5651 Leone
3295 5617 3432 5670 pupa
3464 5601 3518 5656 di

1936 5665 2112 5736 (fugito
2140 5662 2393 5736 luitinaiu
2427 5663 2604 5736 lingua
2626 5663 2864 5719 Toscatta
2892 5671 2958 5720 da
2988 5669 3064 5721 lui
3092 5662 3304 5723 tradotti
3330 5673 3416 5725 adi
3445 5673 3512 5732 21

1931 5733 1984 5786 di
2011 5733 2219 5804 Magyio
2250 5734 2411 5790 itas.

2003 5804 2079 5882 (b)
2102 5807 2173 5858 lle
2189 5807 2404 5882 βάψω-ει
2428 5805 2673 5882 Sichardi
2692 5805 2926 5882 editione
2942 5807 3237 5882 Basileenti
3255 5811 3520 5882 an.1556.

1930 5875 2053 5930 vide
2078 5876 2445 5946 praefationem
2475 5881 2540 5933 ad
2564 5878 2832 5945 Epistolas
2863 5878 2922 5935 S.
2963 5880 3158 5936 Leonis
3190 5901 3337 5940 num.
3367 5887 3456 5940 28.
