4014 6350
231 354 292 413 57
1049 348 1106 406 Ρ.
1148 348 1538 419 QUESNELLI
1580 345 1947 404 PilAJFA'Ilt)
1988 347 2051 402 IN
2091 343 2277 403 suam
2321 322 2717 404 EDlTlUNEM.
3423 350 3501 411 aa

229 467 313 539 qui
337 467 486 521 illum
514 467 851 535 contineant,
884 474 1025 519 tanta
1054 467 1279 535 penuria
1308 472 1422 526 est,
1466 471 1522 516 ut
1547 478 1615 517 ne
1645 476 1805 515 unum
1834 461 1885 520 Α
1913 461 2209 529 saepissime
2235 461 2482 516 rudiores
2510 461 2779 527 monachi,
2801 476 2899 515 nec
2924 463 3053 517 satis
3081 462 3275 534 lingnm
3292 464 3499 527 Latina:

227 560 430 632 quidtm
460 560 698 612 nancisci
731 558 1105 628 potuerimus,
1154 558 1242 622 qui
1290 555 1343 610 in
1390 556 1521 608 locis
1564 552 1807 607 obscuris

228 651 633 718 depravati-que
656 651 1005 705 restituendis
1032 665 1189 715 opem
1234 649 1419 703 l'erret.
1453 646 1577 703 Sola
1616 660 1803 699 exem-

226 747 383 816 plaria
410 744 707 811 antiquitus
736 744 876 798 edita
908 743 1232 798 adminiculo
1254 743 1488 809 fuerunt,
1507 758 1627 795 cum
1648 740 1807 795 scho-

227 837 305 891 iiis
320 837 667 901 pert-retibus
684 837 829 891 Petri
846 838 1033 891 Nannii
1052 836 1382 891 Alcmariani
1403 836 1453 888 itt
1469 832 1803 890 S.Ambrosii

222 930 387 999 Opera
417 929 646 984 Basilea:
666 943 863 984 excusa
894 944 984 983 an.
1018 927 1177 983 1551.
1223 926 1324 984 Ubi
1354 927 1467 981 hzec
1494 924 1802 993 defuerunt,

223 1022 543 1091 wiijecture
569 1021 958 1090 indulgendum
988 1020 1124 1076 iuit:
1174 1036 1244 1075 an
1280 1020 1479 1075 infelici
1518 1030 1798 1085 successu,

223 1120 583 1184 unusquisque
604 1114 890 1183 iudicabit.

284 1207 457 1262 Erunt
488 1208 721 1262 fortasse
754 1220 860 1260 non
914 1205 1102 1272 pauci,
1149 1204 1240 1275 qui
1274 1218 1422 1259 reum
1454 1217 1540 1257 me
1581 1211 1804 1271 poscant

218 1301 538 1355 temeritatis
566 1316 631 1355 ac
654 1315 757 1353 non
780 1297 1082 1366 exapectati
1107 1296 1409 1352 doctiorum
1434 1295 1800 1365 judicii,quod

218 1398 310 1450 tria
336 1397 599 1465 opuscula
620 1394 875 1463 proxime
900 1402 1177 1448 numerata
1204 1390 1403 1445 Leonis
1437 1389 1690 1460 Operibth‘
1720 1389 1801 1443 in-

216 1488 528 1543 dubitanter
563 1489 932 1543 accensuerim
958 1528 975 1553 ,
1024 1502 1092 1541 ne
1123 1502 1230 1540 uno
1256 1484 1471 1555 quidem
1523 1484 1574 1537 itt
1604 1483 1800 1538 Leonis

216 1586 433 1649 gratiam
473 1582 747 1635 clamante
775 1580 962 1634 codice
1000 1578 1082 1633 vel
1127 1591 1333 1633 excuso
1363 1577 1446 1631 vel
1490 1591 1589 1630 ms.
1624 1576 1797 1629 recla-

216 1686 391 1730 mante
421 1676 492 1729 ab
532 1676 858 1741 octingentis
889 1685 941 1728 et
980 1674 1213 1742 amplius
1250 1675 1406 1726 annis
1444 1672 1795 1725 conciliorum

214 1771 645 1839 scriptorumque
700 1768 929 1837 pluriutn
982 1765 1313 1820 testimonio.
1374 1765 1485 1818 Hoc
1529 1780 1691 1818 unum
1742 1764 1795 1818 in

1910 554 2089 620 periti,
2124 556 2246 607 hinc
2266 556 2523 610 maculosi
2544 556 2859 626 tuendisque
2891 567 3158 612 scatentes
3186 559 3496 631 frrqtivnter

1910 643 2214 713 hujusmodi
2236 647 2355 700 libri
2374 658 2685 703 occurrunt.
2718 649 2788 703 Its
2818 650 2975 719 igitur
3000 667 3063 705 ex
3095 668 3250 722 {equo
3276 667 3329 708 et
3357 658 3496 711 bono

1905 736 1989 792 usi
2019 752 2221 803 smnus,
2250 756 2348 794 nec
2380 742 2536 796 tidem
2554 743 2801 813 cuiquam
2830 742 3138 815 habuimus,
3156 749 3258 802 nisi
3287 766 3344 804 re
3367 767 3497 820 pcn-

1907 830 2180 883 siculatius
2217 832 2538 887 examinata.

1978 920 2268 977 Sermones
2296 938 2489 978 omnes
2517 924 2618 978 sub
2655 940 2754 979 una
2797 942 3141 983 numerorum
3172 932 3313 987 serie
3352 934 3496 987 ordi-

1907 1014 2173 1080 navitnus,
2207 1031 2312 1068 non
2337 1018 2532 1071 omissa
2561 1027 2736 1072 tamen
2768 1020 2962 1074 usitata
2992 1024 3135 1089 prius
3168 1029 3486 1079 numerandi

1908 1106 2141 1161 ratione.
2174 1106 2317 1174 Nulli
2350 1110 2587 1164 suoloco
2627 1113 2754 1165 moti
2780 1124 2921 1175 sunt,
2959 1115 3126 1168 tribus
3156 1117 3497 1171 solummodo

1906 1200 2167 1266 exceptis,
2196 1199 2404 1255 scilicet
2444 1209 2635 1269 quarto
2670 1202 2724 1256 in
2755 1205 3128 1259 anniversario
3174 1210 3495 1278 aSsumptio-

1904 1289 1988 1344 nis
2014 1307 2128 1346 suze
2155 1332 2167 1355 ,
2209 1302 2368 1347 sexto
2398 1298 2465 1349 de
2492 1295 2732 1350 collectis
2753 1306 2809 1352 et
2834 1297 3191 1370 eleemosynis
3213 1340 3229 1367 ,
3270 1312 3325 1357 et
3354 1318 3493 1357 nono

1904 1383 1972 1438 de
1996 1384 2204 1453 jejunio
2231 1386 2425 1440 decimi
2460 1390 2656 1443 mensis
2684 1405 2697 1443 :
2722 1392 2809 1459 qui
2839 1392 2965 1445 olim
2993 1408 3058 1446 ex
3085 1396 3275 1449 codice
3312 1414 3410 1449 ms.
3438 1394 3490 1449 tr.

1904 1475 1973 1528 cl.
2002 1475 2204 1529 Nicolai
2237 1476 2396 1531 Fabri
2427 1480 2490 1530 ad
2521 1480 2724 1533 calcem
2755 1490 3072 1535 caeterorutn
3096 1486 3283 1551 atljt-cti
3307 1499 3490 1551 erant;

1906 1582 2046 1623 nunc
2075 1585 2203 1624 vero
2243 1586 2341 1623 suo
2373 1571 2490 1625 loco
2511 1571 2695 1640 jaceut
2723 1576 2826 1628 col.
2856 1576 2937 1629 l9.
2977 1577 3037 1631 ’ὀὶ
3072 1587 3121 1631 et
3160 1576 3246 1631 6t.
3294 1579 3491 1636 Nume-

1903 1678 2024 1716 rum
2049 1679 2358 1718 sermonum
2391 1680 2495 1718 non
2522 1673 2792 1730 auximus,
2828 1670 2990 1721 immo
3017 1686 3146 1724 vero
3179 1673 3486 1742 minuimus,

1904 1773 2010 1812 uno
2044 1769 2098 1812 et
2124 1760 2297 1813 altero
2344 1759 2395 1814 iu
2436 1762 2789 1831 appendicem
2836 1764 3070 1831 rejectis.
3111 1765 3334 1821 Unicum
3378 1783 3491 1823 ser-

212 1862 464 1932 pnesenti
496 1861 739 1929 postulo,
772 1871 831 1915 ut
853 1874 913 1914 se
940 1859 1204 1928 paulisper
1226 1859 1294 1912 ab
1314 1860 1460 1910 omni
1484 1856 1798 1926 przrjndicio
1828 1856 1876 1916 B
1903 1865 2115 1904 mortem
2144 1851 2215 1907 96
2245 1853 2297 1906 in
2325 1853 2571 1907 cathedra
2602 1855 2661 1909 S.
2691 1853 2835 1908 Petri
2877 1856 2953 1927 (ὁ)
2972 1898 2986 1921 ,
3019 1873 3086 1911 vx
3113 1857 3279 1927 lli-pio
3304 1861 3491 1917 codice

212 1954 533 2021 sustineant,
562 1956 653 2025 qui
687 1956 757 2008 ita
783 1955 1061 2018 sentiunt;
1111 1966 1280 2021 usque
1309 1950 1436 2004 dum
1465 1950 1802 2004 dissertatio-

211 2064 302 2104 nes
328 2050 386 2113 2,
431 2052 465 2105 3
496 2056 554 2100 et
581 2050 615 2103 4
651 2048 843 2118 quibus
890 2046 1096 2102 consilii
1134 2044 1302 2100 nostri
1348 2045 1585 2099 rationes
1628 2043 1801 2097 conti-

210 2150 398 2195 nentur
422 2180 440 2206 ,
492 2142 839 2210 perlegerim.
888 2138 1110 2193 interim
1136 2137 1459 2193 temeritatis
1486 2144 1666 2189 notam
1701 2135 1799 2189 abs

206 2250 291 2290 me
326 2237 598 2303 deprecor
619 2234 1053 2288 doctissimorum
1098 2233 1333 2286 virorum
1365 2231 1621 2299 exemplo
1645 2270 1660 2294 ,
1708 2229 1798 2299 qni

205 2328 565 2397 scriptoribus
594 2326 961 2383 celeberrimis
986 2326 1239 2381 nonnulla
1262 2326 1517 2394 opuscula
1550 2338 1615 2377 ex
1642 2325 1799 2378 unius

204 2423 322 2494 styli
345 2421 609 2491 θωπί-θείη
640 2421 913 2476 vindicare
938 2435 1003 2475 ac
1030 2420 1132 2475 sub
1152 2432 1341 2476 eorum
1374 2418 1591 2474 nomine
1622 2418 1801 2488 publi-

204 2529 325 2568 care
352 2528 465 2567 non
497 2513 833 2569 dubitarunt.

270 2604 561 2661 Sea-ortas
593 2604 866 2659 Pontiﬁcis
892 2604 1061 2658 nostri
1086 2602 1164 2675 (α)
1192 2601 1469 2672 excipiunt
1491 2601 1799 2670 praemissas

205 2701 456 2755 libellos:
488 2716 609 2769 quze
647 2713 772 2769 pars
806 2698 1044 2767 Operum
1093 2698 1288 2751 Leonis
1313 2737 1329 2764 ,
1371 2697 1495 2767 quia
1541 2698 1713 2765 magis
1742 2696 1797 2750 in

203 2795 444 2849 omnium
476 2809 577 2847 usu
609 2791 958 2861 omniumque
998 2790 1101 2845 teri
1136 2790 1294 2845 solita
1324 2789 1593 2853 manibus,
1630 2789 1798 2858 magis

203 2889 359 2943 etiam
397 2884 654 2940 varietati
698 2885 1023 2948 lecticuum,
1074 2882 1601 2951 interpolationibus,
1649 2896 1798 2934 men-

202 2983 389 3048 disque
421 2980 523 3034 fuit
554 2979 810 3033 obnoxia.
853 2978 1007 3045 Quod
1050 2978 1115 3031 ad
1146 2977 1365 3032 eosdem
1392 2985 1636 3045 spectat,
1690 2976 1797 3030 duo

204 3084 325 3130 sunt
352 3082 561 3144 genera
605 3074 850 3129 codicum
882 3088 1011 3128 mss.
1043 3073 1134 3142 qui
1182 3080 1479 3125 occurrunt
1521 3071 1571 3123 in
1605 3068 1797 3123 biblio-

206 3169 420 3223 thecis:
468 3168 562 3221 alii
607 3167 887 3222 continent
935 3179 1123 3220 onmes
1168 3174 1449 3219 sermones
1499 3163 1692 3218 Leonis
1740 3162 1793 3216 in

1905 1944 2239 2013 descriptum
2288 1949 2497 2001 ueteris
2552 1950 2952 2013 accensuimus,
3009 1967 3108 2003 nec
3148 1955 3490 2011 accubuisse

1906 2039 2148 2109 poenitet.
2188 2040 2296 2093 Etsi
2330 2043 2471 2095 enim
2519 2041 2623 2096 hoc
2656 2044 2770 2111 ipso
2802 2044 3134 2113 pra-rationis
3158 2048 3276 2102 loco
3304 2050 3489 2117 prima:

1904 2130 2156 2184 editionis
2197 2144 2437 2185 nostram
2486 2133 2585 2201 ipsi
2637 2148 2920 2188 censuram
2952 2141 3365 2205 castiga~setiitts
3388 2184 3400 2200 .
3431 2157 3490 2196 re

1902 2232 2079 2278 tamen
2111 2225 2303 2279 iterum
2335 2229 2636 2279 examinata
2665 2230 2912 2301 styloque
2932 2244 3217 2298 perpensa,
3249 2233 3315 2288 ad
3346 2234 3489 2304 prlo-

1901 2333 2016 2372 rem
2059 2327 2293 2372 mentem
2336 2320 2594 2387 redimus,
2631 2320 2771 2378 hunc
2800 2336 3106 2380 sermonem
3139 2326 3304 2383 Leoni
3332 2329 3488 2400 adju-

1900 2411 2081 2467 dicare
2104 2428 2207 2466 non
2238 2414 2355 2468 ausi

1971 2507 2107 2574 Quid
2128 2524 2190 2560 ex
2214 2507 2512 2561 Pontificali
2546 2507 2809 2575 Romano,
2835 2526 3099 2583 quamque
3131 2514 3200 2569 ob
3225 2517 3487 2573 rationem

1900 2600 2254 2655 Sermonibus
2280 2602 2691 2665 attexuerimus,
2723 2603 2847 2673 quid
2882 2605 3106 2662 istorum
3138 2612 3489 2678 appendic‘ula

1899 2701 2195 2761 contineat,
2242 2700 2638 2752 admooitiones
2668 2702 2780 2755 suis
2824 2717 3048 2772 quzeque
3093 2704 3226 2760 locis
3252 2704 3489 2776 praeﬁxa:

1900 2792 2031 2844 satis
2061 2805 2335 2861 superque
2375 2792 2668 2855 explicant.

1977 2885 2064 2939 IV.
2102 2886 2380 2940 EPlSTOL‘E
2412 2886 2507 2955 (c),
2535 2898 2652 2953 quae
2680 2886 2917 2941 ultimam
2951 2889 3077 2943 tomi
3104 2892 3259 2960 primi
3287 2886 3489 2959 partem

1900 2987 2183 3043 occultant;
2222 2978 2447 3045 primum
2481 2981 2671 3032 merito
2696 2980 2869 3035 locum
2903 2981 3043 3035 inter
3076 2984 3273 3038 Leonis
3310 2983 3488 3053 Opera

1898 3069 2136 3124 omnium
2166 3073 2432 3126 sententia
2468 3081 2656 3127 tenent
2684 3114 2699 3139 ,
2731 3088 2796 3128 eo
2823 3074 2963 3144 qliod
2999 3076 3223 3144 plurimi
3255 3077 3490 3136 habeant

1899 3161 2111 3216 decreta
2136 3204 2148 3225 .
2192 3178 2311 3233 quae
2342 3164 2407 3217 ad
2443 3165 2604 3217 totius
2635 3166 3013 3222 ecclesiasticae
3053 3170 3351 3227 ἀϊεςίιιιίιιᾰξ
3384 3170 3488 3230 Iseu

205 3274 362 3313 unum
408 3260 609 3331 corpus
640 3260 932 3324 collectos,
973 3269 1027 3314 et
1062 3259 1362 3313 secundum
1394 3257 1794 3310 Solemnitatmn
1825 3247 1869 3310 C
1901 3253 2166 3324 generalis
2200 3270 2295 3309 seu
2332 3258 2739 3311 sacramentalis
2772 3260 3012 3313 notitiam
3064 3261 3381 3330 conferant,
3424 3270 3489 3319 'ac

205 3353 321 3407 anni
353 3352 559 3407 seriem
584 3349 885 3418 ordinatos,
930 3366 998 3406 eo
1027 3352 1136 3406 fere
1178 3351 1369 3411 modo,
1418 3350 1507 3417 qui
1554 3351 1605 3402 in
1638 3349 1797 3403 editis

203 3440 569 3512 conspicitur;
600 3445 691 3498 alii
725 3444 854 3497 iero
876 3442 1001 3497 Sunt
1028 3442 1354 3497 'Lectionarii
1389 3441 1508 3495 libri
1541 3441 1607 3493 ad
1640 3442 1795 3495 usum

202 3536 573 3593 ReleSiamm
606 3534 882 3606 descripti,
911 3537 1000 3605 qui
1034 3537 1302 3589 variorum
1336 3535 1553 3589 Patrum
1584 3534 1797 3587 Leonis-

202 3648 302 3701 que
342 3631 615 3700 imprimis
662 3644 944 3684 sermones
993 3637 1049 3684 et
1096 3626 1347 3682 bomllias
1377 3629 1572 3681 habent
1601 3630 1654 3681 in
1700 3642 1793 3682 no-

203 3724 411 3777 cmrnis
446 3721 642 3775 ol’llciis
693 3720 1014 3775 recitandas.
1066 3720 1122 3775 Id
1168 3722 1376 3790 priores
1405 3720 1673 3775 commodi
1702 3720 1797 3772 ha—

200 3814 349 3880 bent,
375 3816 522 3883 quod
551 3814 651 3867 sub
674 3828 779 3867 uno
808 3823 1102 3881 conspectu
1133 3828 1322 3868 omnes
1354 3815 1601 3868 Auctoris
1628 3815 1793 3868 nostri

200 3921 488 3963 sermones
515 3908 982 3975 complectantur;
1013 3908 1337 3961 incommodi
1364 3922 1515 3971 vero,
1547 3907 1688 3977 quod
1714 3923 1796 3962 re-

197 4002 477 4057 centiores
524 4001 843 4071 plerumque
890 4000 1030 4068 sint,
1072 4006 1128 4054 et
1170 4000 1296 4069 'quia
1330 4001 1540 4068 longius
1578 4014 1607 4055 a
1654 4000 1796 4056 fonte

198 4095 485 4159 recedunt,
538 4094 714 4147 minus
739 4091 1090 4147 emendandis
1139 4092 1333 4147 erratis
1362 4091 1559 4146 idonei.
1611 4091 1796 4147 Poste-

197 4186 374 4242 riores
420 4188 740 4256 antiquitate
770 4186 1125 4255 protuldubio
1154 4196 1413 4254 praestant
1450 4189 1696 4252 cwteris;
1741 4198 1797 4243 at

199 4293 309 4332 non
338 4294 453 4333 uno
485 4280 729 4332 laborant
763 4280 1123 4335 incommodo.
1156 4279 1391 4334 Primum
1410 4292 1492 4334 est
1516 4282 1657 4348 quod
1691 4298 1795 4337 non

196 4387 391 4428 omnes
416 4377 699 4428 continent
724 4382 1022 4441 sermones,
1053 4383 1109 4430 et
1136 4374 1187 4429 hi
1216 4377 1434 4445 quidem
1462 4376 1693 4444 aliquos,
1720 4378 1794 4433 illi

196 4467 336 4521 alios
365 4481 468 4535 pro
507 4466 726 4522 diverso
768 4467 1128 4522 Ecclesiarnm
1174 4484 1361 4537 more,
1406 4486 1631 4538 quarum
1679 4473 1798 4526 usui

197 4558 461 4628 descripti
494 4569 664 4611 sunt:
708 4559 844 4613 adeo
881 4568 941 4613 ut
983 4560 1242 4614 immensa
1287 4570 1341 4614 et
1382 4564 1657 4617 innumera
1688 4565 1799 4633 ple-

1898 3352 2199 3417 prtesertim
2231 3351 2637 3419 paenitentialis,
2673 3353 2724 3406 in
2753 3360 2911 3423 quam
2942 3353 3094 3422 quasi
3132 3356 3364 3419 ﬁbulam.
3405 3362 3489 3413 to-

1897 3434 2002 3496 tius
2023 3442 2276 3497 Em-lesia:
2294 3442 2630 3512 disciplinam
2657 3446 2918 3498 conrctari
2944 3446 3053 3514 jam
3078 3446 3201 3501 olim
3230 3446 3489 3506 Paciauhs

1890 3534 2124 3588 monuit.
2170 3535 2277 3588 Nec
2327 3536 2661 3604 disciplinam
2691 3537 2860 3590 solam
2898 3539 3195 3606 perdocent
3220 3536 3485 3611 epistotai,

1897 3627 1990 3681 sed
2025 3639 2072 3681 et
2106 3628 2360 3696 quidquid
2402 3645 2579 3682 rerum
2616 3629 2834 3697 majoris
2877 3635 3133 3686 mouit-nti
3163 3675 3177 3697 ,
3225 3636 3291 3689 ab
3341 3638 3485 3690 anno

1897 3720 2021 3785 MO,
2056 3736 2149 3789 per
2186 3722 2368 3790 viginti
2417 3734 2469 3776 et
2514 3724 2742 3791 amplius
2781 3732 2951 3778 annus
2980 3735 3153 3780 actum
3186 3730 3265 3781 eSt
3296 3730 3345 3782 in
3391 3728 3487 3784 Ec-

1897 3818 2092 3881 Clesia,
2138 3816 2189 3869 id
2232 3816 2346 3870 fere
2392 3824 2559 3871 totum
2601 3817 2684 3873 bis
2723 3819 2964 3888 epistolis
3013 3822 3096 3875 vel
3145 3824 3484 3889 Continetn'r,

1898 3909 1980 3963 vel
2010 3910 2327 3963 illustratur.

1972 4004 2078 4058 Sed
2112 4016 2275 4071 porro
2315 4001 2456 4056 circa
2488 4017 2579 4056 eas
2608 4017 2636 4055 a
2667 4002 2819 4055 nobis
2849 4004 3083 4071 prmStit‘a
3115 4015 3256 4059 sunt.
3294 3998 3352 4061 l0
3381 4004 3486 4063 Re-

1892 4095 2058 4165 jecta:
2106 4096 2302 4165 spurizo
2327 4110 2389 4148 ac
2417 4094 2725 4149 solidititire.
2760 4095 2823 4146 2°
2853 4098 2891 4148 Α
2927 4100 3194 4161 germanis
3225 4100 3483 4155 ahSIerste

1904 4187 2227 4241 mundorum
2259 4197 2311 4240 et
2358 4185 2830 4253 interpolationum
2887 4189 3128 4240 maculaz.
3167 4191 3229 4243 5°
3256 4188 3486 4245 Mutatus

1902 4280 2038 4335 Ordo
2067 4292 2117 4335 et
2144 4280 2206 4333 ad
2234 4279 2527 4350 genuinum
2570 4280 2741 4347 quoad
2803 4280 2914 4333 lit-ri
2966 4282 3139 4349 potuit
3182 4297 3484 4338 revocatus.

1902 4374 1964 4428 4°
1998 4377 2199 4427 Auctos
2240 4380 2323 4425 est
2351 4373 2579 4440 plurium
2628 4376 2940 4427 acceSsioue
2986 4390 3166 4427 earum
3210 4393 3483 4431 ntnncrus.

1905 4466 1966 4520 5°
2004 4465 2167 4520 Suam
2193 4466 2384 4532 cuique
2415 4463 2690 4536 synopsim
2725 4464 3078 4533 prmﬁxitnu<,
3112 4466 3253 4534 quod
3304 4483 3401 4521 nec
3432 4469 3482 4523 in

1900 4561 2256 4617 SertnOnibus
2288 4569 2371 4615 e~t
2401 4560 2682 4615 omissum.
2728 4559 2788 4611 ϐο
2818 4558 3090 4625 Quthth
3135 4570 3486 4617 occurrerunt

194 4667 436 4721 rumque
465 4653 765 4707 evolvenda
797 4638 889 4708 tibi
920 4655 1025 4709 sint
1061 4655 1371 4720 volumina,
1406 4666 1462 4710 ot
1489 4664 1685 4723 paucos
1711 4659 1801 4713 ali-
1830 4643 1880 4703 D
1904 4656 1971 4709 ad
2001 4654 2057 4709 S.
2093 4655 2326 4709 Leonem
2357 4653 2493 4707 data!
2524 4651 2591 4705 ab
2621 4653 2739 4705 aliis
2786 4650 3059 4718 Epistulae,
3104 4653 3340 4707 relativis
3370 4657 3487 4717 ejus

193 4759 336 4815 quos
377 4760 671 4800 sermones
704 4747 769 4799 ad
810 4747 930 4800 illos
969 4746 1181 4802 codices
1226 4734 1535 4806 recenseas.
1582 4749 1640 4803 2'
1666 4749 1796 4806 Cum

190 4835 363 4890 iidem
398 4837 570 4891 variis
606 4826 943 4908 prepriis'que
978 4838 1218 4893 locorum
1247 4840 1678 4898 solemnitatibus
1710 4848 1800 4898 ac-

189 4932 537 4984 artxtmodati
571 4932 701 4997 Sint,
730 4944 874 5001 saepe
918 4934 1119 4999 saepius
1153 4934 1449 5003 peregrinis
1476 4934 1793 5004 quibusdam

186 5023 592 5077 additamentis
635 5034 689 5077 et
735 5023 803 5076 ab
837 5027 1072 5080 auctoris
1113 5037 1295 5080 mente
1341 5042 1557 5093 prorsus
1606 5028 1797 5083 alienis

186 5120 476 5171 auctiores
536 5117 847 5171 habentur:
896 5116 1093 5186 quibus
1150 5133 1548 5189 noonumquam
1594 5120 1798 5176 discer-

186 5204 391 5269 nendis
439 5212 526 5267 vix
556 5204 828 5287 "Sufﬁciam
872 5204 1091 5287 Insigne
1136 5206 1442 5283 liuj'u'sinodi
1491 5212 1794 5287 exemplum

184 5303 363 5365 babes
397 5306 457 5360 in
490 5280 743 5360 sei-indui:
768 5286 830 5361 ll
868 5284 956 5376 qui
984 5290 1213 5375 quartus
1240 5318 1323 5360 est
1348 5306 1415 5361 de
1445 5308 1793 5375 quadragesi-

180 5413 299 5455 ma.
330 5400 395 5455 3°
426 5398 661 5466 Quiaiis
687 5398 1029 5454 sermonibus
1048 5399 1424 5455 describendis
1440 5401 1639 5455 addicti
1669 5410 1796 5456 sunt

182 5644 203 5657 κ
238 5562 584 5665 mpure}
610 5562 857 5637 nostram
878 5558 1247 5651 pialatlaheh.
1276 5562 1630 5636 Set-monibus
1658 5560 1794 5649 prat-

268 5674 441 5707 assam.
1292 5706 1295 5707 ,
1684 5692 1695 5703 ~

183 5670 441 5709 Ιιὶιειςςηῐι.
936 5706 943 5709 η
1062 5702 1067 5707 .
1098 5702 1099 5705 η
1292 5706 1295 5709 .
1684 5692 1695 5703 ~

260 5728 341 5799 (ὁ)
377 5727 701 5799 llicsermo
745 5708 1027 5792 soppletiis
1056 5704 1122 5799 et
1168 5706 1373 5792 integer
1416 5714 1467 5799 in
1494 5702 1795 5799 appendice

180 5794 664 5866 mp,lositttiorum
678 5811 991 5850 sermonum
1006 5794 1467 5852 edetursermJ‘.
1485 5799 1559 5850 Ad
1570 5797 1795 5851 monitio

176 5871 368 5927 eidem
394 5871 625 5935 przelixa
646 5868 878 5936 legenda
900 5868 1021 5935 erit.

1904 4747 2098 4803 litteris
2144 4747 2505 4812 inseruimus,
2538 4745 2729 4815 quibus
2780 4744 3144 4813 intelligendis
3189 4762 3331 4815 saepe
3360 4756 3485 4803 sunt

1903 4841 2244 4907 necessariae,
2280 4852 2379 4893 nec
2426 4838 2621 4908 legenti
2653 4837 2887 4891 Leonem
2921 4838 3245 4908 plerumque
3276 4839 3341 4893 ad
3372 4856 3482 4896 ina-

1903 4948 2027 4988 num
2059 4938 2204 4985 Sunt.

1976 5023 2168 5089 Unam,
2194 5038 2314 5093 qua:
2336 5030 2418 5075 est
2438 5022 2503 5076 ad
2528 5021 2936 5076 Germaniarum
2967 5032 3016 5076 et
3049 5022 3342 5079 Galliarum
3377 5028 3489 5094 epi-

1902 5131 2118 5185 SCOpOS,
2151 5115 2219 5169 de
2247 5114 2651 5182 cliorepisccpis
2676 5154 2689 5177 ,
2738 5119 2959 5169 omnino
3002 5117 3288 5182 rejecimus
3316 5135 3329 5173 ι
3364 5116 3484 5187 quia

1902 5206 1968 5263 de
1998 5209 2115 5276 ejus
2140 5206 2509 5276 suppOSitione
2532 5205 2762 5259 dubitari
2786 5223 2890 5259 non
2919 5211 3124 5273 potest;
3153 5206 3460 5276 rejet-tiunis

1900 5294 2003 5373 qtte
2032 5315 2220 5355 causas
2250 5299 2633 5353 dissertatione
2667 5297 2723 5351 Η
2756 5341 2770 5363 ,
2816 5315 2937 5369 quae
2984 5311 3113 5354 toni.
3146 5300 3184 5354 ll
3220 5301 3442 5354 habetur
3467 5341 3480 5366 ,

1900 5394 2269 5463 exposuimus.
2300 5389 2593 5459 Septimam
2630 5390 2734 5459 (ά),
2769 5406 2889 5458 qua:
2915 5390 2980 5445 ad
3005 5391 3320 5460 Septimium
3352 5392 3478 5446 scri'

2000 5574 2048 5645 ι,)
2078 5570 2209 5627 Vide
2236 5562 2611 5645 ‘pl.;£ra:ti‘)ncl}l
2925 5566 3274 5645 liril‘llllSsIllll.

2000 5577 2048 5645 ε)
2079 5577 2209 5627 Vide
2242 5577 2611 5641 praelationem
2643 5577 2892 5633 Epistons
2925 5581 3274 5632 privtmssﬂm-

2089 5647 2233 5698 llanc
2256 5685 2268 5706 ,
2298 5638 2433 5721 ‘iquiu
2464 5643 2515 5692 in
2550 5650 2729 5721 nostra
2761 5637 2995 5721 ιξμιιίειηυ
3038 5648 3118 5690 cst
3155 5639 3313 5721 epist.»
3343 5636 3396 5711 2.
3429 5649 3485 5721 et

1896 5708 2311 5790 'scriuen‘tetuad
2335 5708 2620 5790 episcopos
2661 5710 2911 5790 Siculus,
2940 5724 3057 5790 quae
3088 5710 3484 5790 ntunslqunque

1902 5774 2174 5857 ééi‘éiti‘s’t.
2220 5786 2306 5851 l7,
2352 5774 2782 5857 Leoni-prorsus
2830 5774 3209 5857 adjndicandus
3239 5774 3483 5851 itt’pééu-

1906 5849 2127 5919 liarilius
2160 5849 2617 5914 adrntiuitionibus
2645 5849 3158 5908 demonstrabimus.
