  <div class='ocr_page' id='page_1' title='image "/cluster/home/n/w/nwhite01/storage/ocr_20150623/54/hvd.32044015471584/023.png"; bbox 0 0 4014 6350; ppageno 0'>
   <div class='ocr_carea' id='block_1_1' title="bbox 555 282 639 350">
    <p class='ocr_par' dir='ltr' id='par_1_1' title="bbox 555 282 639 350">
     <span class='ocr_line' id='line_1_1' title="bbox 555 282 639 350; baseline 0.024 -2"><span class='ocrx_word' id='word_1_1' title='bbox 555 282 639 350; x_wconf 75' lang='lat'><strong>89</strong></span> 
     </span>
    </p>
   </div>
   <div class='ocr_carea' id='block_1_2' title="bbox 564 397 2215 472">
    <p class='ocr_par' dir='ltr' id='par_1_2' title="bbox 564 397 2215 472">
     <span class='ocr_line' id='line_1_2' title="bbox 564 397 2215 472; baseline -0.003 -16"><span class='ocrx_word' id='word_1_2' title='bbox 564 410 652 471; x_wconf 82' lang='lat' dir='ltr'><strong>pta</strong></span> <span class='ocrx_word' id='word_1_3' title='bbox 674 399 892 472; x_wconf 86' lang='lat' dir='ltr'><strong>legitur,</strong></span> <span class='ocrx_word' id='word_1_4' title='bbox 918 406 975 457; x_wconf 85' lang='lat' dir='ltr'><strong>et</strong></span> <span class='ocrx_word' id='word_1_5' title='bbox 994 397 1256 456; x_wconf 81' lang='lat' dir='ltr'><strong>decimam</strong></span> <span class='ocrx_word' id='word_1_6' title='bbox 1280 401 1587 470; x_wconf 73' lang='lat' dir='ltr'><strong>septimam,</strong></span> <span class='ocrx_word' id='word_1_7' title='bbox 1619 413 1738 466; x_wconf 82' lang='lat' dir='ltr'><strong>quae</strong></span> <span class='ocrx_word' id='word_1_8' title='bbox 1766 413 1830 451; x_wconf 81' lang='lat' dir='ltr'><strong>an</strong></span> <span class='ocrx_word' id='word_1_9' title='bbox 1859 399 2142 452; x_wconf 85' lang='lat' dir='ltr'><strong>universos</strong></span> <span class='ocrx_word' id='word_1_10' title='bbox 2170 402 2215 459; x_wconf 82' lang='grc' dir='ltr'>Α</span> 
     </span>
    </p>
   </div>
   <div class='ocr_carea' id='block_1_3' title="bbox 563 490 2152 564">
    <p class='ocr_par' dir='ltr' id='par_1_3' title="bbox 563 490 2152 564">
     <span class='ocr_line' id='line_1_3' title="bbox 563 490 2152 564; baseline -0.004 -15"><span class='ocrx_word' id='word_1_11' title='bbox 563 492 762 549; x_wconf 72' lang='lat' dir='ltr'><strong>Sicilia:</strong></span> <span class='ocrx_word' id='word_1_12' title='bbox 783 493 1089 564; x_wconf 86' lang='lat' dir='ltr'><strong>episcopos,</strong></span> <span class='ocrx_word' id='word_1_13' title='bbox 1148 507 1215 549; x_wconf 79' lang='lat' dir='ltr'><strong>ex</strong></span> <span class='ocrx_word' id='word_1_14' title='bbox 1245 493 1593 562; x_wconf 88' lang='lat' dir='ltr'><strong>epistolarum</strong></span> <span class='ocrx_word' id='word_1_15' title='bbox 1624 490 1820 546; x_wconf 86' lang='lat' dir='ltr'><strong>Leonis</strong></span> <span class='ocrx_word' id='word_1_16' title='bbox 1850 492 2018 545; x_wconf 89' lang='lat' dir='ltr'><strong>nostri</strong></span> <span class='ocrx_word' id='word_1_17' title='bbox 2060 507 2152 545; x_wconf 84' lang='lat' dir='ltr'><strong>nu-</strong></span> 
     </span>
    </p>
   </div>
   <div class='ocr_carea' id='block_1_4' title="bbox 565 588 2149 660">
    <p class='ocr_par' dir='ltr' id='par_1_4' title="bbox 565 588 2149 660">
     <span class='ocr_line' id='line_1_4' title="bbox 565 588 2149 660; baseline -0.002 -16"><span class='ocrx_word' id='word_1_18' title='bbox 565 604 715 644; x_wconf 90' lang='lat' dir='ltr'><strong>tnero</strong></span> <span class='ocrx_word' id='word_1_19' title='bbox 745 590 1131 660; x_wconf 68' lang='lat' dir='ltr'><strong>espuugendas</strong></span> <span class='ocrx_word' id='word_1_20' title='bbox 1159 592 1469 645; x_wconf 87' lang='lat' dir='ltr'><strong>censuimus</strong></span> <span class='ocrx_word' id='word_1_21' title='bbox 1500 589 1555 642; x_wconf 91' lang='lat' dir='ltr'><strong>in</strong></span> <span class='ocrx_word' id='word_1_22' title='bbox 1588 588 1750 653; x_wconf 81' lang='lat' dir='ltr'><strong>nolis,</strong></span> <span class='ocrx_word' id='word_1_23' title='bbox 1784 602 1938 641; x_wconf 90' lang='lat' dir='ltr'><strong>suum</strong></span> <span class='ocrx_word' id='word_1_24' title='bbox 1972 598 2149 642; x_wconf 89' lang='lat' dir='ltr'><strong>tamen</strong></span> 
     </span>
    </p>
   </div>
   <div class='ocr_carea' id='block_1_5' title="bbox 563 679 2148 751">
    <p class='ocr_par' dir='ltr' id='par_1_5' title="bbox 563 679 2148 751">
     <span class='ocr_line' id='line_1_5' title="bbox 563 679 2148 751; baseline -0.002 -14"><span class='ocrx_word' id='word_1_25' title='bbox 563 683 643 737; x_wconf 88' lang='lat' dir='ltr'><strong>eis</strong></span> <span class='ocrx_word' id='word_1_26' title='bbox 673 683 850 737; x_wconf 91' lang='lat' dir='ltr'><strong>locum</strong></span> <span class='ocrx_word' id='word_1_27' title='bbox 873 681 1226 743; x_wconf 83' lang='lat' dir='ltr'><strong>servavimus.</strong></span> <span class='ocrx_word' id='word_1_28' title='bbox 1261 695 1329 735; x_wconf 90' lang='lat' dir='ltr'><strong>ne</strong></span> <span class='ocrx_word' id='word_1_29' title='bbox 1356 679 1656 737; x_wconf 90' lang='lat' dir='ltr'><strong>doctiorum</strong></span> <span class='ocrx_word' id='word_1_30' title='bbox 1693 680 1923 751; x_wconf 89' lang='lat' dir='ltr'><strong>judicio,</strong></span> <span class='ocrx_word' id='word_1_31' title='bbox 1954 680 2148 749; x_wconf 82' lang='lat' dir='ltr'><strong>quibus</strong></span> 
     </span>
    </p>
   </div>
   <div class='ocr_carea' id='block_1_6' title="bbox 562 773 2152 846">
    <p class='ocr_par' dir='ltr' id='par_1_6' title="bbox 562 773 2152 846">
     <span class='ocr_line' id='line_1_6' title="bbox 562 773 2152 846; baseline 0 -17"><span class='ocrx_word' id='word_1_32' title='bbox 562 776 800 831; x_wconf 74' lang='lat' dir='ltr'><strong>rationes</strong></span> <span class='ocrx_word' id='word_1_33' title='bbox 858 782 1073 831; x_wconf 82' lang='lat' dir='ltr'><strong>nostras</strong></span> <span class='ocrx_word' id='word_1_34' title='bbox 1129 773 1486 844; x_wconf 74' lang='lat' dir='ltr'><strong>subiicimus,</strong></span> <span class='ocrx_word' id='word_1_35' title='bbox 1534 774 1887 846; x_wconf 67' lang='lat' dir='ltr'><strong>praeiudicare</strong></span> <span class='ocrx_word' id='word_1_36' title='bbox 1935 774 2152 830; x_wconf 84' lang='lat' dir='ltr'><strong>videre-</strong></span> 
     </span>
    </p>
   </div>
   <div class='ocr_carea' id='block_1_7' title="bbox 564 884 704 923">
    <p class='ocr_par' dir='ltr' id='par_1_7' title="bbox 564 884 704 923">
     <span class='ocr_line' id='line_1_7' title="bbox 564 884 704 923; baseline 0.007 0"><span class='ocrx_word' id='word_1_37' title='bbox 564 884 704 923; x_wconf 82' lang='lat' dir='ltr'><strong>mlll&#39;.</strong></span> 
     </span>
    </p>
   </div>
   <div class='ocr_carea' id='block_1_8' title="bbox 636 960 2151 1032">
    <p class='ocr_par' dir='ltr' id='par_1_8' title="bbox 636 960 2151 1032">
     <span class='ocr_line' id='line_1_8' title="bbox 636 960 2151 1032; baseline 0.001 -17"><span class='ocrx_word' id='word_1_38' title='bbox 636 961 713 1017; x_wconf 89' lang='lat' dir='ltr'><strong>De</strong></span> <span class='ocrx_word' id='word_1_39' title='bbox 763 962 1116 1032; x_wconf 89' lang='lat' dir='ltr'><strong>genuinarum</strong></span> <span class='ocrx_word' id='word_1_40' title='bbox 1164 962 1635 1017; x_wconf 89' lang='lat' dir='ltr'><strong>emendationibus</strong></span> <span class='ocrx_word' id='word_1_41' title='bbox 1682 960 1897 1017; x_wconf 84' lang='lat' dir='ltr'><strong>abunde</strong></span> <span class='ocrx_word' id='word_1_42' title='bbox 1938 976 1965 1014; x_wconf 91' lang='lat' dir='ltr'><strong>a</strong></span> <span class='ocrx_word' id='word_1_43' title='bbox 1997 961 2151 1016; x_wconf 89' lang='lat' dir='ltr'><strong>nobis</strong></span> 
     </span>
    </p>
   </div>
   <div class='ocr_carea' id='block_1_9' title="bbox 564 1053 2147 1124">
    <p class='ocr_par' dir='ltr' id='par_1_9' title="bbox 564 1053 2147 1124">
     <span class='ocr_line' id='line_1_9' title="bbox 564 1053 2147 1124; baseline -0.001 -16"><span class='ocrx_word' id='word_1_44' title='bbox 564 1054 703 1108; x_wconf 82' lang='lat' dir='ltr'><strong>ratio</strong></span> <span class='ocrx_word' id='word_1_45' title='bbox 733 1053 941 1108; x_wconf 89' lang='lat' dir='ltr'><strong>reddita</strong></span> <span class='ocrx_word' id='word_1_46' title='bbox 970 1053 1022 1107; x_wconf 93' lang='lat' dir='ltr'><strong>in</strong></span> <span class='ocrx_word' id='word_1_47' title='bbox 1055 1054 1216 1119; x_wconf 92' lang='lat' dir='ltr'><strong>notis,</strong></span> <span class='ocrx_word' id='word_1_48' title='bbox 1255 1054 1320 1109; x_wconf 90' lang='lat' dir='ltr'><strong>ad</strong></span> <span class='ocrx_word' id='word_1_49' title='bbox 1352 1070 1484 1124; x_wconf 89' lang='lat' dir='ltr'><strong>quas</strong></span> <span class='ocrx_word' id='word_1_50' title='bbox 1515 1055 1768 1110; x_wconf 88' lang='lat' dir='ltr'><strong>lectorem</strong></span> <span class='ocrx_word' id='word_1_51' title='bbox 1802 1054 2147 1108; x_wconf 83' lang='lat' dir='ltr'><strong>remittimus.</strong></span> 
     </span>
    </p>
   </div>
   <div class='ocr_carea' id='block_1_10' title="bbox 635 1142 2148 1215">
    <p class='ocr_par' dir='ltr' id='par_1_10' title="bbox 635 1142 2148 1215">
     <span class='ocr_line' id='line_1_10' title="bbox 635 1142 2148 1215; baseline -0.002 -16"><span class='ocrx_word' id='word_1_52' title='bbox 635 1144 975 1199; x_wconf 81' lang='lat' dir='ltr'><strong>lmmutatum</strong></span> <span class='ocrx_word' id='word_1_53' title='bbox 998 1146 1347 1215; x_wconf 89' lang='lat' dir='ltr'><strong>epistolarum</strong></span> <span class='ocrx_word' id='word_1_54' title='bbox 1372 1144 1616 1201; x_wconf 83' lang='lat' dir='ltr'><strong>ordinem</strong></span> <span class='ocrx_word' id='word_1_55' title='bbox 1643 1145 1908 1200; x_wconf 87' lang='lat' dir='ltr'><strong>incusabit</strong></span> <span class='ocrx_word' id='word_1_56' title='bbox 1932 1142 2148 1213; x_wconf 82' lang='lat' dir='ltr'><strong>aliquis,</strong></span> 
     </span>
    </p>
   </div>
   <div class='ocr_carea' id='block_1_11' title="bbox 565 1235 2154 1304">
    <p class='ocr_par' dir='ltr' id='par_1_11' title="bbox 565 1235 2154 1304">
     <span class='ocr_line' id='line_1_11' title="bbox 565 1235 2154 1304; baseline -0.001 -15"><span class='ocrx_word' id='word_1_57' title='bbox 565 1244 675 1289; x_wconf 90' lang='lat' dir='ltr'><strong>tum</strong></span> <span class='ocrx_word' id='word_1_58' title='bbox 705 1236 825 1304; x_wconf 89' lang='lat' dir='ltr'><strong>quia</strong></span> <span class='ocrx_word' id='word_1_59' title='bbox 853 1235 1077 1290; x_wconf 89' lang='lat' dir='ltr'><strong>molesta</strong></span> <span class='ocrx_word' id='word_1_60' title='bbox 1106 1251 1193 1291; x_wconf 91' lang='lat' dir='ltr'><strong>res</strong></span> <span class='ocrx_word' id='word_1_61' title='bbox 1218 1236 1434 1290; x_wconf 88' lang='lat' dir='ltr'><strong>videtur</strong></span> <span class='ocrx_word' id='word_1_62' title='bbox 1459 1236 1682 1304; x_wconf 87' lang='lat' dir='ltr'><strong>antiquo</strong></span> <span class='ocrx_word' id='word_1_63' title='bbox 1710 1250 1938 1289; x_wconf 90' lang='lat' dir='ltr'><strong>numero</strong></span> <span class='ocrx_word' id='word_1_64' title='bbox 1966 1248 2154 1287; x_wconf 85' lang='lat' dir='ltr'><strong>assue-</strong></span> 
     </span>
    </p>
   </div>
   <div class='ocr_carea' id='block_1_12' title="bbox 564 1325 2153 1395">
    <p class='ocr_par' dir='ltr' id='par_1_12' title="bbox 564 1325 2153 1395">
     <span class='ocr_line' id='line_1_12' title="bbox 564 1325 2153 1395; baseline 0 -15"><span class='ocrx_word' id='word_1_65' title='bbox 564 1327 654 1391; x_wconf 86' lang='lat' dir='ltr'><strong>tis,</strong></span> <span class='ocrx_word' id='word_1_66' title='bbox 689 1341 883 1379; x_wconf 91' lang='lat' dir='ltr'><strong>novum</strong></span> <span class='ocrx_word' id='word_1_67' title='bbox 910 1327 1076 1381; x_wconf 86' lang='lat' dir='ltr'><strong>menti</strong></span> <span class='ocrx_word' id='word_1_68' title='bbox 1109 1327 1255 1382; x_wconf 84' lang='lat' dir='ltr'><strong>velut</strong></span> <span class='ocrx_word' id='word_1_69' title='bbox 1278 1326 1596 1394; x_wconf 82' lang='lat' dir='ltr'><strong>inscribere,</strong></span> <span class='ocrx_word' id='word_1_70' title='bbox 1620 1335 1728 1380; x_wconf 89' lang='lat' dir='ltr'><strong>tttm</strong></span> <span class='ocrx_word' id='word_1_71' title='bbox 1761 1325 1905 1395; x_wconf 85' lang='lat' dir='ltr'><strong>quod</strong></span> <span class='ocrx_word' id='word_1_72' title='bbox 1931 1325 2153 1380; x_wconf 83' lang='lat' dir='ltr'><strong>difﬁcile</strong></span> 
     </span>
    </p>
   </div>
   <div class='ocr_carea' id='block_1_13' title="bbox 565 1416 2149 1486">
    <p class='ocr_par' dir='ltr' id='par_1_13' title="bbox 565 1416 2149 1486">
     <span class='ocr_line' id='line_1_13' title="bbox 565 1416 2149 1486; baseline 0 -15"><span class='ocrx_word' id='word_1_73' title='bbox 565 1417 799 1471; x_wconf 82' lang='lat' dir='ltr'><strong>futurum</strong></span> <span class='ocrx_word' id='word_1_74' title='bbox 830 1418 899 1470; x_wconf 91' lang='lat' dir='ltr'><strong>sit</strong></span> <span class='ocrx_word' id='word_1_75' title='bbox 940 1417 1053 1472; x_wconf 89' lang='lat' dir='ltr'><strong>loca</strong></span> <span class='ocrx_word' id='word_1_76' title='bbox 1096 1432 1127 1471; x_wconf 89' lang='lat' dir='ltr'><strong>a</strong></span> <span class='ocrx_word' id='word_1_77' title='bbox 1168 1416 1537 1486; x_wconf 90' lang='lat' dir='ltr'><strong>Scriptoribus</strong></span> <span class='ocrx_word' id='word_1_78' title='bbox 1578 1418 1679 1472; x_wconf 88' lang='lat' dir='ltr'><strong>sub</strong></span> <span class='ocrx_word' id='word_1_79' title='bbox 1727 1417 1891 1486; x_wconf 91' lang='lat' dir='ltr'><strong>priori</strong></span> <span class='ocrx_word' id='word_1_80' title='bbox 1926 1431 2149 1471; x_wconf 90' lang='lat' dir='ltr'><strong>numero</strong></span> 
     </span>
    </p>
   </div>
   <div class='ocr_carea' id='block_1_14' title="bbox 566 1508 2146 1580">
    <p class='ocr_par' dir='ltr' id='par_1_14' title="bbox 566 1508 2146 1580">
     <span class='ocr_line' id='line_1_14' title="bbox 566 1508 2146 1580; baseline 0.001 -17"><span class='ocrx_word' id='word_1_81' title='bbox 566 1509 724 1564; x_wconf 89' lang='lat' dir='ltr'><strong>citata</strong></span> <span class='ocrx_word' id='word_1_82' title='bbox 774 1509 925 1562; x_wconf 90' lang='lat' dir='ltr'><strong>adire</strong></span> <span class='ocrx_word' id='word_1_83' title='bbox 947 1550 961 1573; x_wconf 92' lang='lat'><strong>,</strong></span> <span class='ocrx_word' id='word_1_84' title='bbox 993 1509 1237 1577; x_wconf 91' lang='lat' dir='ltr'><strong>epistolis</strong></span> <span class='ocrx_word' id='word_1_85' title='bbox 1264 1508 1470 1564; x_wconf 89' lang='lat' dir='ltr'><strong>scilicet</strong></span> <span class='ocrx_word' id='word_1_86' title='bbox 1499 1524 1639 1563; x_wconf 81' lang='lat' dir='ltr'><strong>noro</strong></span> <span class='ocrx_word' id='word_1_87' title='bbox 1670 1509 1868 1564; x_wconf 84' lang='lat' dir='ltr'><strong>notatis</strong></span> <span class='ocrx_word' id='word_1_88' title='bbox 1898 1525 2146 1580; x_wconf 90' lang='lat' dir='ltr'><strong>numero,</strong></span> 
     </span>
    </p>
   </div>
   <div class='ocr_carea' id='block_1_15' title="bbox 566 1600 2149 1668">
    <p class='ocr_par' dir='ltr' id='par_1_15' title="bbox 566 1600 2149 1668">
     <span class='ocr_line' id='line_1_15' title="bbox 566 1600 2149 1668; baseline 0.001 -13"><span class='ocrx_word' id='word_1_89' title='bbox 566 1610 620 1655; x_wconf 90' lang='lat' dir='ltr'><strong>et</strong></span> <span class='ocrx_word' id='word_1_90' title='bbox 668 1601 852 1668; x_wconf 86' lang='lat' dir='ltr'><strong>ignoto</strong></span> <span class='ocrx_word' id='word_1_91' title='bbox 879 1601 988 1668; x_wconf 89' lang='lat' dir='ltr'><strong>jam</strong></span> <span class='ocrx_word' id='word_1_92' title='bbox 1030 1600 1222 1655; x_wconf 90' lang='lat' dir='ltr'><strong>ordine</strong></span> <span class='ocrx_word' id='word_1_93' title='bbox 1253 1601 1550 1655; x_wconf 78' lang='lat' dir='ltr'><strong>collocatis.</strong></span> <span class='ocrx_word' id='word_1_94' title='bbox 1589 1600 1785 1655; x_wconf 81' lang='lat' dir='ltr'><strong>Verum</strong></span> <span class='ocrx_word' id='word_1_95' title='bbox 1817 1617 2030 1656; x_wconf 86' lang='lat' dir='ltr'><strong>omnem</strong></span> <span class='ocrx_word' id='word_1_96' title='bbox 2062 1601 2149 1656; x_wconf 89' lang='lat' dir='ltr'><strong>in-</strong></span> 
     </span>
    </p>
   </div>
   <div class='ocr_carea' id='block_1_16' title="bbox 566 1692 2150 1762">
    <p class='ocr_par' dir='ltr' id='par_1_16' title="bbox 566 1692 2150 1762">
     <span class='ocr_line' id='line_1_16' title="bbox 566 1692 2150 1762; baseline 0.001 -17"><span class='ocrx_word' id='word_1_97' title='bbox 566 1692 832 1746; x_wconf 86' lang='lat' dir='ltr'><strong>commodi</strong></span> <span class='ocrx_word' id='word_1_98' title='bbox 867 1701 1066 1746; x_wconf 88' lang='lat' dir='ltr'><strong>tuetum</strong></span> <span class='ocrx_word' id='word_1_99' title='bbox 1096 1692 1345 1747; x_wconf 86' lang='lat' dir='ltr'><strong>auferent</strong></span> <span class='ocrx_word' id='word_1_100' title='bbox 1370 1692 1574 1747; x_wconf 87' lang='lat' dir='ltr'><strong>indices</strong></span> <span class='ocrx_word' id='word_1_101' title='bbox 1598 1693 1963 1762; x_wconf 45' lang='lat' dir='ltr'><strong>pru’fatiouettt</strong></span> <span class='ocrx_word' id='word_1_102' title='bbox 1996 1706 2150 1746; x_wconf 84' lang='lat' dir='ltr'><strong>secu-</strong></span> 
     </span>
    </p>
   </div>
   <div class='ocr_carea' id='block_1_17' title="bbox 1400 281 3050 353">
    <p class='ocr_par' dir='ltr' id='par_1_17' title="bbox 1400 281 3050 353">
     <span class='ocr_line' id='line_1_17' title="bbox 1400 281 3050 353; baseline -0.001 -13"><span class='ocrx_word' id='word_1_103' title='bbox 1400 284 1462 340; x_wconf 85' lang='lat' dir='ltr'><strong>P.</strong></span> <span class='ocrx_word' id='word_1_104' title='bbox 1500 281 1881 353; x_wconf 79' lang='lat' dir='ltr'><strong>QUESNELLI</strong></span> <span class='ocrx_word' id='word_1_105' title='bbox 1919 282 2285 340; x_wconf 69' lang='lat' dir='ltr'><strong>PR/EFA&#39;HO</strong></span> <span class='ocrx_word' id='word_1_106' title='bbox 2324 283 2391 340; x_wconf 86' lang='lat' dir='ltr'><strong>lN</strong></span> <span class='ocrx_word' id='word_1_107' title='bbox 2429 284 2617 342; x_wconf 83' lang='lat' dir='ltr'><strong>SUAM</strong></span> <span class='ocrx_word' id='word_1_108' title='bbox 2657 283 3050 341; x_wconf 81' lang='lat' dir='ltr'><strong>EDITIONEM.</strong></span> 
     </span>
    </p>
   </div>
   <div class='ocr_carea' id='block_1_18' title="bbox 3763 286 3831 349">
    <p class='ocr_par' dir='ltr' id='par_1_18' title="bbox 3763 286 3831 349">
     <span class='ocr_line' id='line_1_18' title="bbox 3763 286 3831 349; baseline 0.059 -4"><span class='ocrx_word' id='word_1_109' title='bbox 3763 286 3831 349; x_wconf 68' lang='grc' dir='ltr'><strong>ιο</strong></span> 
     </span>
    </p>
   </div>
   <div class='ocr_carea' id='block_1_19' title="bbox 2246 395 3832 471">
    <p class='ocr_par' dir='ltr' id='par_1_19' title="bbox 2246 395 3832 471">
     <span class='ocr_line' id='line_1_19' title="bbox 2246 395 3832 471; baseline 0.001 -20"><span class='ocrx_word' id='word_1_110' title='bbox 2246 412 2358 467; x_wconf 74' lang='lat' dir='ltr'><strong>pra:</strong></span> <span class='ocrx_word' id='word_1_111' title='bbox 2401 400 2647 453; x_wconf 82' lang='lat' dir='ltr'><strong>manibus</strong></span> <span class='ocrx_word' id='word_1_112' title='bbox 2689 401 2975 459; x_wconf 80' lang='lat' dir='ltr'><strong>habebant,</strong></span> <span class='ocrx_word' id='word_1_113' title='bbox 3005 396 3110 454; x_wconf 77' lang='lat' dir='ltr'><strong>nun</strong></span> <span class='ocrx_word' id='word_1_114' title='bbox 3141 396 3313 452; x_wconf 88' lang='lat' dir='ltr'><strong>ausim</strong></span> <span class='ocrx_word' id='word_1_115' title='bbox 3340 395 3611 455; x_wconf 89' lang='lat' dir='ltr'><strong>afﬁrmare</strong></span> <span class='ocrx_word' id='word_1_116' title='bbox 3656 417 3667 452; x_wconf 90' lang='lat'>:</span> <span class='ocrx_word' id='word_1_117' title='bbox 3711 407 3832 471; x_wconf 72' lang='lat' dir='ltr'><strong>quia</strong></span> 
     </span>
    </p>
   </div>
   <div class='ocr_carea' id='block_1_20' title="bbox 2256 490 3832 562">
    <p class='ocr_par' dir='ltr' id='par_1_20' title="bbox 2256 490 3832 562">
     <span class='ocr_line' id='line_1_20' title="bbox 2256 490 3832 562; baseline 0.005 -17"><span class='ocrx_word' id='word_1_118' title='bbox 2256 490 2382 545; x_wconf 92' lang='lat' dir='ltr'><strong>licet</strong></span> <span class='ocrx_word' id='word_1_119' title='bbox 2412 491 2639 562; x_wconf 78' lang='lat' dir='ltr'><strong>epistola</strong></span> <span class='ocrx_word' id='word_1_120' title='bbox 2668 491 2850 545; x_wconf 89' lang='lat' dir='ltr'><strong>ultima</strong></span> <span class='ocrx_word' id='word_1_121' title='bbox 2894 492 2962 548; x_wconf 89' lang='lat' dir='ltr'><strong>ab</strong></span> <span class='ocrx_word' id='word_1_122' title='bbox 2992 492 3086 547; x_wconf 90' lang='lat' dir='ltr'><strong>illo</strong></span> <span class='ocrx_word' id='word_1_123' title='bbox 3116 493 3403 561; x_wconf 68' lang='lat' dir='ltr'><strong>appellata,</strong></span> <span class='ocrx_word' id='word_1_124' title='bbox 3439 491 3626 546; x_wconf 85' lang='lat' dir='ltr'><strong>ultima</strong></span> <span class='ocrx_word' id='word_1_125' title='bbox 3657 496 3721 549; x_wconf 86' lang='lat' dir='ltr'><strong>sit</strong></span> <span class='ocrx_word' id='word_1_126' title='bbox 3746 512 3832 552; x_wconf 75' lang='lat' dir='ltr'><strong>ea-</strong></span> 
     </span>
    </p>
   </div>
   <div class='ocr_carea' id='block_1_21' title="bbox 2256 582 3833 653">
    <p class='ocr_par' dir='ltr' id='par_1_21' title="bbox 2256 582 3833 653">
     <span class='ocr_line' id='line_1_21' title="bbox 2256 582 3833 653; baseline 0.004 -17"><span class='ocrx_word' id='word_1_127' title='bbox 2256 598 2394 649; x_wconf 90' lang='lat' dir='ltr'><strong>rum,</strong></span> <span class='ocrx_word' id='word_1_128' title='bbox 2424 598 2543 653; x_wconf 60' lang='lat' dir='ltr'><strong>qua:</strong></span> <span class='ocrx_word' id='word_1_129' title='bbox 2571 582 2635 636; x_wconf 91' lang='lat' dir='ltr'><strong>ad</strong></span> <span class='ocrx_word' id='word_1_130' title='bbox 2668 582 2902 637; x_wconf 86' lang='lat' dir='ltr'><strong>Leonem</strong></span> <span class='ocrx_word' id='word_1_131' title='bbox 2930 584 3233 653; x_wconf 70' lang='lat' dir='ltr'><strong>Angustum</strong></span> <span class='ocrx_word' id='word_1_132' title='bbox 3280 584 3419 637; x_wconf 70' lang='lat' dir='ltr'><strong>dabo</strong></span> <span class='ocrx_word' id='word_1_133' title='bbox 3460 582 3613 650; x_wconf 87' lang='lat' dir='ltr'><strong>sunt,</strong></span> <span class='ocrx_word' id='word_1_134' title='bbox 3647 586 3696 638; x_wconf 91' lang='lat' dir='ltr'><strong>in</strong></span> <span class='ocrx_word' id='word_1_135' title='bbox 3728 588 3833 643; x_wconf 77' lang='lat' dir='ltr'><strong>Iau-</strong></span> 
     </span>
    </p>
   </div>
   <div class='ocr_carea' id='block_1_22' title="bbox 2252 675 3835 742">
    <p class='ocr_par' dir='ltr' id='par_1_22' title="bbox 2252 675 3835 742">
     <span class='ocr_line' id='line_1_22' title="bbox 2252 675 3835 742; baseline 0.003 -12"><span class='ocrx_word' id='word_1_136' title='bbox 2252 676 2381 731; x_wconf 87' lang='lat' dir='ltr'><strong>dato</strong></span> <span class='ocrx_word' id='word_1_137' title='bbox 2408 677 2644 742; x_wconf 79' lang='lat' dir='ltr'><strong>Codice,</strong></span> <span class='ocrx_word' id='word_1_138' title='bbox 2694 691 2799 730; x_wconf 87' lang='lat' dir='ltr'><strong>non</strong></span> <span class='ocrx_word' id='word_1_139' title='bbox 2833 677 3070 730; x_wconf 88' lang='lat' dir='ltr'><strong>onminm</strong></span> <span class='ocrx_word' id='word_1_140' title='bbox 3121 687 3295 731; x_wconf 84' lang='lat' dir='ltr'><strong>tamen</strong></span> <span class='ocrx_word' id='word_1_141' title='bbox 3342 675 3523 729; x_wconf 88' lang='lat' dir='ltr'><strong>ultima</strong></span> <span class='ocrx_word' id='word_1_142' title='bbox 3569 687 3687 731; x_wconf 86' lang='lat' dir='ltr'><strong>est:</strong></span> <span class='ocrx_word' id='word_1_143' title='bbox 3719 679 3835 735; x_wconf 83' lang='lat' dir='ltr'><strong>duc</strong></span> 
     </span>
    </p>
   </div>
   <div class='ocr_carea' id='block_1_23' title="bbox 2262 766 3834 836">
    <p class='ocr_par' dir='ltr' id='par_1_23' title="bbox 2262 766 3834 836">
     <span class='ocr_line' id='line_1_23' title="bbox 2262 766 3834 836; baseline 0 -12"><span class='ocrx_word' id='word_1_144' title='bbox 2262 770 2406 824; x_wconf 89' lang='lat' dir='ltr'><strong>enim</strong></span> <span class='ocrx_word' id='word_1_145' title='bbox 2439 771 2504 823; x_wconf 90' lang='lat' dir='ltr'><strong>ad</strong></span> <span class='ocrx_word' id='word_1_146' title='bbox 2534 769 2869 834; x_wconf 81' lang='lat' dir='ltr'><strong>Anatolium,</strong></span> <span class='ocrx_word' id='word_1_147' title='bbox 2898 770 3055 823; x_wconf 88' lang='lat' dir='ltr'><strong>tertia</strong></span> <span class='ocrx_word' id='word_1_148' title='bbox 3088 767 3154 821; x_wconf 90' lang='lat' dir='ltr'><strong>ad</strong></span> <span class='ocrx_word' id='word_1_149' title='bbox 3182 782 3466 836; x_wconf 79' lang='lat' dir='ltr'><strong>episcopos</strong></span> <span class='ocrx_word' id='word_1_150' title='bbox 3492 768 3581 834; x_wconf 91' lang='lat' dir='ltr'><strong>qtti</strong></span> <span class='ocrx_word' id='word_1_151' title='bbox 3613 766 3834 825; x_wconf 87' lang='lat' dir='ltr'><strong>Chalce-</strong></span> 
     </span>
    </p>
   </div>
   <div class='ocr_carea' id='block_1_24' title="bbox 2253 859 3837 929">
    <p class='ocr_par' dir='ltr' id='par_1_24' title="bbox 2253 859 3837 929">
     <span class='ocr_line' id='line_1_24' title="bbox 2253 859 3837 929; baseline 0.002 -14"><span class='ocrx_word' id='word_1_152' title='bbox 2253 860 2481 916; x_wconf 89' lang='lat' dir='ltr'><strong>donensi</strong></span> <span class='ocrx_word' id='word_1_153' title='bbox 2505 861 2734 915; x_wconf 86' lang='lat' dir='ltr'><strong>concilio</strong></span> <span class='ocrx_word' id='word_1_154' title='bbox 2763 860 3137 927; x_wconf 85' lang='lat' dir='ltr'><strong>interfuerant,</strong></span> <span class='ocrx_word' id='word_1_155' title='bbox 3171 870 3359 929; x_wconf 87' lang='lat' dir='ltr'><strong>quarta</strong></span> <span class='ocrx_word' id='word_1_156' title='bbox 3400 861 3466 914; x_wconf 91' lang='lat' dir='ltr'><strong>ad</strong></span> <span class='ocrx_word' id='word_1_157' title='bbox 3508 859 3706 915; x_wconf 88' lang='lat' dir='ltr'><strong>Dorum</strong></span> <span class='ocrx_word' id='word_1_158' title='bbox 3735 864 3837 918; x_wconf 85' lang='lat' dir='ltr'><strong>Be-</strong></span> 
     </span>
    </p>
   </div>
   <div class='ocr_carea' id='block_1_25' title="bbox 2266 951 3837 1023">
    <p class='ocr_par' dir='ltr' id='par_1_25' title="bbox 2266 951 3837 1023">
     <span class='ocr_line' id='line_1_25' title="bbox 2266 951 3837 1023; baseline 0.001 -16"><span class='ocrx_word' id='word_1_159' title='bbox 2266 962 2625 1007; x_wconf 83' lang='lat' dir='ltr'><strong>neventanum</strong></span> <span class='ocrx_word' id='word_1_160' title='bbox 2654 994 2670 1018; x_wconf 93' lang='lat'><strong>,</strong></span> <span class='ocrx_word' id='word_1_161' title='bbox 2700 962 2755 1008; x_wconf 90' lang='lat' dir='ltr'><strong>et</strong></span> <span class='ocrx_word' id='word_1_162' title='bbox 2805 962 2925 1022; x_wconf 90' lang='lat' dir='ltr'><strong>post</strong></span> <span class='ocrx_word' id='word_1_163' title='bbox 2953 952 3123 1023; x_wconf 86' lang='lat' dir='ltr'><strong>aliqua</strong></span> <span class='ocrx_word' id='word_1_164' title='bbox 3180 951 3498 1021; x_wconf 78' lang='lat' dir='ltr'><strong>inu-rjecta,</strong></span> <span class='ocrx_word' id='word_1_165' title='bbox 3548 953 3730 1021; x_wconf 88' lang='lat' dir='ltr'><strong>quinta</strong></span> <span class='ocrx_word' id='word_1_166' title='bbox 3775 954 3837 1010; x_wconf 75' lang='lat' dir='ltr'><strong>ad</strong></span> 
     </span>
    </p>
   </div>
   <div class='ocr_carea' id='block_1_26' title="bbox 2254 1044 3839 1113">
    <p class='ocr_par' dir='ltr' id='par_1_26' title="bbox 2254 1044 3839 1113">
     <span class='ocr_line' id='line_1_26' title="bbox 2254 1044 3839 1113; baseline 0.001 -13"><span class='ocrx_word' id='word_1_167' title='bbox 2254 1045 2644 1101; x_wconf 84' lang='lat' dir='ltr'><strong>Theodoritnm</strong></span> <span class='ocrx_word' id='word_1_168' title='bbox 2698 1044 2961 1100; x_wconf 76' lang='lat' dir='ltr'><strong>habentur</strong></span> <span class='ocrx_word' id='word_1_169' title='bbox 3009 1047 3061 1098; x_wconf 90' lang='lat' dir='ltr'><strong>in</strong></span> <span class='ocrx_word' id='word_1_170' title='bbox 3108 1058 3175 1099; x_wconf 91' lang='lat' dir='ltr'><strong>eo</strong></span> <span class='ocrx_word' id='word_1_171' title='bbox 3222 1044 3516 1113; x_wconf 81' lang='lat' dir='ltr'><strong>exemplari</strong></span> <span class='ocrx_word' id='word_1_172' title='bbox 3548 1058 3647 1098; x_wconf 89' lang='lat' dir='ltr'><strong>tus.</strong></span> <span class='ocrx_word' id='word_1_173' title='bbox 3683 1051 3760 1099; x_wconf 83' lang='lat' dir='ltr'><strong>An</strong></span> <span class='ocrx_word' id='word_1_174' title='bbox 3791 1046 3839 1102; x_wconf 93' lang='lat' dir='ltr'><strong>ei</strong></span> 
     </span>
    </p>
   </div>
   <div class='ocr_carea' id='block_1_27' title="bbox 2255 1138 3840 1211">
    <p class='ocr_par' dir='ltr' id='par_1_27' title="bbox 2255 1138 3840 1211">
     <span class='ocr_line' id='line_1_27' title="bbox 2255 1138 3840 1211; baseline 0.001 -18"><span class='ocrx_word' id='word_1_175' title='bbox 2255 1140 2598 1211; x_wconf 90' lang='lat' dir='ltr'><strong>postmodum</strong></span> <span class='ocrx_word' id='word_1_176' title='bbox 2631 1139 2989 1209; x_wconf 67' lang='lat' dir='ltr'><strong>superaddita:</strong></span> <span class='ocrx_word' id='word_1_177' title='bbox 3035 1139 3261 1202; x_wconf 89' lang='lat' dir='ltr'><strong>fuerint,</strong></span> <span class='ocrx_word' id='word_1_178' title='bbox 3295 1138 3466 1194; x_wconf 88' lang='lat' dir='ltr'><strong>asseri</strong></span> <span class='ocrx_word' id='word_1_179' title='bbox 3494 1138 3577 1193; x_wconf 86' lang='lat' dir='ltr'><strong>vel</strong></span> <span class='ocrx_word' id='word_1_180' title='bbox 3606 1139 3786 1210; x_wconf 86' lang='lat' dir='ltr'><strong>negari</strong></span> <span class='ocrx_word' id='word_1_181' title='bbox 3811 1154 3840 1196; x_wconf 87' lang='lat' dir='ltr'><strong>a</strong></span> 
     </span>
    </p>
   </div>
   <div class='ocr_carea' id='block_1_28' title="bbox 2252 1234 3600 1306">
    <p class='ocr_par' dir='ltr' id='par_1_28' title="bbox 2252 1234 3600 1306">
     <span class='ocr_line' id='line_1_28' title="bbox 2252 1234 3600 1306; baseline -0.001 -18"><span class='ocrx_word' id='word_1_182' title='bbox 2252 1249 2525 1306; x_wconf 89' lang='lat' dir='ltr'><strong>quoquam</strong></span> <span class='ocrx_word' id='word_1_183' title='bbox 2555 1235 2657 1288; x_wconf 91' lang='lat' dir='ltr'><strong>nisi</strong></span> <span class='ocrx_word' id='word_1_184' title='bbox 2690 1234 2980 1287; x_wconf 88' lang='lat' dir='ltr'><strong>divinando</strong></span> <span class='ocrx_word' id='word_1_185' title='bbox 3007 1248 3166 1302; x_wconf 89' lang='lat' dir='ltr'><strong>posse</strong></span> <span class='ocrx_word' id='word_1_186' title='bbox 3190 1248 3294 1287; x_wconf 91' lang='lat' dir='ltr'><strong>non</strong></span> <span class='ocrx_word' id='word_1_187' title='bbox 3326 1234 3600 1289; x_wconf 81' lang='lat' dir='ltr'><strong>existimo.</strong></span> 
     </span>
    </p>
   </div>
   <div class='ocr_carea' id='block_1_29' title="bbox 2322 1326 3845 1394">
    <p class='ocr_par' dir='ltr' id='par_1_29' title="bbox 2322 1326 3845 1394">
     <span class='ocr_line' id='line_1_29' title="bbox 2322 1326 3845 1394; baseline 0 -11"><span class='ocrx_word' id='word_1_188' title='bbox 2322 1326 2443 1383; x_wconf 79' lang='lat' dir='ltr'><strong>Jam</strong></span> <span class='ocrx_word' id='word_1_189' title='bbox 2475 1327 2544 1381; x_wconf 90' lang='lat' dir='ltr'><strong>de</strong></span> <span class='ocrx_word' id='word_1_190' title='bbox 2590 1335 2749 1381; x_wconf 91' lang='lat' dir='ltr'><strong>aucto</strong></span> <span class='ocrx_word' id='word_1_191' title='bbox 2794 1328 3142 1394; x_wconf 87' lang='lat' dir='ltr'><strong>epistolarum</strong></span> <span class='ocrx_word' id='word_1_192' title='bbox 3192 1343 3417 1382; x_wconf 88' lang='lat' dir='ltr'><strong>numero</strong></span> <span class='ocrx_word' id='word_1_193' title='bbox 3470 1326 3631 1394; x_wconf 76' lang='lat' dir='ltr'><strong>paulo</strong></span> <span class='ocrx_word' id='word_1_194' title='bbox 3680 1327 3845 1383; x_wconf 87' lang='lat' dir='ltr'><strong>fusius</strong></span> 
     </span>
    </p>
   </div>
   <div class='ocr_carea' id='block_1_30' title="bbox 2252 1417 3847 1475">
    <p class='ocr_par' dir='ltr' id='par_1_30' title="bbox 2252 1417 3847 1475">
     <span class='ocr_line' id='line_1_30' title="bbox 2252 1417 3847 1475; baseline 0.001 -2"><span class='ocrx_word' id='word_1_195' title='bbox 2252 1417 2654 1473; x_wconf 87' lang='lat' dir='ltr'><strong>disserendum.</strong></span> <span class='ocrx_word' id='word_1_196' title='bbox 2710 1418 2853 1472; x_wconf 91' lang='lat' dir='ltr'><strong>Duas</strong></span> <span class='ocrx_word' id='word_1_197' title='bbox 2897 1434 2963 1473; x_wconf 83' lang='lat' dir='ltr'><strong>ex</strong></span> <span class='ocrx_word' id='word_1_198' title='bbox 3015 1418 3340 1474; x_wconf 87' lang='lat' dir='ltr'><strong>Collectlone</strong></span> <span class='ocrx_word' id='word_1_199' title='bbox 3394 1418 3638 1473; x_wconf 75' lang='lat' dir='ltr'><strong>Rnnana</strong></span> <span class='ocrx_word' id='word_1_200' title='bbox 3692 1419 3847 1475; x_wconf 67' lang='lat' dir='ltr'><strong>Luca!</strong></span> 
     </span>
    </p>
   </div>
   <div class='ocr_carea' id='block_1_31' title="bbox 2253 1509 3848 1579">
    <p class='ocr_par' dir='ltr' id='par_1_31' title="bbox 2253 1509 3848 1579">
     <span class='ocr_line' id='line_1_31' title="bbox 2253 1509 3848 1579; baseline 0.001 -14"><span class='ocrx_word' id='word_1_201' title='bbox 2253 1510 2520 1566; x_wconf 84' lang='lat' dir='ltr'><strong>Hotsteuii</strong></span> <span class='ocrx_word' id='word_1_202' title='bbox 2567 1509 2672 1565; x_wconf 88' lang='lat' dir='ltr'><strong>viri</strong></span> <span class='ocrx_word' id='word_1_203' title='bbox 2718 1509 3017 1564; x_wconf 84' lang='lat' dir='ltr'><strong>doctissimi</strong></span> <span class='ocrx_word' id='word_1_204' title='bbox 3047 1510 3396 1579; x_wconf 83' lang='lat' dir='ltr'><strong>accepimus:</strong></span> <span class='ocrx_word' id='word_1_205' title='bbox 3446 1511 3663 1565; x_wconf 75' lang='lat' dir='ltr'><strong>tertiam</strong></span> <span class='ocrx_word' id='word_1_206' title='bbox 3704 1511 3848 1567; x_wconf 88' lang='lat' dir='ltr'><strong>enim</strong></span> 
     </span>
    </p>
   </div>
   <div class='ocr_carea' id='block_1_32' title="bbox 2252 1602 3851 1675">
    <p class='ocr_par' dir='ltr' id='par_1_32' title="bbox 2252 1602 3851 1675">
     <span class='ocr_line' id='line_1_32' title="bbox 2252 1602 3851 1675; baseline 0 -17"><span class='ocrx_word' id='word_1_207' title='bbox 2252 1615 2379 1660; x_wconf 81' lang='lat' dir='ltr'><strong>ante</strong></span> <span class='ocrx_word' id='word_1_208' title='bbox 2408 1606 2577 1675; x_wconf 87' lang='lat' dir='ltr'><strong>ipsum</strong></span> <span class='ocrx_word' id='word_1_209' title='bbox 2611 1619 2720 1659; x_wconf 91' lang='lat' dir='ltr'><strong>non</strong></span> <span class='ocrx_word' id='word_1_210' title='bbox 2751 1603 2949 1658; x_wconf 82' lang='lat' dir='ltr'><strong>editam</strong></span> <span class='ocrx_word' id='word_1_211' title='bbox 2977 1618 3041 1658; x_wconf 82' lang='lat' dir='ltr'><strong>ex</strong></span> <span class='ocrx_word' id='word_1_212' title='bbox 3089 1602 3397 1659; x_wconf 89' lang='lat' dir='ltr'><strong>Grimanico</strong></span> <span class='ocrx_word' id='word_1_213' title='bbox 3427 1604 3633 1657; x_wconf 71' lang='lat' dir='ltr'><strong>Codice</strong></span> <span class='ocrx_word' id='word_1_214' title='bbox 3659 1617 3851 1658; x_wconf 89' lang='lat' dir='ltr'><strong>emen-</strong></span> 
     </span>
    </p>
   </div>
   <div class='ocr_carea' id='block_1_33' title="bbox 2251 1692 3852 1752">
    <p class='ocr_par' dir='ltr' id='par_1_33' title="bbox 2251 1692 3852 1752">
     <span class='ocr_line' id='line_1_33' title="bbox 2251 1692 3852 1752; baseline 0 -1"><span class='ocrx_word' id='word_1_215' title='bbox 2251 1696 2517 1752; x_wconf 87' lang='lat' dir='ltr'><strong>datiorem</strong></span> <span class='ocrx_word' id='word_1_216' title='bbox 2564 1697 2848 1751; x_wconf 86' lang='lat' dir='ltr'><strong>habemus.</strong></span> <span class='ocrx_word' id='word_1_217' title='bbox 2898 1694 3069 1750; x_wconf 85' lang='lat' dir='ltr'><strong>Unam</strong></span> <span class='ocrx_word' id='word_1_218' title='bbox 3097 1709 3163 1749; x_wconf 81' lang='lat' dir='ltr'><strong>ex</strong></span> <span class='ocrx_word' id='word_1_219' title='bbox 3211 1692 3411 1748; x_wconf 88' lang='lat' dir='ltr'><strong>Codice</strong></span> <span class='ocrx_word' id='word_1_220' title='bbox 3454 1694 3852 1751; x_wconf 68' lang='lat' dir='ltr'><strong>liottaevallensi</strong></span> 
     </span>
    </p>
   </div>
   <div class='ocr_carea' id='block_1_34' title="bbox 566 1783 3857 1859">
    <p class='ocr_par' dir='ltr' id='par_1_34' title="bbox 566 1783 3857 1859">
     <span class='ocr_line' id='line_1_34' title="bbox 566 1783 3857 1859; baseline -0.001 -19"><span class='ocrx_word' id='word_1_221' title='bbox 566 1788 695 1851; x_wconf 88' lang='lat' dir='ltr'><strong>turi,</strong></span> <span class='ocrx_word' id='word_1_222' title='bbox 724 1788 813 1857; x_wconf 90' lang='lat' dir='ltr'><strong>qui</strong></span> <span class='ocrx_word' id='word_1_223' title='bbox 843 1802 949 1840; x_wconf 89' lang='lat' dir='ltr'><strong>non</strong></span> <span class='ocrx_word' id='word_1_224' title='bbox 980 1790 1338 1856; x_wconf 66' lang='lat' dir='ltr'><strong>posteriorum</strong></span> <span class='ocrx_word' id='word_1_225' title='bbox 1370 1786 1532 1841; x_wconf 90' lang='lat' dir='ltr'><strong>modo</strong></span> <span class='ocrx_word' id='word_1_226' title='bbox 1575 1787 1867 1841; x_wconf 85' lang='lat' dir='ltr'><strong>editionum</strong></span> <span class='ocrx_word' id='word_1_227' title='bbox 1902 1788 2147 1840; x_wconf 81' lang='lat' dir='ltr'><strong>ordinem</strong></span> <span class='ocrx_word' id='word_1_228' title='bbox 2182 1785 2230 1844; x_wconf 84' lang='grc' dir='ltr'><strong>Β</strong></span> <span class='ocrx_word' id='word_1_229' title='bbox 2256 1789 2585 1859; x_wconf 88' lang='lat' dir='ltr'><strong>descriptam</strong></span> <span class='ocrx_word' id='word_1_230' title='bbox 2609 1786 3038 1842; x_wconf 75' lang='lat' dir='ltr'><strong>subministravit</strong></span> <span class='ocrx_word' id='word_1_231' title='bbox 3061 1785 3263 1840; x_wconf 84' lang='lat' dir='ltr'><strong>Tomos</strong></span> <span class='ocrx_word' id='word_1_232' title='bbox 3289 1785 3306 1839; x_wconf 95' lang='lat' dir='ltr'><strong>I</strong></span> <span class='ocrx_word' id='word_1_233' title='bbox 3328 1786 3681 1853; x_wconf 85' lang='lat' dir='ltr'><strong>antiquorum</strong></span> <span class='ocrx_word' id='word_1_234' title='bbox 3711 1783 3857 1842; x_wconf 86' lang='lat' dir='ltr'><strong>Con-</strong></span> 
     </span>
    </p>
   </div>
   <div class='ocr_carea' id='block_1_35' title="bbox 569 1879 2147 1951">
    <p class='ocr_par' dir='ltr' id='par_1_35' title="bbox 569 1879 2147 1951">
     <span class='ocr_line' id='line_1_35' title="bbox 569 1879 2147 1951; baseline -0.001 -16"><span class='ocrx_word' id='word_1_235' title='bbox 569 1880 1054 1950; x_wconf 53' lang='lat' dir='ltr'><strong>repraasentabunt,</strong></span> <span class='ocrx_word' id='word_1_236' title='bbox 1084 1880 1177 1934; x_wconf 89' lang='lat' dir='ltr'><strong>sed</strong></span> <span class='ocrx_word' id='word_1_237' title='bbox 1228 1891 1282 1936; x_wconf 87' lang='lat' dir='ltr'><strong>et</strong></span> <span class='ocrx_word' id='word_1_238' title='bbox 1316 1880 1700 1950; x_wconf 87' lang='lat' dir='ltr'><strong>antiquiorum,</strong></span> <span class='ocrx_word' id='word_1_239' title='bbox 1731 1879 1872 1951; x_wconf 88' lang='lat' dir='ltr'><strong>quod</strong></span> <span class='ocrx_word' id='word_1_240' title='bbox 1904 1880 1954 1934; x_wconf 92' lang='lat' dir='ltr'><strong>in</strong></span> <span class='ocrx_word' id='word_1_241' title='bbox 1987 1880 2147 1935; x_wconf 83' lang='lat' dir='ltr'><strong>nullis</strong></span> 
     </span>
    </p>
   </div>
   <div class='ocr_carea' id='block_1_36' title="bbox 571 1971 2147 2041">
    <p class='ocr_par' dir='ltr' id='par_1_36' title="bbox 571 1971 2147 2041">
     <span class='ocr_line' id='line_1_36' title="bbox 571 1971 2147 2041; baseline 0.001 -16"><span class='ocrx_word' id='word_1_242' title='bbox 571 1974 691 2027; x_wconf 89' lang='lat' dir='ltr'><strong>aliis</strong></span> <span class='ocrx_word' id='word_1_243' title='bbox 737 1972 996 2026; x_wconf 78' lang='lat' dir='ltr'><strong>invenias.</strong></span> <span class='ocrx_word' id='word_1_244' title='bbox 1028 1971 1143 2028; x_wconf 83' lang='lat' dir='ltr'><strong>Jam</strong></span> <span class='ocrx_word' id='word_1_245' title='bbox 1176 1988 1303 2027; x_wconf 84' lang='lat' dir='ltr'><strong>vero</strong></span> <span class='ocrx_word' id='word_1_246' title='bbox 1347 1989 1506 2041; x_wconf 84' lang='lat' dir='ltr'><strong>quam</strong></span> <span class='ocrx_word' id='word_1_247' title='bbox 1561 1973 1864 2027; x_wconf 89' lang='lat' dir='ltr'><strong>necessario</strong></span> <span class='ocrx_word' id='word_1_248' title='bbox 1914 1972 2147 2026; x_wconf 71' lang='lat' dir='ltr'><strong>ineunda</strong></span> 
     </span>
    </p>
   </div>
   <div class='ocr_carea' id='block_1_37' title="bbox 570 2063 2151 2133">
    <p class='ocr_par' dir='ltr' id='par_1_37' title="bbox 570 2063 2151 2133">
     <span class='ocr_line' id='line_1_37' title="bbox 570 2063 2151 2133; baseline -0.001 -13"><span class='ocrx_word' id='word_1_249' title='bbox 570 2067 730 2120; x_wconf 89' lang='lat' dir='ltr'><strong>fuerit</strong></span> <span class='ocrx_word' id='word_1_250' title='bbox 779 2080 917 2117; x_wconf 85' lang='lat' dir='ltr'><strong>nova</strong></span> <span class='ocrx_word' id='word_1_251' title='bbox 957 2063 1303 2132; x_wconf 89' lang='lat' dir='ltr'><strong>epistolarum</strong></span> <span class='ocrx_word' id='word_1_252' title='bbox 1351 2063 1637 2129; x_wconf 75' lang='lat' dir='ltr'><strong>ordinatio,</strong></span> <span class='ocrx_word' id='word_1_253' title='bbox 1696 2066 1848 2118; x_wconf 85' lang='lat' dir='ltr'><strong>facile</strong></span> <span class='ocrx_word' id='word_1_254' title='bbox 1889 2064 2151 2133; x_wconf 84' lang='lat' dir='ltr'><strong>intelliget</strong></span> 
     </span>
    </p>
   </div>
   <div class='ocr_carea' id='block_1_38' title="bbox 569 2158 2149 2228">
    <p class='ocr_par' dir='ltr' id='par_1_38' title="bbox 569 2158 2149 2228">
     <span class='ocr_line' id='line_1_38' title="bbox 569 2158 2149 2228; baseline 0.001 -18"><span class='ocrx_word' id='word_1_255' title='bbox 569 2158 811 2228; x_wconf 80' lang='lat' dir='ltr'><strong>quisquis</strong></span> <span class='ocrx_word' id='word_1_256' title='bbox 839 2158 1195 2211; x_wconf 88' lang='lat' dir='ltr'><strong>recentiorem</strong></span> <span class='ocrx_word' id='word_1_257' title='bbox 1230 2166 1469 2210; x_wconf 83' lang='lat' dir='ltr'><strong>nostram</strong></span> <span class='ocrx_word' id='word_1_258' title='bbox 1514 2172 1635 2210; x_wconf 90' lang='lat' dir='ltr'><strong>cum</strong></span> <span class='ocrx_word' id='word_1_259' title='bbox 1664 2159 1878 2226; x_wconf 88' lang='lat' dir='ltr'><strong>antiqua</strong></span> <span class='ocrx_word' id='word_1_260' title='bbox 1908 2158 2149 2211; x_wconf 83' lang='lat' dir='ltr'><strong>c0utule-</strong></span> 
     </span>
    </p>
   </div>
   <div class='ocr_carea' id='block_1_39' title="bbox 569 2247 2151 2319">
    <p class='ocr_par' dir='ltr' id='par_1_39' title="bbox 569 2247 2151 2319">
     <span class='ocr_line' id='line_1_39' title="bbox 569 2247 2151 2319; baseline 0.001 -17"><span class='ocrx_word' id='word_1_261' title='bbox 569 2249 661 2314; x_wconf 89' lang='lat' dir='ltr'><strong>rit,</strong></span> <span class='ocrx_word' id='word_1_262' title='bbox 713 2247 1164 2319; x_wconf 87' lang='lat' dir='ltr'><strong>perpenderitque</strong></span> <span class='ocrx_word' id='word_1_263' title='bbox 1208 2256 1541 2317; x_wconf 86' lang='lat' dir='ltr'><strong>quantopere</strong></span> <span class='ocrx_word' id='word_1_264' title='bbox 1586 2252 1870 2304; x_wconf 77' lang='lat' dir='ltr'><strong>chronicus</strong></span> <span class='ocrx_word' id='word_1_265' title='bbox 1897 2250 2151 2317; x_wconf 85' lang='lat' dir='ltr'><strong>epistola-</strong></span> 
     </span>
    </p>
   </div>
   <div class='ocr_carea' id='block_1_40' title="bbox 570 2340 2149 2409">
    <p class='ocr_par' dir='ltr' id='par_1_40' title="bbox 570 2340 2149 2409">
     <span class='ocr_line' id='line_1_40' title="bbox 570 2340 2149 2409; baseline 0 -13"><span class='ocrx_word' id='word_1_266' title='bbox 570 2357 687 2396; x_wconf 87' lang='lat' dir='ltr'><strong>rum</strong></span> <span class='ocrx_word' id='word_1_267' title='bbox 720 2341 1095 2395; x_wconf 84' lang='lat' dir='ltr'><strong>historicarum</strong></span> <span class='ocrx_word' id='word_1_268' title='bbox 1128 2340 1264 2395; x_wconf 89' lang='lat' dir='ltr'><strong>ordo</strong></span> <span class='ocrx_word' id='word_1_269' title='bbox 1294 2350 1349 2395; x_wconf 88' lang='lat' dir='ltr'><strong>et</strong></span> <span class='ocrx_word' id='word_1_270' title='bbox 1378 2344 1692 2396; x_wconf 89' lang='lat' dir='ltr'><strong>memoriam</strong></span> <span class='ocrx_word' id='word_1_271' title='bbox 1738 2343 1974 2409; x_wconf 81' lang='lat' dir='ltr'><strong>adjuvet,</strong></span> <span class='ocrx_word' id='word_1_272' title='bbox 2006 2352 2060 2395; x_wconf 90' lang='lat' dir='ltr'><strong>et</strong></span> <span class='ocrx_word' id='word_1_273' title='bbox 2082 2342 2149 2396; x_wconf 89' lang='lat' dir='ltr'><strong>ad</strong></span> 
     </span>
    </p>
   </div>
   <div class='ocr_carea' id='block_1_41' title="bbox 568 2433 2147 2502">
    <p class='ocr_par' dir='ltr' id='par_1_41' title="bbox 568 2433 2147 2502">
     <span class='ocr_line' id='line_1_41' title="bbox 568 2433 2147 2502; baseline 0 -15"><span class='ocrx_word' id='word_1_274' title='bbox 568 2434 767 2487; x_wconf 86' lang='lat' dir='ltr'><strong>claram</strong></span> <span class='ocrx_word' id='word_1_275' title='bbox 797 2448 977 2487; x_wconf 89' lang='lat' dir='ltr'><strong>rerum</strong></span> <span class='ocrx_word' id='word_1_276' title='bbox 1025 2434 1267 2486; x_wconf 87' lang='lat' dir='ltr'><strong>notitiam</strong></span> <span class='ocrx_word' id='word_1_277' title='bbox 1295 2433 1573 2493; x_wconf 86' lang='lat' dir='ltr'><strong>conferat,</strong></span> <span class='ocrx_word' id='word_1_278' title='bbox 1612 2443 1665 2486; x_wconf 88' lang='lat' dir='ltr'><strong>et</strong></span> <span class='ocrx_word' id='word_1_279' title='bbox 1693 2433 1993 2488; x_wconf 84' lang='lat' dir='ltr'><strong>enodandis</strong></span> <span class='ocrx_word' id='word_1_280' title='bbox 2034 2434 2147 2502; x_wconf 87' lang='lat' dir='ltr'><strong>ple-</strong></span> 
     </span>
    </p>
   </div>
   <div class='ocr_carea' id='block_1_42' title="bbox 568 2526 2153 2598">
    <p class='ocr_par' dir='ltr' id='par_1_42' title="bbox 568 2526 2153 2598">
     <span class='ocr_line' id='line_1_42' title="bbox 568 2526 2153 2598; baseline 0.001 -16"><span class='ocrx_word' id='word_1_281' title='bbox 568 2542 796 2594; x_wconf 86' lang='lat' dir='ltr'><strong>rumque</strong></span> <span class='ocrx_word' id='word_1_282' title='bbox 823 2526 1159 2596; x_wconf 77' lang='lat' dir='ltr'><strong>gravissimis</strong></span> <span class='ocrx_word' id='word_1_283' title='bbox 1186 2527 1590 2581; x_wconf 68' lang='grc' dir='ltr'><strong>όὴΐῆνυιωιίιηιε</strong></span> <span class='ocrx_word' id='word_1_284' title='bbox 1637 2529 1894 2598; x_wconf 87' lang='lat' dir='ltr'><strong>prodesse</strong></span> <span class='ocrx_word' id='word_1_285' title='bbox 1923 2542 2153 2583; x_wconf 82' lang='lat' dir='ltr'><strong>consue-</strong></span> 
     </span>
    </p>
   </div>
   <div class='ocr_carea' id='block_1_43' title="bbox 569 2619 2151 2686">
    <p class='ocr_par' dir='ltr' id='par_1_43' title="bbox 569 2619 2151 2686">
     <span class='ocr_line' id='line_1_43' title="bbox 569 2619 2151 2686; baseline 0.003 -12"><span class='ocrx_word' id='word_1_286' title='bbox 569 2620 722 2676; x_wconf 77' lang='lat' dir='ltr'><strong>verit.</strong></span> <span class='ocrx_word' id='word_1_287' title='bbox 787 2619 1076 2673; x_wconf 86' lang='lat' dir='ltr'><strong>lnnovandi</strong></span> <span class='ocrx_word' id='word_1_288' title='bbox 1105 2619 1311 2673; x_wconf 89' lang='lat' dir='ltr'><strong>ordinis</strong></span> <span class='ocrx_word' id='word_1_289' title='bbox 1342 2622 1716 2673; x_wconf 74' lang='lat' dir='ltr'><strong>necessitatem</strong></span> <span class='ocrx_word' id='word_1_290' title='bbox 1747 2623 1935 2686; x_wconf 83' lang='lat' dir='ltr'><strong>auxit,</strong></span> <span class='ocrx_word' id='word_1_291' title='bbox 1978 2629 2033 2675; x_wconf 90' lang='lat' dir='ltr'><strong>et</strong></span> <span class='ocrx_word' id='word_1_292' title='bbox 2057 2635 2151 2677; x_wconf 87' lang='lat' dir='ltr'><strong>ea-</strong></span> 
     </span>
    </p>
   </div>
   <div class='ocr_carea' id='block_1_44' title="bbox 570 2710 2148 2780">
    <p class='ocr_par' dir='ltr' id='par_1_44' title="bbox 570 2710 2148 2780">
     <span class='ocr_line' id='line_1_44' title="bbox 570 2710 2148 2780; baseline 0.001 -16"><span class='ocrx_word' id='word_1_293' title='bbox 570 2726 689 2764; x_wconf 89' lang='lat' dir='ltr'><strong>rum</strong></span> <span class='ocrx_word' id='word_1_294' title='bbox 734 2710 972 2763; x_wconf 79' lang='lat' dir='ltr'><strong>accessio</strong></span> <span class='ocrx_word' id='word_1_295' title='bbox 1002 2711 1348 2777; x_wconf 85' lang='lat' dir='ltr'><strong>epistolartnn</strong></span> <span class='ocrx_word' id='word_1_296' title='bbox 1373 2725 1505 2779; x_wconf 90' lang='lat' dir='ltr'><strong>quas</strong></span> <span class='ocrx_word' id='word_1_297' title='bbox 1532 2711 1757 2776; x_wconf 87' lang='lat' dir='ltr'><strong>primum</strong></span> <span class='ocrx_word' id='word_1_298' title='bbox 1791 2711 2148 2780; x_wconf 84' lang='lat' dir='ltr'><strong>publicamus,</strong></span> 
     </span>
    </p>
   </div>
   <div class='ocr_carea' id='block_1_45' title="bbox 569 2802 2149 2869">
    <p class='ocr_par' dir='ltr' id='par_1_45' title="bbox 569 2802 2149 2869">
     <span class='ocr_line' id='line_1_45' title="bbox 569 2802 2149 2869; baseline 0 -12"><span class='ocrx_word' id='word_1_299' title='bbox 569 2812 623 2857; x_wconf 88' lang='lat' dir='ltr'><strong>et</strong></span> <span class='ocrx_word' id='word_1_300' title='bbox 652 2810 891 2854; x_wconf 78' lang='lat' dir='ltr'><strong>veterum</strong></span> <span class='ocrx_word' id='word_1_301' title='bbox 951 2802 1237 2855; x_wconf 86' lang='lat' dir='ltr'><strong>confusio:</strong></span> <span class='ocrx_word' id='word_1_302' title='bbox 1288 2811 1346 2854; x_wconf 91' lang='lat' dir='ltr'><strong>ut</strong></span> <span class='ocrx_word' id='word_1_303' title='bbox 1391 2803 1534 2854; x_wconf 89' lang='lat' dir='ltr'><strong>enim</strong></span> <span class='ocrx_word' id='word_1_304' title='bbox 1590 2817 1817 2869; x_wconf 63' lang='lat' dir='ltr'><strong>quaeque</strong></span> <span class='ocrx_word' id='word_1_305' title='bbox 1854 2804 2149 2857; x_wconf 79' lang='lat' dir='ltr'><strong>secundum</strong></span> 
     </span>
    </p>
   </div>
   <div class='ocr_carea' id='block_1_46' title="bbox 571 2891 2152 2961">
    <p class='ocr_par' dir='ltr' id='par_1_46' title="bbox 571 2891 2152 2961">
     <span class='ocr_line' id='line_1_46' title="bbox 571 2891 2152 2961; baseline 0.002 -16"><span class='ocrx_word' id='word_1_306' title='bbox 571 2906 835 2946; x_wconf 91' lang='lat' dir='ltr'><strong>annorum</strong></span> <span class='ocrx_word' id='word_1_307' title='bbox 865 2891 1108 2946; x_wconf 86' lang='lat' dir='ltr'><strong>ordinent</strong></span> <span class='ocrx_word' id='word_1_308' title='bbox 1139 2893 1327 2961; x_wconf 73' lang='lat' dir='ltr'><strong>positae</strong></span> <span class='ocrx_word' id='word_1_309' title='bbox 1351 2908 1507 2944; x_wconf 81' lang='lat' dir='ltr'><strong>tinam</strong></span> <span class='ocrx_word' id='word_1_310' title='bbox 1541 2892 1775 2946; x_wconf 70' lang='lat' dir='ltr'><strong>historitc</strong></span> <span class='ocrx_word' id='word_1_311' title='bbox 1805 2897 1998 2949; x_wconf 82' lang='lat' dir='ltr'><strong>seriem</strong></span> <span class='ocrx_word' id='word_1_312' title='bbox 2023 2911 2152 2950; x_wconf 89' lang='lat' dir='ltr'><strong>con-</strong></span> 
     </span>
    </p>
   </div>
   <div class='ocr_carea' id='block_1_47' title="bbox 570 2984 2150 3057">
    <p class='ocr_par' dir='ltr' id='par_1_47' title="bbox 570 2984 2150 3057">
     <span class='ocr_line' id='line_1_47' title="bbox 570 2984 2150 3057; baseline 0.002 -19"><span class='ocrx_word' id='word_1_313' title='bbox 570 2984 838 3049; x_wconf 86' lang='lat' dir='ltr'><strong>stituunt;</strong></span> <span class='ocrx_word' id='word_1_314' title='bbox 868 2985 937 3037; x_wconf 88' lang='lat' dir='ltr'><strong>ita</strong></span> <span class='ocrx_word' id='word_1_315' title='bbox 969 2986 1014 3037; x_wconf 80' lang='lat' dir='ltr'><strong>si</strong></span> <span class='ocrx_word' id='word_1_316' title='bbox 1061 2984 1274 3052; x_wconf 75' lang='lat' dir='ltr'><strong>triginta</strong></span> <span class='ocrx_word' id='word_1_317' title='bbox 1304 2984 1369 3037; x_wconf 88' lang='lat' dir='ltr'><strong>de</strong></span> <span class='ocrx_word' id='word_1_318' title='bbox 1399 2999 1537 3039; x_wconf 89' lang='lat' dir='ltr'><strong>novo</strong></span> <span class='ocrx_word' id='word_1_319' title='bbox 1571 2986 1763 3039; x_wconf 73' lang='lat' dir='ltr'><strong>addita:</strong></span> <span class='ocrx_word' id='word_1_320' title='bbox 1788 3028 1802 3048; x_wconf 91' lang='lat'><strong>,</strong></span> <span class='ocrx_word' id='word_1_321' title='bbox 1855 2996 1908 3041; x_wconf 93' lang='lat' dir='ltr'><strong>et</strong></span> <span class='ocrx_word' id='word_1_322' title='bbox 1941 2988 2150 3057; x_wconf 81' lang='lat' dir='ltr'><strong>triginta</strong></span> 
     </span>
    </p>
   </div>
   <div class='ocr_carea' id='block_1_48' title="bbox 571 3080 2153 3150">
    <p class='ocr_par' dir='ltr' id='par_1_48' title="bbox 571 3080 2153 3150">
     <span class='ocr_line' id='line_1_48' title="bbox 571 3080 2153 3150; baseline 0 -15"><span class='ocrx_word' id='word_1_323' title='bbox 571 3096 636 3135; x_wconf 80' lang='lat' dir='ltr'><strong>ex</strong></span> <span class='ocrx_word' id='word_1_324' title='bbox 667 3080 946 3147; x_wconf 85' lang='lat' dir='ltr'><strong>antiquis,</strong></span> <span class='ocrx_word' id='word_1_325' title='bbox 980 3095 1102 3150; x_wconf 67' lang='lat' dir='ltr'><strong>quae</strong></span> <span class='ocrx_word' id='word_1_326' title='bbox 1147 3081 1292 3133; x_wconf 89' lang='lat' dir='ltr'><strong>nullo</strong></span> <span class='ocrx_word' id='word_1_327' title='bbox 1344 3090 1647 3149; x_wconf 86' lang='lat' dir='ltr'><strong>temperum</strong></span> <span class='ocrx_word' id='word_1_328' title='bbox 1699 3082 1889 3136; x_wconf 90' lang='lat' dir='ltr'><strong>ordine</strong></span> <span class='ocrx_word' id='word_1_329' title='bbox 1939 3093 2153 3136; x_wconf 87' lang='lat' dir='ltr'><strong>servato</strong></span> 
     </span>
    </p>
   </div>
   <div class='ocr_carea' id='block_1_49' title="bbox 572 3160 2226 3242">
    <p class='ocr_par' dir='ltr' id='par_1_49' title="bbox 572 3160 2226 3242">
     <span class='ocr_line' id='line_1_49' title="bbox 572 3160 2226 3242; baseline 0.002 -18"><span class='ocrx_word' id='word_1_330' title='bbox 572 3172 723 3242; x_wconf 89' lang='lat' dir='ltr'><strong>prius</strong></span> <span class='ocrx_word' id='word_1_331' title='bbox 749 3172 904 3226; x_wconf 77' lang='lat' dir='ltr'><strong>edita:</strong></span> <span class='ocrx_word' id='word_1_332' title='bbox 933 3183 1079 3237; x_wconf 88' lang='lat' dir='ltr'><strong>sunt,</strong></span> <span class='ocrx_word' id='word_1_333' title='bbox 1124 3172 1432 3241; x_wconf 87' lang='lat' dir='ltr'><strong>promiscue</strong></span> <span class='ocrx_word' id='word_1_334' title='bbox 1460 3172 1852 3226; x_wconf 87' lang='lat' dir='ltr'><strong>collocarentur</strong></span> <span class='ocrx_word' id='word_1_335' title='bbox 1876 3213 1890 3236; x_wconf 93' lang='lat'><strong>,</strong></span> <span class='ocrx_word' id='word_1_336' title='bbox 1930 3174 2154 3227; x_wconf 68' lang='lat' dir='ltr'><strong>informe</strong></span> <span class='ocrx_word' id='word_1_337' title='bbox 2181 3160 2226 3221; x_wconf 64' lang='grc' dir='ltr'><strong>(ἶ</strong></span> 
     </span>
    </p>
   </div>
   <div class='ocr_carea' id='block_1_50' title="bbox 578 3263 2152 3332">
    <p class='ocr_par' dir='ltr' id='par_1_50' title="bbox 578 3263 2152 3332">
     <span class='ocr_line' id='line_1_50' title="bbox 578 3263 2152 3332; baseline 0 -14"><span class='ocrx_word' id='word_1_338' title='bbox 578 3266 800 3319; x_wconf 89' lang='lat' dir='ltr'><strong>omnino</strong></span> <span class='ocrx_word' id='word_1_339' title='bbox 831 3272 886 3318; x_wconf 89' lang='lat' dir='ltr'><strong>et</strong></span> <span class='ocrx_word' id='word_1_340' title='bbox 914 3263 1245 3317; x_wconf 89' lang='lat' dir='ltr'><strong>inconditum</strong></span> <span class='ocrx_word' id='word_1_341' title='bbox 1298 3264 1647 3330; x_wconf 51' lang='lat' dir='ltr'><strong>epistularum</strong></span> <span class='ocrx_word' id='word_1_342' title='bbox 1705 3279 1901 3332; x_wconf 88' lang='lat' dir='ltr'><strong>corpus</strong></span> <span class='ocrx_word' id='word_1_343' title='bbox 1948 3263 2152 3318; x_wconf 86' lang='lat' dir='ltr'><strong>eonﬁa-</strong></span> 
     </span>
    </p>
   </div>
   <div class='ocr_carea' id='block_1_51' title="bbox 578 3354 2158 3424">
    <p class='ocr_par' dir='ltr' id='par_1_51' title="bbox 578 3354 2158 3424">
     <span class='ocr_line' id='line_1_51' title="bbox 578 3354 2158 3424; baseline -0.003 -11"><span class='ocrx_word' id='word_1_344' title='bbox 578 3368 720 3413; x_wconf 88' lang='lat' dir='ltr'><strong>rent.</strong></span> <span class='ocrx_word' id='word_1_345' title='bbox 746 3356 974 3411; x_wconf 85' lang='lat' dir='ltr'><strong>Tantum</strong></span> <span class='ocrx_word' id='word_1_346' title='bbox 1004 3370 1132 3409; x_wconf 88' lang='lat' dir='ltr'><strong>vero</strong></span> <span class='ocrx_word' id='word_1_347' title='bbox 1162 3354 1386 3409; x_wconf 77' lang='lat' dir='ltr'><strong>interest</strong></span> <span class='ocrx_word' id='word_1_348' title='bbox 1414 3356 1669 3424; x_wconf 79' lang='lat' dir='ltr'><strong>epiStolas</strong></span> <span class='ocrx_word' id='word_1_349' title='bbox 1701 3358 1943 3411; x_wconf 84' lang='lat' dir='ltr'><strong>restituta</strong></span> <span class='ocrx_word' id='word_1_350' title='bbox 1969 3357 2158 3424; x_wconf 88' lang='lat' dir='ltr'><strong>genui-</strong></span> 
     </span>
    </p>
   </div>
   <div class='ocr_carea' id='block_1_52' title="bbox 576 3446 2155 3518">
    <p class='ocr_par' dir='ltr' id='par_1_52' title="bbox 576 3446 2155 3518">
     <span class='ocr_line' id='line_1_52' title="bbox 576 3446 2155 3518; baseline 0.001 -15"><span class='ocrx_word' id='word_1_351' title='bbox 576 3464 642 3503; x_wconf 86' lang='lat' dir='ltr'><strong>na</strong></span> <span class='ocrx_word' id='word_1_352' title='bbox 672 3449 814 3503; x_wconf 90' lang='lat' dir='ltr'><strong>serie</strong></span> <span class='ocrx_word' id='word_1_353' title='bbox 846 3447 1140 3515; x_wconf 75' lang='lat' dir='ltr'><strong>recenseri,</strong></span> <span class='ocrx_word' id='word_1_354' title='bbox 1174 3456 1229 3499; x_wconf 86' lang='lat' dir='ltr'><strong>ut</strong></span> <span class='ocrx_word' id='word_1_355' title='bbox 1260 3447 1506 3517; x_wconf 76' lang='lat' dir='ltr'><strong>Pelagius</strong></span> <span class='ocrx_word' id='word_1_356' title='bbox 1556 3446 1596 3500; x_wconf 92' lang='lat' dir='ltr'><strong>ll</strong></span> <span class='ocrx_word' id='word_1_357' title='bbox 1636 3446 1739 3504; x_wconf 86' lang='lat' dir='ltr'><strong>PP.</strong></span> <span class='ocrx_word' id='word_1_358' title='bbox 1771 3464 1864 3503; x_wconf 81' lang='lat' dir='ltr'><strong>seu</strong></span> <span class='ocrx_word' id='word_1_359' title='bbox 1896 3451 1995 3502; x_wconf 88' lang='lat' dir='ltr'><strong>sub</strong></span> <span class='ocrx_word' id='word_1_360' title='bbox 2038 3448 2155 3518; x_wconf 80' lang='lat' dir='ltr'><strong>ejus</strong></span> 
     </span>
    </p>
   </div>
   <div class='ocr_carea' id='block_1_53' title="bbox 576 3541 2155 3611">
    <p class='ocr_par' dir='ltr' id='par_1_53' title="bbox 576 3541 2155 3611">
     <span class='ocr_line' id='line_1_53' title="bbox 576 3541 2155 3611; baseline 0.003 -16"><span class='ocrx_word' id='word_1_361' title='bbox 576 3544 793 3596; x_wconf 74' lang='lat' dir='ltr'><strong>nomine</strong></span> <span class='ocrx_word' id='word_1_362' title='bbox 824 3541 1113 3610; x_wconf 80' lang='lat' dir='ltr'><strong>Gregorius</strong></span> <span class='ocrx_word' id='word_1_363' title='bbox 1160 3541 1401 3609; x_wconf 84' lang='lat' dir='ltr'><strong>Magnus,</strong></span> <span class='ocrx_word' id='word_1_364' title='bbox 1450 3542 1503 3595; x_wconf 91' lang='lat' dir='ltr'><strong>in</strong></span> <span class='ocrx_word' id='word_1_365' title='bbox 1548 3544 1769 3611; x_wconf 82' lang='lat' dir='ltr'><strong>epistola</strong></span> <span class='ocrx_word' id='word_1_366' title='bbox 1801 3543 1867 3596; x_wconf 91' lang='lat' dir='ltr'><strong>ad</strong></span> <span class='ocrx_word' id='word_1_367' title='bbox 1902 3542 2069 3597; x_wconf 82' lang='lat' dir='ltr'><strong>Eliam</strong></span> <span class='ocrx_word' id='word_1_368' title='bbox 2098 3553 2155 3599; x_wconf 88' lang='lat' dir='ltr'><strong>et</strong></span> 
     </span>
    </p>
   </div>
   <div class='ocr_carea' id='block_1_54' title="bbox 575 3631 2154 3706">
    <p class='ocr_par' dir='ltr' id='par_1_54' title="bbox 575 3631 2154 3706">
     <span class='ocr_line' id='line_1_54' title="bbox 575 3631 2154 3706; baseline 0.003 -19"><span class='ocrx_word' id='word_1_369' title='bbox 575 3644 802 3687; x_wconf 70' lang='lat' dir='ltr'><strong>cancros</strong></span> <span class='ocrx_word' id='word_1_370' title='bbox 833 3631 999 3685; x_wconf 65' lang='lat' dir='ltr'><strong>Istrite</strong></span> <span class='ocrx_word' id='word_1_371' title='bbox 1026 3633 1308 3701; x_wconf 84' lang='lat' dir='ltr'><strong>episcopus</strong></span> <span class='ocrx_word' id='word_1_372' title='bbox 1335 3673 1349 3696; x_wconf 92' lang='lat'><strong>,</strong></span> <span class='ocrx_word' id='word_1_373' title='bbox 1384 3632 1485 3686; x_wconf 94' lang='lat' dir='ltr'><strong>hoc</strong></span> <span class='ocrx_word' id='word_1_374' title='bbox 1535 3634 1585 3687; x_wconf 87' lang='lat' dir='ltr'><strong>in</strong></span> <span class='ocrx_word' id='word_1_375' title='bbox 1626 3634 1703 3686; x_wconf 87' lang='lat' dir='ltr'><strong>eis</strong></span> <span class='ocrx_word' id='word_1_376' title='bbox 1737 3646 1965 3703; x_wconf 85' lang='lat' dir='ltr'><strong>arguat,</strong></span> <span class='ocrx_word' id='word_1_377' title='bbox 2012 3637 2154 3706; x_wconf 90' lang='lat' dir='ltr'><strong>quod</strong></span> 
     </span>
    </p>
   </div>
   <div class='ocr_carea' id='block_1_55' title="bbox 576 3724 2157 3795">
    <p class='ocr_par' dir='ltr' id='par_1_55' title="bbox 576 3724 2157 3795">
     <span class='ocr_line' id='line_1_55' title="bbox 576 3724 2157 3795; baseline 0.001 -15"><span class='ocrx_word' id='word_1_378' title='bbox 576 3725 681 3780; x_wconf 87' lang='lat' dir='ltr'><strong>fuci</strong></span> <span class='ocrx_word' id='word_1_379' title='bbox 716 3726 939 3780; x_wconf 82' lang='lat' dir='ltr'><strong>faciendi</strong></span> <span class='ocrx_word' id='word_1_380' title='bbox 972 3741 1129 3779; x_wconf 87' lang='lat' dir='ltr'><strong>causa</strong></span> <span class='ocrx_word' id='word_1_381' title='bbox 1161 3724 1333 3795; x_wconf 88' lang='lat' dir='ltr'><strong>aliqua</strong></span> <span class='ocrx_word' id='word_1_382' title='bbox 1383 3742 1446 3779; x_wconf 76' lang='lat' dir='ltr'><strong>ea:</strong></span> <span class='ocrx_word' id='word_1_383' title='bbox 1493 3728 1550 3782; x_wconf 83' lang='lat' dir='ltr'><strong>S.</strong></span> <span class='ocrx_word' id='word_1_384' title='bbox 1604 3725 1787 3779; x_wconf 78' lang='lat' dir='ltr'><strong>Leonis</strong></span> <span class='ocrx_word' id='word_1_385' title='bbox 1826 3728 2053 3789; x_wconf 78' lang='lat' dir='ltr'><strong>epistolis</strong></span> <span class='ocrx_word' id='word_1_386' title='bbox 2096 3744 2157 3781; x_wconf 89' lang='lat' dir='ltr'><strong>ac</strong></span> 
     </span>
    </p>
   </div>
   <div class='ocr_carea' id='block_1_56' title="bbox 577 3818 2157 3891">
    <p class='ocr_par' dir='ltr' id='par_1_56' title="bbox 577 3818 2157 3891">
     <span class='ocr_line' id='line_1_56' title="bbox 577 3818 2157 3891; baseline 0.003 -21"><span class='ocrx_word' id='word_1_387' title='bbox 577 3819 820 3888; x_wconf 74' lang='lat' dir='ltr'><strong>encycliis</strong></span> <span class='ocrx_word' id='word_1_388' title='bbox 850 3819 1140 3872; x_wconf 81' lang='lat' dir='ltr'><strong>testimonia</strong></span> <span class='ocrx_word' id='word_1_389' title='bbox 1184 3818 1514 3888; x_wconf 77' lang='lat' dir='ltr'><strong>sumpsissent</strong></span> <span class='ocrx_word' id='word_1_390' title='bbox 1558 3820 1810 3886; x_wconf 70' lang='lat' dir='ltr'><strong>permixto</strong></span> <span class='ocrx_word' id='word_1_391' title='bbox 1842 3819 2157 3891; x_wconf 72' lang='lat' dir='ltr'><strong>confusoque</strong></span> 
     </span>
    </p>
   </div>
   <div class='ocr_carea' id='block_1_57' title="bbox 571 3911 2157 3978">
    <p class='ocr_par' dir='ltr' id='par_1_57' title="bbox 571 3911 2157 3978">
     <span class='ocr_line' id='line_1_57' title="bbox 571 3911 2157 3978; baseline -0.001 -10"><span class='ocrx_word' id='word_1_392' title='bbox 571 3916 768 3968; x_wconf 82' lang='lat' dir='ltr'><strong>ordine.</strong></span> <span class='ocrx_word' id='word_1_393' title='bbox 798 3912 860 3966; x_wconf 86' lang='lat' dir='ltr'><strong>Et</strong></span> <span class='ocrx_word' id='word_1_394' title='bbox 882 3913 1058 3965; x_wconf 89' lang='lat' dir='ltr'><strong>statim</strong></span> <span class='ocrx_word' id='word_1_395' title='bbox 1084 3927 1370 3965; x_wconf 64' lang='lat' dir='ltr'><strong>recensi-ns</strong></span> <span class='ocrx_word' id='word_1_396' title='bbox 1394 3912 1507 3978; x_wconf 87' lang='lat' dir='ltr'><strong>ipse</strong></span> <span class='ocrx_word' id='word_1_397' title='bbox 1531 3914 1832 3965; x_wconf 83' lang='lat' dir='ltr'><strong>testimonia</strong></span> <span class='ocrx_word' id='word_1_398' title='bbox 1862 3912 1929 3966; x_wconf 89' lang='lat' dir='ltr'><strong>ab</strong></span> <span class='ocrx_word' id='word_1_399' title='bbox 1957 3911 2157 3966; x_wconf 61' lang='grc' dir='ltr'><strong>Ιςινὶρίς</strong></span> 
     </span>
    </p>
   </div>
   <div class='ocr_carea' id='block_1_58' title="bbox 575 4005 2153 4076">
    <p class='ocr_par' dir='ltr' id='par_1_58' title="bbox 575 4005 2153 4076">
     <span class='ocr_line' id='line_1_58' title="bbox 575 4005 2153 4076; baseline -0.002 -15"><span class='ocrx_word' id='word_1_400' title='bbox 575 4007 841 4076; x_wconf 76' lang='lat' dir='ltr'><strong>episcopis</strong></span> <span class='ocrx_word' id='word_1_401' title='bbox 871 4006 1076 4074; x_wconf 89' lang='lat' dir='ltr'><strong>prolata</strong></span> <span class='ocrx_word' id='word_1_402' title='bbox 1103 4020 1167 4058; x_wconf 80' lang='lat' dir='ltr'><strong>ex</strong></span> <span class='ocrx_word' id='word_1_403' title='bbox 1215 4006 1437 4072; x_wconf 89' lang='lat' dir='ltr'><strong>epistola</strong></span> <span class='ocrx_word' id='word_1_404' title='bbox 1469 4006 1534 4059; x_wconf 84' lang='lat' dir='ltr'><strong>ad</strong></span> <span class='ocrx_word' id='word_1_405' title='bbox 1566 4005 1798 4059; x_wconf 88' lang='lat' dir='ltr'><strong>Leonem</strong></span> <span class='ocrx_word' id='word_1_406' title='bbox 1832 4005 2153 4072; x_wconf 84' lang='lat' dir='ltr'><strong>Angustum,</strong></span> 
     </span>
    </p>
   </div>
   <div class='ocr_carea' id='block_1_59' title="bbox 574 4097 2160 4167">
    <p class='ocr_par' dir='ltr' id='par_1_59' title="bbox 574 4097 2160 4167">
     <span class='ocr_line' id='line_1_59' title="bbox 574 4097 2160 4167; baseline -0.001 -16"><span class='ocrx_word' id='word_1_407' title='bbox 574 4112 694 4167; x_wconf 67' lang='lat' dir='ltr'><strong>qua:</strong></span> <span class='ocrx_word' id='word_1_408' title='bbox 723 4108 879 4151; x_wconf 81' lang='lat' dir='ltr'><strong>antea</strong></span> <span class='ocrx_word' id='word_1_409' title='bbox 910 4097 976 4151; x_wconf 65' lang='lat'><strong>76</strong></span> <span class='ocrx_word' id='word_1_410' title='bbox 1006 4108 1306 4158; x_wconf 86' lang='lat' dir='ltr'><strong>numerata,</strong></span> <span class='ocrx_word' id='word_1_411' title='bbox 1340 4113 1481 4151; x_wconf 90' lang='lat' dir='ltr'><strong>nunc</strong></span> <span class='ocrx_word' id='word_1_412' title='bbox 1508 4113 1637 4151; x_wconf 84' lang='lat' dir='ltr'><strong>vero</strong></span> <span class='ocrx_word' id='word_1_413' title='bbox 1683 4098 1782 4152; x_wconf 73' lang='grc'><strong>152</strong></span> <span class='ocrx_word' id='word_1_414' title='bbox 1815 4110 2013 4152; x_wconf 59' lang='lat' dir='ltr'><strong>nostra:</strong></span> <span class='ocrx_word' id='word_1_415' title='bbox 2039 4097 2160 4152; x_wconf 86' lang='lat' dir='ltr'><strong>edi—</strong></span> 
     </span>
    </p>
   </div>
   <div class='ocr_carea' id='block_1_60' title="bbox 577 4188 2152 4259">
    <p class='ocr_par' dir='ltr' id='par_1_60' title="bbox 577 4188 2152 4259">
     <span class='ocr_line' id='line_1_60' title="bbox 577 4188 2152 4259; baseline -0.003 -14"><span class='ocrx_word' id='word_1_416' title='bbox 577 4192 738 4247; x_wconf 88' lang='lat' dir='ltr'><strong>tionis</strong></span> <span class='ocrx_word' id='word_1_417' title='bbox 765 4201 847 4245; x_wconf 89' lang='lat' dir='ltr'><strong>est</strong></span> <span class='ocrx_word' id='word_1_418' title='bbox 878 4189 978 4259; x_wconf 88' lang='lat' dir='ltr'><strong>(a),</strong></span> <span class='ocrx_word' id='word_1_419' title='bbox 1010 4190 1145 4243; x_wconf 87' lang='lat' dir='ltr'><strong>banc</strong></span> <span class='ocrx_word' id='word_1_420' title='bbox 1175 4190 1405 4242; x_wconf 84' lang='lat' dir='ltr'><strong>ultimam</strong></span> <span class='ocrx_word' id='word_1_421' title='bbox 1435 4188 1630 4243; x_wconf 88' lang='lat' dir='ltr'><strong>Leonis</strong></span> <span class='ocrx_word' id='word_1_422' title='bbox 1650 4189 1932 4258; x_wconf 77' lang='lat' dir='ltr'><strong>epi~tolam</strong></span> <span class='ocrx_word' id='word_1_423' title='bbox 1970 4197 2152 4255; x_wconf 83' lang='lat' dir='ltr'><strong>vocat;</strong></span> 
     </span>
    </p>
   </div>
   <div class='ocr_carea' id='block_1_61' title="bbox 577 4282 2155 4353">
    <p class='ocr_par' dir='ltr' id='par_1_61' title="bbox 577 4282 2155 4353">
     <span class='ocr_line' id='line_1_61' title="bbox 577 4282 2155 4353; baseline -0.003 -14"><span class='ocrx_word' id='word_1_424' title='bbox 577 4286 819 4339; x_wconf 76' lang='lat' dir='ltr'><strong>ultimam</strong></span> <span class='ocrx_word' id='word_1_425' title='bbox 851 4285 1033 4353; x_wconf 86' lang='lat' dir='ltr'><strong>procul</strong></span> <span class='ocrx_word' id='word_1_426' title='bbox 1060 4283 1223 4338; x_wconf 86' lang='lat' dir='ltr'><strong>dubio</strong></span> <span class='ocrx_word' id='word_1_427' title='bbox 1243 4282 1445 4337; x_wconf 84' lang='lat' dir='ltr'><strong>codicis</strong></span> <span class='ocrx_word' id='word_1_428' title='bbox 1467 4284 1833 4350; x_wconf 75' lang='lat' dir='ltr'><strong>epistularum,</strong></span> <span class='ocrx_word' id='word_1_429' title='bbox 1858 4282 1948 4352; x_wconf 85' lang='lat' dir='ltr'><strong>qui</strong></span> <span class='ocrx_word' id='word_1_430' title='bbox 1974 4283 2155 4337; x_wconf 64' lang='lat' dir='ltr'><strong>Romae</strong></span> 
     </span>
    </p>
   </div>
   <div class='ocr_carea' id='block_1_62' title="bbox 576 4374 2152 4450">
    <p class='ocr_par' dir='ltr' id='par_1_62' title="bbox 576 4374 2152 4450">
     <span class='ocr_line' id='line_1_62' title="bbox 576 4374 2152 4450; baseline -0.002 -19"><span class='ocrx_word' id='word_1_431' title='bbox 576 4381 887 4450; x_wconf 84' lang='lat' dir='ltr'><strong>pontiﬁcum</strong></span> <span class='ocrx_word' id='word_1_432' title='bbox 918 4377 1166 4431; x_wconf 84' lang='lat' dir='ltr'><strong>manibus</strong></span> <span class='ocrx_word' id='word_1_433' title='bbox 1207 4375 1520 4429; x_wconf 69' lang='lat' dir='ltr'><strong>\r&#39;t)i\&#39;cl)illtll‘</strong></span> <span class='ocrx_word' id='word_1_434' title='bbox 1543 4417 1556 4439; x_wconf 93' lang='lat'><strong>,</strong></span> <span class='ocrx_word' id='word_1_435' title='bbox 1603 4375 1776 4445; x_wconf 82' lang='lat' dir='ltr'><strong>qualis</strong></span> <span class='ocrx_word' id='word_1_436' title='bbox 1824 4375 2004 4429; x_wconf 86' lang='lat' dir='ltr'><strong>nullus</strong></span> <span class='ocrx_word' id='word_1_437' title='bbox 2036 4374 2110 4444; x_wconf 76' lang='grc' dir='ltr'><strong>(ὁ)</strong></span> <span class='ocrx_word' id='word_1_438' title='bbox 2139 4416 2152 4437; x_wconf 85' lang='grc'><em>,</em></span> 
     </span>
    </p>
   </div>
   <div class='ocr_carea' id='block_1_63' title="bbox 576 4465 2150 4537">
    <p class='ocr_par' dir='ltr' id='par_1_63' title="bbox 576 4465 2150 4537">
     <span class='ocr_line' id='line_1_63' title="bbox 576 4465 2150 4537; baseline -0.001 -18"><span class='ocrx_word' id='word_1_439' title='bbox 576 4480 742 4537; x_wconf 90' lang='lat' dir='ltr'><strong>puto,</strong></span> <span class='ocrx_word' id='word_1_440' title='bbox 778 4468 840 4521; x_wconf 90' lang='lat' dir='ltr'><strong>ad</strong></span> <span class='ocrx_word' id='word_1_441' title='bbox 875 4469 1011 4522; x_wconf 84' lang='lat' dir='ltr'><strong>hanc</strong></span> <span class='ocrx_word' id='word_1_442' title='bbox 1066 4482 1234 4535; x_wconf 88' lang='lat' dir='ltr'><strong>usque</strong></span> <span class='ocrx_word' id='word_1_443' title='bbox 1284 4465 1425 4520; x_wconf 88' lang='lat' dir='ltr'><strong>dietn</strong></span> <span class='ocrx_word' id='word_1_444' title='bbox 1481 4476 1702 4521; x_wconf 73' lang='lat' dir='ltr'><strong>cmersrt</strong></span> <span class='ocrx_word' id='word_1_445' title='bbox 1732 4483 1763 4520; x_wconf 89' lang='lat' dir='ltr'><strong>e</strong></span> <span class='ocrx_word' id='word_1_446' title='bbox 1797 4466 2052 4519; x_wconf 83' lang='lat' dir='ltr'><strong>tenebris.</strong></span> <span class='ocrx_word' id='word_1_447' title='bbox 2094 4466 2150 4519; x_wconf 95' lang='lat' dir='ltr'><strong>ln</strong></span> 
     </span>
    </p>
   </div>
   <div class='ocr_carea' id='block_1_64' title="bbox 574 4556 2151 4621">
    <p class='ocr_par' dir='ltr' id='par_1_64' title="bbox 574 4556 2151 4621">
     <span class='ocr_line' id='line_1_64' title="bbox 574 4556 2151 4621; baseline -0.001 -10"><span class='ocrx_word' id='word_1_448' title='bbox 574 4558 831 4612; x_wconf 78' lang='lat' dir='ltr'><strong>&#39;l‘buaneo</strong></span> <span class='ocrx_word' id='word_1_449' title='bbox 887 4558 1182 4620; x_wconf 73' lang='lat' dir='ltr'><strong>exemplari</strong></span> <span class='ocrx_word' id='word_1_450' title='bbox 1230 4573 1331 4611; x_wconf 89' lang='lat' dir='ltr'><strong>ms.</strong></span> <span class='ocrx_word' id='word_1_451' title='bbox 1363 4556 1573 4611; x_wconf 77' lang='lat' dir='ltr'><strong>Codicis</strong></span> <span class='ocrx_word' id='word_1_452' title='bbox 1626 4558 1871 4621; x_wconf 78' lang='lat' dir='ltr'><strong>Romani,</strong></span> <span class='ocrx_word' id='word_1_453' title='bbox 1908 4560 2027 4611; x_wconf 83' lang='lat' dir='ltr'><strong>huic</strong></span> <span class='ocrx_word' id='word_1_454' title='bbox 2057 4557 2151 4610; x_wconf 86' lang='lat' dir='ltr'><strong>ad-</strong></span> 
     </span>
    </p>
   </div>
   <div class='ocr_carea' id='block_1_65' title="bbox 573 4647 2156 4722">
    <p class='ocr_par' dir='ltr' id='par_1_65' title="bbox 573 4647 2156 4722">
     <span class='ocr_line' id='line_1_65' title="bbox 573 4647 2156 4722; baseline -0.001 -18"><span class='ocrx_word' id='word_1_455' title='bbox 573 4652 786 4722; x_wconf 83' lang='lat' dir='ltr'><strong>jicitur:</strong></span> <span class='ocrx_word' id='word_1_456' title='bbox 818 4650 1078 4705; x_wconf 80' lang='lat' dir='ltr'><strong>Collectio</strong></span> <span class='ocrx_word' id='word_1_457' title='bbox 1114 4651 1324 4718; x_wconf 69' lang='lat' dir='ltr'><strong>triginta</strong></span> <span class='ocrx_word' id='word_1_458' title='bbox 1363 4661 1419 4701; x_wconf 89' lang='lat' dir='ltr'><strong>et</strong></span> <span class='ocrx_word' id='word_1_459' title='bbox 1452 4649 1608 4703; x_wconf 88' lang='lat' dir='ltr'><strong>trium</strong></span> <span class='ocrx_word' id='word_1_460' title='bbox 1633 4648 1982 4717; x_wconf 82' lang='lat' dir='ltr'><strong>epistularum</strong></span> <span class='ocrx_word' id='word_1_461' title='bbox 2017 4647 2156 4702; x_wconf 78' lang='lat' dir='ltr'><strong>Leo-</strong></span> 
     </span>
    </p>
   </div>
   <div class='ocr_carea' id='block_1_66' title="bbox 576 4740 2157 4813">
    <p class='ocr_par' dir='ltr' id='par_1_66' title="bbox 576 4740 2157 4813">
     <span class='ocr_line' id='line_1_66' title="bbox 576 4740 2157 4813; baseline -0.004 -14"><span class='ocrx_word' id='word_1_462' title='bbox 576 4746 659 4799; x_wconf 89' lang='lat' dir='ltr'><strong>nis</strong></span> <span class='ocrx_word' id='word_1_463' title='bbox 691 4745 878 4808; x_wconf 81' lang='lat' dir='ltr'><strong>ItOSll’i,</strong></span> <span class='ocrx_word' id='word_1_464' title='bbox 904 4760 1023 4813; x_wconf 71' lang='lat' dir='ltr'><strong>qua:</strong></span> <span class='ocrx_word' id='word_1_465' title='bbox 1048 4742 1414 4811; x_wconf 87' lang='lat' dir='ltr'><strong>antiquissima</strong></span> <span class='ocrx_word' id='word_1_466' title='bbox 1438 4751 1524 4794; x_wconf 87' lang='lat' dir='ltr'><strong>est</strong></span> <span class='ocrx_word' id='word_1_467' title='bbox 1554 4751 1609 4795; x_wconf 89' lang='lat' dir='ltr'><strong>et</strong></span> <span class='ocrx_word' id='word_1_468' title='bbox 1631 4747 1716 4794; x_wconf 86' lang='lat' dir='ltr'><strong>vix</strong></span> <span class='ocrx_word' id='word_1_469' title='bbox 1747 4741 1817 4794; x_wconf 90' lang='lat' dir='ltr'><strong>ab</strong></span> <span class='ocrx_word' id='word_1_470' title='bbox 1845 4747 1959 4810; x_wconf 85' lang='lat' dir='ltr'><strong>ipso</strong></span> <span class='ocrx_word' id='word_1_471' title='bbox 1980 4740 2157 4796; x_wconf 80' lang='lat' dir='ltr'><strong>Cano-</strong></span> 
     </span>
    </p>
   </div>
   <div class='ocr_carea' id='block_1_67' title="bbox 578 4834 2151 4893">
    <p class='ocr_par' dir='ltr' id='par_1_67' title="bbox 578 4834 2151 4893">
     <span class='ocr_line' id='line_1_67' title="bbox 578 4834 2151 4893; baseline -0.001 -2"><span class='ocrx_word' id='word_1_472' title='bbox 578 4854 704 4891; x_wconf 87' lang='lat' dir='ltr'><strong>uum</strong></span> <span class='ocrx_word' id='word_1_473' title='bbox 736 4847 791 4893; x_wconf 89' lang='lat' dir='ltr'><strong>et</strong></span> <span class='ocrx_word' id='word_1_474' title='bbox 833 4838 1063 4891; x_wconf 90' lang='lat' dir='ltr'><strong>aliorum</strong></span> <span class='ocrx_word' id='word_1_475' title='bbox 1094 4834 1519 4889; x_wconf 81' lang='lat' dir='ltr'><strong>Coustitutorum</strong></span> <span class='ocrx_word' id='word_1_476' title='bbox 1572 4834 1769 4889; x_wconf 78' lang='lat' dir='ltr'><strong>Codice</strong></span> <span class='ocrx_word' id='word_1_477' title='bbox 1821 4835 2151 4889; x_wconf 67' lang='lat' dir='ltr'><strong>divellcnda:</strong></span> 
     </span>
    </p>
   </div>
   <div class='ocr_carea' id='block_1_68' title="bbox 574 4925 2155 4998">
    <p class='ocr_par' dir='ltr' id='par_1_68' title="bbox 574 4925 2155 4998">
     <span class='ocr_line' id='line_1_68' title="bbox 574 4925 2155 4998; baseline -0.001 -13"><span class='ocrx_word' id='word_1_478' title='bbox 574 4930 821 4985; x_wconf 81' lang='lat' dir='ltr'><strong>eamdem</strong></span> <span class='ocrx_word' id='word_1_479' title='bbox 855 4939 1028 4983; x_wconf 82' lang='lat' dir='ltr'><strong>tamen</strong></span> <span class='ocrx_word' id='word_1_480' title='bbox 1054 4942 1195 4993; x_wconf 88' lang='lat' dir='ltr'><strong>esse,</strong></span> <span class='ocrx_word' id='word_1_481' title='bbox 1221 4940 1380 4997; x_wconf 88' lang='lat' dir='ltr'><strong>quam</strong></span> <span class='ocrx_word' id='word_1_482' title='bbox 1401 4925 1648 4996; x_wconf 82' lang='lat' dir='ltr'><strong>Pelagius</strong></span> <span class='ocrx_word' id='word_1_483' title='bbox 1670 4925 1713 4981; x_wconf 94' lang='lat' dir='ltr'><strong>ll</strong></span> <span class='ocrx_word' id='word_1_484' title='bbox 1737 4933 1793 4982; x_wconf 91' lang='lat' dir='ltr'><strong>et</strong></span> <span class='ocrx_word' id='word_1_485' title='bbox 1821 4926 2155 4998; x_wconf 80' lang='lat' dir='ltr'><strong>Gregoriusl</strong></span> 
     </span>
    </p>
   </div>
   <div class='ocr_carea' id='block_1_69' title="bbox 649 5125 1369 5199">
    <p class='ocr_par' dir='ltr' id='par_1_69' title="bbox 649 5125 1369 5199">
     <span class='ocr_line' id='line_1_69' title="bbox 649 5125 1369 5199; baseline -0.001 -18"><span class='ocrx_word' id='word_1_486' title='bbox 649 5130 721 5199; x_wconf 79' lang='grc' dir='ltr'><strong>(α)</strong></span> <span class='ocrx_word' id='word_1_487' title='bbox 752 5130 914 5184; x_wconf 84' lang='lat' dir='ltr'><strong>Nobis</strong></span> <span class='ocrx_word' id='word_1_488' title='bbox 943 5140 1025 5183; x_wconf 89' lang='lat' dir='ltr'><strong>est</strong></span> <span class='ocrx_word' id='word_1_489' title='bbox 1050 5126 1208 5195; x_wconf 88' lang='lat' dir='ltr'><strong>epist.</strong></span> <span class='ocrx_word' id='word_1_490' title='bbox 1247 5125 1369 5181; x_wconf 72' lang='grc'><strong>162.</strong></span> 
     </span>
    </p>
   </div>
   <div class='ocr_carea' id='block_1_70' title="bbox 645 5195 2144 5273">
    <p class='ocr_par' dir='ltr' id='par_1_70' title="bbox 645 5195 2144 5273">
     <span class='ocr_line' id='line_1_70' title="bbox 645 5195 2144 5273; baseline -0.003 -20"><span class='ocrx_word' id='word_1_491' title='bbox 645 5195 719 5273; x_wconf 82' lang='lat' dir='ltr'><strong>(b)</strong></span> <span class='ocrx_word' id='word_1_492' title='bbox 754 5200 1192 5273; x_wconf 75' lang='lat' dir='ltr'><strong>ltatispuuenseui</strong></span> <span class='ocrx_word' id='word_1_493' title='bbox 1229 5195 1721 5273; x_wconf 49' lang='lat' dir='ltr'><strong>praestantissimum</strong></span> <span class='ocrx_word' id='word_1_494' title='bbox 1769 5196 2144 5273; x_wconf 65' lang='lat' dir='ltr'><strong>collectionem</strong></span> 
     </span>
    </p>
   </div>
   <div class='ocr_carea' id='block_1_71' title="bbox 575 5268 2142 5336">
    <p class='ocr_par' dir='ltr' id='par_1_71' title="bbox 575 5268 2142 5336">
     <span class='ocr_line' id='line_1_71' title="bbox 575 5268 2142 5336; baseline -0.005 -10"><span class='ocrx_word' id='word_1_495' title='bbox 575 5268 813 5329; x_wconf 67' lang='lat' dir='ltr'><strong>invenire</strong></span> <span class='ocrx_word' id='word_1_496' title='bbox 844 5272 994 5323; x_wconf 55' lang='lat' dir='ltr'><strong>nobis</strong></span> <span class='ocrx_word' id='word_1_497' title='bbox 1026 5270 1250 5322; x_wconf 70' lang='lat' dir='ltr'><strong>lolii-iter</strong></span> <span class='ocrx_word' id='word_1_498' title='bbox 1277 5269 1493 5336; x_wconf 76' lang='lat' dir='ltr'><strong>Contigit</strong></span> <span class='ocrx_word' id='word_1_499' title='bbox 1518 5284 1533 5320; x_wconf 90' lang='lat'><strong>:</strong></span> <span class='ocrx_word' id='word_1_500' title='bbox 1563 5270 1611 5320; x_wconf 86' lang='lat' dir='ltr'><strong>in</strong></span> <span class='ocrx_word' id='word_1_501' title='bbox 1641 5283 1741 5333; x_wconf 86' lang='lat' dir='ltr'><strong>qua</strong></span> <span class='ocrx_word' id='word_1_502' title='bbox 1773 5268 1986 5332; x_wconf 73' lang='lat' dir='ltr'><strong>quidem</strong></span> <span class='ocrx_word' id='word_1_503' title='bbox 2022 5270 2142 5320; x_wconf 84' lang='lat' dir='ltr'><strong>ulli-</strong></span> 
     </span>
    </p>
   </div>
   <div class='ocr_carea' id='block_1_72' title="bbox 575 5339 2150 5408">
    <p class='ocr_par' dir='ltr' id='par_1_72' title="bbox 575 5339 2150 5408">
     <span class='ocr_line' id='line_1_72' title="bbox 575 5339 2150 5408; baseline -0.003 -12"><span class='ocrx_word' id='word_1_504' title='bbox 575 5362 656 5396; x_wconf 83' lang='lat' dir='ltr'><strong>ma</strong></span> <span class='ocrx_word' id='word_1_505' title='bbox 685 5342 877 5396; x_wconf 76' lang='lat' dir='ltr'><strong>Leonis</strong></span> <span class='ocrx_word' id='word_1_506' title='bbox 906 5342 1130 5408; x_wconf 77' lang='lat' dir='ltr'><strong>epistola</strong></span> <span class='ocrx_word' id='word_1_507' title='bbox 1177 5352 1259 5393; x_wconf 76' lang='lat' dir='ltr'><strong>BSt</strong></span> <span class='ocrx_word' id='word_1_508' title='bbox 1295 5340 1402 5397; x_wconf 80' lang='lat' dir='ltr'><strong>Illa.</strong></span> <span class='ocrx_word' id='word_1_509' title='bbox 1433 5356 1551 5403; x_wconf 74' lang='lat' dir='ltr'><strong>qua:</strong></span> <span class='ocrx_word' id='word_1_510' title='bbox 1578 5356 1605 5390; x_wconf 90' lang='lat' dir='ltr'><strong>a</strong></span> <span class='ocrx_word' id='word_1_511' title='bbox 1643 5339 1851 5403; x_wconf 62' lang='lat' dir='ltr'><strong>Pelagio</strong></span> <span class='ocrx_word' id='word_1_512' title='bbox 1883 5340 1921 5389; x_wconf 92' lang='lat' dir='ltr'><strong>ll</strong></span> <span class='ocrx_word' id='word_1_513' title='bbox 1956 5340 2150 5392; x_wconf 75' lang='lat' dir='ltr'><strong>indica-</strong></span> 
     </span>
    </p>
   </div>
   <div class='ocr_carea' id='block_1_73' title="bbox 575 5408 2149 5478">
    <p class='ocr_par' dir='ltr' id='par_1_73' title="bbox 575 5408 2149 5478">
     <span class='ocr_line' id='line_1_73' title="bbox 575 5408 2149 5478; baseline -0.005 -10"><span class='ocrx_word' id='word_1_514' title='bbox 575 5426 693 5477; x_wconf 87' lang='lat' dir='ltr'><strong>tur;</strong></span> <span class='ocrx_word' id='word_1_515' title='bbox 724 5427 948 5478; x_wconf 63' lang='lat' dir='ltr'><strong>camqne</strong></span> <span class='ocrx_word' id='word_1_516' title='bbox 990 5429 1110 5464; x_wconf 78' lang='lat' dir='ltr'><strong>esse</strong></span> <span class='ocrx_word' id='word_1_517' title='bbox 1137 5410 1506 5463; x_wconf 84' lang='lat' dir='ltr'><strong>collectionem</strong></span> <span class='ocrx_word' id='word_1_518' title='bbox 1535 5425 1562 5460; x_wconf 90' lang='lat' dir='ltr'><strong>a</strong></span> <span class='ocrx_word' id='word_1_519' title='bbox 1602 5408 1790 5477; x_wconf 78' lang='lat' dir='ltr'><strong>Vigtlzo</strong></span> <span class='ocrx_word' id='word_1_520' title='bbox 1840 5423 1973 5475; x_wconf 83' lang='lat' dir='ltr'><strong>papa</strong></span> <span class='ocrx_word' id='word_1_521' title='bbox 2003 5425 2149 5461; x_wconf 82' lang='lat' dir='ltr'><strong>cotti-</strong></span> 
     </span>
    </p>
   </div>
   <div class='ocr_carea' id='block_1_74' title="bbox 575 5480 2148 5555">
    <p class='ocr_par' dir='ltr' id='par_1_74' title="bbox 575 5480 2148 5555">
     <span class='ocr_line' id='line_1_74' title="bbox 575 5480 2148 5555; baseline -0.004 -19"><span class='ocrx_word' id='word_1_522' title='bbox 575 5496 791 5555; x_wconf 80' lang='lat' dir='ltr'><strong>pactattt</strong></span> <span class='ocrx_word' id='word_1_523' title='bbox 811 5493 865 5555; x_wconf 83' lang='lat' dir='ltr'><strong>et</strong></span> <span class='ocrx_word' id='word_1_524' title='bbox 893 5484 1179 5555; x_wconf 67' lang='lat' dir='ltr'><strong>tttdicalaut</strong></span> <span class='ocrx_word' id='word_1_525' title='bbox 1214 5484 1283 5555; x_wconf 81' lang='lat' dir='ltr'><strong>ab</strong></span> <span class='ocrx_word' id='word_1_526' title='bbox 1310 5483 1497 5532; x_wconf 79' lang='lat' dir='ltr'><strong>eodem</strong></span> <span class='ocrx_word' id='word_1_527' title='bbox 1538 5480 2148 5555; x_wconf 42' lang='lat' dir='ltr'><strong>i’clngrostendemus</strong></span> 
     </span>
    </p>
   </div>
   <div class='ocr_carea' id='block_1_75' title="bbox 575 5547 2147 5622">
    <p class='ocr_par' dir='ltr' id='par_1_75' title="bbox 575 5547 2147 5622">
     <span class='ocr_line' id='line_1_75' title="bbox 575 5547 2147 5622; baseline -0.004 -13"><span class='ocrx_word' id='word_1_528' title='bbox 575 5547 627 5610; x_wconf 84' lang='lat' dir='ltr'><strong>in</strong></span> <span class='ocrx_word' id='word_1_529' title='bbox 662 5553 969 5622; x_wconf 73' lang='lat' dir='ltr'><strong>prtrfalimte</strong></span> <span class='ocrx_word' id='word_1_530' title='bbox 999 5554 1061 5604; x_wconf 88' lang='lat' dir='ltr'><strong>ad</strong></span> <span class='ocrx_word' id='word_1_531' title='bbox 1088 5550 1350 5615; x_wconf 58' lang='lat' dir='ltr'><strong>Epistolis</strong></span> <span class='ocrx_word' id='word_1_532' title='bbox 1372 5564 1577 5602; x_wconf 68' lang='lat' dir='ltr'><strong>numer.</strong></span> <span class='ocrx_word' id='word_1_533' title='bbox 1605 5547 1692 5622; x_wconf 53' lang='lat'><strong>4‘2.</strong></span> <span class='ocrx_word' id='word_1_534' title='bbox 1720 5548 1848 5622; x_wconf 83' lang='lat' dir='ltr'><strong>lliuc</strong></span> <span class='ocrx_word' id='word_1_535' title='bbox 1869 5550 2147 5622; x_wconf 70' lang='lat' dir='ltr'><strong>Quesnelli</strong></span> 
     </span>
    </p>
   </div>
   <div class='ocr_carea' id='block_1_76' title="bbox 577 5620 2151 5695">
    <p class='ocr_par' dir='ltr' id='par_1_76' title="bbox 577 5620 2151 5695">
     <span class='ocr_line' id='line_1_76' title="bbox 577 5620 2151 5695; baseline -0.003 -16"><span class='ocrx_word' id='word_1_536' title='bbox 577 5620 868 5695; x_wconf 75' lang='lat' dir='ltr'><strong>inquisitio,</strong></span> <span class='ocrx_word' id='word_1_537' title='bbox 904 5640 1025 5678; x_wconf 90' lang='lat' dir='ltr'><strong>num</strong></span> <span class='ocrx_word' id='word_1_538' title='bbox 1062 5628 1173 5674; x_wconf 74' lang='lat' dir='ltr'><strong>tneo</strong></span> <span class='ocrx_word' id='word_1_539' title='bbox 1199 5622 1445 5695; x_wconf 71' lang='lat' dir='ltr'><strong>collectio</strong></span> <span class='ocrx_word' id='word_1_540' title='bbox 1474 5620 1788 5695; x_wconf 67' lang='lat' dir='ltr'><strong>exhibentur</strong></span> <span class='ocrx_word' id='word_1_541' title='bbox 1810 5621 1861 5695; x_wconf 78' lang='lat' dir='ltr'><strong>in</strong></span> <span class='ocrx_word' id='word_1_542' title='bbox 1887 5620 2151 5695; x_wconf 71' lang='lat' dir='ltr'><strong>&#39;l‘buaneo</strong></span> 
     </span>
    </p>
   </div>
   <div class='ocr_carea' id='block_1_77' title="bbox 574 5690 2154 5760">
    <p class='ocr_par' dir='ltr' id='par_1_77' title="bbox 574 5690 2154 5760">
     <span class='ocr_line' id='line_1_77' title="bbox 574 5690 2154 5760; baseline -0.004 -9"><span class='ocrx_word' id='word_1_543' title='bbox 574 5690 779 5760; x_wconf 85' lang='lat' dir='ltr'><strong>codice,</strong></span> <span class='ocrx_word' id='word_1_544' title='bbox 831 5699 1048 5749; x_wconf 84' lang='lat' dir='ltr'><strong>omnino</strong></span> <span class='ocrx_word' id='word_1_545' title='bbox 1094 5693 1394 5760; x_wconf 77' lang='lat' dir='ltr'><strong>superflua,</strong></span> <span class='ocrx_word' id='word_1_546' title='bbox 1429 5704 1480 5745; x_wconf 92' lang='lat' dir='ltr'><strong>et</strong></span> <span class='ocrx_word' id='word_1_547' title='bbox 1508 5691 1723 5744; x_wconf 82' lang='lat' dir='ltr'><strong>aliunde</strong></span> <span class='ocrx_word' id='word_1_548' title='bbox 1766 5691 1928 5760; x_wconf 84' lang='lat' dir='ltr'><strong>etiam</strong></span> <span class='ocrx_word' id='word_1_549' title='bbox 1980 5690 2154 5760; x_wconf 85' lang='lat' dir='ltr'><strong>inanis</strong></span> 
     </span>
    </p>
   </div>
   <div class='ocr_carea' id='block_1_78' title="bbox 575 5759 2120 5823">
    <p class='ocr_par' dir='ltr' id='par_1_78' title="bbox 575 5759 2120 5823">
     <span class='ocr_line' id='line_1_78' title="bbox 575 5759 2120 5823; baseline -0.005 0"><span class='ocrx_word' id='word_1_550' title='bbox 575 5777 680 5823; x_wconf 81' lang='lat' dir='ltr'><strong>est.</strong></span> <span class='ocrx_word' id='word_1_551' title='bbox 712 5759 842 5821; x_wconf 83' lang='lat' dir='ltr'><strong>cum</strong></span> <span class='ocrx_word' id='word_1_552' title='bbox 874 5770 1013 5823; x_wconf 88' lang='lat' dir='ltr'><strong>enim</strong></span> <span class='ocrx_word' id='word_1_553' title='bbox 1045 5770 1093 5819; x_wconf 88' lang='lat' dir='ltr'><strong>in</strong></span> <span class='ocrx_word' id='word_1_554' title='bbox 1139 5759 1237 5817; x_wconf 83' lang='lat' dir='ltr'><strong>hoc</strong></span> <span class='ocrx_word' id='word_1_555' title='bbox 1266 5762 1450 5816; x_wconf 76' lang='lat' dir='ltr'><strong>Codice</strong></span> <span class='ocrx_word' id='word_1_556' title='bbox 1475 5762 1780 5817; x_wconf 88' lang='lat' dir='ltr'><strong>eontinetur</strong></span> <span class='ocrx_word' id='word_1_557' title='bbox 1802 5759 2055 5816; x_wconf 77' lang='lat' dir='ltr'><strong>collectio</strong></span> <span class='ocrx_word' id='word_1_558' title='bbox 2084 5760 2120 5815; x_wconf 80' lang='lat'><strong>5</strong></span> 
     </span>
    </p>
   </div>
   <div class='ocr_carea' id='block_1_79' title="bbox 2250 1877 3859 1937">
    <p class='ocr_par' dir='ltr' id='par_1_79' title="bbox 2250 1877 3859 1937">
     <span class='ocr_line' id='line_1_79' title="bbox 2250 1877 3859 1937; baseline -0.002 0"><span class='ocrx_word' id='word_1_559' title='bbox 2250 1883 2500 1937; x_wconf 88' lang='lat' dir='ltr'><strong>ciliorum</strong></span> <span class='ocrx_word' id='word_1_560' title='bbox 2531 1879 2791 1935; x_wconf 67' lang='lat' dir='ltr'><strong>GallimJ.</strong></span> <span class='ocrx_word' id='word_1_561' title='bbox 2815 1877 3112 1935; x_wconf 84' lang='lat' dir='ltr'><strong>Sirmondi.</strong></span> <span class='ocrx_word' id='word_1_562' title='bbox 3148 1877 3368 1933; x_wconf 89' lang='lat' dir='ltr'><strong>Unicam</strong></span> <span class='ocrx_word' id='word_1_563' title='bbox 3403 1880 3565 1931; x_wconf 84' lang='lat' dir='ltr'><strong>etiam</strong></span> <span class='ocrx_word' id='word_1_564' title='bbox 3600 1878 3859 1934; x_wconf 81' lang='lat' dir='ltr'><strong>transcri-</strong></span> 
     </span>
    </p>
   </div>
   <div class='ocr_carea' id='block_1_80' title="bbox 2254 1970 3862 2046">
    <p class='ocr_par' dir='ltr' id='par_1_80' title="bbox 2254 1970 3862 2046">
     <span class='ocr_line' id='line_1_80' title="bbox 2254 1970 3862 2046; baseline -0.001 -17"><span class='ocrx_word' id='word_1_565' title='bbox 2254 1976 2461 2046; x_wconf 89' lang='lat' dir='ltr'><strong>psimus</strong></span> <span class='ocrx_word' id='word_1_566' title='bbox 2483 1989 2549 2029; x_wconf 79' lang='lat' dir='ltr'><strong>ex</strong></span> <span class='ocrx_word' id='word_1_567' title='bbox 2581 1973 2911 2028; x_wconf 75' lang='lat' dir='ltr'><strong>Bibliotheca</strong></span> <span class='ocrx_word' id='word_1_568' title='bbox 2960 1971 3329 2037; x_wconf 85' lang='lat' dir='ltr'><strong>Floriacensi;</strong></span> <span class='ocrx_word' id='word_1_569' title='bbox 3374 1970 3470 2026; x_wconf 89' lang='lat' dir='ltr'><strong>sed</strong></span> <span class='ocrx_word' id='word_1_570' title='bbox 3505 1971 3677 2041; x_wconf 83' lang='lat' dir='ltr'><strong>cujus</strong></span> <span class='ocrx_word' id='word_1_571' title='bbox 3727 1973 3862 2029; x_wconf 89' lang='lat' dir='ltr'><strong>ﬁdes</strong></span> 
     </span>
    </p>
   </div>
   <div class='ocr_carea' id='block_1_81' title="bbox 2254 2066 2813 2139">
    <p class='ocr_par' dir='ltr' id='par_1_81' title="bbox 2254 2066 2813 2139">
     <span class='ocr_line' id='line_1_81' title="bbox 2254 2066 2813 2139; baseline -0.005 -17"><span class='ocrx_word' id='word_1_572' title='bbox 2254 2068 2546 2139; x_wconf 89' lang='lat' dir='ltr'><strong>plurimum</strong></span> <span class='ocrx_word' id='word_1_573' title='bbox 2578 2066 2813 2120; x_wconf 88' lang='lat' dir='ltr'><strong>vacillat.</strong></span> 
     </span>
    </p>
   </div>
   <div class='ocr_carea' id='block_1_82' title="bbox 2331 2155 3859 2229">
    <p class='ocr_par' dir='ltr' id='par_1_82' title="bbox 2331 2155 3859 2229">
     <span class='ocr_line' id='line_1_82' title="bbox 2331 2155 3859 2229; baseline -0.002 -14"><span class='ocrx_word' id='word_1_574' title='bbox 2331 2160 2394 2214; x_wconf 87' lang='lat' dir='ltr'><strong>V.</strong></span> <span class='ocrx_word' id='word_1_575' title='bbox 2428 2159 2532 2215; x_wconf 88' lang='lat' dir='ltr'><strong>Sed</strong></span> <span class='ocrx_word' id='word_1_576' title='bbox 2556 2160 2737 2229; x_wconf 82' lang='lat' dir='ltr'><strong>viginti</strong></span> <span class='ocrx_word' id='word_1_577' title='bbox 2766 2167 2820 2213; x_wconf 89' lang='lat' dir='ltr'><strong>et</strong></span> <span class='ocrx_word' id='word_1_578' title='bbox 2847 2155 2970 2214; x_wconf 80' lang='lat' dir='ltr'><strong>octo</strong></span> <span class='ocrx_word' id='word_1_579' title='bbox 3007 2158 3242 2228; x_wconf 85' lang='lat' dir='ltr'><strong>insignes</strong></span> <span class='ocrx_word' id='word_1_580' title='bbox 3268 2156 3529 2227; x_wconf 83' lang='lat' dir='ltr'><strong>epistolas</strong></span> <span class='ocrx_word' id='word_1_581' title='bbox 3557 2156 3727 2212; x_wconf 89' lang='lat' dir='ltr'><strong>debet</strong></span> <span class='ocrx_word' id='word_1_582' title='bbox 3756 2156 3859 2211; x_wconf 85' lang='lat' dir='ltr'><strong>Ec-</strong></span> 
     </span>
    </p>
   </div>
   <div class='ocr_carea' id='block_1_83' title="bbox 2254 2248 3860 2317">
    <p class='ocr_par' dir='ltr' id='par_1_83' title="bbox 2254 2248 3860 2317">
     <span class='ocr_line' id='line_1_83' title="bbox 2254 2248 3860 2317; baseline -0.003 -8"><span class='ocrx_word' id='word_1_583' title='bbox 2254 2253 2420 2309; x_wconf 90' lang='lat' dir='ltr'><strong>clesia</strong></span> <span class='ocrx_word' id='word_1_584' title='bbox 2462 2252 2642 2307; x_wconf 88' lang='lat' dir='ltr'><strong>Codici</strong></span> <span class='ocrx_word' id='word_1_585' title='bbox 2693 2251 2996 2306; x_wconf 81' lang='lat' dir='ltr'><strong>Cardinalis</strong></span> <span class='ocrx_word' id='word_1_586' title='bbox 3047 2250 3309 2304; x_wconf 87' lang='lat' dir='ltr'><strong>Dominici</strong></span> <span class='ocrx_word' id='word_1_587' title='bbox 3358 2248 3602 2305; x_wconf 87' lang='lat' dir='ltr'><strong>Grimatti</strong></span> <span class='ocrx_word' id='word_1_588' title='bbox 3631 2289 3646 2313; x_wconf 87' lang='lat'><strong>,</strong></span> <span class='ocrx_word' id='word_1_589' title='bbox 3694 2264 3860 2317; x_wconf 87' lang='lat' dir='ltr'><strong>quem</strong></span> 
     </span>
    </p>
   </div>
   <div class='ocr_carea' id='block_1_84' title="bbox 2254 2339 3863 2401">
    <p class='ocr_par' dir='ltr' id='par_1_84' title="bbox 2254 2339 3863 2401">
     <span class='ocr_line' id='line_1_84' title="bbox 2254 2339 3863 2401; baseline -0.001 -2"><span class='ocrx_word' id='word_1_590' title='bbox 2254 2344 2579 2401; x_wconf 81' lang='lat' dir='ltr'><strong>bibliotheca</strong></span> <span class='ocrx_word' id='word_1_591' title='bbox 2629 2344 2822 2399; x_wconf 87' lang='lat' dir='ltr'><strong>domus</strong></span> <span class='ocrx_word' id='word_1_592' title='bbox 2873 2343 3225 2397; x_wconf 89' lang='lat' dir='ltr'><strong>lnstitutionis</strong></span> <span class='ocrx_word' id='word_1_593' title='bbox 3272 2339 3503 2395; x_wconf 89' lang='lat' dir='ltr'><strong>Oratorii</strong></span> <span class='ocrx_word' id='word_1_594' title='bbox 3534 2342 3599 2395; x_wconf 85' lang='grc' dir='ltr'><strong>ι).</strong></span> <span class='ocrx_word' id='word_1_595' title='bbox 3640 2339 3775 2395; x_wconf 81' lang='lat' dir='ltr'><strong>Jesu</strong></span> <span class='ocrx_word' id='word_1_596' title='bbox 3805 2340 3863 2399; x_wconf 86' lang='lat' dir='ltr'><strong>in</strong></span> 
     </span>
    </p>
   </div>
   <div class='ocr_carea' id='block_1_85' title="bbox 2254 2432 3865 2502">
    <p class='ocr_par' dir='ltr' id='par_1_85' title="bbox 2254 2432 3865 2502">
     <span class='ocr_line' id='line_1_85' title="bbox 2254 2432 3865 2502; baseline -0.002 -9"><span class='ocrx_word' id='word_1_597' title='bbox 2254 2436 2541 2493; x_wconf 77' lang='lat' dir='ltr'><strong>Parisiensi</strong></span> <span class='ocrx_word' id='word_1_598' title='bbox 2570 2437 2627 2491; x_wconf 94' lang='lat' dir='ltr'><strong>S.</strong></span> <span class='ocrx_word' id='word_1_599' title='bbox 2660 2437 2932 2492; x_wconf 84' lang='lat' dir='ltr'><strong>Michaelis</strong></span> <span class='ocrx_word' id='word_1_600' title='bbox 2959 2435 3220 2489; x_wconf 89' lang='lat' dir='ltr'><strong>suburhio</strong></span> <span class='ocrx_word' id='word_1_601' title='bbox 3253 2449 3394 2488; x_wconf 88' lang='lat' dir='ltr'><strong>nunc</strong></span> <span class='ocrx_word' id='word_1_602' title='bbox 3429 2432 3682 2502; x_wconf 72' lang='lat' dir='ltr'><strong>possidet</strong></span> <span class='ocrx_word' id='word_1_603' title='bbox 3713 2433 3865 2490; x_wconf 88' lang='lat' dir='ltr'><strong>dono</strong></span> 
     </span>
    </p>
   </div>
   <div class='ocr_carea' id='block_1_86' title="bbox 2255 2526 3861 2599">
    <p class='ocr_par' dir='ltr' id='par_1_86' title="bbox 2255 2526 3861 2599">
     <span class='ocr_line' id='line_1_86' title="bbox 2255 2526 3861 2599; baseline -0.001 -17"><span class='ocrx_word' id='word_1_604' title='bbox 2255 2541 2532 2599; x_wconf 90' lang='lat' dir='ltr'><strong>acceptum</strong></span> <span class='ocrx_word' id='word_1_605' title='bbox 2565 2543 2594 2582; x_wconf 90' lang='lat' dir='ltr'><strong>a</strong></span> <span class='ocrx_word' id='word_1_606' title='bbox 2629 2529 2690 2582; x_wconf 72' lang='grc' dir='ltr'><strong>Β.</strong></span> <span class='ocrx_word' id='word_1_607' title='bbox 2727 2529 2785 2583; x_wconf 85' lang='grc' dir='ltr'><strong>Ρ.</strong></span> <span class='ocrx_word' id='word_1_608' title='bbox 2813 2529 3026 2583; x_wconf 80' lang='lat' dir='ltr'><strong>Andrea</strong></span> <span class='ocrx_word' id='word_1_609' title='bbox 3053 2526 3121 2582; x_wconf 89' lang='lat' dir='ltr'><strong>de</strong></span> <span class='ocrx_word' id='word_1_610' title='bbox 3152 2526 3377 2580; x_wconf 81' lang='lat' dir='ltr'><strong>Berziau</strong></span> <span class='ocrx_word' id='word_1_611' title='bbox 3406 2526 3650 2580; x_wconf 88' lang='lat' dir='ltr'><strong>Oratorii</strong></span> <span class='ocrx_word' id='word_1_612' title='bbox 3698 2542 3861 2592; x_wconf 89' lang='lat' dir='ltr'><strong>pres-</strong></span> 
     </span>
    </p>
   </div>
   <div class='ocr_carea' id='block_1_87' title="bbox 2256 2618 3870 2697">
    <p class='ocr_par' dir='ltr' id='par_1_87' title="bbox 2256 2618 3870 2697">
     <span class='ocr_line' id='line_1_87' title="bbox 2256 2618 3870 2697; baseline -0.004 -17"><span class='ocrx_word' id='word_1_613' title='bbox 2256 2624 2448 2697; x_wconf 86' lang='lat' dir='ltr'><strong>bytero</strong></span> <span class='ocrx_word' id='word_1_614' title='bbox 2490 2624 2557 2677; x_wconf 92' lang='lat' dir='ltr'><strong>de</strong></span> <span class='ocrx_word' id='word_1_615' title='bbox 2586 2623 2773 2676; x_wconf 89' lang='lat' dir='ltr'><strong>eadem</strong></span> <span class='ocrx_word' id='word_1_616' title='bbox 2804 2624 2965 2675; x_wconf 89' lang='lat' dir='ltr'><strong>domo</strong></span> <span class='ocrx_word' id='word_1_617' title='bbox 3009 2620 3147 2673; x_wconf 88' lang='lat' dir='ltr'><strong>bene</strong></span> <span class='ocrx_word' id='word_1_618' title='bbox 3196 2621 3406 2671; x_wconf 82' lang='lat' dir='ltr'><strong>merito.</strong></span> <span class='ocrx_word' id='word_1_619' title='bbox 3445 2618 3586 2672; x_wconf 90' lang='lat' dir='ltr'><strong>lluie</strong></span> <span class='ocrx_word' id='word_1_620' title='bbox 3629 2619 3822 2673; x_wconf 82' lang='lat' dir='ltr'><strong>Codex</strong></span> <span class='ocrx_word' id='word_1_621' title='bbox 3847 2657 3870 2689; x_wconf 82' lang='lat'><strong>,</strong></span> 
     </span>
    </p>
   </div>
   <div class='ocr_carea' id='block_1_88' title="bbox 2253 2708 3869 2786">
    <p class='ocr_par' dir='ltr' id='par_1_88' title="bbox 2253 2708 3869 2786">
     <span class='ocr_line' id='line_1_88' title="bbox 2253 2708 3869 2786; baseline -0.004 -17"><span class='ocrx_word' id='word_1_622' title='bbox 2253 2726 2494 2786; x_wconf 73' lang='lat' dir='ltr'><strong>paterna:</strong></span> <span class='ocrx_word' id='word_1_623' title='bbox 2524 2712 2855 2767; x_wconf 64' lang='lat' dir='ltr'><strong>haereditatis</strong></span> <span class='ocrx_word' id='word_1_624' title='bbox 2912 2725 3036 2779; x_wconf 90' lang='lat' dir='ltr'><strong>pars</strong></span> <span class='ocrx_word' id='word_1_625' title='bbox 3076 2723 3182 2762; x_wconf 92' lang='lat' dir='ltr'><strong>non</strong></span> <span class='ocrx_word' id='word_1_626' title='bbox 3235 2708 3515 2775; x_wconf 82' lang='lat' dir='ltr'><strong>ignobilis,</strong></span> <span class='ocrx_word' id='word_1_627' title='bbox 3557 2708 3799 2764; x_wconf 86' lang='lat' dir='ltr'><strong>obvenit</strong></span> <span class='ocrx_word' id='word_1_628' title='bbox 3840 2724 3869 2763; x_wconf 91' lang='lat' dir='ltr'><strong>a</strong></span> 
     </span>
    </p>
   </div>
   <div class='ocr_carea' id='block_1_89' title="bbox 2255 2800 3874 2873">
    <p class='ocr_par' dir='ltr' id='par_1_89' title="bbox 2255 2800 3874 2873">
     <span class='ocr_line' id='line_1_89' title="bbox 2255 2800 3874 2873; baseline -0.002 -10"><span class='ocrx_word' id='word_1_629' title='bbox 2255 2806 2594 2864; x_wconf 86' lang='lat' dir='ltr'><strong>nobilissimo</strong></span> <span class='ocrx_word' id='word_1_630' title='bbox 2622 2807 2759 2873; x_wconf 88' lang='lat' dir='ltr'><strong>viro,</strong></span> <span class='ocrx_word' id='word_1_631' title='bbox 2811 2812 3031 2870; x_wconf 74' lang='lat' dir='ltr'><strong>parente</strong></span> <span class='ocrx_word' id='word_1_632' title='bbox 3057 2815 3178 2869; x_wconf 88' lang='lat' dir='ltr'><strong>suo,</strong></span> <span class='ocrx_word' id='word_1_633' title='bbox 3206 2800 3494 2855; x_wconf 78' lang='lat' dir='ltr'><strong>Theodoro</strong></span> <span class='ocrx_word' id='word_1_634' title='bbox 3522 2800 3598 2854; x_wconf 86' lang='lat' dir='ltr'><strong>de</strong></span> <span class='ocrx_word' id='word_1_635' title='bbox 3633 2801 3874 2859; x_wconf 85' lang='lat' dir='ltr'><strong>Berziau</strong></span> 
     </span>
    </p>
   </div>
   <div class='ocr_carea' id='block_1_90' title="bbox 2255 2894 3876 2967">
    <p class='ocr_par' dir='ltr' id='par_1_90' title="bbox 2255 2894 3876 2967">
     <span class='ocr_line' id='line_1_90' title="bbox 2255 2894 3876 2967; baseline -0.005 -10"><span class='ocrx_word' id='word_1_636' title='bbox 2255 2901 2525 2957; x_wconf 89' lang='lat' dir='ltr'><strong>Classium</strong></span> <span class='ocrx_word' id='word_1_637' title='bbox 2580 2898 3042 2967; x_wconf 87' lang='lat' dir='ltr'><strong>lnquisitoriarum</strong></span> <span class='ocrx_word' id='word_1_638' title='bbox 3088 2897 3137 2947; x_wconf 93' lang='lat' dir='ltr'><strong>in</strong></span> <span class='ocrx_word' id='word_1_639' title='bbox 3166 2895 3312 2949; x_wconf 89' lang='lat' dir='ltr'><strong>curia</strong></span> <span class='ocrx_word' id='word_1_640' title='bbox 3348 2894 3646 2947; x_wconf 78' lang='lat' dir='ltr'><strong>l’arisiensi</strong></span> <span class='ocrx_word' id='word_1_641' title='bbox 3675 2894 3876 2964; x_wconf 62' lang='lat' dir='ltr'><strong>prmsi~</strong></span> 
     </span>
    </p>
   </div>
   <div class='ocr_carea' id='block_1_91' title="bbox 2254 2985 3877 3059">
    <p class='ocr_par' dir='ltr' id='par_1_91' title="bbox 2254 2985 3877 3059">
     <span class='ocr_line' id='line_1_91' title="bbox 2254 2985 3877 3059; baseline -0.004 -11"><span class='ocrx_word' id='word_1_642' title='bbox 2254 2995 2353 3059; x_wconf 88' lang='lat' dir='ltr'><strong>de,</strong></span> <span class='ocrx_word' id='word_1_643' title='bbox 2387 3009 2497 3048; x_wconf 91' lang='lat' dir='ltr'><strong>non</strong></span> <span class='ocrx_word' id='word_1_644' title='bbox 2543 2993 2683 3045; x_wconf 87' lang='lat' dir='ltr'><strong>avita</strong></span> <span class='ocrx_word' id='word_1_645' title='bbox 2730 2992 2900 3043; x_wconf 71' lang='lat' dir='ltr'><strong>solum</strong></span> <span class='ocrx_word' id='word_1_646' title='bbox 2942 2987 3218 3042; x_wconf 88' lang='lat' dir='ltr'><strong>nobilitate</strong></span> <span class='ocrx_word' id='word_1_647' title='bbox 3245 3027 3259 3050; x_wconf 92' lang='lat'><strong>,</strong></span> <span class='ocrx_word' id='word_1_648' title='bbox 3316 2985 3409 3039; x_wconf 90' lang='lat' dir='ltr'><strong>sed</strong></span> <span class='ocrx_word' id='word_1_649' title='bbox 3442 2986 3670 3054; x_wconf 88' lang='lat' dir='ltr'><strong>propria</strong></span> <span class='ocrx_word' id='word_1_650' title='bbox 3700 2988 3877 3042; x_wconf 78' lang='lat' dir='ltr'><strong>etiam</strong></span> 
     </span>
    </p>
   </div>
   <div class='ocr_carea' id='block_1_92' title="bbox 2257 3078 3880 3155">
    <p class='ocr_par' dir='ltr' id='par_1_92' title="bbox 2257 3078 3880 3155">
     <span class='ocr_line' id='line_1_92' title="bbox 2257 3078 3880 3155; baseline -0.005 -15"><span class='ocrx_word' id='word_1_651' title='bbox 2257 3087 2416 3142; x_wconf 88' lang='lat' dir='ltr'><strong>laude</strong></span> <span class='ocrx_word' id='word_1_652' title='bbox 2464 3096 2684 3155; x_wconf 86' lang='lat' dir='ltr'><strong>prepter</strong></span> <span class='ocrx_word' id='word_1_653' title='bbox 2726 3082 2952 3136; x_wconf 76' lang='lat' dir='ltr'><strong>eximias</strong></span> <span class='ocrx_word' id='word_1_654' title='bbox 3000 3081 3165 3134; x_wconf 92' lang='lat' dir='ltr'><strong>animi</strong></span> <span class='ocrx_word' id='word_1_655' title='bbox 3211 3079 3388 3142; x_wconf 88' lang='lat' dir='ltr'><strong>dotes,</strong></span> <span class='ocrx_word' id='word_1_656' title='bbox 3440 3078 3880 3147; x_wconf 82' lang='lat' dir='ltr'><strong>litterarumque</strong></span> 
     </span>
    </p>
   </div>
   <div class='ocr_carea' id='block_1_93' title="bbox 2260 3169 3883 3246">
    <p class='ocr_par' dir='ltr' id='par_1_93' title="bbox 2260 3169 3883 3246">
     <span class='ocr_line' id='line_1_93' title="bbox 2260 3169 3883 3246; baseline -0.003 -14"><span class='ocrx_word' id='word_1_657' title='bbox 2260 3178 2496 3233; x_wconf 87' lang='lat' dir='ltr'><strong>studium</strong></span> <span class='ocrx_word' id='word_1_658' title='bbox 2521 3178 2795 3246; x_wconf 86' lang='lat' dir='ltr'><strong>singulare</strong></span> <span class='ocrx_word' id='word_1_659' title='bbox 2815 3174 3135 3227; x_wconf 53' lang='lat' dir='ltr'><strong>clarissimo.</strong></span> <span class='ocrx_word' id='word_1_660' title='bbox 3167 3170 3219 3224; x_wconf 84' lang='lat' dir='ltr'><strong>Is</strong></span> <span class='ocrx_word' id='word_1_661' title='bbox 3251 3186 3410 3239; x_wconf 88' lang='lat' dir='ltr'><strong>porro</strong></span> <span class='ocrx_word' id='word_1_662' title='bbox 3429 3169 3704 3226; x_wconf 85' lang='lat' dir='ltr'><strong>Codicetn</strong></span> <span class='ocrx_word' id='word_1_663' title='bbox 3738 3171 3883 3227; x_wconf 88' lang='lat' dir='ltr'><strong>Leo-</strong></span> 
     </span>
    </p>
   </div>
   <div class='ocr_carea' id='block_1_94' title="bbox 2258 3263 3883 3336">
    <p class='ocr_par' dir='ltr' id='par_1_94' title="bbox 2258 3263 3883 3336">
     <span class='ocr_line' id='line_1_94' title="bbox 2258 3263 3883 3336; baseline -0.003 -11"><span class='ocrx_word' id='word_1_664' title='bbox 2258 3271 2443 3325; x_wconf 88' lang='lat' dir='ltr'><strong>ninum</strong></span> <span class='ocrx_word' id='word_1_665' title='bbox 2492 3286 2614 3323; x_wconf 87' lang='lat' dir='ltr'><strong>cum</strong></span> <span class='ocrx_word' id='word_1_666' title='bbox 2647 3269 2767 3322; x_wconf 76' lang='lat' dir='ltr'><strong>aliis</strong></span> <span class='ocrx_word' id='word_1_667' title='bbox 2794 3269 3009 3336; x_wconf 71' lang='lat' dir='ltr'><strong>optima:</strong></span> <span class='ocrx_word' id='word_1_668' title='bbox 3040 3273 3178 3319; x_wconf 60' lang='lat' dir='ltr'><strong>notio</strong></span> <span class='ocrx_word' id='word_1_669' title='bbox 3211 3264 3397 3319; x_wconf 87' lang='lat' dir='ltr'><strong>habuit</strong></span> <span class='ocrx_word' id='word_1_670' title='bbox 3426 3278 3457 3318; x_wconf 87' lang='lat' dir='ltr'><strong>a</strong></span> <span class='ocrx_word' id='word_1_671' title='bbox 3510 3263 3733 3319; x_wconf 85' lang='lat' dir='ltr'><strong>Vitrico</strong></span> <span class='ocrx_word' id='word_1_672' title='bbox 3778 3280 3883 3320; x_wconf 90' lang='lat' dir='ltr'><strong>suo</strong></span> 
     </span>
    </p>
   </div>
   <div class='ocr_carea' id='block_1_95' title="bbox 2257 3357 3886 3427">
    <p class='ocr_par' dir='ltr' id='par_1_95' title="bbox 2257 3357 3886 3427">
     <span class='ocr_line' id='line_1_95' title="bbox 2257 3357 3886 3427; baseline -0.004 -8"><span class='ocrx_word' id='word_1_673' title='bbox 2257 3363 2625 3419; x_wconf 89' lang='lat' dir='ltr'><strong>illustrissimo</strong></span> <span class='ocrx_word' id='word_1_674' title='bbox 2654 3361 2864 3417; x_wconf 84' lang='lat' dir='ltr'><strong>Andrea</strong></span> <span class='ocrx_word' id='word_1_675' title='bbox 2900 3361 3120 3414; x_wconf 86' lang='lat' dir='ltr'><strong>Hnralto</strong></span> <span class='ocrx_word' id='word_1_676' title='bbox 3170 3358 3393 3413; x_wconf 61' lang='lat' dir='ltr'><strong>Messazo</strong></span> <span class='ocrx_word' id='word_1_677' title='bbox 3427 3357 3685 3427; x_wconf 76' lang='lat' dir='ltr'><strong>Regibus</strong></span> <span class='ocrx_word' id='word_1_678' title='bbox 3717 3358 3886 3413; x_wconf 87' lang='lat' dir='ltr'><strong>Chri-</strong></span> 
     </span>
    </p>
   </div>
   <div class='ocr_carea' id='block_1_96' title="bbox 2257 3448 3886 3517">
    <p class='ocr_par' dir='ltr' id='par_1_96' title="bbox 2257 3448 3886 3517">
     <span class='ocr_line' id='line_1_96' title="bbox 2257 3448 3886 3517; baseline -0.006 -4"><span class='ocrx_word' id='word_1_679' title='bbox 2257 3454 2605 3513; x_wconf 80' lang='lat' dir='ltr'><strong>stianissitnis</strong></span> <span class='ocrx_word' id='word_1_680' title='bbox 2631 3452 2829 3508; x_wconf 69' lang='lat' dir='ltr'><strong>Carolo</strong></span> <span class='ocrx_word' id='word_1_681' title='bbox 2858 3451 2950 3517; x_wconf 83' lang='lat' dir='ltr'><strong>IX,</strong></span> <span class='ocrx_word' id='word_1_682' title='bbox 2994 3451 3227 3505; x_wconf 89' lang='lat' dir='ltr'><strong>llenrico</strong></span> <span class='ocrx_word' id='word_1_683' title='bbox 3261 3448 3323 3502; x_wconf 94' lang='lat' dir='ltr'><strong>lll</strong></span> <span class='ocrx_word' id='word_1_684' title='bbox 3357 3458 3410 3503; x_wconf 88' lang='lat' dir='ltr'><strong>et</strong></span> <span class='ocrx_word' id='word_1_685' title='bbox 3440 3448 3695 3502; x_wconf 78' lang='lat' dir='ltr'><strong>lletirico</strong></span> <span class='ocrx_word' id='word_1_686' title='bbox 3728 3448 3827 3513; x_wconf 85' lang='lat' dir='ltr'><strong>IV.</strong></span> <span class='ocrx_word' id='word_1_687' title='bbox 3851 3464 3886 3504; x_wconf 65' lang='grc' dir='ltr'>ε</span> 
     </span>
    </p>
   </div>
   <div class='ocr_carea' id='block_1_97' title="bbox 2258 3539 3889 3611">
    <p class='ocr_par' dir='ltr' id='par_1_97' title="bbox 2258 3539 3889 3611">
     <span class='ocr_line' id='line_1_97' title="bbox 2258 3539 3889 3611; baseline -0.004 -8"><span class='ocrx_word' id='word_1_688' title='bbox 2258 3547 2618 3603; x_wconf 87' lang='lat' dir='ltr'><strong>sanctioribus</strong></span> <span class='ocrx_word' id='word_1_689' title='bbox 2647 3544 2911 3609; x_wconf 88' lang='lat' dir='ltr'><strong>consiliis,</strong></span> <span class='ocrx_word' id='word_1_690' title='bbox 2954 3544 3067 3597; x_wconf 83' lang='lat' dir='ltr'><strong>viro</strong></span> <span class='ocrx_word' id='word_1_691' title='bbox 3098 3544 3148 3595; x_wconf 90' lang='lat' dir='ltr'><strong>in</strong></span> <span class='ocrx_word' id='word_1_692' title='bbox 3178 3539 3472 3595; x_wconf 88' lang='lat' dir='ltr'><strong>tractandis</strong></span> <span class='ocrx_word' id='word_1_693' title='bbox 3508 3540 3768 3611; x_wconf 85' lang='lat' dir='ltr'><strong>publicis</strong></span> <span class='ocrx_word' id='word_1_694' title='bbox 3792 3556 3889 3597; x_wconf 90' lang='lat' dir='ltr'><strong>re-</strong></span> 
     </span>
    </p>
   </div>
   <div class='ocr_carea' id='block_1_98' title="bbox 2258 3631 3881 3708">
    <p class='ocr_par' dir='ltr' id='par_1_98' title="bbox 2258 3631 3881 3708">
     <span class='ocr_line' id='line_1_98' title="bbox 2258 3631 3881 3708; baseline -0.005 -13"><span class='ocrx_word' id='word_1_695' title='bbox 2258 3640 2359 3695; x_wconf 89' lang='lat' dir='ltr'><strong>bus</strong></span> <span class='ocrx_word' id='word_1_696' title='bbox 2391 3638 2685 3708; x_wconf 70' lang='lat' dir='ltr'><strong>prudoutitc</strong></span> <span class='ocrx_word' id='word_1_697' title='bbox 2725 3636 3166 3703; x_wconf 80' lang='lat' dir='ltr'><strong>dexteritatisque</strong></span> <span class='ocrx_word' id='word_1_698' title='bbox 3216 3649 3322 3686; x_wconf 93' lang='lat' dir='ltr'><strong>non</strong></span> <span class='ocrx_word' id='word_1_699' title='bbox 3371 3631 3648 3701; x_wconf 87' lang='lat' dir='ltr'><strong>vulgaris,</strong></span> <span class='ocrx_word' id='word_1_700' title='bbox 3705 3633 3881 3704; x_wconf 86' lang='lat' dir='ltr'><strong>quem</strong></span> 
     </span>
    </p>
   </div>
   <div class='ocr_carea' id='block_1_99' title="bbox 2259 3720 3891 3788">
    <p class='ocr_par' dir='ltr' id='par_1_99' title="bbox 2259 3720 3891 3788">
     <span class='ocr_line' id='line_1_99' title="bbox 2259 3720 3891 3788; baseline -0.005 0"><span class='ocrx_word' id='word_1_701' title='bbox 2259 3733 2644 3788; x_wconf 82' lang='lat' dir='ltr'><strong>celeberrimus</strong></span> <span class='ocrx_word' id='word_1_702' title='bbox 2693 3728 2942 3780; x_wconf 88' lang='lat' dir='ltr'><strong>lluraltns</strong></span> <span class='ocrx_word' id='word_1_703' title='bbox 2967 3725 3301 3779; x_wconf 81' lang='lat' dir='ltr'><strong>Clievcrnius</strong></span> <span class='ocrx_word' id='word_1_704' title='bbox 3350 3720 3613 3778; x_wconf 65' lang='lat' dir='ltr'><strong>Francia:</strong></span> <span class='ocrx_word' id='word_1_705' title='bbox 3657 3726 3891 3780; x_wconf 85' lang='lat' dir='ltr'><strong>cancel-</strong></span> 
     </span>
    </p>
   </div>
   <div class='ocr_carea' id='block_1_100' title="bbox 2261 3815 3892 3890">
    <p class='ocr_par' dir='ltr' id='par_1_100' title="bbox 2261 3815 3892 3890">
     <span class='ocr_line' id='line_1_100' title="bbox 2261 3815 3892 3890; baseline -0.006 -10"><span class='ocrx_word' id='word_1_706' title='bbox 2261 3825 2425 3880; x_wconf 88' lang='lat' dir='ltr'><strong>larius</strong></span> <span class='ocrx_word' id='word_1_707' title='bbox 2460 3821 2593 3890; x_wconf 88' lang='lat' dir='ltr'><strong>regii</strong></span> <span class='ocrx_word' id='word_1_708' title='bbox 2624 3818 2785 3888; x_wconf 79' lang='lat' dir='ltr'><strong>sigilli</strong></span> <span class='ocrx_word' id='word_1_709' title='bbox 2824 3816 3101 3872; x_wconf 88' lang='lat' dir='ltr'><strong>custodem</strong></span> <span class='ocrx_word' id='word_1_710' title='bbox 3152 3817 3314 3869; x_wconf 90' lang='lat' dir='ltr'><strong>etiam</strong></span> <span class='ocrx_word' id='word_1_711' title='bbox 3347 3829 3406 3869; x_wconf 91' lang='lat' dir='ltr'><strong>se</strong></span> <span class='ocrx_word' id='word_1_712' title='bbox 3436 3815 3681 3869; x_wconf 88' lang='lat' dir='ltr'><strong>vivente</strong></span> <span class='ocrx_word' id='word_1_713' title='bbox 3711 3815 3892 3885; x_wconf 85' lang='lat' dir='ltr'><strong>deligi</strong></span> 
     </span>
    </p>
   </div>
   <div class='ocr_carea' id='block_1_101' title="bbox 2262 3906 3895 3988">
    <p class='ocr_par' dir='ltr' id='par_1_101' title="bbox 2262 3906 3895 3988">
     <span class='ocr_line' id='line_1_101' title="bbox 2262 3906 3895 3988; baseline -0.004 -16"><span class='ocrx_word' id='word_1_714' title='bbox 2262 3924 2601 3988; x_wconf 78' lang='lat' dir='ltr'><strong>pemptarat,</strong></span> <span class='ocrx_word' id='word_1_715' title='bbox 2650 3930 2808 3982; x_wconf 88' lang='lat' dir='ltr'><strong>quem</strong></span> <span class='ocrx_word' id='word_1_716' title='bbox 2841 3911 3071 3977; x_wconf 89' lang='lat' dir='ltr'><strong>denique</strong></span> <span class='ocrx_word' id='word_1_717' title='bbox 3100 3908 3313 3978; x_wconf 89' lang='lat' dir='ltr'><strong>gemina</strong></span> <span class='ocrx_word' id='word_1_718' title='bbox 3361 3906 3427 3959; x_wconf 87' lang='lat' dir='ltr'><strong>ad</strong></span> <span class='ocrx_word' id='word_1_719' title='bbox 3457 3909 3895 3977; x_wconf 83' lang='lat' dir='ltr'><strong>rempublicam</strong></span> 
     </span>
    </p>
   </div>
   <div class='ocr_carea' id='block_1_102' title="bbox 2260 3996 3897 4078">
    <p class='ocr_par' dir='ltr' id='par_1_102' title="bbox 2260 3996 3897 4078">
     <span class='ocr_line' id='line_1_102' title="bbox 2260 3996 3897 4078; baseline -0.005 -8"><span class='ocrx_word' id='word_1_720' title='bbox 2260 3996 2519 4070; x_wconf 71' lang='lat' dir='ltr'><strong>Venetam</strong></span> <span class='ocrx_word' id='word_1_721' title='bbox 2593 4011 2790 4078; x_wconf 72' lang='lat' dir='ltr'><strong>legatio</strong></span> <span class='ocrx_word' id='word_1_722' title='bbox 2837 4006 3172 4060; x_wconf 86' lang='lat' dir='ltr'><strong>difﬁcillimis</strong></span> <span class='ocrx_word' id='word_1_723' title='bbox 3236 4003 3585 4072; x_wconf 89' lang='lat' dir='ltr'><strong>temporibus</strong></span> <span class='ocrx_word' id='word_1_724' title='bbox 3644 4004 3897 4062; x_wconf 80' lang='lat' dir='ltr'><strong>feliciter</strong></span> 
     </span>
    </p>
   </div>
   <div class='ocr_carea' id='block_1_103' title="bbox 2259 4097 3897 4163">
    <p class='ocr_par' dir='ltr' id='par_1_103' title="bbox 2259 4097 3897 4163">
     <span class='ocr_line' id='line_1_103' title="bbox 2259 4097 3897 4163; baseline -0.004 0"><span class='ocrx_word' id='word_1_725' title='bbox 2259 4108 2403 4163; x_wconf 84' lang='lat' dir='ltr'><strong>obita</strong></span> <span class='ocrx_word' id='word_1_726' title='bbox 2431 4106 2634 4159; x_wconf 84' lang='lat' dir='ltr'><strong>clarum</strong></span> <span class='ocrx_word' id='word_1_727' title='bbox 2667 4102 2918 4157; x_wconf 84' lang='lat' dir='ltr'><strong>reddidit.</strong></span> <span class='ocrx_word' id='word_1_728' title='bbox 2945 4098 2992 4153; x_wconf 68' lang='lat' dir='ltr'><strong>Is</strong></span> <span class='ocrx_word' id='word_1_729' title='bbox 3029 4114 3149 4154; x_wconf 89' lang='lat' dir='ltr'><strong>cum</strong></span> <span class='ocrx_word' id='word_1_730' title='bbox 3175 4112 3238 4152; x_wconf 86' lang='lat' dir='ltr'><strong>ea</strong></span> <span class='ocrx_word' id='word_1_731' title='bbox 3269 4097 3571 4153; x_wconf 82' lang='lat' dir='ltr'><strong>Occasione</strong></span> <span class='ocrx_word' id='word_1_732' title='bbox 3629 4098 3897 4156; x_wconf 79' lang='lat' dir='ltr'><strong>Venetiis</strong></span> 
     </span>
    </p>
   </div>
   <div class='ocr_carea' id='block_1_104' title="bbox 2259 4192 3899 4271">
    <p class='ocr_par' dir='ltr' id='par_1_104' title="bbox 2259 4192 3899 4271">
     <span class='ocr_line' id='line_1_104' title="bbox 2259 4192 3899 4271; baseline -0.002 -17"><span class='ocrx_word' id='word_1_733' title='bbox 2259 4212 2485 4271; x_wconf 85' lang='lat' dir='ltr'><strong>ageret,</strong></span> <span class='ocrx_word' id='word_1_734' title='bbox 2518 4209 2575 4252; x_wconf 92' lang='lat' dir='ltr'><strong>ut</strong></span> <span class='ocrx_word' id='word_1_735' title='bbox 2618 4208 2734 4252; x_wconf 86' lang='lat' dir='ltr'><strong>erat</strong></span> <span class='ocrx_word' id='word_1_736' title='bbox 2770 4195 3068 4249; x_wconf 87' lang='lat' dir='ltr'><strong>litterarum</strong></span> <span class='ocrx_word' id='word_1_737' title='bbox 3115 4192 3557 4247; x_wconf 86' lang='lat' dir='ltr'><strong>studiosissimus</strong></span> <span class='ocrx_word' id='word_1_738' title='bbox 3586 4236 3605 4263; x_wconf 83' lang='lat'><strong>,</strong></span> <span class='ocrx_word' id='word_1_739' title='bbox 3642 4193 3899 4264; x_wconf 86' lang='lat' dir='ltr'><strong>plurima</strong></span> 
     </span>
    </p>
   </div>
   <div class='ocr_carea' id='block_1_105' title="bbox 2260 4284 3898 4358">
    <p class='ocr_par' dir='ltr' id='par_1_105' title="bbox 2260 4284 3898 4358">
     <span class='ocr_line' id='line_1_105' title="bbox 2260 4284 3898 4358; baseline -0.013 -10"><span class='ocrx_word' id='word_1_740' title='bbox 2260 4294 2582 4347; x_wconf 84' lang='lat' dir='ltr'><strong>selectorum</strong></span> <span class='ocrx_word' id='word_1_741' title='bbox 2630 4287 2887 4341; x_wconf 79' lang='lat' dir='ltr'><strong>librorum</strong></span> <span class='ocrx_word' id='word_1_742' title='bbox 2920 4284 3214 4347; x_wconf 86' lang='lat' dir='ltr'><strong>volumina,</strong></span> <span class='ocrx_word' id='word_1_743' title='bbox 3250 4284 3443 4352; x_wconf 84' lang='lat' dir='ltr'><strong>partim</strong></span> <span class='ocrx_word' id='word_1_744' title='bbox 3473 4297 3731 4355; x_wconf 79' lang='lat' dir='ltr'><strong>excusa,</strong></span> <span class='ocrx_word' id='word_1_745' title='bbox 3764 4301 3898 4358; x_wconf 65' lang='lat' dir='ltr'><strong>par-</strong></span> 
     </span>
    </p>
   </div>
   <div class='ocr_carea' id='block_1_106' title="bbox 2264 4375 3901 4447">
    <p class='ocr_par' dir='ltr' id='par_1_106' title="bbox 2264 4375 3901 4447">
     <span class='ocr_line' id='line_1_106' title="bbox 2264 4375 3901 4447; baseline -0.009 -10"><span class='ocrx_word' id='word_1_746' title='bbox 2264 4385 2357 4437; x_wconf 90' lang='lat' dir='ltr'><strong>tim</strong></span> <span class='ocrx_word' id='word_1_747' title='bbox 2392 4380 2753 4447; x_wconf 62' lang='lat' dir='ltr'><strong>tnanuscripta</strong></span> <span class='ocrx_word' id='word_1_748' title='bbox 2784 4378 3070 4447; x_wconf 78' lang='lat' dir='ltr'><strong>diligenter</strong></span> <span class='ocrx_word' id='word_1_749' title='bbox 3119 4375 3483 4444; x_wconf 89' lang='lat' dir='ltr'><strong>conquisivit,</strong></span> <span class='ocrx_word' id='word_1_750' title='bbox 3522 4381 3777 4445; x_wconf 78' lang='lat' dir='ltr'><strong>pecunia</strong></span> <span class='ocrx_word' id='word_1_751' title='bbox 3805 4398 3901 4436; x_wconf 68' lang='lat' dir='ltr'><strong>re-</strong></span> 
     </span>
    </p>
   </div>
   <div class='ocr_carea' id='block_1_107' title="bbox 2258 4467 3901 4539">
    <p class='ocr_par' dir='ltr' id='par_1_107' title="bbox 2258 4467 3901 4539">
     <span class='ocr_line' id='line_1_107' title="bbox 2258 4467 3901 4539; baseline 0.001 -11"><span class='ocrx_word' id='word_1_752' title='bbox 2258 4475 2448 4533; x_wconf 79' lang='lat' dir='ltr'><strong>deruit,</strong></span> <span class='ocrx_word' id='word_1_753' title='bbox 2484 4473 2644 4539; x_wconf 90' lang='lat' dir='ltr'><strong>inque</strong></span> <span class='ocrx_word' id='word_1_754' title='bbox 2674 4469 2876 4524; x_wconf 83' lang='lat' dir='ltr'><strong>Gallias</strong></span> <span class='ocrx_word' id='word_1_755' title='bbox 2904 4476 3185 4534; x_wconf 83' lang='lat' dir='ltr'><strong>exportata</strong></span> <span class='ocrx_word' id='word_1_756' title='bbox 3214 4481 3326 4519; x_wconf 75' lang='lat' dir='ltr'><strong>sua:</strong></span> <span class='ocrx_word' id='word_1_757' title='bbox 3353 4467 3548 4522; x_wconf 90' lang='lat' dir='ltr'><strong>intulit</strong></span> <span class='ocrx_word' id='word_1_758' title='bbox 3580 4469 3901 4529; x_wconf 77' lang='lat' dir='ltr'><strong>bibliothe-</strong></span> 
     </span>
    </p>
   </div>
   <div class='ocr_carea' id='block_1_108' title="bbox 2255 4558 3904 4632">
    <p class='ocr_par' dir='ltr' id='par_1_108' title="bbox 2255 4558 3904 4632">
     <span class='ocr_line' id='line_1_108' title="bbox 2255 4558 3904 4632; baseline 0.001 -15"><span class='ocrx_word' id='word_1_759' title='bbox 2255 4579 2354 4617; x_wconf 60' lang='lat' dir='ltr'><strong>cae.</strong></span> <span class='ocrx_word' id='word_1_760' title='bbox 2401 4565 2473 4616; x_wconf 77' lang='lat' dir='ltr'><strong>Ex</strong></span> <span class='ocrx_word' id='word_1_761' title='bbox 2527 4560 2684 4629; x_wconf 88' lang='lat' dir='ltr'><strong>lmjus</strong></span> <span class='ocrx_word' id='word_1_762' title='bbox 2734 4574 2872 4628; x_wconf 81' lang='lat' dir='ltr'><strong>penu</strong></span> <span class='ocrx_word' id='word_1_763' title='bbox 2898 4558 3008 4625; x_wconf 88' lang='lat' dir='ltr'><strong>jam</strong></span> <span class='ocrx_word' id='word_1_764' title='bbox 3051 4572 3082 4609; x_wconf 87' lang='lat' dir='ltr'><strong>a</strong></span> <span class='ocrx_word' id='word_1_765' title='bbox 3124 4558 3465 4626; x_wconf 88' lang='lat' dir='ltr'><strong>septuaginta</strong></span> <span class='ocrx_word' id='word_1_766' title='bbox 3523 4569 3588 4615; x_wconf 87' lang='lat' dir='ltr'><strong>et</strong></span> <span class='ocrx_word' id='word_1_767' title='bbox 3640 4564 3904 4632; x_wconf 82' lang='lat' dir='ltr'><strong>quinque</strong></span> 
     </span>
    </p>
   </div>
   <div class='ocr_carea' id='block_1_109' title="bbox 2258 4648 3902 4723">
    <p class='ocr_par' dir='ltr' id='par_1_109' title="bbox 2258 4648 3902 4723">
     <span class='ocr_line' id='line_1_109' title="bbox 2258 4648 3902 4723; baseline 0.003 -15"><span class='ocrx_word' id='word_1_768' title='bbox 2258 4655 2413 4708; x_wconf 85' lang='lat' dir='ltr'><strong>annis</strong></span> <span class='ocrx_word' id='word_1_769' title='bbox 2438 4652 2619 4723; x_wconf 88' lang='lat' dir='ltr'><strong>aliqua</strong></span> <span class='ocrx_word' id='word_1_770' title='bbox 2650 4650 2860 4722; x_wconf 83' lang='lat' dir='ltr'><strong>Synesii</strong></span> <span class='ocrx_word' id='word_1_771' title='bbox 2883 4649 3148 4719; x_wconf 88' lang='lat' dir='ltr'><strong>Opuscnla</strong></span> <span class='ocrx_word' id='word_1_772' title='bbox 3170 4648 3356 4705; x_wconf 62' lang='lat' dir='ltr'><strong>Graeca</strong></span> <span class='ocrx_word' id='word_1_773' title='bbox 3388 4651 3668 4717; x_wconf 86' lang='lat' dir='ltr'><strong>prodiere</strong></span> <span class='ocrx_word' id='word_1_774' title='bbox 3705 4658 3902 4713; x_wconf 86' lang='lat' dir='ltr'><strong>smdio</strong></span> 
     </span>
    </p>
   </div>
   <div class='ocr_carea' id='block_1_110' title="bbox 2262 4740 3902 4820">
    <p class='ocr_par' dir='ltr' id='par_1_110' title="bbox 2262 4740 3902 4820">
     <span class='ocr_line' id='line_1_110' title="bbox 2262 4740 3902 4820; baseline 0.004 -21"><span class='ocrx_word' id='word_1_775' title='bbox 2262 4743 2536 4799; x_wconf 86' lang='lat' dir='ltr'><strong>Frederici</strong></span> <span class='ocrx_word' id='word_1_776' title='bbox 2568 4742 2772 4798; x_wconf 69' lang='lat' dir='ltr'><strong>Muri-lli</strong></span> <span class='ocrx_word' id='word_1_777' title='bbox 2798 4743 2945 4812; x_wconf 75' lang='lat' dir='ltr'><strong>Regii</strong></span> <span class='ocrx_word' id='word_1_778' title='bbox 2967 4749 3095 4797; x_wconf 88' lang='lat' dir='ltr'><strong>tunc</strong></span> <span class='ocrx_word' id='word_1_779' title='bbox 3118 4742 3168 4795; x_wconf 90' lang='lat' dir='ltr'><strong>in</strong></span> <span class='ocrx_word' id='word_1_780' title='bbox 3193 4740 3486 4797; x_wconf 84' lang='lat' dir='ltr'><strong>Academia</strong></span> <span class='ocrx_word' id='word_1_781' title='bbox 3512 4748 3902 4820; x_wconf 85' lang='lat' dir='ltr'><strong>professoris,</strong></span> 
     </span>
    </p>
   </div>
   <div class='ocr_carea' id='block_1_111' title="bbox 2259 4830 3907 4904">
    <p class='ocr_par' dir='ltr' id='par_1_111' title="bbox 2259 4830 3907 4904">
     <span class='ocr_line' id='line_1_111' title="bbox 2259 4830 3907 4904; baseline 0.004 -15"><span class='ocrx_word' id='word_1_782' title='bbox 2259 4850 2361 4904; x_wconf 83' lang='lat' dir='ltr'><strong>Ope</strong></span> <span class='ocrx_word' id='word_1_783' title='bbox 2406 4850 2508 4887; x_wconf 87' lang='lat' dir='ltr'><strong>ms.</strong></span> <span class='ocrx_word' id='word_1_784' title='bbox 2540 4833 2741 4887; x_wconf 88' lang='lat' dir='ltr'><strong>codicis</strong></span> <span class='ocrx_word' id='word_1_785' title='bbox 2792 4832 2986 4897; x_wconf 67' lang='lat' dir='ltr'><strong>Graeci,</strong></span> <span class='ocrx_word' id='word_1_786' title='bbox 3039 4832 3127 4901; x_wconf 92' lang='lat' dir='ltr'><strong>qui</strong></span> <span class='ocrx_word' id='word_1_787' title='bbox 3175 4830 3447 4900; x_wconf 79' lang='lat' dir='ltr'><strong>Episwlas</strong></span> <span class='ocrx_word' id='word_1_788' title='bbox 3480 4844 3545 4888; x_wconf 87' lang='lat' dir='ltr'><strong>et</strong></span> <span class='ocrx_word' id='word_1_789' title='bbox 3588 4836 3907 4895; x_wconf 88' lang='lat' dir='ltr'><strong>Tractatus</strong></span> 
     </span>
    </p>
   </div>
   <div class='ocr_carea' id='block_1_112' title="bbox 2257 4925 3911 4998">
    <p class='ocr_par' dir='ltr' id='par_1_112' title="bbox 2257 4925 3911 4998">
     <span class='ocr_line' id='line_1_112' title="bbox 2257 4925 3911 4998; baseline 0.008 -21"><span class='ocrx_word' id='word_1_790' title='bbox 2257 4928 2462 4998; x_wconf 88' lang='lat' dir='ltr'><strong>aliquot</strong></span> <span class='ocrx_word' id='word_1_791' title='bbox 2505 4927 2766 4989; x_wconf 88' lang='lat' dir='ltr'><strong>continet,</strong></span> <span class='ocrx_word' id='word_1_792' title='bbox 2799 4940 2907 4996; x_wconf 87' lang='lat' dir='ltr'><strong>quo</strong></span> <span class='ocrx_word' id='word_1_793' title='bbox 2948 4925 3111 4980; x_wconf 90' lang='lat' dir='ltr'><strong>etiam</strong></span> <span class='ocrx_word' id='word_1_794' title='bbox 3142 4939 3274 4980; x_wconf 89' lang='lat' dir='ltr'><strong>usus</strong></span> <span class='ocrx_word' id='word_1_795' title='bbox 3301 4934 3405 4993; x_wconf 76' lang='grc' dir='ltr'><strong>εει,</strong></span> <span class='ocrx_word' id='word_1_796' title='bbox 3454 4939 3776 4989; x_wconf 87' lang='lat' dir='ltr'><strong>mutuante</strong></span> <span class='ocrx_word' id='word_1_797' title='bbox 3807 4950 3911 4991; x_wconf 82' lang='lat' dir='ltr'><strong>eo-</strong></span> 
     </span>
    </p>
   </div>
   <div class='ocr_carea' id='block_1_113' title="bbox 2251 5118 3912 5197">
    <p class='ocr_par' dir='ltr' id='par_1_113' title="bbox 2251 5118 3912 5197">
     <span class='ocr_line' id='line_1_113' title="bbox 2251 5118 3912 5197; baseline 0.005 -22"><span class='ocrx_word' id='word_1_798' title='bbox 2251 5139 2409 5197; x_wconf 87' lang='lat' dir='ltr'><strong>quam</strong></span> <span class='ocrx_word' id='word_1_799' title='bbox 2435 5136 2539 5177; x_wconf 93' lang='lat' dir='ltr'><strong>non</strong></span> <span class='ocrx_word' id='word_1_800' title='bbox 2564 5120 2859 5175; x_wconf 82' lang='lat' dir='ltr'><strong>Romanam</strong></span> <span class='ocrx_word' id='word_1_801' title='bbox 2882 5118 2975 5197; x_wconf 82' lang='lat' dir='ltr'><strong>sed</strong></span> <span class='ocrx_word' id='word_1_802' title='bbox 2997 5118 3525 5197; x_wconf 73' lang='lat' dir='ltr'><strong>Gallicanam_tom_o_</strong></span> <span class='ocrx_word' id='word_1_803' title='bbox 3549 5125 3741 5182; x_wconf 87' lang='lat' dir='ltr'><strong>tertio</strong></span> <span class='ocrx_word' id='word_1_804' title='bbox 3771 5145 3912 5197; x_wconf 81' lang='lat' dir='ltr'><strong>pro—</strong></span> 
     </span>
    </p>
   </div>
   <div class='ocr_carea' id='block_1_114' title="bbox 2250 5189 3909 5259">
    <p class='ocr_par' dir='ltr' id='par_1_114' title="bbox 2250 5189 3909 5259">
     <span class='ocr_line' id='line_1_114' title="bbox 2250 5189 3909 5259; baseline 0 -11"><span class='ocrx_word' id='word_1_805' title='bbox 2250 5189 2529 5259; x_wconf 74' lang='lat' dir='ltr'><strong>babimus;</strong></span> <span class='ocrx_word' id='word_1_806' title='bbox 2579 5207 2688 5247; x_wconf 89' lang='lat' dir='ltr'><strong>tum</strong></span> <span class='ocrx_word' id='word_1_807' title='bbox 2736 5207 2862 5246; x_wconf 82' lang='lat' dir='ltr'><strong>vero</strong></span> <span class='ocrx_word' id='word_1_808' title='bbox 2924 5190 3117 5244; x_wconf 84' lang='lat' dir='ltr'><strong>Leonis</strong></span> <span class='ocrx_word' id='word_1_809' title='bbox 3155 5192 3396 5253; x_wconf 68' lang='lat' dir='ltr'><strong>epistola:</strong></span> <span class='ocrx_word' id='word_1_810' title='bbox 3454 5189 3535 5245; x_wconf 72' lang='lat'><strong>32</strong></span> <span class='ocrx_word' id='word_1_811' title='bbox 3580 5197 3642 5250; x_wconf 89' lang='lat' dir='ltr'><strong>in</strong></span> <span class='ocrx_word' id='word_1_812' title='bbox 3696 5189 3909 5257; x_wconf 60' lang='lat' dir='ltr'><strong>eadem</strong></span> 
     </span>
    </p>
   </div>
   <div class='ocr_carea' id='block_1_115' title="bbox 2250 5262 3908 5338">
    <p class='ocr_par' dir='ltr' id='par_1_115' title="bbox 2250 5262 3908 5338">
     <span class='ocr_line' id='line_1_115' title="bbox 2250 5262 3908 5338; baseline 0.008 -24"><span class='ocrx_word' id='word_1_813' title='bbox 2250 5269 2459 5338; x_wconf 73' lang='lat' dir='ltr'><strong>collect.</strong></span> <span class='ocrx_word' id='word_1_814' title='bbox 2486 5267 2521 5321; x_wconf 85' lang='lat'><strong>5</strong></span> <span class='ocrx_word' id='word_1_815' title='bbox 2544 5278 2786 5328; x_wconf 71' lang='lat' dir='ltr'><strong>prttltttus</strong></span> <span class='ocrx_word' id='word_1_816' title='bbox 2806 5264 3095 5338; x_wconf 57' lang='lat' dir='ltr'><strong>descripta;</strong></span> <span class='ocrx_word' id='word_1_817' title='bbox 3116 5262 3529 5338; x_wconf 76' lang='lat' dir='ltr'><strong>desinunt,uon</strong></span> <span class='ocrx_word' id='word_1_818' title='bbox 3553 5264 3618 5321; x_wconf 85' lang='lat' dir='ltr'><strong>in</strong></span> <span class='ocrx_word' id='word_1_819' title='bbox 3650 5271 3908 5338; x_wconf 83' lang='lat' dir='ltr'><strong>epistola</strong></span> 
     </span>
    </p>
   </div>
   <div class='ocr_carea' id='block_1_116' title="bbox 2250 5333 3910 5412">
    <p class='ocr_par' dir='ltr' id='par_1_116' title="bbox 2250 5333 3910 5412">
     <span class='ocr_line' id='line_1_116' title="bbox 2250 5333 3910 5412; baseline 0.004 -25"><span class='ocrx_word' id='word_1_820' title='bbox 2250 5340 2313 5412; x_wconf 78' lang='lat' dir='ltr'><strong>ad</strong></span> <span class='ocrx_word' id='word_1_821' title='bbox 2346 5337 2576 5390; x_wconf 71' lang='lat' dir='ltr'><strong>Leonem</strong></span> <span class='ocrx_word' id='word_1_822' title='bbox 2618 5341 2912 5412; x_wconf 76' lang='lat' dir='ltr'><strong>Augustum</strong></span> <span class='ocrx_word' id='word_1_823' title='bbox 2939 5375 2952 5395; x_wconf 87' lang='lat'><em>.</em></span> <span class='ocrx_word' id='word_1_824' title='bbox 3004 5334 3097 5412; x_wconf 66' lang='lat' dir='ltr'><strong>sed</strong></span> <span class='ocrx_word' id='word_1_825' title='bbox 3129 5333 3181 5412; x_wconf 77' lang='lat' dir='ltr'><strong>in</strong></span> <span class='ocrx_word' id='word_1_826' title='bbox 3217 5334 3450 5412; x_wconf 76' lang='lat' dir='ltr'><strong>epi~to_la</strong></span> <span class='ocrx_word' id='word_1_827' title='bbox 3502 5340 3579 5412; x_wconf 74' lang='lat' dir='ltr'><strong>ad</strong></span> <span class='ocrx_word' id='word_1_828' title='bbox 3621 5333 3860 5412; x_wconf 68' lang='lat' dir='ltr'><strong>_Diit&#39;ttm</strong></span> <span class='ocrx_word' id='word_1_829' title='bbox 3892 5360 3910 5412; x_wconf 89' lang='lat'><strong>;</strong></span> 
     </span>
    </p>
   </div>
   <div class='ocr_carea' id='block_1_117' title="bbox 2250 5402 3913 5471">
    <p class='ocr_par' dir='ltr' id='par_1_117' title="bbox 2250 5402 3913 5471">
     <span class='ocr_line' id='line_1_117' title="bbox 2250 5402 3913 5471; baseline 0.005 -11"><span class='ocrx_word' id='word_1_830' title='bbox 2250 5409 2387 5460; x_wconf 44' lang='lat' dir='ltr'><strong>adeo</strong></span> <span class='ocrx_word' id='word_1_831' title='bbox 2443 5418 2501 5459; x_wconf 92' lang='lat' dir='ltr'><strong>ut</strong></span> <span class='ocrx_word' id='word_1_832' title='bbox 2547 5422 2607 5457; x_wconf 82' lang='lat' dir='ltr'><strong>ea</strong></span> <span class='ocrx_word' id='word_1_833' title='bbox 2639 5402 2847 5468; x_wconf 74' lang='lat' dir='ltr'><strong>solum,</strong></span> <span class='ocrx_word' id='word_1_834' title='bbox 2880 5420 3001 5471; x_wconf 64' lang='lat' dir='ltr'><strong>qua:</strong></span> <span class='ocrx_word' id='word_1_835' title='bbox 3057 5406 3178 5457; x_wconf 90' lang='lat' dir='ltr'><strong>huic</strong></span> <span class='ocrx_word' id='word_1_836' title='bbox 3215 5402 3468 5471; x_wconf 71' lang='lat' dir='ltr'><strong>epismlze</strong></span> <span class='ocrx_word' id='word_1_837' title='bbox 3506 5410 3566 5461; x_wconf 91' lang='lat' dir='ltr'><strong>in</strong></span> <span class='ocrx_word' id='word_1_838' title='bbox 3619 5402 3913 5469; x_wconf 67' lang='lat' dir='ltr'><strong>Thuaned</strong></span> 
     </span>
    </p>
   </div>
   <div class='ocr_carea' id='block_1_118' title="bbox 2250 5476 3912 5555">
    <p class='ocr_par' dir='ltr' id='par_1_118' title="bbox 2250 5476 3912 5555">
     <span class='ocr_line' id='line_1_118' title="bbox 2250 5476 3912 5555; baseline 0.006 -23"><span class='ocrx_word' id='word_1_839' title='bbox 2250 5480 2438 5555; x_wconf 59' lang='lat' dir='ltr'><strong>codice</strong></span> <span class='ocrx_word' id='word_1_840' title='bbox 2462 5477 2853 5555; x_wconf 71' lang='lat' dir='ltr'><strong>subjiciuntur,</strong></span> <span class='ocrx_word' id='word_1_841' title='bbox 2882 5478 3250 5554; x_wconf 78' lang='lat' dir='ltr'><strong>additamenta</strong></span> <span class='ocrx_word' id='word_1_842' title='bbox 3284 5476 3392 5555; x_wconf 69' lang='lat' dir='ltr'><strong>sint</strong></span> <span class='ocrx_word' id='word_1_843' title='bbox 3418 5515 3432 5535; x_wconf 82' lang='grc'>,</span> <span class='ocrx_word' id='word_1_844' title='bbox 3474 5493 3617 5546; x_wconf 68' lang='lat' dir='ltr'><strong>qua:</strong></span> <span class='ocrx_word' id='word_1_845' title='bbox 3650 5485 3708 5539; x_wconf 87' lang='lat' dir='ltr'><strong>in</strong></span> <span class='ocrx_word' id='word_1_846' title='bbox 3746 5489 3912 5555; x_wconf 83' lang='lat' dir='ltr'><strong>puris</strong></span> 
     </span>
    </p>
   </div>
   <div class='ocr_carea' id='block_1_119' title="bbox 2250 5544 3916 5617">
    <p class='ocr_par' dir='ltr' id='par_1_119' title="bbox 2250 5544 3916 5617">
     <span class='ocr_line' id='line_1_119' title="bbox 2250 5544 3916 5617; baseline 0 -16"><span class='ocrx_word' id='word_1_847' title='bbox 2250 5550 2490 5617; x_wconf 68' lang='lat' dir='ltr'><strong>ejusdem</strong></span> <span class='ocrx_word' id='word_1_848' title='bbox 2515 5547 2847 5601; x_wconf 75' lang='lat' dir='ltr'><strong>cotleetionis</strong></span> <span class='ocrx_word' id='word_1_849' title='bbox 2887 5545 3268 5612; x_wconf 57' lang='lat' dir='ltr'><strong>tnauuseriptis</strong></span> <span class='ocrx_word' id='word_1_850' title='bbox 3323 5544 3562 5613; x_wconf 68' lang='lat' dir='ltr'><strong>desunt,</strong></span> <span class='ocrx_word' id='word_1_851' title='bbox 3602 5570 3716 5609; x_wconf 72' lang='lat' dir='ltr'><strong>nec</strong></span> <span class='ocrx_word' id='word_1_852' title='bbox 3746 5544 3916 5613; x_wconf 66' lang='lat' dir='ltr'><strong>indi-</strong></span> 
     </span>
    </p>
   </div>
   <div class='ocr_carea' id='block_1_120' title="bbox 2248 5617 3917 5696">
    <p class='ocr_par' dir='ltr' id='par_1_120' title="bbox 2248 5617 3917 5696">
     <span class='ocr_line' id='line_1_120' title="bbox 2248 5617 3917 5696; baseline 0 -23"><span class='ocrx_word' id='word_1_853' title='bbox 2248 5632 2440 5696; x_wconf 71' lang='lat' dir='ltr'><strong>cantur</strong></span> <span class='ocrx_word' id='word_1_854' title='bbox 2465 5623 2515 5671; x_wconf 88' lang='lat' dir='ltr'><strong>in</strong></span> <span class='ocrx_word' id='word_1_855' title='bbox 2545 5618 2656 5687; x_wconf 72' lang='lat' dir='ltr'><strong>ipsa</strong></span> <span class='ocrx_word' id='word_1_856' title='bbox 2687 5619 2931 5672; x_wconf 85' lang='lat' dir='ltr'><strong>Tltuauei</strong></span> <span class='ocrx_word' id='word_1_857' title='bbox 2961 5618 3166 5672; x_wconf 86' lang='lat' dir='ltr'><strong>codtcis</strong></span> <span class='ocrx_word' id='word_1_858' title='bbox 3199 5617 3406 5684; x_wconf 85' lang='lat' dir='ltr'><strong>tabula,</strong></span> <span class='ocrx_word' id='word_1_859' title='bbox 3444 5620 3551 5678; x_wconf 86' lang='lat' dir='ltr'><strong>ubi</strong></span> <span class='ocrx_word' id='word_1_860' title='bbox 3605 5629 3917 5696; x_wconf 44' lang='lat' dir='ltr'><strong>prima“;</strong></span> 
     </span>
    </p>
   </div>
   <div class='ocr_carea' id='block_1_121' title="bbox 2247 5690 3268 5761">
    <p class='ocr_par' dir='ltr' id='par_1_121' title="bbox 2247 5690 3268 5761">
     <span class='ocr_line' id='line_1_121' title="bbox 2247 5690 3268 5761; baseline -0.002 -16"><span class='ocrx_word' id='word_1_861' title='bbox 2247 5690 2473 5761; x_wconf 83' lang='lat' dir='ltr'><strong>originis</strong></span> <span class='ocrx_word' id='word_1_862' title='bbox 2505 5701 2853 5745; x_wconf 82' lang='lat' dir='ltr'><strong>monumenta</strong></span> <span class='ocrx_word' id='word_1_863' title='bbox 2897 5700 3268 5745; x_wconf 77' lang='lat' dir='ltr'><strong>recettsentur.</strong></span> 
     </span>
    </p>
   </div>
  </div>
