4014 6350
230 267 291 324 ii
631 211 651 220 ’
704 214 707 217 λ
1023 260 1080 314 ρ.
1123 255 1508 327 quasnam
1548 250 1918 313 nummo
1956 249 2021 307 lN
2060 248 2249 306 sum
2290 243 2681 309 EDl'l‘lONEM,
3026 212 3027 217 ‘
3423 250 3499 307 ιι

234 382 349 435 dein
377 376 631 445 Metello,
660 374 1007 433 doctissunus
1054 372 1305 428 Petavius
1345 388 1397 424 In
1446 386 1539 424 sua
1571 370 1811 425 omnium
1838 372 1891 427 Α
1915 364 2101 419 Leonis
2135 376 2356 418 roaicem
2393 366 2530 416 hunc
2553 359 2859 430 antiquitate
2882 357 3220 415 venerabilem
3236 358 3306 415 ad
3330 365 3378 416 te
3406 367 3493 417 do.

235 474 442 546 διικώί
468 474 704 541 Operum
744 467 984 524 editione
1025 468 1148 522 anni
1192 464 1370 532 1612,
1411 465 1565 519 annis
1596 461 1729 517 1651
1761 469 1816 516 et

238 566 372 622 1640
397 565 647 635 repetita.
682 563 939 620 Servatur
982 562 1141 618 modo
1186 561 1362 616 codex
1412 559 1514 614 iste
1543 558 1597 612 in
1625 557 1819 611 Orato-

238 658 383 713 riana
414 658 603 711 eadem
633 652 1072 710 Sammichaelini
1092 652 1331 705 snburbii
1364 648 1707 705 bibliotheca.

313 752 546 806 Venetiis
578 751 737 820 igitur
764 756 1070 817 asportatos
1098 749 1151 799 in
1186 746 1386 806 Gallias
1412 753 1619 796 nostras
1650 741 1817 795 codex

239 842 601 914 Epistolarum
633 844 689 899 S.
721 843 940 906 Leonis,
964 842 1051 909 qui
1077 842 1204 893 olim
1226 838 1400 892 fuerat
1423 835 1651 891 celi-bris
1678 834 1822 887 illius

241 938 505 994 Dominici
526 937 765 992 Grimani
791 933 1079 989 cardinalis
1113 950 1128 987 :
1175 934 1244 984 ita
1274 931 1418 985 enim
1450 930 1690 983 codicem
1728 939 1824 979 no-

242 1040 407 1087 tatum
442 1046 591 1084 num.
638 1030 774 1083 “24
803 1026 1038 1096 propria,
1074 1035 1130 1078 ut
1160 1026 1393 1089 videtur,
1431 1037 1591 1076 manu
1633 1021 1825 1074 inscri-

243 1122 647 1194 pserat:Liber
676 1121 922 1176 Daunum
943 1118 1171 1174 GRIIANI
1199 1131 1510 1171 CARDINALIS
1539 1112 1597 1168 S.
1630 1114 1825 1168 Mum.

242 1212 292 1270 Is
323 1213 427 1269 fuit
452 1215 676 1268 Antonii
699 1212 1045 1267 Venetiarum
1072 1211 1225 1264 ducis
1248 1208 1409 1273 ﬁlius,
1440 1206 1709 1271 Sabellici,
1737 1205 1829 1259 Ni—

244 1307 365 1379 phi,
394 1308 638 1389 Epsmi,
686 1306 797 1360 Pici
842 1304 1194 1369 Mirandulae,
1242 1303 1578 1371 aliorumque
1615 1297 1832 1367 scriptis

244 1388 730 1466 celebratissimus,
779 1399 1065 1467 episcopus
1102 1394 1419 1449 Portuensis
1446 1401 1498 1445 et
1528 1388 1830 1460 patriarcha

247 1493 632 1560 Aquileiensis,
657 1492 739 1546 vir
760 1489 1196 1559 inculpatissimae
1220 1489 1361 1549 vitae,
1390 1500 1527 1541 rarae
1556 1484 1607 1539 in
1627 1493 1831 1553 patrem

248 1584 502 1655 pietatis,
529 1582 771 1637 omnium
824 1582 1165 1636 scientiarum
1209 1579 1599 1648 peritissimus;
1633 1576 1720 1644 qui
1751 1576 1835 1629 iii-

247 1674 667 1731 structissimam
692 1674 834 1731 8000
857 1672 1186 1727 voluminum
1219 1670 1616 1737 bibliothecam,
1659 1666 1835 1721 omni-

249 1765 407 1835 iugis,
442 1775 499 1818 ut
518 1765 587 1819 de
613 1780 675 1820 ea
708 1765 941 1834 loquitur
964 1764 1237 1830 Erasmus,
1260 1761 1499 1815 omnium
1531 1760 1833 1828 linguarum
1864 1759 1913 1819 Β

249 1856 402 1912 libris
454 1856 709 1912 refertam
739 1857 993 1926 reliquit,
1043 1871 1199 1926 quam
1248 1854 1429 1908 nescio
1473 1868 1541 1906 an
1590 1851 1836 1907 eamdem

253 1948 400 2004 illam
431 1964 556 2003 esse
584 1957 732 2003 recte
779 1947 1099 2002 crediderim
1152 1945 1563 2011 bibliothecam,
1596 1958 1755 2013 quam
1783 1944 1838 1996 in

252 2048 480 2103 ωποΜο
511 2044 579 2099 D.
610 2044 817 2097 Antonii
851 2042 1177 2096 Venetiarum
1222 2040 1358 2093 idem
1386 2038 1687 2092 Dominicus
1714 2037 1837 2093 Gri-

255 2154 442 2191 manus
466 2135 747 2190 cardinolis
773 2140 1041 2199 exstruxit,
1068 2115 1407 2201 instruitque
1433 2130 1734 2183 marmoreis
1762 2129 1837 2183 si-

256 2233 367 2305 gnis
412 2245 479 2281 ac
526 2228 671 2281 libris
720 2225 1128 2296 exquisitissimis
1177 2222 1394 2296 publica:
1448 2222 1838 2289 commoditati,

252 2334 463 2393 sumptu
484 2323 708 2376 maximo
725 2337 744 2375 :
772 2321 911 2389 quod
937 2321 1006 2373 ita
1035 2327 1259 2373 testatur
1273 2317 1508 2372 Joannes
1533 2316 1841 2372 Dominicus

254 2415 522 2485 'l‘rsjanus
551 2416 605 2467 in
658 2412 971 2483 pra-latione
1020 2409 1253 2480 Operum
1303 2408 1573 2464 Guillelmi
1625 2409 1840 2463 Alverni

258 2508 500 2578 episcopi
555 2506 915 2571 Parisiensis,
978 2519 1204 2570 quorum
1254 2502 1545 2557 editionem
1602 2501 1841 2556 Vcnetiis

255 2600 568 2672 procuravit
596 2616 686 2654 an.
711 2600 871 2665 1591,
918 2612 1021 2667 ope
1066 2596 1328 2666 imprimis
1360 2593 1649 2649 Grimanici
1683 2594 1841 2663 hujus

256 2696 602 2752 bibliothecae
630 2695 855 2751 codicis.
890 2693 969 2747 Ex
1001 2692 1084 2745 his
1102 2691 1252 2744 libris
1284 2690 1681 2758 manuscriptus
1706 2704 1842 2742 unus

254 2788 370 2854 fuit,
396 2804 562 2859 quem
596 2788 895 2848 laudamus,
919 2798 1185 2853 quemque
1212 2793 1269 2835 ut
1296 2781 1506 2835 eximia
1529 2790 1670 2834 uotae
1695 2779 1845 2834 codi-

255 2894 368 2935 cem
399 2879 672 2935 cardinali
724 2879 991 2932 obtulerat
1034 2874 1249 2942 quidam
1296 2871 1560 2925 Antomus
1591 2871 1843 2925 Bellonus

257 2970 537 3027 Utinensis
568 2968 808 3023 Tabellio
840 2966 955 3037 (a),
1000 2963 1139 3034 quod
1188 2962 1430 3030 ejusdem
1474 2960 1702 3029 epistola
1748 2973 1843 3014 seu

255 3061 576 3117 Donationis
622 3058 834 3114 libellus
878 3056 1051 3112 codici
1097 3054 1349 3124 praeﬁxos
1402 3061 1646 3108 testatur.
1693 3052 1845 3106 Hunc

259 3154 645 3215 describimus,
679 3153 908 3222 posteris
952 3150 1158 3205 scilicet
1188 3146 1607 3216 significaturum
1639 3161 1721 3227 ex.
1741 3160 1847 3215 quo
1873 3140 1918 3201 C

256 3249 491 3317 primum
519 3249 691 3314 fonte,
723 3261 880 3316 quem
910 3244 1125 3315 quidem
1166 3243 1474 3296 noverimus
1496 3283 1509 3307 ,
1551 3240 1847 3310 prodierint

255 3351 335 3396 tot
358 3343 596 3412 egregiae
624 3340 793 3395 Leoni
816 3338 991 3408 Magni
1018 3336 1284 3406 epistolae.

256 3455 709 3511 Bererendissimo
764 3452 919 3506 D.D.
978 3451 1247 3505 Dominico
1296 3450 1544 3505 Grimano
1591 3451 1849 3504 cardinali

326 3524 734 3653 gargtiDMarci
774 3525 1026 3579 Antonius
1061 3520 1308 3577 Bellonus
1333 3521 1593 3577 Utinensis
1614 3520 1849 3577 Tabellio

331 3711 507 3763 Audio
537 3718 587 3762 te
619 3707 845 3763 Venetiis
890 3710 1081 3779 erigere
1124 3707 1513 3772 bibliothecam,
1563 3706 1851 3776 pulcherri-

256 3821 397 3857 mum
423 3801 696 3857 Grimante
721 3804 923 3855 virtutis
970 3812 1121 3868 atque
1157 3800 1526 3869 muniﬁcentia:
1569 3802 1849 3853 monimen-

253 3908 385 3961 tum,
411 3908 461 3950 et
492 3897 713 3949 maxime
748 3896 927 3949 letor:
958 3896 1068 3966 ipsa
1107 3896 1239 3949 enim
1267 3907 1401 3948 artes
1430 3895 1685 3961 liberales,
1715 3894 1852 3949 unde

252 3992 433 4044 clarus
467 3988 655 4055 honos,
686 3990 916 4042 colentur
955 3989 1010 4042 in
1058 4005 1203 4042 omne
1243 3999 1457 4059 tempus.
1511 3988 1775 4043 Debebunt
1804 3998 1851 4043 et

251 4084 348 4136 tibi
371 4085 657 4149 plurimum
703 4082 940 4147 studiosi,
976 4081 1062 4150 qui
1089 4091 1318 4151 posteros
1362 4095 1532 4133 omnes
1570 4081 1849 4135 multorum

252 4173 665 4244 participatione
714 4171 1027 4224 voluminum
1078 4172 1368 4238 qutesiveris
1413 4171 1525 4239 ﬁeri
1570 4172 1849 4239 sapientes.

256 4264 374 4320 Nec
402 4268 640 4318 mirum:
679 4266 865 4335 quippe
904 4262 993 4317 ille
1019 4281 1091 4329 es,
1134 4266 1187 4317 in
1229 4281 1331 4334 quo
1361 4266 1610 4334 sapientia
1641 4281 1757 4317 cum
1788 4264 1849 4318 li-

256 4360 555 4421 beralitate,
593 4357 869 4409 liberalitas
890 4373 1005 4410 cum
1031 4357 1282 4427 sapientia
1305 4356 1365 4408 de
1402 4357 1693 4427 principatu
1724 4373 1849 4410 con-

254 4451 498 4502 tendunt.
530 4446 599 4501 Ut
626 4459 794 4499 autem
839 4448 949 4515 ipse
991 4448 1447 4516 quantulocumque
1495 4464 1699 4516 passum
1738 4465 1850 4502 mu-

252 4543 479 4597 nusculo
528 4554 670 4594 tuam
711 4558 929 4611 augeam
976 4542 1123 4593 istam
1167 4542 1525 4595 bibliothecam
1567 4543 1852 4614 (librorum

253 4650 485 4703 umque
528 4643 809 4697 uetustate,
854 4633 1021 4701 copia,
1070 4634 1265 4686 delectu
1306 4635 1701 4706 condecoratur)
1749 4637 1852 4689 divi

334 4776 415 4845 (α)
444 4774 525 4828 De
555 4773 963 4845 hoc‘praastanti
986 4773 1105 4845 viro
1130 4772 1251 4845 vide
1283 4771 1630 4827 Muratorium
1663 4774 1853 4829 Rerum

257 4843 441 4905 Italic.
491 4860 621 4898 tom.
659 4843 807 4907 XVI,
839 4860 955 4911 pag.
981 4843 1050 4896 9.5
1077 4854 1129 4897 et
1155 4843 1242 4897 68.
1274 4845 1419 4898 Alias
1456 4862 1585 4897 vero
1616 4846 1852 4913 ejusdem

255 4918 504 4975 Beilonis
535 4916 742 4968 litteras
771 4913 994 4981 scriptas
1044 4931 1183 4967 anno
1214 4914 1373 4980 1515,
1423 4916 1486 4969 iis
1512 4916 1810 4971 anteriores
1836 4959 1853 4983 ,

255 5006 397 5061 quas
424 4987 757 5061 Qui-Sirenas
787 4984 911 5061 huic
938 4984 1235 5052 prtl‘faliOIii
1269 4988 1510 5061 inseruit.
1540 4986 1625 5041 hic
1656 5003 1855 5061 appen-

258 5055 463 5114 dimus.
500 5057 581 5111 Ex
614 5058 695 5109 his
725 5055 867 5109 enim
898 5059 1037 5109 inter
1062 5068 1252 5110 cmtera
1288 5057 1566 5123 discimus,
1597 5059 1850 5113 eximium

260 5136 407 5186 hunc
431 5130 735 5183 Leoniuum
775 5126 1016 5180 codicem
1047 5136 1331 5196 antequam
1365 5130 1414 5180 iu
1447 5131 1612 5193 ipsius
1649 5130 1853 5184 Belloni

258 5215 316 5259 et
347 5199 646 5257 cardinalis
670 5196 909 5252 Grimani
942 5210 1260 5266 patesmtem
1294 5199 1520 5262 veniret,
1554 5200 1719 5254 fuisse
1748 5200 1850 5256 Pe-

261 5274 336 5329 u-i
366 5272 669 5330 Passenni,
703 5268 930 5340 celebris
976 5268 1366 5338 Forojulieosis
1396 5271 1583 5332 patriae
1611 5273 1857 5340 antiqua-

260 5347 353 5410 rii,
388 5346 461 5398 de
502 5357 613 5410 quo
659 5340 801 5394 idem
840 5338 1089 5393 Bellonus
1121 5344 1172 5393 iu
1204 5341 1431 5410 epistola
1480 5344 1669 5396 eodem
1716 5338 1857 5395 anno

262 5409 389 5469 data
413 5416 481 5466 ad
509 5409 768 5468 Iacobum
793 5409 1137 5464 Purliliauum
1158 5414 1409 5466 comitem
1433 5413 1676 5481 Scripsit:
1706 5412 1856 5465 Nihil

262 5500 341 5541 est
368 5489 419 5539 in
450 5487 691 5537 universa
717 5484 885 5551 patria
916 5483 1159 5535 librorum
1199 5494 1531 5551 vetustorum,
1568 5484 1696 5537 nihil
1726 5486 1859 5536 anti-

264 5574 383 5623 qua
404 5556 709 5622 sculpturis,
751 5553 886 5620 quod
909 5570 1011 5607 non
1041 5567 1274 5609 accurate
1302 5556 1504 5621 viderit,
1544 5556 1859 5608 adamussim

267 5630 557 5697 collegerit,
589 5638 695 5697 etc.

341 5694 602 5755 Athenius
630 5695 869 5751 Bellonus
894 5694 1050 5749 Petro
1073 5695 1353 5752 Passerino
1381 5697 1498 5753 Sal.

339 5769 561 5828 Librum
585 5770 898 5822 sanctissimi
930 5767 1113 5823 Leonis
1145 5784 1315 5841 papw,
1348 5769 1481 5823 dono
1512 5769 1744 5840 quamvis
1771 5768 1861 5825 abs

553 5865 834 5931 Panos.
875 5862 1040 5929 LIV.

1937 456 2161 521 Videbis,
2183 466 2230 510 et
2252 458 2296 509 si
2321 456 2505 527 dignus
2534 454 2670 507 visus
2693 452 2868 519 fuerit,
2913 452 3117 506 delectis
3146 454 3359 511 inseres.
3384 454 3501 509 Cte-

1922 558 2085 602 terum
2125 562 2272 616 spero
2293 588 2308 611 ,
2337 546 2381 598 si
2412 544 2587 597 virtuti
2617 544 2825 614 fortuna
2854 560 2906 596 se
2941 544 3249 598 subscribere
3294 546 3505 617 dignata

1924 642 2099 712 fuerit,
2129 649 2175 694 te
2201 639 2623 710 quemadmodum
2646 638 2858 691 scientia
2884 646 2929 690 et
2960 639 3245 705 sanctitate,
3284 639 3357 692 ita
3387 656 3507 710 gra-

1924 735 1995 785 du
2027 743 2071 784 et
2103 732 2237 793 sede,
2277 746 2376 799 quo
2408 730 2480 781 nil
2510 746 2630 783 sane
2658 729 2799 782 bonis
2850 728 3083 782 omnibus
3133 730 3503 797 desideratius,

1925 824 2207 877 relaturum
2233 821 2489 890 quondam
2508 821 2725 875 Leonem
2752 820 2942 891 ipsum,
2973 821 3191 883 decimo,
3224 822 3310 889 qui
3336 822 3495 888 sedet,

1929 915 1974 969 si
2005 914 2177 981 forsan
2201 915 2449 984 majorem
2492 927 2592 965 non
2624 912 2739 964 licet
2770 911 2958 978 dicere,
2990 913 3042 964 in
3072 911 3235 965 nihilo
3266 922 3399 967 certe
3427 915 3509 966 in-

1930 1007 2186 1079 feriorem.
2235 1005 2379 1059 Vale.
3242 1058 3257 1075 ,

2005 1101 2045 1153 E
2073 1100 2289 1168 regione
2326 1097 2481 1153 istius
2512 1097 2753 1166 epistolae
2784 1096 3007 1152 habetur
3030 1101 3190 1153 etiam
3234 1113 3515 1169 nuncupa-

1934 1195 2129 1248 toriuin
2153 1192 2355 1247 codicis
2385 1192 2626 1261 ejusdem
2656 1190 2982 1261 epigramma
3008 1190 3262 1246 Germani
3283 1191 3511 1259 Belloni,

1935 1287 2178 1351 Antonii,
2210 1294 2270 1341 ut
2301 1296 2606 1355 promptum
2632 1296 2716 1340 est
2743 1284 2986 1349 credere,
3012 1286 3415 1357 consanguinei.
3442 1285 3511 1343 Et

1936 1379 2040 1434 hoc
2069 1380 2254 1433 lectori
2287 1388 2638 1448 reprmsento.

2030 1478 2124 1541 En,
2143 1478 2392 1541 Grimane,
2417 1477 2541 1539 Leo,
2562 1478 2721 1541 veteri
2740 1479 2823 1540 qui
2841 1479 3049 1541 scriptus
3069 1481 3120 1529 in
3142 1477 3267 1529 Albo

2091 1516 2178 1588 Ᾰςῖ
2188 1516 2987 1601 ἱέἕωῑὲεᾶὶᾌὶὶ-ὖῑέί’ρῚΞρἔἐιίΞῖ

2033 1600 2182 1666 Cuius
2201 1603 2307 1651 diva
2332 1604 2415 1651 tibi
2439 1602 2592 1650 fauste
2619 1600 2892 1666 datdextra
2914 1602 3176 1666 Libellum,

2096 1663 2413 1725 Felicemque
2439 1678 2562 1712 novo
2587 1664 2773 1712 nuntiat
2798 1678 2884 1711 ore
2904 1678 3100 1724 senem;

2034 1724 2437 1787 Perpetuumque
2462 1726 2544 1773 tibi
2570 1727 2761 1787 tandem
2790 1729 3028 1787 promittit
3052 1727 3305 1786 honorem,

2098 1788 2188 1846 Qui
2216 1786 2395 1836 celeria
2416 1788 2534 1835 laevo
2556 1786 2784 1849 Julipiter
2800 1786 3066 1837 axe‘tonat.

2035 1848 2167 1911 Ergo
2186 1863 2325 1910 cape,
2353 1860 2498 1911 atque
2521 1848 2860 1899 inter’sacrata
2882 1851 3115 1898 volumina
3136 1850 3294 1901 Pallas

2132 1912 2301 1972 ondet,
2331 1919 2381 1960 et
2406 1913 2453 1959 in
2473 1912 2677 1972 pr0priis
2698 1912 2800 1960 haec
2818 1912 2952 1961 dabit
2976 1925 3085 1960 esse
3106 1914 3243 1961 locis.

2035 1972 2220 2085 Atguae
2240 1974 2366 2021 hunc
2390 1976 2566 2022 dextra
2591 1975 2748 2045 dedit,
2777 1975 2965 2035 propria
2993 1982 3042 2046 te
3066 1973 3188 2023 sede
3213 1981 3440 2039 reponet,

2142 2043 2159 2085 t
2183 2044 2232 2085 te
2254 2034 2447 2085 felicem
2472 2034 2699 2085 Junmter
2729 2049 2886 2085 usuue
2911 2037 3063 2085 dabit.

2142 2043 2159 2085 t
2183 2044 2232 2085 te
2254 2034 2447 2085 felicem
2472 2034 2699 2098 Juppiter
2729 2049 2886 2097 usque
2911 2036 3063 2085 dabit.

2014 2140 2285 2196 Leoninus
2304 2141 2405 2195 iste
2421 2130 2663 2195 Griinani
2691 2141 2859 2195 codex
2876 2157 3133 2196 annorum
3159 2142 3273 2198 fere
3294 2152 3377 2199 est
3392 2160 3528 2200 non~

1943 2243 2247 2305 gentorum,
2298 2234 2645 2302 contiuetque
2700 2245 2914 2287 centum
2970 2244 3025 2289 et
3080 2244 3285 2305 septem
3335 2237 3530 2295 Leonis

1944 2328 2220 2397 epistolas,
2249 2342 2473 2396 quarum
2508 2326 2693 2395 viginti
2730 2337 2783 2381 et
2814 2337 2935 2381 octo
2964 2328 3195 2383 antehac
3240 2347 3527 2401 numquam

1945 2418 2134 2484 editae;
2167 2434 2298 2488 quas
2328 2417 2666 2472 authenticos
2692 2434 3085 2488 germanaSque
3108 2436 3230 2476 esse
3257 2435 3307 2476 et
3335 2424 3531 2492 stylus,

1945 2518 2001 2564 et
2028 2510 2303 2575 materies,
2328 2520 2381 2564 et
2403 2509 2604 2564 codicis
2627 2510 2935 2579 antiquitas,
2966 2522 3017 2566 et
3036 2514 3294 2583 quidquid
3317 2517 3532 2583 Optimae

1947 2616 2088 2658 notae
2108 2605 2400 2658 sinceritati
2425 2604 2565 2659 fetus
2587 2604 2865 2674 suffragari
2886 2614 3076 2675 potest,
3100 2608 3535 2665 manifesdssime

1946 2697 2340 2752 demonstrant.
2372 2699 2566 2753 Earum
2609 2686 2867 2769 praeterea
2908 2702 3192 2756 nonnullas
3224 2703 3537 2761 indubitata

1946 2791 2071 2845 ﬁdei
2116 2800 2360 2845 asserunt
2414 2801 2579 2845 testes
2624 2792 3025 2861 locupletissimi
3078 2810 3141 2847 ex
3185 2798 3347 2850 variis
3387 2798 3536 2853 orbis

1945 2884 2237 2940 Christiani
2295 2885 2628 2954 regionibus,
2684 2900 2749 2939 ex
2808 2885 3008 2947 Africa.
3061 2888 3301 2956 inquam,
3360 2890 3534 2957 Italia,

1948 2976 2141 3041 Gallia,
2172 2987 2225 3030 et
2252 2976 2443 3045 Anglia
2468 2976 2734 3044 advocati,
2757 2978 2901 3031 sedis
2927 2981 3235 3046 apostolicm
3260 2983 3539 3048 pontifices

1949 3068 2172 3138 Vigilius
2206 3084 2335 3137 papa
2370 3078 2422 3122 et
2452 3067 2698 3137 Pelagius
2728 3068 2793 3131 ll,
2824 3068 3110 3123 Facundos
3138 3071 3539 3128 llermianensis

1950 3159 2597 3230 episcopus,Prudentius
2620 3159 2954 3213 Tricassinus
2977 3160 3282 3230 episcopus,
3309 3173 3360 3217 et
3394 3164 3538 3219 tieda

1952 3253 2253 3324 presbyter,
2299 3252 2388 3321 qui
2423 3250 2722 3320 fragmenta
2764 3267 2949 3306 earum
2980 3253 3155 3323 aliqua
3200 3257 3541 3324 protulerunt

1951 3345 2065 3399 suis
2093 3344 2226 3399 locis
2252 3342 2505 3397 natanda.
2535 3342 2644 3397 Leo
2672 3344 2787 3412 ipse
2805 3344 2987 3411 plures
3008 3346 3320 3400 earumdem
3345 3348 3541 3404 indicat

1952 3438 2004 3490 in
2037 3437 2157 3491 aliis
2184 3435 2427 3504 ejusdem
2451 3435 2689 3489 materia:
2711 3435 2972 3504 epistolis,
3006 3445 3062 3490 ut
3086 3436 3137 3490 in
3168 3438 3309 3493 notis
3337 3442 3541 3495 nostris

1952 3531 2294 3585 observatum
2319 3528 2489 3581 lector
2512 3527 2767 3581 inveniet.

2024 3622 2133 3677 Nec
2166 3623 2269 3676 hoc
2306 3621 2477 3675 solum
2506 3620 2764 3674 debemus
2806 3619 3113 3675 Grimanico
3158 3622 3352 3688 codici,
3401 3622 3542 3692 quod

1955 3714 2198 3784 plurimis
2222 3716 2505 3784 magnique
2534 3715 2788 3767 momenti
2813 3713 3056 3782 epistolis
3082 3714 3316 3768 auctiora
3345 3712 3543 3771 Leonis

1955 3808 2155 3875 scripta
2190 3806 2504 3873 reddiderit,
2529 3804 2621 3858 sed
2646 3804 2805 3859 etiam
2824 3804 2963 3872 quod
2990 3804 3144 3873 longe
3173 3805 3543 3860 emendatiora

1955 3915 2113 3969 quam
2144 3906 2268 3952 ante
2296 3906 2496 3951 essent.
2522 3895 2712 3949 Nullus
2736 3896 2878 3949 enim
2902 3895 3071 3950 codex
3088 3898 3321 3951 occurrit
3344 3914 3411 3953 ex
3436 3911 3545 3967 quo

1954 3992 2138 4061 plures
2168 3990 2597 4058 insignioresque
2629 3988 3010 4056 castigationes
3043 3987 3404 4043 bauserimus.

2026 4083 2154 4139 Post
2193 4081 2448 4152 epistolas
2492 4079 2658 4134 habes
2704 4080 2929 4134 aliarum
2976 4078 3180 4147 aliquot
3216 4079 3540 4150 fragmenta,

1954 4183 2017 4231 ut
2040 4186 2093 4231 et
2113 4173 2518 4230 Commonitorii
2551 4174 2738 4240 legatis
2774 4173 2838 4226 ad
2869 4172 3311 4227 Chalcedonense
3353 4176 3539 4227 conci-

1954 4269 2084 4322 lium
2114 4266 2575 4336 proflciscentibus
2604 4266 2744 4329 dati;
2783 4265 2975 4332 quibus
3005 4274 3059 4319 et
3104 4266 3259 4319 unica
3290 4264 3543 4334 adjicitur

1956 4376 2077 4431 qua
2114 4370 2280 4414 restat
2308 4358 2501 4413 Juliani
2539 4357 2775 4427 ρρίερομί
2807 4355 3029 4411 Coensis
3062 4356 3129 4411 ad
3160 4357 3394 4411 Leonem
3424 4358 3540 4412 Au-

1957 4463 2166 4522 gustum
2185 4450 2443 4520 epistola;
2469 4448 2825 4516 cujusJuliani
2848 4459 2925 4501 tot
2954 4448 3018 4501 ad
3042 4448 3278 4505 Leonem
3300 4460 3543 4506 nostrum

1883 4527 1934 4588 θ
1960 4546 2099 4600 datae
2123 4559 2191 4598 ex
2228 4541 2510 4612 legationis
2540 4539 2720 4593 oiticio
2757 4540 2949 4594 littera;
2980 4540 3079 4594 nisi
3125 4550 3429 4609 temporum
3464 4543 3545 4596 in-

1955 4636 2095 4707 juria
2124 4634 2470 4698 excidissent,
2497 4642 2552 4687 et
2581 4632 2775 4687 Leonis
2803 4632 2972 4687 nostri
2995 4632 3259 4702 epistolas,
3282 4643 3337 4688 et
3364 4650 3544 4691 rerum

1963 4783 2011 4829 te
2044 4774 2168 4827 mihi
2192 4774 2448 4843 quondam
2485 4772 2683 4835 datum,
2719 4788 2819 4843 non
2864 4782 2918 4825 ut
2966 4788 3164 4833 meum,
3195 4773 3285 4826 sed
3315 4783 3368 4825 ut
3396 4782 3544 4830 tuum

1963 4847 2133 4899 adhuc
2163 4841 2446 4897 reverenter
2474 4843 2739 4895 custodivi.
2770 4841 2854 4895 Ita
2886 4845 3016 4895 enim
3056 4843 3282 4912 accipere
3311 4861 3543 4900 servare-

1961 4934 2059 4987 que
2080 4914 2265 4987 nolui,”
2286 4925 2341 4966 ut
2372 4916 2434 4966 de
2460 4912 2629 4987 Leo_ne
2659 4914 2756 4987 tibi
2787 4913 2961 4987 liceret
2982 4931 3095 4987 non
3112 4916 3275 4987 minus
3300 4932 3454 4983 quam
3482 4919 3547 4973 de

1964 4982 2043 5041 me
2074 4990 2186 5053 ipso
2216 4985 2506 5049 disponere.
2538 4982 2701 5053 Cupio
2733 5001 2868 5036 nunc
2891 4985 2961 5035 ad
2984 4986 3053 5037 tui
3079 4982 3416 5039 imitationem
3437 4989 3544 5042 Au-

1962 5061 2133 5128 gelum
2182 5054 2471 5109 Gabrielem
2510 5054 2654 5129 illius
2695 5071 2922 5129 munere,
2949 5056 2991 5107 si
3018 5053 3305 5129 concedas,
3325 5058 3542 5129 aqicere.

1966 5126 2163 5183 Poterit
2191 5130 2347 5188 enim,
2376 5142 2492 5180 cum
2520 5127 2585 5179 sit
2616 5127 2859 5196 patricius
2884 5126 2939 5179 in
2972 5126 3231 5196 republica
3266 5126 3455 5181 Veneta
3494 5142 3545 5185 et

1964 5200 2216 5253 litterario
2242 5194 2712 5268 praestantissimus,
2739 5206 2785 5268 et
2815 5194 3035 5249 Leonem
3064 5212 3168 5268 sua:
3194 5196 3435 5268 dignitati
3463 5217 3545 5253 rc-

1960 5275 2186 5333 stituere,
2218 5266 2265 5322 et
2292 5268 2436 5322 nobis
2468 5267 2708 5337 prodesse
2734 5266 3040 5335 plurimum.
3082 5267 3161 5319 Tu
3182 5266 3297 5321 vero
3326 5270 3387 5323 de
3414 5270 3546 5325 libro

1962 5359 2069 5466 ἵιοιῖ
2086 5340 2308 5411 amplius
2336 5341 2544 5410 poteris,
2575 5344 2637 5392 de
2655 5354 2733 5392 me
2760 5346 2929 5392 tamen
2951 5348 3007 5392 ut
3025 5354 3224 5410 semper
3250 5339 3542 5408 disponere.

2018 5429 2048 5465 a
2071 5431 2117 5466 e.

2018 5414 2117 5467 ale.

2038 5486 2187 5537 llanc
2210 5481 2417 5537 Beiloni
2450 5481 2751 5548 epistolam,
2778 5481 2916 5535 sicut
2938 5489 2990 5534 et
3011 5480 3290 5535 recitatum
3322 5480 3549 5541 alterius

1970 5555 2211 5625 epistolae
2234 5555 2610 5625 fragmentum,
2637 5552 2790 5606 nobis
2816 5566 2909 5625 pro
2933 5551 3263 5625 humanitate
3281 5566 3373 5625 sua
3398 5567 3549 5625 com-

1972 5620 2265 5680 niuiiicavit
2293 5620 2473 5678 comes
2505 5624 2818 5677 Franciscus
2849 5622 3057 5675 Florius
3076 5620 3400 5676 cathedralis
3433 5623 3548 5679 Uti-

1970 5697 2156 5752 nensis
2184 5697 2543 5764 primicerius,
2571 5698 2656 5760 qui
2687 5696 2751 5748 de
2781 5693 2997 5764 Optimis
3028 5692 3241 5757 studiis,
3271 5708 3336 5747 ac
3362 5694 3427 5748 de
3451 5709 3548 5750 ve-

1974 5769 2135 5824 tustis
2161 5763 2498 5824 documentis
2529 5767 2691 5820 rebus
2720 5763 2958 5833 pluribus
2992 5764 3128 5817 bene
3154 5765 3375 5819 meritus
3399 5776 3506 5823 est.

3032 5856 3072 5921 2
