4014 6350
492 392 571 461 ιι
1298 388 1361 451 Ρ.
1399 381 1782 465 QUESNELLI
1820 378 2075 457 suam

2180 380 2191 430 ι
2230 378 2295 443 ΙΝ
2337 374 2525 449 SUAM
2567 375 2961 455 EDITIONEM.
3698 387 3767 443 σι

498 528 625 576 tunc
655 516 710 579 in
738 501 980 579 Ecclesia
1007 515 1285 580 gestarum
1326 515 1585 560 memoria
1624 497 1913 556 maximam
1953 494 2081 551 inde
2107 499 2163 556 Α
2184 498 2271 549 tos
2294 507 2533 551 canones
2558 492 2675 549 sola
2692 493 3088 549 consuetudine
3108 490 3503 556 ecclesiastica,
3530 490 3659 546 solis
3683 508 3767 552 re-

497 610 671 668 lucem
702 608 1095 665 mutuarentur.

566 701 793 757 Tomum
835 698 1069 769 primum
1106 692 1223 749 fere
1253 688 1458 747 claudit
1486 686 1608 745 Vita
1635 684 1696 743 S.
1724 681 1915 740 Hilarii
1946 682 2083 738 Arc-

495 797 721 853 latensis
774 786 1016 863 episcopi
1061 786 1326 855 scriptore
1376 782 1435 839 S.
1501 782 1776 837 Honorato
1828 778 2083 847 episcopo
2124 846 2129 847 ν

494 887 815 946 Massiliensi
844 884 986 940 illius
1014 876 1297 947 discipulo.
1333 874 1458 931 Hac
1498 882 1560 928 ut
1594 870 1790 927 Leonis
1816 867 2083 938 Operibus

494 982 891 1052 subjiceretur,
938 970 1225 1044 postulavit
1274 968 1465 1023 initum
1507 981 1539 1019 a
1595 964 1751 1035 nobis
1804 959 2082 1031 Apologia

493 1075 781 1130 flilariana
818 1064 1227 1125 conscribendam:
1267 1060 1584 1123 consilium;
1609 1055 1762 1126 cujus
1797 1053 2082 1113 occasione

492 1181 613 1222 cum
638 1164 865 1234 plurima
887 1176 953 1216 ex
977 1158 1095 1228 ejus
1126 1155 1249 1213 Vita
1276 1149 1705 1222 decerpserimus
1734 1147 1790 1201 in
1820 1145 2082 1200 disserta-

492 1260 637 1315 tione
676 1256 867 1327 quinta
910 1251 1102 1309 lectori
1151 1248 1357 1304 fontem
1412 1244 1589 1314 ipsum
1642 1240 1791 1295 adire
1842 1235 2083 1306 cupienti

493 1348 833 1417 commodum
865 1346 967 1403 erit
990 1358 1113 1399 eum
1132 1340 1237 1401 sub
1260 1338 1431 1395 oculis
1454 1333 1718 1392 invenire.
1746 1330 1861 1387 Nec
1884 1329 1965 1383 fas
1984 1327 2085 1383 fuit

493 1447 609 1517 ejus
631 1441 1035 1513 consanguinei,
1071 1437 1333 1508 magistri,
1361 1442 1415 1489 et
1459 1434 1516 1487 in
1555 1429 1866 1501 episcopatu
1895 1423 2083 1480 Arela-

493 1543 633 1599 tensi
660 1536 1075 1613 pradecessoris
1106 1531 1371 1589 Honorati
1415 1528 1591 1585 Vitam
1623 1526 1692 1591 ab
1732 1527 1853 1593 ipso
1882 1520 2082 1599 Hilario

492 1634 851 1702 conscriptam
882 1630 948 1683 ab
970 1627 1129 1707 hujus
1173 1624 1293 1685 Vita
1337 1622 1644 1699 seiungere,
1687 1627 1801 1671 tum
1860 1622 2083 1687 propter

489 1734 697 1783 arctum
725 1704 1245 1791 utriusquewttexum,
1274 1726 1383 1770 tum
1410 1722 1469 1767 ut
1504 1709 1649 1781 quod
1692 1708 1955 1776 reliquum
1988 1704 2084 1757 lia-

2184 588 2325 658 gulis
2381 587 2576 659 partim
2621 602 2651 642 a
2696 586 3025 657 principibus
3066 586 3452 656 apostolorum,
3496 584 3687 652 partim
3732 599 3767 643 ι

2185 682 2447 751 proximis
2475 695 2664 736 eorum
2696 678 3103 735 successoribus
3132 692 3232 733 usu
3262 678 3382 749 ipso
3402 675 3643 746 vivaque
3663 686 3767 734 tra-

2184 775 2402 831 ditionis
2420 789 2580 829 manu
2596 772 2833 843 acceptis
2844 772 2934 843 jus
2953 772 3379 830 ecclesiasticum
3400 770 3600 826 dictum
3616 769 3766 826 vide-

2186 882 2274 928 tur
2305 873 2358 927 in
2391 872 2637 929 Ecclesia
2658 870 2938 935 Romana;
2972 876 3095 939 post
3118 868 3493 925 Sardicensem
3526 881 3655 923 vero
3676 882 3765 940 sy-

2186 964 2415 1030 nodum,
2445 964 2513 1019 de
2555 962 2838 1019 condendo
2867 976 3133 1017 canonum
3169 961 3358 1016 codice
3396 958 3622 1030 cogitari
3657 971 3767 1018 etl-

2186 1057 2283 1126 pit,
2318 1056 2408 1125 qui
2439 1070 2507 1109 ex
2530 1054 2767 1111 Nicanis
2793 1053 3310 1123 Sardicensibusque
3349 1052 3647 1108 canonibus
3670 1052 3767 1107 sub

2185 1163 2290 1207 una
2334 1161 2681 1202 numerorum
2717 1148 2861 1202 serie
2889 1146 3151 1215 colligatis
3181 1144 3467 1209 conﬂatus,
3498 1143 3649 1197 solus
3678 1157 3769 1212 per

2185 1239 2402 1309 aliquod
2423 1247 2639 1309 tempus
2666 1254 2845 1294 rerum
2900 1236 3383 1293 ecclesiasticarum
3416 1233 3771 1305 regendarum

2184 1333 2359 1403 legem
2392 1334 2591 1398 sanxit,
2623 1346 2687 1386 ac
2730 1331 2896 1386 variis
2938 1344 3035 1399 per
3080 1328 3432 1383 succedentes
3466 1335 3657 1381 atates
3686 1338 3771 1380 ac-

2185 1425 2525 1482 cessionibus
2569 1434 2759 1480 auctus
2786 1439 2903 1479 eam
2938 1422 3166 1479 formam
3217 1421 3410 1487 induit,
3441 1434 3610 1490 quam
3634 1433 3774 1473 nunc

2187 1521 2352 1575 habes
2404 1535 2515 1590 pra
2563 1518 2758 1584 oculis,
2809 1531 3037 1587 quaque
3090 1516 3445 1573 ducentorum
3518 1512 3776 1569 beatioris

2185 1612 2328 1667 illius
2351 1612 2453 1679 avi
2482 1626 2746 1666 annorum
2773 1610 3112 1678 disciplinam
3142 1609 3372 1679 genuine
3396 1612 3777 1677 repraesentat.

2259 1705 2357 1761 Vel
2385 1722 2449 1761 ex
2485 1706 2587 1761 hoc
2616 1719 2723 1759 uno
2751 1702 3001 1772 intelligit
3026 1703 3253 1772 quisque
3282 1700 3435 1770 cujus
3479 1698 3667 1769 palato
3692 1712 3775 1754 sa-

490 1818 678 1872 bemus
702 1786 1093 1884 Opusculorum
1116 1806 1309 1864 Hilarii
1332 1806 1379 1860 si
1407 1804 1528 1883 quis
1556 1816 1679 1858 cum
1728 1798 1847 1879 ejus
1874 1796 1994 1871 Vita
2028 1801 2085 1849 et
2109 1878 2150 1884 _
2185 1799 2343 1869 piunt
2371 1800 2662 1865 antiquitas
2701 1795 3069 1852 ecclesiastica
3096 1804 3151 1849 et
3186 1793 3442 1849 canonica
3474 1786 3773 1860 ‘disciplina

489 1878 1026 1980 Apologia-conferre
1051 1899 1307 1967 voluerit,
1342 1880 1501 1953 eaad
1532 1878 1749 1951 manum
1778 1889 1993 1952 habeat,
2026 1895 2081 1942 et
2109 1878 2158 1938 B
2186 1902 2376 1955 vetus,
2438 1904 2546 1960 quo
2600 1890 2652 1943 in
2697 1889 2872 1957 pretio
2928 1886 3232 1941 habendum
3288 1890 3563 1956 egre-gum
3631 1880 3773 1965 ίειμά

488 1999 703 2073 quidem
724 1999 1059 2069 castigatidra
1082 1992 1317 2064 antiquis
1337 1985 1760 2065 exemplaribus,
1779 1980 2079 2059 quaedam

486 2108 611 2151 rara
640 2102 783 2148 sunt.
828 2090 1004 2146 Habes
1039 2089 1229 2149 eodem
1261 2086 1385 2143 loco
1415 2082 1641 2139 Mettum
1683 2078 1751 2135 de
1787 2075 1982 2132 Genesi
2012 2073 2081 2128 ad

486 2190 543 2246 S.
572 2187 810 2253 Leonem
838 2198 1053 2255 papam,
1075 2179 1219 2253 quod
1248 2177 1351 2233 sub
1370 2175 1563 2231 Hilarii
1595 2171 1815 2229 nomine
1845 2167 2081 2223 circum-

484 2260 685 2345 fertur,
708 2288 764 2335 et
807 2277 1127 2351 pet-brevem
1164 2272 1407 2343 ejusdem
1435 2268 1721 2341 epistolam
1764 2264 1832 2337 ad
1864 2260 2079 2319 Euches

484 2375 623 2431 rium
653 2373 1067 2443 Lugdunensem
1096 2366 1408 2438 episcopum
1430 2365 1711 2433 scriptam.

558 2467 646 2523 Vl.
673 2466 791 2523 Ton
800 2479 863 2521 us
880 2479 1060 2521 suum
1076 2460 1239 2534 hujus
1260 2459 1440 2531 operis
1462 2452 1838 2526 complectitur
1858 2452 2078 2521 Appen-

484 2562 657 2635 dicem
700 2573 797 2615 seu
830 2555 1084 2629 codicem
1107 2566 1376 2619 canonum
1402 2557 1457 2604 et
1475 2545 1899 2613 constitutorum
1933 2539 2080 2603 sedis

483 2631 793 2725 apostolicae
815 2665 883 2705 ex
914 2646 1191 2705 codicibus
1229 2658 1363 2723 mss.
1395 2641 1659 2713 jl‘huaneo
1702 2644 1754 2703 et
1776 2631 2080 2699 ,Oxoniensi

483 2759 625 2800 nunc
653 2744 885 2817 primum
919 2738 1146 2813 editum,
1174 2734 1373 2809 deinde
1418 2730 1840 2801 DMumtioua
1880 2735 1991 2780 tum
2022 2724 2076 2817 in

481 2838 660 2908 ipsum
682 2837 828 2890 hunc
853 2832 1134 2899 Codicem,
1159 2838 1272 2885 tum
1286 2827 1345 2882 in
1358 2826 1604 2897 Leonem
1623 2830 1867 2887 nostrum
1890 2834 1909 2885 ;
1932 2815 2079 2879 deni-

483 2947 585 3002 que
606 2938 783 2995 notas,
805 2927 985 2983 varias
1001 2909 1263 2997 lectiones
1278 2930 1333 2993 et
1347 2917 1758 2983 observationes
1769 2911 2073 2979 nonnullas.

554 3022 811 3078 Codicem
843 3020 994 3074 illum
1016 3019 1091 3089 (a)
1121 3012 1517 3089 amplissimum
1540 3008 2077 3073 vetustissimumque

484 3113 735 3184 inscripsi
767 3110 1009 3166 omnium
1036 3107 1259 3181 quihqc
1287 3117 1458 3176 usque
1484 3101 1615 3159 editi
1643 3107 1771 3157 sunt
1792 3098 1846 3152 in
1878 3097 2073 3160 lucem,

2183 1958 2469 2051 utriusque
2507 1986 2781 2044 κειμήλιον,
2843 1994 2950 2049 quo
3006 1978 3198 2033 melius
3251 1974 3452 2046 aliquid
3499 1981 3559 2029 et
3597 1958 3773 2030 eccle-

2182 2074 2418 2129 siastica
2445 2071 2520 2128 rei
2542 2070 2957 2127 convenientius
2979 2068 3121 2124 haud
3145 2068 3258 2123 scio
3283 2082 3351 2122 an
3373 2074 3644 2137 prasente
3668 2078 3775 2121 sa-

2181 2166 2306 2222 culo
2329 2166 2491 2221 luerit
2511 2181 2540 2220 a
2567 2165 2805 2220 tenebris
2821 2165 3176 2219 vindicatum.
3206 2161 3366 2215 Plura
3392 2171 3573 2215 tamen
3600 2158 3774 2214 adhuc

2182 2271 2313 2319 sunt
2357 2276 2477 2331 qua
2528 2259 2770 2315 codicem
2822 2257 3227 2314 commendent.
3257 2256 3395 2323 Quid
3442 2255 3591 2309 enim
3629 2254 3775 2324 quod

2182 2353 2403 2410 exhibet
2431 2352 2702 2421 antiquam
2732 2351 2876 2405 illam
2906 2364 3173 2406 canonum
3200 2346 3556 2404 Orientalium
3576 2346 3775 2401 versio-

2181 2460 2327 2513 nem,
2358 2460 2479 2515 qua
2508 2446 2562 2498 in
2594 2459 2694 2498 usu
2726 2443 2823 2498 fuit
2859 2459 2954 2513 per
2994 2444 3174 2512 plures
3204 2440 3471 2496 Ecclesias
3510 2437 3775 2494 Occiden-

2182 2540 2319 2595 tales
2348 2548 2473 2593 ante
2510 2538 2940 2610 Dionysianam?
2972 2537 3120 2592 Hanc
3149 2535 3364 2606 quidem
3404 2549 3471 2590 ex
3497 2541 3652 2603 parte
3675 2532 3772 2586 ha-

2184 2633 2374 2687 bemus
2404 2632 2458 2686 in
2488 2631 2782 2687 lsidoriana
2804 2630 3166 2693 Collectionc;
3195 2626 3291 2683 sed
3324 2640 3424 2681 nec
3453 2624 3594 2680 hanc
3622 2624 3773 2679 illam

2181 2729 2458 2798 antiquam
2501 2741 2622 2781 esse
2657 2725 3012 2780 conﬁdentius
3048 2725 3167 2794 quis
3210 2721 3565 2790 pronuntiare
3608 2734 3773 2775 ausus

2181 2832 2347 2889 esset,
2406 2830 2689 2891 antequam
2738 2820 2791 2875 id
2821 2836 2887 2876 ex
2926 2820 3041 2887 ejus
3097 2819 3386 2873 collatione
3433 2832 3557 2871 cum
3589 2826 3772 2870 nostra

2180 2924 2500 2985 appareret;
2527 2928 2628 2967 nec
2655 2914 2866 2967 sincera
2912 2910 3133 2965 omnino
3169 2908 3395 2963 habetur
3417 2907 3559 2977 apud
3602 2905 3772 2961 Isido-

2180 3023 2324 3071 rum,
2351 3006 2446 3061 sed
2487 3006 2720 3071 mendis,
2771 3002 3296 3073 interpolatiOnibus,
3330 2984 3554 3077 aliisque
3580 3012 3774 3054 corru-

2180 3101 2338 3171 ptelis
2379 3100 2585 3153 vitiata.
2632 3099 2898 3153 Praeterea
2950 3099 3167 3167 antiqua
3210 3095 3467 3150 Romana
3514 3093 3774 3148 Ecclesia

483 3224 585 3265 nec
602 3216 791 3263 contra
819 3206 1054 3276 aliquem
1076 3200 1348 3257 dicturum
1377 3193 1612 3252 conﬁdo.
1631 3190 1792 3249 Certe
1822 3190 1868 3246 si
1897 3189 1966 3246 de
1987 3202 2074 3247 co-
2103 3252 2146 3277 η
2183 3193 2463 3255 disciplina
2502 3208 2570 3247 ex
2616 3192 2716 3245 ista
2753 3192 2999 3247 versione
3030 3189 3337 3254 innotescit,
3384 3187 3509 3243 dum
3560 3186 3774 3257 aliquos

481 3302 690 3359 dicibus
719 3260 988 3371 canonum
1015 3305 1071 3353 et
1090 3293 1506 3361 constitutorum
1534 3286 1793 3349 Romana
1814 3281 2074 3353 Ecclesia

2180 3301 2412 3344 canones
2437 3285 2741 3342 Orientales
2767 3284 2836 3339 ab
2869 3299 2930 3339 ea
2952 3283 3185 3353 rejectos
3210 3283 3386 3349 docet,
3423 3280 3563 3335 alios
3593 3287 3773 3334 muta-

482 3395 632 3467 loqui
682 3393 933 3465 velimus,
979 3388 1211 3459 amplius
1268 3381 1472 3455 aliquid
1524 3378 1700 3436 audeo
1737 3396 1751 3431 :
1796 3390 1903 3435 nec
1927 3374 2072 3435 enim

482 3488 905 3559 vetustissimum
932 3482 1101 3555 modo
1146 3487 1205 3543 et
1242 3475 1660 3549 amplissimum,
1710 3469 1808 3531 sed
1852 3469 2070 3524 unicum

481 3580 663 3636 dicere
693 3579 1008 3635 debueram.
1046 3574 1123 3629 De
1151 3569 1365 3628 Justelli
1388 3569 1566 3638 prisco
1593 3563 1781 3625 codice
1806 3561 1935 3634 quid
1950 3575 2073 3616 sen-

481 3673 747 3743 tiendum,
777 3670 1087 3737 dissertatio
1116 3675 1301 3731 nostra
1325 3662 1646 3721 duodecima
1662 3658 1919 3727 explicat.
1949 3654 2074 3709 Dio-

481 3765 621 3839 nysii
650 3778 782 3822 vero
800 3761 996 3837 Exigui
1022 3769 1250 3830 uterque
1269 3755 1464 3821 codex,
1504 3768 1640 3810 unus
1671 3763 1937 3807 canonum
1979 3761 2071 3816 sy-

484 3859 823 3925 nodicorum,
856 3851 1405 3929 ,alterlEpistolarum
1445 3845 1861 3919 pontiﬁciarum,
1912 3855 2073 3897 num-

481 3966 645 4026 quam
691 3950 1054 4021 conditusest
1080 3946 1157 4002 ad
1211 3958 1366 4009 usum
1400 3940 1665 4005 Ecclesiae
1690 3937 1949 3993 Romana
1988 3931 2074 3988 vel

484 4045 863 4115 episcOporum
886 4042 1262 4101 Romanorum
1289 4051 1386 4094 seu
1412 4033 1668 4091 mandato
1693 4046 1791 4087 seu
1810 4026 2068 4091 consilio;

486 4139 582 4196 sed
596 4139 685 4194 ille
697 4137 916 4209 quidem
942 4129 1476 4200 instantiaStephani
1492 4124 1735 4199 episcopi
1750 4119 2071 4185 Salonitani,

485 4230 576 4287 hic
600 4245 728 4288 vero
763 4226 965 4297 Juliani
1015 4222 1321 4297 presbyteri
1358 4222 1570 4278 Sancta
1608 4218 1907 4276 Auastasiae
1946 4214 2073 4285 piis,

487 4332 545 4381 ut
572 4323 691 4395 ipse
710 4323 807 4391 ait,
839 4321 1033 4391 studiis
1059 4329 1115 4376 et
1138 4315 1535 4382 sollicitudine;
1567 4328 1703 4385 quos
1731 4310 2075 4383 postmodum

484 4437 585 4475 usu
610 4417 933 4481 celeberrimo
973 4412 1208 4469 Ecclesia
1250 4411 1488 4468 Romana
1535 4408 1803 4477 complexa
1847 4414 1957 4460 est:
2004 4403 2076 4458 ita

484 4512 627 4568 enim
657 4526 724 4565 ex
742 4506 1073 4564 Cassiodoro
1086 4504 1227 4578 (Div.
1258 4503 1400 4559 Lect.
1424 4519 1541 4570 cap.
1568 4498 1623 4571 ὅ)
1646 4508 1899 4555 asserunt
1917 4498 2076 4567 vulgo

482 4605 779 4673 scriptores
799 4600 1172 4655 reicanonlca
1193 4614 1209 4663 ;
1234 4595 1439 4651 licetde
1464 4595 1584 4648 solo
1604 4607 1870 4647 canonum
1902 4590 2075 4646 eccle-

424 4720 431 4731 '
481 4697 823 4755 siasticorum
851 4693 1038 4753 codice
1066 4690 1320 4760 precibus
1346 4685 1604 4757 Stephani
1634 4686 1919 4750 adornato,
1963 4696 2071 4737 non
2098 4685 2123 4723 τ

483 4790 552 4847 de
595 4790 788 4852 altero,
834 4787 890 4841 id
941 4784 1297 4840 Cassiodorus
1326 4786 1631 4836 asseveret.
1670 4777 1862 4834 Verum
1890 4778 1961 4832 sit
2001 4778 2072 4829 ita

481 4886 551 4940 de
582 4892 844 4951 utroque;
876 4878 991 4933 hac
1014 4887 1195 4933 tamen
1226 4889 1335 4931 una
1360 4874 1480 4929 laus
1501 4870 1716 4927 Codicis
1736 4867 2069 4942 Dionysiani,

481 4979 623 5050 quod
654 4978 848 5048 privati
884 4973 1121 5030 hominis
1150 4971 1409 5028 industria
1433 4969 1705 5036 conditus,
1733 4969 1801 5023 ab
1830 4968 2074 5022 Ecclesia

483 5071 726 5125 Romana
755 5066 1015 5143 meruerit
1048 5064 1316 5136 adoptari,
1350 5065 1567 5135 suisque
1601 5062 1850 5134 deputari
1883 5059 2072 5139 usibus

480 5170 641 5218 sexto
670 5161 871 5229 saculo
894 5138 1005 5237 jam
1046 5157 1277 5223 mediam
1328 5164 1530 5227 partem
1561 5144 1765 5225 elapso.
1799 5155 1870 5209 At
1900 5136 2070 5211 codex

484 5264 669 5311 noster
695 5256 738 5309 is
765 5254 882 5323 ipse
894 5261 984 5311 est
1000 5265 1157 5321 quem
1180 5247 1287 5306 sibi
1307 5247 1543 5304 confecit
1562 5246 1806 5301 Ecclesia
1830 5244 2068 5299 Romana

482 5351 667 5405 statim
688 5356 849 5419 atque
894 5346 1097 5415 scripto
1123 5343 1249 5414 jure
1278 5351 1333 5397 et
1363 5341 1477 5411 ipsa
1510 5339 1879 5395 administrari
1908 5339 2073 5415 coepit

482 5450 535 5497 et
562 5439 830 5497 Ecclesias
859 5438 926 5492 ad
964 5426 1131 5492 suam“
1163 5434 1553 5491 ordinationem
1604 5431 1936 5503 pertinentes
1979 5446 2069 5486 re-

481 5552 633 5607 gere.
659 5535 948 5599 Enimvero
969 5543 1097 5588 ante
1116 5530 1363 5591 Nicanos
1394 5529 1856 5600 Sardicensesqne
1881 5528 2067 5607 condi-

552 5694 629 5766 (a)
661 5695 809 5750 llunc
847 5694 1091 5750 codicem
1139 5697 1405 5766 vetustum
1456 5687 1674 5766 quidem
1709 5695 1765 5766 et
1802 5686 2058 5742 eximium

482 5760 791 5823 essenemo
821 5767 1043 5821 inliciari
1076 5772 1270 5834 potest.
1294 5761 1365 5834 At
1390 5775 1490 5815 nec
1516 5760 1904 5834 amplissimum
1935 5773 2058 5812 esse

484 5838 724 5893 omnium
776 5829 1176 5897 collectionum,
1202 5847 1301 5888 nec
1340 5832 1638 5887 Romanam
1683 5829 2058 5885 collectionem

481 5909 767 5976 exhibere,
808 5909 1012 5977 patebit
1048 5921 1118 5963 ex
1154 5906 1216 5961 iis
1248 5920 1367 5977 quae
1400 5912 1546 5959 tomo
1580 5902 1739 5960 tertio
1777 5903 1843 5957 de
1869 5901 2059 5956 eodem

2177 3396 2260 3442 tos
2296 3400 2502 3456 suoque
2549 3381 2985 3439 accommodatus
3014 3381 3136 3436 usui
3178 3379 3366 3449 :quod
3412 3394 3479 3434 ex
3528 3376 3775 3448 Dionysii

2175 3480 2424 3539 versione
2472 3477 2760 3532 obscurum
2806 3484 3007 3541 manet,
3054 3473 3252 3546 quippe
3286 3473 3377 3544 qui
3415 3484 3656 3526 canones
3706 3471 3775 3525 ad

2176 3574 2336 3628 lidem
2363 3571 2538 3627 Graci
2562 3578 2738 3623 textus
2761 3567 3057 3635 transtulit,
3090 3582 3195 3621 non
3231 3566 3411 3620 habita
3444 3565 3657 3619 ratione
3682 3546 3769 3625 re-

2175 3676 2343 3737 cepta
2374 3665 2440 3720 ab
2494 3662 2735 3718 Ecclesia
2768 3663 3013 3717 Romana
3053 3660 3369 3731 disciplina.
3422 3659 3583 3737 Mitto
3624 3657 3772 3726 quod

2175 3762 2420 3829 antiquas
2469 3757 2777 3827 primasque
2831 3755 2992 3810 habet
3046 3756 3327 3810 versiones
3383 3752 3776 3821 opusculorum

2177 3865 2487 3911 sanctorum
2533 3854 2735 3922 aliquot
2759 3848 3001 3915 Patrum,
3058 3848 3145 3918 qui
3188 3846 3370 3901 saeculi
3404 3838 3583 3915 quinti
3619 3844 3775 3898 initio

2176 3948 2415 4005 celebres
2452 3946 2620 4015 fuere,
2657 3953 2711 4001 et
2754 3943 3062 4014 pontiﬁcum
3099 3922 3463 3995 Romanorum
3507 3938 3777 3993 concilio~

2176 4055 2402 4110 rumque
2429 4054 2529 4094 usu
2554 4043 2913 4102 consecrata;
2938 4034 3079 4104 quod
3108 4032 3365 4087 Romana
3393 4029 3776 4101 Africanaque

2176 4134 2475 4203 disciplina
2506 4147 2703 4187 nexum
2750 4129 3016 4185 notiorem
3056 4126 3209 4191 facit;
3252 4124 3395 4203 quod
3428 4125 3614 4193 plures
3645 4111 3777 4179 lidei

2176 4225 2392 4282 libellos
2420 4241 2521 4296 qua
2549 4223 2744 4289 editos,
2770 4237 2870 4292 qua
2896 4236 3001 4275 non
3028 4219 3255 4275 antehac
3283 4218 3459 4273 editos
3485 4218 3771 4281 continet;

2178 4320 2318 4390 quod
2354 4319 2530 4389 aliqua
2563 4315 2939 4370 Africanorum
2982 4314 3200 4368 decreta
3249 4314 3300 4365 in
3345 4309 3510 4365 editis
3546 4319 3776 4380 prater-

2178 4414 2339 4467 missa
2371 4411 2731 4478 redintegrat;
2768 4406 2909 4472 quod
2951 4405 3210 4475 epistolas
3244 4403 3446 4474 aliquot
3494 4401 3775 4457 Romano-

2177 4520 2299 4559 rum
2338 4503 2649 4572 pontilicum
2700 4500 2911 4568 aliaque
2946 4505 3293 4551 monumenta
3332 4495 3553 4566 egregie
3603 4496 3776 4552 inter-

2180 4598 2361 4666 polata
2386 4594 2684 4649 sinceritati
2710 4606 2823 4646 sua
2851 4588 3118 4655 restituit;
3152 4588 3296 4660 quod
3334 4605 3441 4644 non
3481 4605 3546 4645 ea
3596 4590 3775 4644 solum

2179 4686 2403 4743 exhibet
2424 4700 2540 4738 oua
2559 4683 2625 4736 ad
2649 4680 2991 4751 disciplinam
3014 4680 3444 4736 ecclesiasticam
3470 4680 3773 4749 pertinent,

2179 4782 2273 4838 sed
2315 4780 2476 4837 etiam
2504 4778 2761 4849 quidquid
2798 4776 2912 4833 fere
2942 4791 3039 4845 pro
3067 4774 3188 4831 ﬁdei
3220 4789 3382 4831 causa
3413 4784 3598 4831 actum
3636 4773 3775 4829 scri-

2178 4885 2435 4948 ptumque
2458 4879 2543 4928 est
2562 4870 2649 4926 vel
2672 4872 2738 4925 ab
2762 4868 3057 4939 apostolica
3084 4868 3233 4934 sede,
3270 4867 3351 4921 vel
3380 4867 3448 4923 ab
3489 4866 3615 4922 aliis
3656 4868 3774 4937 epi-

2176 4969 2356 5038 scopis
2384 4982 2477 5037 per
2508 4964 2604 5019 illa
2645 4972 2906 5031 tempora,
2942 4960 2996 5016 id
3019 4961 3190 5016 codex
3228 4960 3682 5030 comprehendit;
3718 4960 3774 5038 in

2180 5036 2289 5133 quo
2310 5036 2525 5131 prastat
2552 5064 2606 5113 et
2628 5055 2953 5125 Dionysiano
2983 5063 3040 5109 et
3069 5054 3283 5109 cateris
3313 5067 3591 5109 canonum
3634 5036 3775 5108 con-

2178 5155 2599 5220 stitutorumque
2648 5146 2948 5212 codicibus,
2988 5147 3078 5215 qui
3130 5144 3265 5200 nihil
3317 5143 3386 5198 de
3424 5144 3594 5199 rebus
3643 5145 3772 5200 ﬁdei

2177 5246 2472 5316 attingunt,
2500 5244 2545 5297 si
2578 5240 2821 5321 capitula
2844 5238 2911 5295 de
2932 5240 3103 5311 gratia
3125 5247 3179 5293 et
3206 5236 3376 5291 libero
3401 5237 3630 5291 arbitrio
3654 5236 3772 5292 Ca-

2176 5339 2359 5396 lestini
2409 5335 2650 5407 epistola
2693 5346 2901 5391 annexa
2938 5330 3203 5400 excipias,
3230 5345 3359 5400 ,qua
3392 5330 3537 5399 apud
3572 5330 3771 5400 Diony.

2175 5434 2313 5491 sium
2342 5432 2607 5489 habentur
2623 5435 2677 5484 et
2699 5425 3081 5483 desiderantur
3102 5423 3153 5478 in
3178 5430 3384 5493 nostro,
3410 5431 3466 5477 et
3485 5421 3768 5493 Gangreno

2176 5542 2264 5601 ses
2287 5521 2785 5579 anathematismos.
3608 5510 3615 5523 θ

2170 5684 2358 5740 codice
2387 5697 2449 5737 ac
2480 5680 2546 5735 de
2576 5677 2697 5732 aliis
2719 5674 3009 5753 incognitis
3045 5671 3463 5753 collectionibus
3497 5685 3767 5753 canonum

2168 5736 2229 5811 et
2246 5736 2701 5809 constitutionum
2731 5736 3040 5820 apostolica
3072 5744 3214 5799 sedis
3253 5742 3368 5798 fuse
3410 5736 3767 5820 disputabuji‘.

2172 5809 2283 5891 tur;
2336 5827 2422 5877 ulti
2472 5825 2637 5879 etiam
2688 5809 3223 5891 ea'conlutabimus
3252 5829 3403 5891 qua_
3442 5809 3768 5891 Pasclrasfut

2170 5882 2487 5966 Quosnellus
2512 5909 2579 5949 ex
2608 5891 2797 5949 eodem
2821 5905 2919 5945 suo
2950 5884 3263 5960 prajudicio
3283 5882 3520 5942 subinde
3543 5884 3770 5955 colligit.
