4014 6350
248 433 311 487 ιδ
1048 428 1107 515 ρο
1150 426 1535 519 ρυεδωεμέι
1570 424 1947 521 wao
1983 426 2049 521 IN,
2087 428 2277 523 sunt
2319 431 2713 523 εριτμρΝβΜ·
3440 441 3511 523 φρ

308 544 443 615 Ege
464 552 524 629 et
553 544 657 615 alia
682 541 1019 631 hujusmodi,
1050 502 1171 621 qua;
1213 547 1325 617 suis
1359 502 1824 611 locisoccurrent,
1936 504 2119 613 teri’es.
2284 508 2462 625 potior
2480 502 2629 613 ratio
2648 510 2657 517 ’Ἴ
2668 548 2799 627 Ini},
2830 550 2972 627 quod
2996 548 3195 635 Leonis
3253 512 3511 637 Epistulae

242 636 509 710 praeiere
557 638 779 712 quidem
808 646 956 693 sunt.
999 636 1117 705 Duo
1147 647 1323 709 tamen
1352 646 1547 709 preter
1583 638 1672 693 illa
1703 645 1827 695 sunt

239 747 357 801 qua:
379 731 644 795 Ecclesia:
668 730 923 789 Romanae
951 731 1225 795 studiosos
1248 731 1459 801 (ecquis
1481 746 1645 801 porro
1666 731 1826 801 hujus

240 824 515 879 studiosus
533 839 643 877 non
668 823 761 887 sit,
785 823 831 878 si
853 822 1153 895 catholicus
1168 823 1278 894 ?)et
1296 823 1631 893 antiquitatis
1653 822 1827 897 eccle-

237 918 473 983 siastica:
500 927 774 983 amatores
804 916 977 985 magis
1017 914 1276 981 allicient.
1307 914 1505 989 Unum,
1539 915 1684 989 quod
1724 930 1827 989 ope

238 1008 395 1077 hujus
415 1010 628 1081 codicis
653 1009 1008 1080 dignoscitur,
1033 1024 1152 1080 quae
1172 1024 1345 1079 quove
1375 1019 1617 1079 tempore
1636 1008 1827 1073 Orien-

240 1100 369 1155 tales
394 1102 594 1169 synodi
621 1102 675 1157 in
707 1117 864 1157 usum
890 1111 1122 1171 recepta:
1144 1101 1342 1157 fuerint
1362 1100 1416 1156 in
1448 1100 1689 1158 Ecclesia
1720 1101 1827 1157 Ro-

237 1207 417 1259 mana,
444 1209 557 1264 quo
580 1195 900 1263 Antiocheni
924 1209 1184 1263 canones,
1216 1193 1823 1266 Constantinopolitaui,

236 1286 505 1359 Africani,
526 1289 649 1363 etsi
680 1289 770 1357 qui
798 1290 887 1344 alii
910 1289 964 1344 in
985 1291 1414 1359 controversiam
1442 1298 1720 1355 vocantur.

303 1377 560 1433 Alterum
590 1387 696 1447 est,
735 1393 801 1441 ex
850 1380 1041 1435 eodem
1092 1391 1277 1436 nostro
1317 1382 1506 1451 codice
1543 1381 1733 1453 repelli
1762 1395 1827 1447 ac

233 1470 480 1535 funditus
506 1471 742 1537 convelli
768 1471 1138 1541 impudentem
1168 1472 1516 1549 calumniam,
1548 1487 1708 1544 quam
1740 1471 1824 1528 fa-

235 1566 369 1635 mosi
428 1564 513 1637 illi
571 1564 1055 1637 Magdeburgenses
1119 1565 1513 1625 centuriatores
1564 1566 1827 1633 adversus

234 1642 610 1727 sanctissimos
654 1657 935 1729 pontiﬁces
971 1655 1246 1727 Romanos
1274 1656 1570 1729 Zosimum,
1607 1657 1827 1723 Bonifa-

236 1755 373 1805 cium
406 1760 470 1825 et
493 1750 847 1821 Ctelestinum
873 1751 1291 1815 sceleratissime
1333 1760 1670 1823 struxerunt,
1701 1766 1823 1811 cum

240 1858 332 1900 eos
358 1844 541 1921 palam
565 1850 621 1915 et
642 1843 861 1915 publice
889 1842 1178 1915 traducunt
1204 1845 1353 1915 velut
1370 1841 1712 1919 Nicanor-um
1734 1858 1825 1899 ca-

1929 652 2049 711 quze
2078 639 2315 707 Operum
2348 640 2464 719 ejus
2490 657 2613 721 pars
2639 652 2727 729 est
2757 643 3035 729 in‘signior,
3070 654 3200 727 sum
3226 647 3373 717 velut
3412 664 3511 704 ne-

1929 730 2222 793 cessarium
2268 732 2471 789 codicis
2511 722 2975 821 suppi'e’menl'um;
3017 722 3388 810 quo-resecto,
3421 755 3512 794 co-

1929 822 2033 879 dex
2060 823 2325 879 nobiliore
2355 826 2437 879 sui
2468 835 2616 895 parte
2642 828 2879 883 minutus
2905 844 3238 901 mancusque
3261 833 3382 896 erit;
3404 847 3512 901 quo

1931 913 2161 989 adjecto,
2181 914 2291 984 jam
2320 914 2590 1000 perfectus
2612 927 2717 982 est,
2742 920 3112 997 integramque
3140 922 3359 989 exhibet
3372 923 3513 992 juris

1928 1006 2176 1060 canonici
2209 1008 2405 1061 veteris
2428 1006 2651 1062 Romani
2685 1008 3094 1078 bibliothecam,
3118 1027 3183 1067 ex
3212 1028 3313 1082 qua
3339 1014 3512 1068 eccle-

1930 1097 2163 1167 siastica:
2202 1097 2689 1169 administrationis
2733 1099 2878 1171 leges
2920 1101 3253 1175 depromptae
3299 1119 3395 1174 per
3436 1113 3513 1159 tot

1928 1191 2125 1247 saecula
2144 1190 2365 1247 fuerunt
2392 1193 2460 1249 ab
2485 1194 2800 1269 apostolicae
2825 1193 2970 1251 sedis
2998 1192 3338 1265 praesulibus.

2000 1284 2267 1359 Epistolas
2295 1284 2493 1363 Leonis
2514 1287 2884 1365 necessarium
2915 1286 3026 1341 dixi
3056 1288 3259 1343 codicis
3288 1290 3508 1359 supple-

1928 1387 2190 1446 mentum,
2233 1381 2358 1452 quia
2396 1380 2530 1436 nihil
2560 1381 2783 1463 omnino
2812 1381 2957 1451 quod
2987 1381 3184 1437 Leonis
3221 1381 3292 1437 sit
3336 1383 3511 1438 codici

1928 1473 2191 1531 insertum
2221 1475 2481 1547 habemus
2504 1473 2583 1548 (a)
2612 1493 2623 1529 :
2649 1490 2773 1551 cum
2798 1486 2975 1531 tamen
2996 1477 3233 1551 omnium
3261 1490 3292 1531 a
3318 1477 3511 1533 Siricio

1929 1580 2065 1636 papa
2092 1580 2258 1637 usque
2282 1566 2349 1623 ad
2378 1546 2722 1637 Anastasium
2754 1565 2800 1620 ll
2819 1546 3105 1645 praesuli-rm
3142 1569 3511 1623 Romanorum

1929 1660 2183 1729 epistolas
2216 1660 2514 1730 praecipuas
2552 1644 2963 1733 complectatur,
3002 1661 3241 1737 exceptis
3282 1670 3511 1716 Anasta-

1930 1752 2013 1829 sio
2044 1751 2087 1819 l,
2118 1753 2273 1823 cujus
2298 1740 2443 1823 nihil
2484 1763 2750 1823 superest,
2796 1754 2946 1819 Sixto
2986 1746 3076 1821 Ill,
3128 1755 3218 1824 qui
3260 1756 3347 1808 vix
3376 1755 3511 1809 duas

1930 1843 2208 1929 epistplas,
2234 1853 2288 1905 et
2310 1844 2494 1919 llilaro
2516 1844 2646 1912 PP.,
2676 1845 2954 1919 quiplures
2976 1847 3214 1927 scripsit.
3243 1846 3312 1901 Et
3333 1857 3512 1901 tamen

236 1954 437 2005 nonum
482 1938 881 2017 adniteretur“,
929 1936 1223 2008 (aleatores,
1275 1946 1599 2010 corruptores
1620 1953 1640 1991 .'
1670 1936 1823 2013 quasi
1852 1931 1903 1992 Β
1928 1934 2082 2015 cujus
2102 1937 2279 2003 potius
2307 1936 2553 2015 epistola:
2583 1952 2737 2011 suum
2762 1938 2815 1991 in
2845 1937 3032 1993 codice
3050 1939 3227 2019 locum
3260 1939 3512 1992 obtinere

229 2051 318 2105 per
356 2033 592 2099 immane
615 2034 781 2085 scelus
826 2040 874 2103 et
900 2032 1235 2106 impietatem,
1276 2047 1340 2105 ac
1369 2030 1625 2109 furiosam
1666 2030 1828 2093 amtti-

231 2129 419 2193 tionem
447 2140 479 2178 a
504 2123 730 2195 Ζοδῇωο
772 2139 907 2195 papa
948 2125 1156 2203 sciente
1194 2140 1258 2181 ac
1296 2124 1514 2205 volente
1554 2125 1827 2199 suppositi

230 2218 335 2277 sint
362 2215 727 2279 Sardicenses
758 2232 998 2283 canones
1031 2230 1129 2287 pro
1145 2215 1405 2285 Nicaenis,
1433 2232 1555 2283 cum
1588 2216 1710 2283 illos
1720 2214 1827 2289 sub

232 2310 580 2366 Niczenomm
608 2310 834 2389 nomine
864 2308 1272 2381 Carthaginensi
1302 2310 1538 2371 concilio
1562 2325 1658 2381 per
1681 2311 1827 2381 lega-

232 2416 310 2461 tos
337 2421 475 2475 suos
502 2405 704 2475 obtulit
732 2406 785 2461 in
825 2405 1254 2479 celebratissima
1286 2403 1382 2459 illa
1418 2403 1659 2474 Appiarii
1697 2417 1825 2474 pre.

232 2501 433 2572 sbyteri
463 2514 628 2555 causa
653 2518 668 2555 :
697 2496 766 2557 In
786 2514 890 2573 qua
916 2497 1116 2571 nefaria
1142 2498 1459 2567 decretorum
1489 2495 1824 2569 Nicanorum

232 2592 612 2669 adulter-ctione
644 2590 973 2665 pervicaciter
1004 2589 1279 2663 perstiterit
1306 2586 1627 2660 Bonifacius,
1670 2588 1822 2659 homo

231 2686 562 2757 ambitiosus,
597 2685 868 2757 inquiunt,
894 2692 944 2739 et
974 2684 1181 2756 impius,
1216 2697 1281 2747 ac
1307 2683 1627 2752 pertinaciter
1651 2698 1817 2757 perse-

229 2780 476 2849 seratierit
502 2778 805 2845 Calatinus
830 2794 849 2837 :
877 2777 995 2845 licet
1020 2778 1320 2853 Africanam
1346 2775 1602 2852 synodum
1621 2774 1823 2845 veriora

229 2880 541 2949 exemplaria
591 2878 925 2943 Nirtenorum
966 2893 1221 2933 canonum
1273 2875 1719 2947 Constantinopoli
1770 2883 1822 2931 et

228 2970 547 3031 Almadria
585 2972 858 3041 accepisse,
909 2987 969 3026 ac
1018 2970 1318 3037 sceleratam
1377 2966 1614 3038 fraudem
1655 2968 1819 3038 falsa-

226 3071 389 3127 tornnt
412 3077 681 3117 “unum
704 3062 953 3118 detectam
981 3078 1107 3127 esse,
1136 3060 1291 3134 probe
1325 3062 1495 3116 sciret.
1526 3059 1687 3129 Certa
1714 3059 1820 3123 erit

228 3154 490 3225 deinceps
504 3170 576 3231 ex
593 3155 799 3219 codicis
814 3154 1149 3223 inspectione
1168 3170 1275 3210 non
1303 3153 1476 3221 dicam
1499 3154 1663 3221 modo
1677 3153 1818 3225 aliud

224 3247 543 3314 catholicos,
575 3246 673 3311 sed
701 3254 758 3313 et
786 3247 928 3318 apud
954 3246 1173 3318 quosvis
1194 3262 1300 3302 non
1333 3248 1638 3317 desperata:
1687 3261 1818 3309 con-

1928 2012 2255 2105 Vdebuerant,
2277 2043 2437 2098 quam
2465 2012 2687 2093 Leonis,
2719 2029 2807 2101 qui
2848 2042 2900 2109 et
2933 2030 3085 2109 plura
3108 2012 3336 2111 'cmteris
3372 2031 3511 2085 scri—

1931 2120 2040 2201 psit
2086 2121 2155 2183 de
2208 2121 2509 2199 disciplina:
2551 2104 2933 2193 ecclesiasticis
2972 2104 3334 2191 observantia,
3375 2134 3428 2178 ct
3456 2125 3511 2182 in

1932 2210 2238 2287 Pelagianis
2271 2212 2725 2289 Entychianisque
2751 2214 3068 2291 damnandis
3107 2223 3249 2286 (qua:
3278 2216 3511 2271 haereses

1932 2304 2197 2389 reliquum
2228 2302 2345 2360 fere
2370 2305 2571 2377 codicis
2606 2308 2889 2378 occupant)
2931 2322 3055 2385 pars
3084 2322 3275 2385 magna
3306 2310 3425 2375 fuit,
3459 2319 3513 2369 et

1931 2396 1984 2450 in
2014 2398 2300 2481 posteriori
2324 2399 2486 2457 etiam
2516 2400 2817 2471 praecipua?
2839 2402 2999 2479 istam
3030 2404 3378 2475 emissionem
3403 2421 3510 2462 non

1928 2506 1997 2546 ex
2018 2504 2146 2553 casu
2167 2492 2253 2557 vel
2280 2491 2546 2561 oblivione
2567 2493 2879 2563 contigisse,
2897 2496 3067 2551 multo
3092 2496 3267 2569 minus
3289 2513 3357 2561 ex
3382 2513 3511 2552 con-

1931 2590 2142 2651 temptu
2166 2590 2347 2647 natam
2379 2583 2659 2655 quisquam
2687 2586 2907 2653 dixerit.
2942 2589 3019 2641 Ex
3044 2589 3305 2643 industria
3348 2590 3510 2657 igitur

1927 2673 2125 2730 factum
2158 2677 2224 2731 ab
2246 2677 2309 2731 iis
2333 2678 2423 2747 qui
2452 2679 2650 2733 codicis
2671 2680 2935 2748 capitibus
2964 2682 3027 2734 41
3062 2689 3117 2736 et
3145 2662 3214 2734 42
3245 2681 3383 2753 (quae
3414 2683 3510 2737 ad:

1929 2782 2121 2843 versus
2152 2768 2431 2847 Eutychen
2459 2780 2611 2840 gesta
2650 2772 2927 2826 continent
2955 2782 3058 2826 eta
3090 2772 3269 2839 Leone
3319 2774 3510 2829 viden-

1928 2875 2014 2922 tur
2043 2865 2267 2938 inserta)
2320 2868 2492 2923 satius
2531 2864 2801 2945 duxerunt
2844 2881 2946 2925 una
2978 2868 3117 2926 serie
3162 2869 3508 2942 subiungere,

1926 2975 2045 3030 quae
2068 2961 2329 3018 adversus
2350 2964 2569 3018 eosdem
2590 2966 2874 3020 haereticos
2893 2975 3012 3021 acta
3032 2976 3186 3021 erant
3207 2967 3507 3037 Simplicio,

1923 3053 2109 3113 Felice
2135 3063 2192 3113 et
2220 3055 2436 3114 Gelasio
2480 3057 2737 3115 Romanis
2766 3060 3133 3129 pontiﬁcibus,
3158 3076 3315 3130 quam
3356 3072 3510 3117 acto-

1924 3164 2045 3217 rum
2087 3148 2235 3204 ﬁlum
2285 3150 2679 3220 interrumpere
2716 3151 2940 3221 prolixis
2989 3152 3187 3207 Leonis
3225 3154 3393 3206 nostri
3442 3153 3509 3209 de

1924 3243 2203 3313 multiplici
2233 3244 2465 3300 materia
2495 3246 2771 3315 epistolis;
2794 3261 2860 3301 ex
2888 3246 3081 3315 quibus
3107 3248 3150 3300 si
3184 3255 3388 3301 tantum
3412 3247 3509 3299 ali-

492 3338 770 3409 homines,
801 3315 858 3396 et
882 3315 1141 3405 scelerata
1164 3315 1449 3396 hominum
1482 3349 1663 3407 mente
1697 3354 1817 3407 (ιορ-
1844 3315 1893 3382 C
1922 3335 2051 3406 quid
2078 3335 2407 3392 delibassent
2435 3337 2609 3395 codici
2643 3336 3013 3403 inserendum,
3042 3352 3155 3393 rem
3182 3340 3361 3393 minus
3399 3340 3509 3392 uti-

220 3440 507 3502 ruptorum
530 3432 829 3511 protervia,
860 3441 914 3497 et
942 3432 1225 3495 sinceritas
1270 3432 1579 3504 candorque
1608 3433 1819 3502 episco-

222 3538 417 3592 porum
440 3524 844 3595 Romanorum,
871 3523 963 3595 qui
988 3524 1129 3594 quod
1158 3532 1437 3594 acceptum
1465 3538 1495 3589 θ
1520 3523 1817 3593 majoribus

216 3616 273 3681 io
302 3629 406 3689 suo
436 3614 634 3683 codice
661 3615 931 3684 legebant,
965 3615 1101 3671 bona
1130 3614 1235 3670 [ide
1277 3615 1649 3685 protulerunt;
1676 3629 1817 3685 quos

220 3723 337 3763 eam
374 3708 450 3763 ob
495 3723 615 3763 rem
669 3708 987 3778 ignorantiae
1024 3722 1419 3775 accusare-non
1451 3709 1645 3778 possis,
1684 3708 1815 3779 quin

220 3800 516 3856 Africanos
535 3801 842 3871 episcopos,
877 3799 1197 3867 Orientales,
1226 3814 1290 3855 ac
1332 3800 1620 3870 plerosque
1657 3799 1816 3855 Occi-

214 3898 469 3952 dentales
496 3898 701 3967 pariter
724 3895 1023 3961 insimules,
1054 3895 1250 3966 quibus
1275 3894 1362 3950 vel
1396 3894 1705 3951 nullatenus
1726 3895 1814 3952 vel

212 3989 451 4044 obscure
482 3987 773 4042 admodum
805 3988 1151 4043 innotuerant
1184 3986 1530 4041 Sardicenses
1575 4000 1812 4061 canones

213 4094 277 4159 ac
304 4078 658 4134 Nic-amorum
686 4094 966 4149 numerus,
994 4078 1061 4159 de
1088 4094 1196 4175 quo
1237 4077 1302 4159 ad
1350 4086 1594 4135 nostram
1642 4094 1811 4167 usque

212 4184 435 4241 atatem
462 4176 829 4243 perseveravit
862 4170 1195 4245 eruditorum
1226 4170 1617 4237 controversia.
1800 4170 1803 4171 ⁷

288 4264 402 4321 Vl].
435 4266 567 4321 Haec
594 4265 809 4336 quidem
831 4266 1055 4335 optime,
1084 4264 1229 4319 dicet
1255 4263 1468 4333 aliquis,
1496 4277 1558 4317 ac
1586 4262 1811 4332 probata

210 4365 401 4412 manet
424 4358 633 4412 utilitas
654 4356 1041 4426 sinceritasque
1060 4354 1261 4410 codicis
1287 4372 1300 4408 :
1331 4355 1425 4410 sed
1456 4354 1809 4425 quamobrem

212 4451 415 4507 Leonis
437 4446 709 4522 Operibus
736 4466 997 4529 annexus,
1023 4461 1080 4521 ut
1107 4450 1268 4506 simul
1292 4451 1603 4521 prodirent?
1629 4451 1675 4505 si
1692 4452 1811 4525 qui-

212 4544 340 4600 dem
373 4545 468 4599 ille
494 4559 598 4599 una
629 4559 747 4599 cum
778 4541 1246 4599 dissertationibus
1273 4544 1374 4598 sibi
1400 4544 1631 4615 propriis
1657 4545 1807 4600 volu-

211 4638 345 4691 mini
372 4637 608 4692 seorsim
640 4636 953 4692 excudendo
982 4634 1231 4691 sufﬁcere
1260 4644 1492 4705 poterat.

1920 3430 2028 3497 lem
2054 3438 2109 3485 et
2134 3430 2472 3485 commodam
2503 3430 2696 3486 facturi
2725 3441 2927 3493 essent,
2966 3447 3123 3501 quam
3150 3447 3272 3487 cum
3304 3432 3507 3501 pleras~

1919 3538 2026 3595 que
2053 3522 2294 3592 ejusdem
2333 3524 2590 3592 epistolas
2626 3524 2681 3578 in
2708 3539 2876 3593 unum
2920 3539 3117 3596 corpus
3147 3526 3404 3581 collectas
3435 3526 3506 3581 ad

1918 3618 2122 3672 calcem
2151 3615 2356 3683 codicis
2383 3630 2632 3686 posuere,
2664 3626 2719 3671 ut
2741 3631 2841 3686 ego
2867 3616 3065 3671 factum
3092 3620 3357 3687 suspicor.

1988 3708 2325 3780 Conjecturaa
2361 3709 2485 3765 huic
2512 3721 2710 3764 nosme
2752 3707 3074 3779 suffragatur
3102 3719 3386 3779 utrumque
3409 3726 3505 3766 co-

1916 3798 2053 3857 dicis
2076 3801 2363 3870 exemplar
2389 3800 2823 3871 ms.Thuaneum
2849 3810 2903 3871 et
2923 3802 3247 3867 onniense,
3274 3804 3340 3859 ad
3366 3818 3504 3872 quo-

1915 3907 2035 3947 rum
2060 3896 2261 3948 calcem
2290 3893 2485 3949 Leonis
2514 3894 2757 3964 epistola:
2786 3894 2956 3950 instar
2996 3898 3352 3967 supplementi
3399 3897 3502 3952 de-

1916 3989 2131 4057 scriptae
2151 3998 2309 4057 sunt;
2341 3999 2399 4043 ut
2422 3990 2475 4044 in
2492 3990 2869 4046 dissertatione
2893 3990 3207 4046 duodecima
3241 3992 3499 4062 diximus,

1915 4090 1968 4151 et
1994 4080 2047 4136 in
2080 4081 2256 4159 indice
2302 4084 2512 4151 integro
2536 4082 2800 4148 Tltuanei,
2853 4098 3012 4154 quem
3043 4085 3213 4140 codici
3265 4085 3501 4155 praeﬁxi-

1915 4188 2053 4241 mus,
2085 4176 2313 4247 quisque
2342 4190 2564 4232 cernere
2595 4184 2789 4245 potest.

1986 4266 2063 4322 De
2082 4269 2293 4322 caeteris
2317 4266 2475 4335 hujus
2496 4268 2785 4322 voluminis
2810 4268 3053 4337 partibus
3074 4269 3162 4324 vix
3187 4269 3387 4336 aliquid
3414 4269 3498 4323 hic

1914 4360 2174 4415 habemus
2223 4360 2577 4430 przel'andum.
2611 4360 3060 4415 Dissertationum
3093 4362 3368 4415 materiem
3399 4376 3498 4415 ex-

1913 4450 2063 4523 hibet
2091 4451 2305 4506 illarum
2338 4450 2498 4523 index
2534 4465 2659 4506 mox
2688 4461 2991 4507 secuturus.
3034 4450 3205 4519 Notae,
3240 4451 3499 4507 observa-

1911 4543 2089 4597 tiones
2104 4543 2471 4613 lectionesque
2490 4543 2650 4596 varize
2665 4558 2758 4611 per
2771 4556 2829 4597 se
2843 4542 2923 4597 cla
2932 4558 3003 4597 ra:
3017 4552 3160 4597 sunt.
3179 4541 3498 4613 Plerumque

1912 4634 2130 4690 codices
2154 4649 2287 4691 mss.
2320 4650 2384 4691 ex
2415 4634 2607 4705 quibus
2635 4634 2752 4690 ista:
2783 4644 3022 4701 manant,
3053 4636 3136 4690 vel
3170 4652 3288 4704 quae
3311 4638 3498 4705 genui-

280 4729 403 4783 Non
430 4743 538 4782 una
572 4730 811 4797 proiecto
841 4728 981 4783 ratio
1010 4727 1061 4782 id
1104 4725 1316 4782 consilii
1347 4727 1635 4796 persuasit.
1688 4727 1806 4783 Non
1829 4695 1886 4758 Ῑ)
1912 4743 2035 4783 nam
2054 4729 2365 4795 restituere,
2385 4727 2690 4798 designavi;
2721 4743 2865 4796 saepe
2892 4729 2990 4782 hos
3007 4727 3162 4781 omisi
3188 4742 3496 4795 recensere,

211 4818 392 4874 dicam
426 4834 527 4889 per
558 4819 612 4891 id
628 4820 889 4888 temporis
919 4833 949 4872 a
976 4832 1062 4889 me
1089 4818 1330 4891 codicem
1361 4817 1663 4889 inventum,
1682 4832 1805 4884 cum

210 4912 386 4977 Leoni
418 4909 636 4975 edendo
676 4910 1009 4987 incubarem,
1038 4920 1093 4966 et
1120 4909 1250 4989 inde
1294 4919 1473 4965 natam
1514 4920 1804 4985 utrumque

210 5020 324 5059 uno
367 4996 533 5075 partu
570 4998 857 5085 emittendi
905 5002 1318 5083 cogitationem;
1369 5003 1557 5079 eodem
1618 5004 1805 5079 codice

211 5114 369 5153 nsum
398 5113 527 5175 esse
544 5082 1076 5181 Leonemnostrlum;
1100 5097 1413 5177 nonnullam
1440 5097 1613 5171 lucem
1643 5112 1715 5165 ex
1734 5112 1804 5171 eo

209 5192 497 5269 conciliari
523 5180 729 5275 μέριιῴ
752 5191 1038 5275 pperibus,
1073 5206 1136 5271 ac
1155 5191 1458 5279 praesertim
1484 5204 1550 5255 eo
1578 5190 1680 5265 loci
1710 5190 1800 5269 ubi

207 5284 574 5341 Sardicenses
612 5299 845 5340 canones
872 5300 970 5355 pro
1007 5284 1240 5339 Nicaznis
1268 5283 1337 5337 ab
1369 5296 1436 5339 eo
1474 5282 1799 5341 laudantur:

206 5381 378 5436 multa
406 5378 532 5450 ejus
572 5386 733 5434 aetate
762 5381 817 5434 in
846 5379 1085 5463 codicem
1125 5377 1291 5457 fuisse
1336 5376 1516 5453 illata,
1550 5389 1801 5457 magnam

208 5481 420 5541 partem
445 5471 516 5525 ab
548 5471 737 5535 eodem
778 5470 856 5524 illi
893 5462 1181 5549 insertam;
1219 5462 1507 5547 maximam
1542 5467 1800 5545 Eutychis

208 5572 652 5631 sectator-umque
682 5561 801 5628 eius
829 5560 1080 5616 damnata
1119 5560 1367 5630 dogmata
1396 5558 1647 5626 attinere,
1680 5575 1801 5631 quae

208 5654 429 5726 propria
450 5661 537 5739 est
563 5662 618 5710 et
636 5652 835 5741 Leonis
853 5652 1078 5719 victoria
1101 5660 1156 5725 et
1184 5651 1507 5722 scriptorum
1539 5652 1661 5722 ejus
1686 5668 1800 5733 ma-

276 5789 359 5860 (a)
384 5786 591 5845 Leonis
617 5787 877 5860 epistolas
907 5788 1120 5858 triginta
1153 5789 1285 5843 duas
1318 5787 1445 5843 huic
1476 5790 1780 5846 collectioni

206 5859 375 5917 fuisse
410 5863 645 5915 insertas
676 5859 947 5931 innuimus
975 5868 1156 5915 annot.
1193 5860 1247 5913 8.
1280 5860 1553 5928 Quesnelli
1596 5862 1791 5931 prmju-

203 5934 404 5991 ditium
429 5932 575 5987 unde
586 5931 850 5999 originem
872 5930 1107 6001 duxerit,
1134 5932 1521 6002 explicabimus
1539 5933 1590 5987 in
1602 5930 1791 5989 obser-

1909 4836 2030 4887 cum
2059 4819 2311 4877 videlicet
2354 4819 2668 4891 indubitata:
2697 4820 3037 4893 certitudinis
3065 4828 3148 4876 est
3193 4820 3498 4875 emendatio

1908 4924 1964 4978 et
1990 4914 2054 4983 ad
2093 4930 2211 4973 eam
2240 4914 2451 4970 codices
2481 4928 2671 4975 omnes
2707 4914 3039 4983 conspirant.
3077 4915 3272 4969 Earum
3305 4915 3497 4985 aliqua:

1910 5006 2229 5083 prolixiores
2266 5005 2510 5067 fortassis
2547 5005 2875 5061 videbuntur
2904 5014 2959 5061 et
2997 5006 3337 5075 aliquatenus
3368 5006 3497 5060 alie-

1912 5113 1994 5173 me
2022 5116 2035 5151 :
2067 5098 2121 5163 in
2156 5098 2260 5156 hoc
2306 5098 2655 5168 plurimorum
2696 5097 3139 5167 eruditorumque
3169 5099 3494 5169 scriptorum

1908 5178 2155 5271 exemplo
2181 5190 2471 5263 obsecutus
2499 5204 2639 5257 sum,
2672 5191 2761 5262 qui
2791 5189 3160 5261 perspicuitati
3188 5193 3354 5261 magis
3383 5201 3494 5247 stu‘

1906 5286 2073 5341 duere
2099 5299 2259 5355 quam
2286 5283 2556 5352 brevitati,
2590 5283 2849 5355 nefasque
2888 5285 3159 5341 duxerunt
3186 5300 3291 5340 non
3318 5300 3379 5340 ea
3410 5284 3491 5338 vel

1906 5379 2084 5435 alieno
2111 5378 2235 5434 loco
2262 5378 2557 5443 illustrare,
2602 5392 2722 5448 qua
2772 5378 3090 5435 illustranda
3122 5379 3311 5451 quavis
3337 5393 3491 5433 occa-

1904 5472 2057 5529 sione
2085 5470 2461 5528 occurrebant.

1975 5566 2031 5621 lu
2057 5566 2141 5622 his
2170 5580 2575 5635 nonnumquam
2603 5580 2635 5621 ι
2653 5565 3094 5622 doctissimorum
3120 5565 3354 5619 virorum
3374 5566 3489 5635 opi-

1904 5660 2157 5716 nionibus
2186 5656 2515 5723 recedimus,
2560 5672 2651 5713 eas
2696 5658 2983 5729 aliquando
3007 5657 3169 5712 etiam
3210 5656 3486 5727 impugna-

3495 5758 3501 5788 l

1893 5794 2206 5851 vationibus
2231 5794 2297 5849 ad
2320 5795 2757 5868 dissertationem
2786 5794 3030 5860 ejusdem
3073 5794 3476 5868 duodecimam,

1894 5881 2015 5936 quae
2047 5876 2191 5921 tomo
2220 5864 2378 5921 tertio
2399 5866 2600 5922 edetur.
