4014 6350
246 300 317 361 ιο
767 294 1291 354 ΞΟΗΈΝΕΜΑΝΝῘ
1333 294 1617 351 ΝΟἸῚΊΊΑ
1657 294 1854 353 HISTO

1966 302 2472 361 IO-LI'I‘TERARIA
2513 301 2578 356 1N
2618 301 2679 356 S.
2725 299 3025 355 LEUNILM.
3460 300 3532 354 50

245 417 339 473 sed
358 431 468 472 non
495 416 662 471 otioso
682 411 792 485 (tl);
818 410 1067 468 Ecclesia
1086 411 1355 467 catholica
1377 412 1598 479 doctori,
1620 413 1709 466 sed
1737 422 1842 465 tra-
1869 416 1920 475 Α
1941 416 2215 488 gratuitam
2243 416 2564 485 largitionem
2586 455 2601 479 ,
2629 410 3021 483 insuperabilem
3050 410 3282 465 virtutem
3305 448 3319 472 ,
3352 417 3533 464 contra

486 505 740 578 discipulo
765 507 838 578 (lt)
855 523 874 572 ;
902 508 1159 561 canonica
1183 506 1474 576 disciplina
1506 506 1838 560 instauratori
1941 509 2247 583 Pelagianos
2272 507 2765 576 Pelagianorumque
2781 505 3024 574 reliquias
3045 504 3117 574 (r)
3137 521 3157 570 ;
3176 504 3533 574 mysteriorum

244 598 623 668 sapientissimo
637 598 1031 669 (c),e:s:secutori
1051 598 1550 670 religiosissimo(d),
1568 598 1840 670 uindici(e)
1940 603 2164 655 omnium
2189 602 2463 663 veritatem,
2501 598 2820 667 dignitatern,
2850 599 3190 660 sanctitatem,
3216 606 3391 649 contra
3414 597 3533 650 Ma-

244 692 533 761 {ortissimo
564 692 673 760 (f);
720 690 865 759 ﬁdeli
900 707 960 744 ac
996 690 1177 760 ﬁdenti
1207 690 1452 747 Ecclesia
1482 698 1839 762 prapugnato-

242 786 290 838 ri
302 782 405 855 (g),
421 783 785 837 hereticorum
800 798 899 836 non
914 783 1032 852 ﬁcto
1051 791 1137 837 aut
1152 784 1351 854 trepido
1363 783 1707 854 impugnatori
1725 781 1807 852 (lt)
1828 800 1839 833 :

244 878 397 946 cujus
430 892 527 943 pro
557 875 813 929 catholica
843 874 945 945 ﬁde
975 874 1376 930 sollicitudinem
1412 892 1472 930 ac
1500 875 1841 945 diligentiam,

242 966 475 1021 laborem
520 979 568 1021 et
618 967 946 1030 industriam,
999 967 1281 1022 libertatem
1311 978 1460 1037 atque
1508 968 1845 1021 constantiam

242 1059 412 1113 omnis
450 1056 692 1113 Ecclesia
731 1058 1016 1128 pradicare
1051 1074 1153 1112 non
1194 1069 1357 1113 cessat
1397 1058 1461 1129 (i)
1495 1060 1629 1130 :qui
1660 1068 1847 1129 myste-

243 1153 382 1206 rium
406 1162 755 1206 sacrosancta
786 1150 1054 1205 Trinitatis
1089 1163 1269 1207 contra
1293 1152 1718 1207 Priscillianistas
1745 1154 1844 1223 (j),

243 1240 373 1297 Jesu
384 1240 583 1297 Christi
596 1244 966 1298 incarnationis
980 1244 1327 1298 necessitatem
1341 1255 1521 1298 contra
1533 1244 1844 1313 Judaos(k),

244 1336 486 1388 eamdem
523 1352 644 1389 cum
682 1333 841 1390 Patre
883 1337 1220 1391 substantiam
1263 1347 1442 1390 contra
1476 1336 1696 1389 Arianos
1738 1336 1802 1403 (l)
1832 1375 1845 1399 ,

246 1428 498 1481 humana
522 1430 889 1499 praprietatem
910 1437 1110 1483 natura
1127 1438 1305 1482 contra
1324 1428 1588 1499 Eutychen
1612 1428 1851 1499 (mi,per-

247 1534 392 1572 sana
430 1520 851 1589 singularitatem
896 1531 1072 1575 contra
1123 1518 1419 1574 Nestorium
1464 1519 1565 1591 (η),
1611 1520 1851 1574 Ecclesia

248 1614 369 1685 jura
413 1627 479 1665 ac
522 1620 821 1682 potestatem
866 1622 1044 1666 contra
1088 1613 1408 1667 Nouatianos
1444 1613 1565 1685 (ο),
1618 1613 1850 1679 corporis

249 1702 453 1772 mystici
502 1704 754 1757 unitatem
794 1716 973 1758 contra
1020 1704 1315 1759 Donatistas
1360 1705 1489 1776 (p),
1538 1707 1717 1775 gratia
1745 1701 1849 1775 (q)

1940 694 2158 747 nichaos
2182 693 2250 763 (δ)
2284 692 2577 757 ;sincerum
2612 691 2878 763 religionis
2914 691 3104 744 cultum
3141 698 3316 741 contra
3348 691 3531 760 impios

1947 790 1994 835 et
2020 780 2567 836 Pseudo-Christianos
2595 783 2658 853 (t)
2683 825 2696 847 ,
2728 783 2915 838 calestr
2938 792 3187 846 doetrma,
3220 785 3404 853 pietate
3426 786 3533 836 sin—

1947 873 2138 943 gulari,
2165 874 2353 926 inuicto
2382 875 2573 938 animo,
2598 872 2844 943 exemplo.
2873 876 3211 942 sermonibus,
3242 875 3446 943 scriptis
3471 890 3533 928 ea:

1948 969 2061 1037 ipso
2079 968 2430 1037 apostolorum
2454 968 2606 1019 corde
2635 969 2847 1035 prolatis
2867 966 3129 1034 explicuit,
3151 969 3388 1031 asseruit,
3415 984 3533 1038 pro-

1950 1061 2189 1129 pugnauit
2224 1059 2327 1130 (u).
2363 1058 2539 1113 Tanta
2568 1059 2876 1125 sanctitatis,
2902 1070 3053 1113 tanta!
3080 1061 3221 1130 ﬁdei,
3257 1068 3411 1113 tanta
3438 1062 3535 1113 do.

1950 1153 2127 1205 ctrina
2149 1150 2246 1223 (υ),
2276 1151 2541 1220 pontiﬁci,
2588 1150 2835 1204 Ecclesia
2874 1153 2943 1203 ad
2985 1152 3250 1204 uictoriam
3289 1152 3535 1206 diuinitus

1952 1253 2241 1311 praparato
2272 1242 2374 1313 (ω),
2398 1259 2451 1296 se
2480 1259 2539 1295 ac
2567 1259 2714 1296 suam
2736 1243 2866 1294 hanc
2886 1243 3296 1311 qualemcumque
3318 1242 3537 1312 opellam

1948 1338 2004 1390 in
2036 1337 2236 1407 scriptis
2266 1339 2377 1408 ejus
2404 1335 2727 1406 colligendis,
2762 1336 3066 1405 purgandis,
3094 1335 3415 1389 illustrantlis
3446 1353 3537 1402 po-

1950 1430 2122 1494 sitam,
2172 1446 2197 1482 e
2226 1428 2513 1483 Gallicana
2543 1428 2789 1483 Ecclesia
2830 1429 2945 1483 sinu
2978 1430 3117 1481 unde
3153 1430 3275 1482 olim
3304 1430 3369 1482 ad
3397 1429 3538 1483 Petri

1953 1520 2243 1574 cathedram
2272 1520 2359 1574 ille
2388 1521 2627 1591 quasitus
2656 1528 2728 1573 est
2751 1520 2847 1589 ly),
2879 1518 3048 1587 offert,
3074 1520 3229 1586 dicat,
3256 1528 3535 1588 consecrat,

1954 1613 2304 1666 deuotissimus
2333 1612 2488 1666 cliens
2519 1610 2828 1664 Paschasius
2850 1610 3071 1675 Quesnel
3092 1610 3542 1683 Parisinus,pres-

1954 1704 2097 1775 byter
2115 1711 2410 1772 congregat.
2431 1701 2659 1757 Oratorii
2678 1702 2748 1759 ι).
2763 1703 2794 1756 .l
2800 1720 2905 1757 esu.
2926 1719 2980 1758 tv
2993 1703 3195 1757 kalend.
3214 1700 3341 1757 Julii
3357 1703 3542 1758 Leonis

248 1795 509 1865 sanguine
548 1796 847 1852 mediatoris
888 1808 1049 1869 parta
1088 1798 1434 1853 omnimodam
1477 1799 1846 1865 necessitatem,
1878 1800 1925 1859 Β
1955 1796 2135 1867 Magni
2173 1797 2431 1849 memoria
2476 1812 2642 1850 sacro.
2693 1797 2757 1850 A.
2788 1795 2856 1850 R.
2888 1794 2950 1850 S.
2983 1809 3067 1863 ego
3105 1809 3155 1850 Ia
3192 1809 3245 1853 c.
3276 1811 3414 1850 Lxxv
3444 1794 3537 1866 (ι).

433 2047 561 2101 Vid.
589 2047 815 2102 Dissert.
848 2050 898 2106 1.
924 2047 993 2101 de
1023 2049 1134 2103 Vita
1159 2057 1213 2104 et
1239 2047 1371 2103 Reb.
1408 2049 1595 2117 gestis.

348 2116 553 2190 c)7Leo
573 2134 662 2188 ep.
691 2119 810 2181 154,
843 2120 940 2175 155
964 2120 1122 2190 (nunc
1146 2120 1270 2187 165,
1300 2116 1450 2190 166),
1481 2128 1588 2175 etc.
1612 2117 1679 2174 Et
1708 2116 1851 2175 Sim-

250 2189 397 2261 ι›11‹;.Δ
412 2189 525 2261 PP.
556 2190 745 2261 ep.7ad
778 2189 981 2245 Zenon.
1015 2191 1152 2261 Aug.

326 2258 409 2393 εξ
434 2260 847 2386 ὗῖίὲἓηιέὑῶ.»ιι,
873 2276 925 2317 c.
957 2264 1007 2316 6.

350 2330 403 2396 e)
434 2330 612 2396 Idem,
644 2331 775 2386 ibid.

325 2399 399 2468 (r)
431 2403 533 2471 Ep.
567 2403 716 2457 decr.
745 2404 797 2466 1,
825 2402 882 2467 2,
912 2410 1016 2457 etc.
1043 2401 1221 2458 Gelas.
1250 2400 1356 2456 PP.
1402 2416 1489 2471 ep.
1525 2400 1591 2456 ad
1622 2400 1851 2458 Dardau.

255 2483 311 2529 et
330 2472 599 2527 Ilarcian.
630 2474 856 2539 August.
884 2472 1011 2527 ibid.

325 2542 404 2616 (9)
438 2542 685 2616 ξλειωᾲ.
717 2543 759 2616 _l.
790 2559 840 2608 ν,
878 2560 929 2612 ρ.
962 2545 1090 2612 215,
1120 2550 1176 2599 et
1197 2543 1331 2599 diss.
1366 2544 1420 2610 1,
1451 2543 1518 2600 de
1539 2542 1682 2599 Vita.

328 2613 411 2684 (tu)
442 2613 687 2684 Facund.
716 2613 752 2669 l.
787 2630 846 2681 ιι,
877 2630 927 2670 c.
959 2616 1014 2671 5.

325 2683 396 2754 (i)
432 2683 608 2750 Idem,
639 2683 772 2744 ibid.

366 2755 403 2825 i)
434 2755 608 2820 Idem,
644 2756 683 2810 l.
715 2770 780 2822 ν,
811 2770 863 2810 c.
896 2756 949 2809 4.

356 2824 413 2895 lt)
447 2826 628 2895 Epist.
659 2827 748 2893 15,
784 2826 848 2879 ad
877 2824 1119 2891 Turrib.,
1160 2834 1214 2881 et
1242 2825 1416 2882 Serm.
1456 2826 1525 2882 de
1551 2825 1859 2883 Pentecost.

355 2895 415 2967 t)
442 2896 626 2967 Serm.
658 2896 727 2951 de
745 2895 865 2951 Nat.
897 2907 953 2952 et
980 2896 1178 2967 Epiph.
1210 2897 1367 2954 Dom.

354 2966 429 3039 ut)
462 2966 602 3039 Ibid.
629 2977 683 3022 et
702 2969 753 3020 in
782 2968 948 3039 Epist.

356 3037 414 3110 η)
445 3039 548 3110 Ep.
582 3038 651 3093 94
684 3038 982 3110 (ηιςηο28),
1015 3037 1080 3093 ad
1103 3038 1290 3110 Elavq
1322 3047 1426 3094 etc.

333 3108 408 3180 (ο)
441 3108 546 3181 Ep.
576 3108 807 3181 27,46,
837 3108 1050 3181 64,77,
1092 3108 1181 3174 92,
1216 3110 1306 3175 96,
1350 3110 1417 3164 97
1447 3108 1604 3181 (nunc
1622 3110 1723 3181 731,
1767 3110 1857 3175 59,

319 1976 406 2184 in;
436 1976 497 2031 In
527 1976 705 2033 Serm.
741 1985 797 2033 et
821 1976 948 2032 alibi
975 1978 1197 2049 passim.

344 2047 373 2099 ὁ
433 2047 561 2101 Vid.
589 2047 815 2102 Dissert.
848 2050 898 2106 1.
924 2050 989 2101 de
1023 2049 1134 2103 Vita
1159 2063 1197 2104 et

348 2134 374 2171 c
434 2117 553 2174 Leo
573 2134 662 2184 ep.
691 2119 810 2181 154,
843 2120 940 2175 155
964 2120 1122 2184 (nunc
1146 2120 1197 2174 1ε

1954 1974 2222 2029 Alexand.
2256 1974 2308 2029 in
2335 1974 2545 2030 defens.
2578 1974 2633 2028 S.
2664 1974 2858 2029 Leonis
2885 1973 2986 2027 PP.

2025 2047 2105 2115 (p)
2136 2046 2235 2112 Ep.
2269 2044 2335 2100 14
2365 2052 2523 2117 (nunc
2556 2044 2668 2117 18),
2718 2045 2786 2099 ad
2824 2044 3044 2099 Januar.
3088 2046 3267 2114 Aquil.
3306 2053 3362 2100 et
3388 2059 3475 2114 ep.
3507 2047 3539 2101 1

1956 2114 2114 2185 (nunc
2145 2116 2257 2183 12),
2288 2117 2354 2170 ad
2385 2116 2500 2171 Afr.

2028 2186 2100 2255 (q)
2137 2186 2307 2249 Epist.
2332 2189 2357 2240 1
2391 2184 2692 2255 (nunc12),
2724 2188 2787 2238 ad
2809 2184 2926 2240 Afr.
2956 2196 3009 2239 et
3039 2186 3091 2239 in
3122 2186 3370 2240 Sermon.

2028 2254 2104 2326 (r)
2131 2257 2249 2313 Lib.
2282 2257 2350 2313 de
2374 2258 2504 2312 Voc.
2533 2254 2676 2328 gent.
2710 2256 2810 2325 Ep.
2850 2256 2914 2308 ad
2943 2258 3177 2310 Demetr.
3220 2256 3438 2325 rapitul.
3472 2254 3542 2311 de

1953 2325 2102 2383 Grat.
2133 2339 2186 2382 et
2215 2329 2330 2383 Lib.
2354 2329 2487 2383 Arb.
2518 2325 2687 2397 Epist.
2716 2329 2767 2387 6,
2790 2328 2853 2381 ad
2868 2328 3194 2397 Aquileiens.
3219 2330 3411 2396 episc.,
3433 2335 3538 2380 etc.

2032 2398 2113 2471 (As)
2142 2400 2242 2471 Ep.
2275 2404 2307 2454 8
2335 2402 2494 2469 (nunc
2524 2399 2600 2470 7),
2632 2400 2699 2454 ad
2721 2399 2886 2471 cpisc.
2906 2399 3037 2471 _ltal.
3060 2399 3158 2467 Ep.
3196 2398 3281 2471 15,
3314 2398 3380 2471 ad
3408 2397 3543 2471 Tur-

1956 2467 2407 2610 ;iﬁlgiuquSen'n.
2455 2472 2519 2538 8,
2560 2467 2666 2537 '15,
2711 2470 2813 2541 2'5,
2858 2469 2925 2523 74
2974 2470 3161 2539 (nunc
3205 2468 3257 2535 9,
3314 2470 3400 2537 16,
3448 2467 3541 2537 24,

2059 2582 2071 2603 ,
2104 2556 2135 2595 e
2159 2557 2208 2597 c.

2059 2582 2071 2603 ,
2104 2551 2208 2597 etc.

2032 2612 2107 2680 (t)
2135 2612 2193 2666 In
2221 2613 2472 2669 Sermon.
2504 2610 2723 2679 passim,
2757 2621 2860 2665 etc.

1961 2751 1999 2807 S
2035 2677 2113 2765 (tt)
2136 2683 2447 2739 Hormisdas
2492 2677 2595 2738 PP.
2637 2697 2724 2752 ep.
2753 2681 2842 2763 ad.
2877 2682 3008 2736 cler.
3038 2688 3092 2735 et
3117 2677 3480 2735 archimandr.
3508 2679 3544 2732 2

2002 2767 2153 2807 vnse.

2040 2769 2153 2807 ΓΗΒ.

2002 2767 2237 2952 Ξξὶῖἐξρ.
2264 2825 2442 2895 Episc.
2473 2823 2543 2879 14
2581 2823 2766 2879 Galliae
2801 2822 2869 2877 ad
2904 2821 3137 2877 Leonem
3178 2836 3297 2889 cap.
3328 2821 3361 2875 5
3389 2819 3545 2888 (nunc

1964 2906 2051 2957 ΘΙ).
2085 2906 2195 2957 99).

2039 2896 2415 3034 laggli-llocutio
2435 2965 2626 3019 concil.
2659 2962 2846 3019 Chalc.
2876 2963 2943 3018 ad
2968 2961 3219 3018 Marcian.
3248 2959 3385 3028 Aug.

2039 3037 2119 3107 (ῃ)
2151 3038 2383 3106 Prosper
2411 3037 2463 3090 in
2486 3035 2775 3107 Chronico.

2047 3097 2122 3179 (ἶ)
2153 3097 2304 3164 Vide'
2324 3115 2457 3163 tom.
2497 3106 2571 3175 ll,
2622 3106 2751 3161 diss.
2793 3106 2858 3170 1,
2910 3102 2976 3157 ad
3015 3116 3106 3158 an.
3153 3100 3290 3167 461,
3333 3113 3481 3154 num.
3513 3097 3547 3151 8

259 3172 351 3245 ss;
389 3172 531 3245 102',
583 3179 876 3245 119,125,
914 3172 1073 3252 tes),
1125 3172 1180 3236 et
1222 3172 1491 3238 in'Serni.
1534 3172 1726 3249 Eulog;
1773 3172 1854 3249 ep;

1969 3192 2024 3239 et
2048 3172 2142 3251 seq

264 3340 3546 3389 W

1293 3522 1885 3631 SCHOEN
1896 3516 2435 3628 ΕΜΑΝΝ
2442 3515 2497 3618 Ι

420 3734 1161 3869 NOTITIA
1248 3723 3385 3869 HISTOBICO-LITTERARIA

1153 3961 1277 4044 IN
1349 3962 1440 4044 S.
1514 3956 2001 4043 LEONEM
2075 3951 2641 4037 MAGNUM.

1057 4123 1155 4186 (Ex
1172 4122 1373 4174 Schem.
1391 4118 1520 4172 Bibl.
1542 4119 1661 4170 bist.
1685 4114 1840 4170 litter.
1865 4116 1999 4167 Patr.
2024 4113 2152 4174 Lat.,
2177 4111 2311 4174 Lips.
2343 4108 2485 4171 1794,
2512 4114 2631 4158 tom.
2650 4106 2742 4170 II.)

798 4383 1023 4441 CAPUT
1064 4384 1347 4441 PRIMUM.

679 4476 759 4531 De
793 4476 914 4531 Vita
946 4475 1006 4531 S.
1040 4475 1227 4531 Leonis
1254 4475 1453 4543 Magni.

336 4567 444 4622 Leo
467 4578 825 4635 cognomento
856 4567 1098 4640 Magnus,
1133 4568 1298 4636 patria
1332 4566 1603 4621 Romanus
1632 4563 1748 4618 fuit.
1781 4565 1859 4620 De

278 4672 409 4713 snno
437 4657 599 4712 natali
643 4658 763 4727 ejus
810 4658 863 4711 in
913 4659 1143 4728 antiquis
1192 4657 1449 4713 Ecclesiae
1498 4659 1859 4713 monumentis

270 4750 400 4805 nihil
434 4751 686 4805 traditum
715 4749 1038 4819 accepimus.
1070 4766 1169 4805 nec
1197 4766 1262 4805 ex
1293 4751 1355 4804 iis
1384 4767 1500 4820 quae
1523 4750 1588 4805 de
1613 4751 1719 4806 vita
1742 4750 1859 4819 ejus

1966 4378 2161 4432 suimet
2191 4376 2389 4447 ingenii
2413 4375 2669 4432 felicitate
2698 4376 2751 4430 id
2777 4376 3027 4446 adeptum
3056 4390 3198 4439 esse,
3238 4391 3344 4445 quo
3366 4384 3550 4446 postea

1969 4481 2248 4541 tantopere
2278 4470 2548 4536 excelluit,
2582 4478 2638 4526 et
2666 4471 2805 4525 inter
2828 4470 3105 4538 pontiﬁces
3132 4470 3405 4524 Romanos
3435 4469 3553 4523 Ma-

1967 4567 2055 4639 gni
2091 4566 2304 4620 nomine
2354 4566 2547 4620 meruit
2596 4565 2867 4635 distingui,
2912 4565 3305 4633 paratissimum
3347 4564 3554 4621 scilicet

1967 4659 2032 4712 ad
2062 4660 2261 4729 quaevis
2287 4674 2393 4713 non
2426 4660 2595 4713 solum
2625 4659 2898 4724 Ecclesiae,
2927 4658 3018 4712 sed
3063 4668 3116 4713 et
3150 4658 3252 4711 alia
3295 4673 3413 4726 quze
3454 4673 3554 4714 nec

1968 4768 2090 4809 cum
2131 4754 2237 4809 ﬁde
2276 4770 2374 4808 nec
2414 4771 2533 4808 cum
2581 4754 2857 4820 disciplina
2889 4753 3175 4823 quidquam
3209 4753 3551 4818 conjunctum

282 4842 422 4897 uobis
470 4851 781 4911 supersunt,
830 4858 929 4899 nec
976 4859 1043 4898 ex
1089 4852 1267 4907 atate,
1300 4856 1401 4913 qua
1443 4843 1696 4908 deceSSit,
1726 4844 1861 4898 certi
1891 4810 1944 4871 υ
1970 4845 2258 4911 habebant,
2290 4846 2503 4913 negotia
2528 4855 2651 4915 apte
2681 4853 2736 4899 et
2765 4844 2964 4899 decore
3012 4843 3429 4897 administranda
3473 4844 3545 4895 in.

274 4935 561 5002 1uidquam
589 4934 856 5003 conjicere
884 4935 1024 4989 licet.
1058 4935 1267 4988 Patrem
1299 4934 1484 4989 habuit
1512 4935 1854 5000 Quintianum

268 5028 509 5090 nomine,
542 5026 782 5093 incerta,
813 5027 907 5081 sed
940 5027 1286 5094 proculdubio
1317 5026 1456 5080 haud
1495 5027 1690 5080 infimae
1732 5042 1863 5082 con-

269 5120 507 5181 ditionis,
540 5123 736 5189 quippe
763 5134 792 5173 a
823 5134 929 5188 quo
958 5119 1098 5175 ﬁlius
1129 5126 1236 5173 tam
1280 5129 1501 5173 malum
1532 5120 1728 5174 indolis
1757 5137 1860 5175 non

271 5211 471 5279 Vulgari
503 5210 714 5264 ratione
734 5209 952 5265 educari
976 5210 1195 5274 debuit;
1230 5211 1327 5262 uisi
1353 5208 1541 5274 mavis,
1576 5227 1696 5264 eum
1726 5211 1865 5266 inter

269 5302 584 5358 sacerdotes
607 5303 849 5370 demum,
873 5317 901 5355 a
930 5303 1121 5373 quibus
1143 5303 1355 5372 juvenis
1383 5304 1579 5358 veteris
1608 5304 1865 5361 Ecclesiae

268 5406 425 5450 more
450 5393 518 5449 ad
551 5393 813 5449 Ecclesia:
842 5393 1019 5450 munia
1049 5394 1294 5450 obeunda
1338 5395 1598 5451 formatus
1641 5405 1723 5452 est
1748 5438 1764 5466 ,
1814 5406 1869 5454 et

342 5550 434 5624 (αὶ
448 5550 715 5624 Constant
739 5550 853 5604 hac
877 5552 1184 5624 testimonio
1214 5552 1440 5624 epistola
1463 5550 1565 5605 104
1581 5552 1863 5624 Augustini

274 5624 340 5675 ad
396 5620 621 5693 Sixtum
661 5620 917 5693 Romana:
963 5620 1251 5677 Ecclesiae
1281 5632 1407 5677 tunc
1453 5620 1863 5693 presbyterum,

272 5704 457 5763 postea
510 5690 792 5747 Calestini
854 5692 906 5746 in
955 5694 1267 5763 episcopatu
1318 5690 1713 5755 successorem,
1774 5695 1866 5763 qui

273 5709 457 5756 postea
510 5709 792 5747 Lua-Iesum
854 5709 906 5746 ιη
955 5709 1267 5763 episcopatu
1318 5709 1683 5750 successorem
1700 5735 1713 5755 ,
1815 5711 1866 5748 Ul

273 5762 459 5820 adem
481 5763 767 5820 occasione
792 5778 921 5823 usus
950 5762 1145 5833 fuerat,
1164 5764 1232 5823 ad
1248 5764 1603 5834 Augustinum
1616 5709 1870 5831 epistoias

1965 4936 2204 5007 genium.
2233 4938 2388 4992 Certe
2416 4937 2522 5003 jam
2564 4948 2771 4991 mature
2820 4936 3029 4989 virtutis
3072 4951 3101 4988 a
3150 4944 3335 4988 natura
3381 4933 3556 4990 insita:

1963 5037 2020 5084 et
2056 5028 2214 5082 studii
2256 5028 2307 5081 in
2352 5028 2528 5081 ollicio
2554 5027 2875 5081 documenta
2908 5027 3120 5080 dedisse
3151 5041 3271 5081 eum
3305 5034 3553 5095 oportet,

1968 5122 2227 5191 siquidem
2266 5121 2543 5191 acolythus
2574 5120 2748 5174 adhuc
2784 5122 2884 5175 sub
2925 5120 3140 5173 Zosimo
3184 5134 3318 5188 papa
3362 5135 3413 5171 a.
3450 5119 3557 5172 “8

1968 5215 2343 5284 Carthaginem
2396 5216 2460 5269 ad
2508 5214 2771 5281 pontificis
2816 5216 2883 5268 de
2933 5214 3187 5269 Coelestio
3235 5212 3554 5265 sententiam

1968 5308 2191 5361 Aurelio
2238 5307 2556 5375 (ueterisque
2620 5306 2810 5360 Africae
2858 5305 3126 5373 episcopis
3185 5298 3599 5373 perferendnm'

1972 5397 2242 5453 adhibitus
2272 5397 2369 5451 fuit
2397 5396 2496 5467 (a).
2526 5396 2801 5452 Coelestini
2836 5411 2986 5466 papae
3015 5396 3344 5465 temporibus
3373 5392 3559 5446 diaco-
3588 5464 3605 5475 ρ

1974 5552 2206 5606 mittere.
2238 5553 2345 5610 Nec
2367 5555 2529 5610 alium
2554 5553 2622 5607 ab
2656 5553 2756 5605 hoc
2799 5552 2977 5606 Leone
3013 5550 3173 5603 fuisse
3206 5560 3560 5605 memoratum

1974 5624 2309 5752 acolgtll’nltm,
2362 5641 2429 5684 ex
2481 5633 2782 5697 temporum
2826 5620 3173 5695 congruentia
3221 5623 3457 5685 maxime
3504 5622 3564 5684 ﬁt

1976 5708 2075 5752 oro
2114 5711 2142 5751 a
2185 5711 2273 5752 te.

1976 5708 2273 5767 pronautle.

2888 5893 2918 5921 δ
