4014 6350
494 279 562 338 51
1015 269 1542 330 SCHCENEMANNI
1577 257 2709 330 NOTlTl-A.HlSTORlCO-LITTERARIA
2748 255 2815 320 ΙΝ
2853 262 2912 320 S.
2953 260 3255 320 LEONEM.
3715 264 3796 325 Π

493 408 622 450 num
650 393 776 463 egit.
813 391 916 448 sed
946 407 1062 460 qua:
1091 391 1156 446 de
1184 388 1644 445 administratione
1685 400 1862 442 rerum
1904 385 2076 440 eccle-
2105 385 2154 448 Α
2183 385 2360 453 tisque
2386 375 2890 452 anipliﬁcatiOnibds‘
2913 389 3012 453 per
3033 377 3263 451 nuperas
3288 377 3526 438 Orientis
3546 387 3786 441 conten-

494 484 830 542 siasticarum
861 480 928 540 a'b
957 483 1144 539 eodem
1173 481 1462 540 CteleStiuo
1492 479 1542 536 ei
1568 479 1870 535 concredita
1907 471 2081 546 (lues;
2179 477 2352 533 tiones
2381 467 2528 531 locus
2555 469 2729 531 factus
2753 483 2896 531 esset
2925 474 3023 548 (ὁ).
3056 469 3265 544 Quanto
3285 469 3418 529 vero
3437 473 3640 545 majora
3665 473 3786 533 ιω

2175 561 2393 640 sperare
2419 569 2668 635 debebat,
2703 563 2790 638 qui
2832 575 3027 638 praeter
3068 578 3296 622 caeteras
3338 566 3503 620 animi
3546 567 3785 639 ingenii-

2174 669 2279 733 que
2311 661 2465 716 dotes
2495 649 2818 717 eruditionis
2841 660 2894 715 et
2915 659 3113 729 eloquii
3142 659 3515 714 auctoritatem
3542 659 3611 713 ad
3637 658 3785 717 hanc

2174 753 2494 826 dignitatem
2517 754 2798 824 afferebat,
2831 755 2962 810 etin
3004 753 3338 824 gravissimis
3370 765 3434 807 ac
3477 753 3782 809 subtilissi-

2174 851 2280 904 m’is‘
2308 851 2377 906 de
2405 849 2509 904 ﬁde
2545 848 2930 920 q’uaaS’tion‘ibu’s
2973 835 3295 902 deﬁniendis
3333 843 3535 899 Graecis
3575 845 3783 901 nedum

2173 945 2290 1014 par,
2318 943 2416 999 sed
2444 945 2604 998 etiam
2649 943 2898 1014 superior
2947 941 3049 997 sibi
3097 940 3264 996 videri
3316 945 3548 1009 poterat.
3601 941 3786 1009 Atque

2173 1033 2290 1088 haec
2333 1036 2525 1088 taliave
2567 1035 2807 1089 Leonem
2851 1035 3085 1089 sensisse
3118 1032 3342 1087 even’tus
3377 1018 3784 1100 comprobavit.

2174 1124 2303 1180 Utut
2327 1125 2467 1180 enim
2501 1120 2770 1181 sincerum
2799 1130 2916 1181 erat
2944 1135 2996 1180 et
3021 1135 3301 1179 strenuum
3329 1123 3446 1192 ejus
3471 1122 3786 1190 disciplinae

2173 1219 2556 1274 ecclesiasticae
2606 1219 2860 1289 regenda;
2909 1218 3141 1288 fideique
3191 1217 3488 1287 antiquitus
3541 1201 3788 1285 acceptae

2173 1310 2384 1365 tuenda:
2411 1309 2669 1376 studium,
2702 1309 2850 1379 quod
2872 1325 2901 1362 a
2949 1307 3255 1379 primordiis
3301 1307 3542 1362 muneris
3593 1307 3782 1364 statim

2173 1413 2229 1460 et
2259 1417 2547 1474 numquam
2577 1418 2682 1458 non
2714 1403 2973 1471 deinceps
2998 1399 3097 1472 per
3123 1408 3284 1456 omne
3315 1403 3670 1470 epis’cOpatus
3703 1402 3790 1458 sui

480 1499 794 1553 Eclancnsis
816 1491 1040 1562 artibus,
1064 1485 1255 1566 quibus
1284 1496 1335 1548 in
1357 1479 1788 1549 communionem
1817 1482 2070 1550 Ecclesia:
2176 1498 2384 1567 tempus
2412 1495 2725 1562 declaravit,
2755 1506 2808 1551 et
2838 1483 2971 1552 sane
2996 1496 3216 1566 propria“
3248 1496 3346 1564 ip'si
3378 1496 3542 1550 animi
3587 1492 3790 1549 alacri-

477 1591 719 1660 irrcpere
750 1577 1086 1653 moliebatur,
1125 1587 1432 1652 resisteret;
1467 1575 1666 1656 legatio
1690 1596 1867 1640 autem
1909 1588 2069 1656 quam
2175 1597 2282 1643 tate
2305 1597 2360 1642 et
2389 1587 2641 1642 ﬁrmitate
2676 1585 2960 1656 plurimum
3005 1587 3360 1656 adjuvabatur
3390 1605 3404 1642 :
3453 1602 3564 1642 non
3609 1587 3792 1643 minus

476 1685 620 1737 anno
649 1680 754 1737 440
779 1683 931 1751 jussu
961 1677 1300 1749 imperamris
1331 1678 1395 1732 ad
1427 1678 1792 1734 conciliandos
1833 1679 1970 1735 Aetii
2014 1687 2069 1735 et
2174 1679 2350 1736 tamen
2381 1681 2570 1736 eodem
2597 1680 2660 1734 ad
2693 1680 2991 1752 augendam
3020 1679 3167 1734 sedis
3214 1693 3326 1735 sute
3368 1679 3692 1747 dignitatem
3739 1684 3794 1734 et

477 1775 654 1832 Albini
686 1771 950 1830 exchitus
979 1771 1203 1829 Romani
1234 1778 1285 1830 in
1324 1775 1492 1831 Gallia
1533 1775 1728 1828 ducum
1752 1820 1765 1842 ,
1809 1774 1932 1828 odio
1973 1769 2066 1827 toti
2097 1765 2144 1826 Β
2172 1775 2540 1831 auctoritatem
2567 1789 2692 1828 usus
2722 1774 2825 1840 est,
2854 1781 2908 1827 et
2940 1773 2991 1826 in
3023 1772 3171 1828 hisce
3210 1770 3593 1827 conamiuibus'
3629 1771 3793 1827 insita

2169 1865 2368 1938 ingenii
2389 1869 2468 1921 vis
2485 1868 2536 1921 in
2562 1865 2919 1935 arrogantiam
2941 1873 2996 1920 et
3011 1865 3356 1934 pertinaciam
3378 1863 3794 1918 intolerabilem

2168 1975 2312 2028 saepe
2324 1967 2378 2014 et
2391 1960 2632 2012 insanam
2648 1955 3193 2028 degeneravit.Testis
3209 1967 3291 2009 est
3312 1952 3657 2009 conecitatio
3675 1955 3794 2026 ejus

2167 2070 2288 2111 cum
2320 2053 2521 2109 Hilario
2554 2033 2876 2117 Arelatensi,
2916 2053 3071 2122 plena
3103 2035 3371 2120 superbiae
3401 2059 3457 2104 et
3491 2049 3789 2105 aﬁ'ectuum

2169 2154 2317 2200 tanto
2340 2145 2592 2215 episcopo
2612 2143 2978 2212 indignorum;
3004 2144 3221 2198 tametsi
3242 2143 3466 2198 minime
3490 2143 3788 2210 Quesnello

490 581 667 636 uellus
693 579 959 648 disputat,
1000 577 1099 632 alia
1144 575 1488 640 desiderant,
1539 579 1697 644 quam
1747 572 1938 641 quibus
1985 571 2076 625 i‘lie

489 673 715 742 nititur,
768 671 1075 743 argumenta
1127 671 1224 740 (a);
1275 665 1528 724 “tamen
1575 667 1676 738 qua
1723 657 2076 746 aestimatione

487 767 600 822 Leo
628 776 752 822 tunc
779 765 962 820 Romae
995 760 1179 828 fiie'rit,
1217 761 1439 816 testatur
1475 747 1898 817 luculentiséime
1939 751 2071 812 Ca's-

484 858 625 912 siani
657 855 922 925 epistola,
950 851 1052 922 qua
1093 851 1180 906 an.
1226 836 1325 908 ‘31
1378 852 1544 907 libros
1591 849 1659 906 de
1708 843 2075 904 Intarnatione’

486 960 671 1003 contra
726 943 1020 999 Nestorium
1067 943 1282 998 hortatu
1332 939 1497 1014 ipsiu‘s‘
1541 943 1736 1001 Leonis
1763 941 1991 1013 scriptos
2021 941 2073 997 ei

485 1039 697 1094 obtiilit.
731 1037 836 1092 Sed
869 1045 922 1092 et
951 1035 1053 1090 alia
1082 1037 1274 1090 adsunt
1304 1034 1410 1091 hoc
1451 1029 1560 1090 non
1602 1033 1856 1090 inferiora
1902 1035 2072 1089 doCu-

481 1129 662 1186 menta
695 1128 1025 1183 auctoritatis
1055 1123 1108 1182 ei
1130 1129 1350 1196 gratias,
1379 1129 1483 1196 qua
1528 1141 1632 1180 non
1670 1125 1855 1180 ROmte
1894 1127 2069 1182 s'olum

481 1217 622 1290 apud
653 1219 981 1290 pontiﬁcem,
1015 1211 1110 1274 Sed
1140 1225 1190 1273 in
1225 1219 1525 1288 principum
1563 1220 1680 1272 a’ula
1723 1219 1887 1273 etiam
1925 1219 2072 1272 va'lc-

479 1322 583 1368 ret.
621 1313 750 1366 Nam
783 1315 824 1367 si
855 1313 1122 1381 Prospero
1150 1311 1440 1374 credimus,
1465 1310 1661 1364 Leonis
1689 1311 1920 1364 maxime
1942 1310 2071 1380 vigi-

479 1401 644 1462 lautia
673 1415 726 1460 et
755 1406 967 1460 hortatu
996 1405 1190 1459 factum
1231 1405 1343 1468 est,
1373 1407 1432 1457 ut
1473 1401 1656 1458 Sixtus'
1699 1407 1830 1472 papa
1874 1402 2070 1457 Juliani

475 1870 704 1933 imperio
736 1869 970 1922 timendo
999 1869 1391 1942 dissidentium,
1423 1869 1631 1924 animos
1660 1868 1915 1935 suscepit,
1950 1867 2064 1936 ipsa

475 1961 594 2034 ejus
620 1963 680 2014 ad
711 1945 1404 2050 cpiscOpatum1Romanuin
1449 1955 1714 2046 electione
1764 1947 2069 2050 notior‘est

474 2053 706 2108 reddita.
741 2054 872 2108 Dum
901 2057 1041 2109 enim
1073 2037 1181 2110 Leo
1206 2056 1382 2110 adhuc
1420 2047 1472 2110 in
1516 2037 1728 2125 negoiio
1769 2041 1873 2109 isto
1915 2037 2068 2109 disti-

472 2148 705 2203 nebatur
729 2192 742 2215 ,
795 2148 975 2203 Sistus
1018 2163 1151 2219 papa
1192 2149 1330 2204 diem
1374 2149 1526 2216 Obiit,
1565 2155 1860 2218 cunctaque
1886 2149 2065 2204 statim

474 2239 603 2294 cieri
635 2253 698 2292 ac
726 2239 907 2309 populi
946 2238 1174 2294 Romani
1218 2231 1466 2309 suffragia
1507 2229 1788 2295 diac0num
1813 2239 2064 2309 Leonem

473 2331 785 2399 episcopum
819 2327 1180 2386 nominarunt.
1214 2329 1432 2386 Accitus
1455 2330 1618 2402 igitur
1659 2307 1923 2401 legatione
1965 2325 2065 2384 lio-

473 2421 694 2477 noriﬁca
725 2432 886 2492 atque
916 2423 1216 2492 ordinatim,
1253 2438 1447 2478 novum
1477 2440 1669 2478 munus
1691 2417 1920 2479 solemni
1947 2427 2070 2492 gra-

472 2514 668 2568 tiarum
700 2515 908 2570 actione
933 2516 1236 2584 auspicatus
1265 2526 1368 2582 est,
1394 2517 1751 2586 eumdemque
1773 2513 2068 2571 ordinatio-

472 2607 559 2662 nis
590 2622 700 2661 suae
727 2607 867 2664 diem
897 2610 1183 2678 quotannis
1209 2625 1459 2664 sermone
1488 2593 1796 2666 celebravit.

549 2696 739 2751 Incidit
764 2699 980 2768 quidem
1008 2700 1348 2769 episcopatus
1373 2701 1490 2770 ejus
1521 2701 1575 2755 in
1609 2683 1820 2756 funesta
1850 2701 2070 2771 imperii

473 2784 702 2844 Romani
750 2789 802 2844 in
849 2790 1136 2846 Occidente
1181 2797 1443 2860 tempora.
1493 2787 1702 2862 Quippe
1730 2793 1784 2848 in
1826 2803 2067 2849 extrema

471 2878 775 2950 principum
804 2883 1050 2937 socordia
1077 2893 1407 2960 et'stupore,
1448 2885 1681 2954 undique
1720 2883 2071 2941 barbarorum

477 2973 733 3027 cohortes
761 2983 853 3026 aut
884 2974 1093 3044 imperii
1127 2957 1321 3030 ﬁnibus
1352 2975 1690 3045 ingruebant,
1720 2985 1813 3032 aut
1853 2966 2070 3045 provin-

477 3063 592 3118 cias
620 3062 1018 3119 incursionibus
1061 3065 1423 3135 inundabant,
1452 3071 1650 3138 eaSque
1687 3078 1777 3122 aut
1817 3053 2067 3123 devaSta-

2168 2237 2224 2292 in
2245 2238 2553 2292 excusando
2579 2247 2633 2294 et
2653 2237 2994 2293 defendendo
3018 2236 3222 2291 Hilario
3245 2236 3630 2290 assentiamur.
3659 2235 3781 2290 Alia

2166 2331 2410 2408 ejusdem
2455 2332 2618 2385 animi
2662 2331 2988 2386 documenta
3025 2330 3336 2400 suppeditat
3379 2325 3605 2384 historia
3655 2345 3784 2385 cau-

2168 2440 2243 2480 ste
2276 2425 2648 2496 Eutychianze,
2681 2434 2734 2479 et
2763 2424 2977 2493 quidem
3008 2422 3135 2478 talia
3164 2432 3242 2488 ut,
3274 2423 3318 2477 si
3362 2421 3612 2477 lubenter
3645 2435 3784 2478 con-

2167 2519 2422 2574 cedamus
2449 2505 2823 2573 antecessores
2851 2517 2968 2586 ejus
2997 2518 3048 2571 in
3078 2516 3206 2571 sede
3257 2516 3504 2570 R’omaua
3557 2515 3781 2569 nonnisi

2168 2627 2268 2685 pro
2296 2628 2356 2667 re
2384 2622 2505 2666 nata
2528 2612 2836 2665 auctoritati
2868 2609 3227 2679 potestatique
3253 2625 3370 2685 sua;
3387 2603 3784 2686 promovenda:

2167 2705 2458 2768 studuisse,
2491 2704 2631 2758 hunc
2655 2704 2885 2772 primum
2919 2702 3173 2756 meditato
3199 2702 3428 2756 consilio
3451 2713 3645 2754 omnes
3673 2713 3782 2754 ca:-

2171 2808 2315 2854 teros
2341 2798 2624 2866 episcopos
2654 2807 2751 2849 suo
2780 2793 3004 2862 imperio
3033 2791 3300 2861 subjicere
3325 2799 3579 2845 conatum
3628 2803 3776 2860 esse,

2169 2899 2226 2946 et
2251 2905 2380 2946 vero
2411 2892 2511 2944 hoc
2536 2879 2820 2944 consilium
2849 2903 2956 2942 non
2991 2886 3044 2940 in
3073 2887 3191 2955 ipso
3216 2869 3533 2954 episcopatu
3557 2882 3776 2939 demum

2170 2984 2356 3040 fovere
2383 2984 2636 3052 coepisse,
2667 2982 2760 3036 sed
2787 2981 2854 3036 ad
2881 2965 3131 3036 eumdem
3163 2977 3409 3032 attulisse
3437 2977 3774 3032 existiment.

2171 3077 2470 3134 Referenda
2499 3077 2625 3131 mihi
2655 3075 2758 3130 huc
2790 3075 2842 3129 in
2868 3074 3052 3144 primis
3071 3073 3279 3127 videtur
3308 3071 3398 3125 illa
3428 3069 3549 3140 ejus
3574 3069 3779 3126 sollici-

476 3151 612 3212 bant
638 3172 700 3211 ac
727 3156 1208 3227 depopulabantur,
1237 3169 1328 3214 aut
1367 3161 1535 3230 pulsis
1576 3162 1878 3217 subactisve
1922 3161 2069 3218 inco-
2096 3146 2144 3210 C
2175 3173 2322 3241 ωάο,
2356 3188 2459 3243 qua
2489 3167 2786 3227 doctrinam
2827 3170 2893 3225 de
2936 3168 3196 3238 dignitate
3244 3153 3620 3236 potestateque
3669 3159 3782 3220 uo-

479 3247 547 3305 lis
574 3250 674 3304 sibi
700 3250 830 3317 ipsis
859 3251 1017 3307 sedes
1046 3251 1333 3308 faciebant.
1367 3251 1739 3309 Calamitatem
1777 3269 1937 3325 quam
1965 3255 2071 3312 Ec-

481 3341 645 3395 clesia
694 3343 939 3397 universa
985 3358 1054 3398 ex
1101 3344 1430 3413 singularum
1485 3348 1880 3416 provinciarum
1928 3346 2070 3401 afﬂi-

481 3431 662 3486 ctione
704 3447 930 3490 necesse
977 3435 1284 3501 sentiebat,
1331 3435 1527 3492 intueri
1567 3453 1674 3493 non
1704 3437 1916 3510 licebat,
1943 3439 2072 3510 quin

480 3533 660 3579 metus
691 3541 758 3580 ne
786 3525 977 3581 similis
1022 3526 1226 3582 Italiam
1268 3529 1546 3600 ipsamque
1593 3517 1816 3584 Romam
1863 3523 2073 3585 fortuna

481 3628 745 3700 maneret,
781 3616 1136 3700 suboriretur,
1170 3634 1198 3700 εξ
1231 3619 1384 3696 cujus
1425 3621 1807 3692 oppressione,
1841 3622 1884 3676 si
1914 3622 2077 3677 dura-

483 3716 606 3764 tura
637 3695 797 3774 esset,
829 3693 1205 3794 giailiss’imtim
1236 3693 1397 3794 sedis_
1430 3697 1742 3784 apostolicae
1786 3695 2034 3794 digtiitati
2058 3759 2073 3784 ,

483 3817 606 3872 qua:
639 3816 779 3856 nunc
803 3813 949 3870 erat,
979 3792 1234 3860 damnum
1282 3781 1721 3876 poriendebatur.
1771 3787 1890 3875 Quo
1925 3793 2082 3866 acce-

486 3892 650 3948 debat
677 3893 1026 3950 harbarorum
1055 3897 1363 3978 Arianismo
1391 3900 1797 3978 imbutorum1iu
1828 3901 2078 3957 Ecclesia:

485 3987 764 4044 catholicae
794 3990 1026 4045 asseclas
1060 3973 1240 4045 odium
1269 4001 1323 4046 et
1348 4007 1539 4066 graves
1585 3973 1784 4064 passim
1826 4011 2081 4066 persecu-

485 4081 685 4136 tiones.
716 4081 862 4137 lnter
889 4082 988 4139 has
1017 4098 1146 4154 ergo
1174 4067 1502 4141 subo'rientis‘
1541 4067 1873 4157 tempestatis
1907 4071 2079 4146 n'ubes

485 4174 655 4230 animi
681 4189 811 4230 sane
828 4176 1027 4232 robore
1048 4191 1180 4245 opus
1202 4187 1317 4232 erat
1338 4179 1593 4249 episcopo
1615 4180 1869 4237 Ecclesiae
1887 4185 2084 4252 guber-

485 4265 742 4320 naculum
772 4264 1107 4333 suscipienti.
1147 4265 1413 4322 Caeterum
1451 4284 1558 4324 non
1597 4271 1726 4326 item
1766 4272 2082 4343 desperatus

489 4365 606 4411 erat
631 4355 871 4410 internus
898 4348 1155 4413 Ecclesia:
1181 4345 1387 4425 's'ta'ttis;
1420 4361 1546 4431 quin
1587 4355 1752 4419 ἰωὴῐό
1794 4353 1899 4420 non
1933 4371 2084 4422 care-

486 4450 584 4503 bat
633 4451 770 4504 lretis
817 4452 1093 4521 auguriis,
1145 4445 1406 4522 siquidem
1455 4449 1522 4508 ex'
1551 4438 1819 4523 pontificis
1852 4443 2080 4514 Romani

2173 3280 2347 3320 manas
2377 3264 2521 3320 sedis
2545 3261 2598 3316 in
2632 3263 2792 3316 Petro
2819 3259 3136 3334 fundata,iet
3164 3258 3233 3313 ab
3260 3272 3326 3312 eo
3349 3259 3401 3312 in
3427 3270 3781 3312 successores

2172 3357 2489 3413 transmissa
2518 3355 2792 3419 stabilire,
2823 3361 2878 3409 et
2921 3362 3239 3408 cunctorum
3287 3365 3382 3421 per
3429 3349 3780 3405 Occidentem

2174 3461 2230 3509 et
2255 3451 2526 3507 Orientem
2559 3447 2754 3504 animis
2783 3448 3022 3502 inserere
3050 3443 3272 3499 studuit.

2249 3544 2425 3614 Coepit
2450 3533 2562 3597 lucc
2588 3527 2830 3596 doctrina
2859 3540 2912 3594 in
2941 3538 3277 3605 Innocentio,
3308 3551 3337 3591 a
3379 3536 3539 3606 cujus
3571 3535 3782 3592 deinde

2179 3636 2592 3692 successoribus
2632 3647 2923 3702 numquam
2957 3646 3017 3686 ea
3063 3631 3305 3702 neglecta
3348 3628 3482 3694 fuit,
3519 3643 3555 3706 Va
3596 3627 3780 3684 Leone

2183 3711 2363 3786 antem
2393 3711 2464 3783 ni
2496 3711 2762 3797 explicata
2785 3734 2837 3780 et
2863 3709 3068 3778 ﬁrmata
3102 3719 3207 3788 est,
3235 3705 3292 3774 ut
3319 3709 3422 3796 no'n
3454 3713 3564 3797 ipsi
3579 3720 3776 3797 solum,

2181 3814 2278 3879 sed
2305 3799 2555 3877 omnibus
2570 3787 2837 3886 deinceps
2865 3805 3124 3870 Romanis
3147 3793 3416 3883 episcopis
3441 3787 3540 3881 pro
3571 3787 3767 3865 funda-

2181 3919 2368 3971 mento
2429 3911 2888 3968 machinationum
2945 3903 3239 3962 evellenda:
3280 3913 3335 3958 et
3379 3900 3776 3971 ampliﬁcanda;

2183 3985 2568 4062 dominationis
2605 4009 2770 4067 esset,
2802 3981 2900 4054 nec
2926 3999 3035 4052 ulla
3065 3995 3320 4051 monstris
3345 3993 3660 4062 opinionum
3692 3992 3775 4046 ei-

2185 4101 2308 4158 dem
2331 4081 2620 4154 faventium'
2647 4093 2978 4149 inveniretur
3011 4088 3259 4144 feracior.
3291 4085 3479 4155 Neque
3509 4084 3686 4140 solum
3711 4097 3774 4137 ea

2184 4193 2440 4251 utebatur
2481 4191 2527 4245 si
2564 4187 2692 4258 quid
2718 4183 3040 4241 auctoritate
3070 4195 3168 4236 sua
3199 4177 3415 4234 efﬁcere
3457 4174 3642 4240 vellet,
3679 4171 3774 4229 sed

2185 4301 2363 4344 coram
2395 4282 2592 4354 popqu
2634 4277 2889 4350 peculiari
2937 4274 3117 4350 studio
3154 4282 3264 4326 tum
3293 4270 3427 4325 alias
3457 4283 3628 4339 sa-pe,
3661 4276 3771 4320 tum

2187 4380 2240 4434 in
2269 4353 2642 4432 anniversario
2663 4353 3018 4444 ordinationis
3040 4369 3152 4420 suae
3183 4371 3416 4417 tractare
3447 4359 3679 4415 solebat.
3698 4358 3776 4413 Ac

2185 4469 2417 4541 primum
2464 4449 2679 4534 quidem
2729 4459 2848 4530 quae
2893 4449 3055 4512 Petro
3095 4469 3206 4541 prae
3254 4451 3466 4508 caeteris
3513 4449 3771 4521 apostolis

489 4542 792 4597 commodis
819 4543 1163 4597 msﬁmandus
1194 4539 1329 4598 erat.
1375 4537 1761 4602 Haereticorum'
1803 4543 1945 4603 enim"
1989 4549 2078 4623 qui
2106 4531 2159 4592 Β
2182 4531 2214 4616 ξι
2239 4559 2458 4615 Christo
2479 4531 2734 4611 concessa
2763 4549 2964 4607 fuerint
2989 4540 3126 4605 don‘a
3151 4542 3616 4618 atqu‘e‘privileg’ia
3639 4542 3776 4598 adeo

487 4640 600 4686 tam
631 4632 804 4687 crebri
834 4636 989 4688 erant
1018 4649 1113 4704 per
1143 4636 1242 4690 ista
1273 4638 1471 4691 saecula
1495 4649 1671 4692 motus
1697 4656 1802 4694 non
1833 4632 2082 4710 pcte't'ant

489 4723 784 4780 sollicitare
811 4729 1006 4781 novum
1049 4726 1357 4797 episcotium'
1399 4731 1736 4787 auctoritatis
1780 4734 1923 4789 sedis
1968 4724 2081 4792 sine

487 4818 869 4885 promovendae
899 4828 952 4874 et
982 4807 1350 4890 exemplarium
1378 4809 1678 4892 priscorum
1719 4840 1822 4881 non
1869 4828 2080 4896 penitus

487 4907 759 4976 ignarum,
793 4918 975 4978 utpote
1005 4911 1094 4978 qui
1137 4928 1297 4968 nosse
1345 4913 1610 4982 debebat,
1662 4929 1862 4987 quanta
1906 4917 2071 4976 inere

439 5068 444 5073 η
487 5009 666 5056 menta
691 5017 754 5056 ex
774 5003 993 5073 singulis
1014 5005 1125 5086 fere
1147 5005 1406 5076 ejusmOdi
1430 4997 1905 5081 disceptationibus
1921 5016 2080 5072 etia’m

487 5108 585 5162 per
614 5095 790 5150 minus
820 5096 1004 5152 doctos
1037 5108 1092 5152 et
1122 5114 1308 5169 parum
1347 5100 1541 5157 firmati
1587 5103 1750 5159 animi
1797 5107 2082 5179 episc0pos

489 5186 747 5242 Romana:
773 5189 916 5244 sedis
938 5181 1229 5247 auctoritas
1257 5197 1598 5264 potestasque
1628 5198 1881 5269 cepisset,
1913 5215 2083 5270 quan-

561 5330 636 5400 (a)
673 5331 976 5401 Quesnellus
1005 5332 1057 5386 in
1089 5332 1206 5386 Vita
1236 5332 1426 5388 Leonis
1455 5335 1520 5389 ad
1549 5351 1639 5392 an.
1674 5336 1898 5401 450-32,
1930 5353 2072 5398 num.

490 5401 544 5465 5,
573 5397 716 5468 apud
746 5397 1056 5476 Bullerinios
1091 5403 1149 5476 Τ.
1175 5402 1260 5464 II.
1292 5423 1347 5476 p.
1376 5407 1478 5476 406
1536 5409 1638 5461 Sed
1670 5411 1857 5464 confer
1888 5397 2075 5467 horum

489 5482 668 5524 notata
693 5472 759 5539 ad
789 5471 1069 5538 Epistolam
1092 5471 1374 5531 Leonis'ad
1395 5475 1681 5534 Maximum
1704 5482 2079 5539 Antiochenum

492 5540 614 5599 “9.
657 5541 712 5592 Τ.
747 5538 790 5606 t,
827 5543 1068 5610 p.19i6,
1106 5563 1157 5598 η.
1191 5545 1278 5600 94.

563 5610 638 5680 (b)
667 5611 1122 5695 Quefuellusuuo
1153 5613 1322 5688 magis
1349 5621 1576 5695 arduum
1608 5622 1936 5681 describeret
1965 5626 2080 5693 epi-

491 5693 744 5766 scopatus
774 5682 969 5766 Leonis
1002 5682 1459 5766 initium_,'pra_eter
1497 5693 1868 5766 calamitounn
1916 5682 2086 5766 impe-

487 5751 566 5826 ~s'ii
593 5759 791 5809 statum
825 5759 982 5812 etiam
1015 5751 1311 5818 Ecclesiam
1343 5763 1568 5821 internis
1596 5764 1872 5824 hostibus.
1908 5751 2080 5824 haere-

2183 4641 2395 4709 ei'ttollit
2431 4643 2590 4719 atque
2619 4639 2869 4710 exornat,
2901 4653 2960 4699 ut
3003 4643 3118 4710 jam
3165 4637 3404 4709 proﬁteri
3449 4651 3616 4692 ausus
3659 4635 3767 4699 sit,

2181 4723 2308 4799 h‘iiic
2348 4733 2463 4796 viro
2492 4738 2807 4794 consortium
2848 4750 2954 4790 sua:
2986 4727 3226 4801 potentia?
3267 4729 3508 4784 tribuisse
3549 4725 3775 4781 divinam

2184 4815 2556 4908 dignationem,
2590 4839 2639 4886 et
2681 4831 2725 4885 si
2755 4829 2876 4897 quid
2906 4827 3023 4881 cum
3048 4842 3106 4879 eo
3135 4837 3404 4878 commune
3446 4819 3646 4875 cwteris
3688 4831 3775 4869 vo-

2184 4907 2337 4986 luerit
2367 4944 2474 4984 esse
2519 4909 2858 4997 principibus,
2908 4934 3188 4989 numquam
3218 4914 3318 4970 nisi
3359 4929 3451 4982 per
3477 4913 3647 4981 ipsum
3679 4907 3773 4961 de-

2188 5021 2322 5076 disse
2343 5015 2594 5092 quidquid
2623 5014 2740 5070 aliis
2770 5029 2873 5066 non
2902 5011 3158 5083 negaverit
3187 5007 3303 5080 (ε).
3334 5001 3454 5061 nos
3482 5005 3606 5059 dum
3632 5000 3774 5071 ejus-

2188 5114 2311 5170 dem
2350 5109 2493 5167 Petri
2541 5109 2684 5164 vices
2733 5095 3000 5161 sustinere
3039 5115 3099 5158 se
3139 5099 3392 5165 afﬁrmat,
3443 5097 3509 5153 eo
3556 5107 3772 5150 omnem

2187 5219 2408 5277 operam
2455 5217 2606 5258 suam
2654 5199 2885 5264 confert,
2931 5181 2990 5252 ut
3032 5187 3359 5267 persuadeat
3403 5187 3768 5252 audientibus,

2181 5343 2302 5400 ticis
2327 5339 2535 5398 scilicet
2557 5336 2755 5406 passim
2779 5332 3283 5405 propullulantibus,
3308 5332 3503 5406 misere
3526 5330 3766 5406 venustam

2183 5429 2246 5467 ac
2271 5410 2426 5482 quasi
2452 5401 2794 5482 discerptam'
2813 5401 2987 5482 lingit;
3033 5413 3176 5482 recte
3221 5417 3389 5482 sane,
3436 5401 3485 5481 si
3525 5401 3770 5482 universe

2183 5499 2273 5551 res
2290 5469 2615 5537 lazstimauda
2635 5469 2769 5551 erit;
2803 5469 2910 5532 non
2933 5477 3080 5544 item,
3107 5474 3151 5528 si
3175 5490 3239 5551 ex
3263 5469 3488 5551 Romani
3508 5469 3762 5538 episcopi,

2185 5545 2241 5611 et
2271 5552 2463 5609 Leonis
2495 5552 2547 5605 in
2568 5549 2752 5623 primis
2782 5562 3030 5623 persona.
3059 5545 3486 5623 Inerliquip-m
3720 5601 3760 5623 Δ,

2298 5625 2355 5693 c)
2396 5608 2583 5697 Sermo
2609 5620 2642 5674 4
2668 5608 3111 5697 ap_ud_Bal_le_rin.,
3143 5608 3310 5697 p.'t_6,
3339 5609 3392 5668 n‘.
3421 5608 3507 5692 f2.
3538 5608 3763 5697 quemf‘i

2190 5687 2443 5752 ab'iu’itio
2471 5687 2798 5760 lustraveris,
2823 5689 3110 5763 intelliges,
3135 5687 3360 5746 verbum
3385 5687 3637 5756 principes
3658 5687 3762 5733 non

2191 5771 2384 5826 carere
2408 5767 2554 5824 dolo.
