4014 6350
231 352 301 421 Β
766 351 1289 411 SCHGENEMANNI
1330 356 1610 414 NOTITIA
1652 355 1822 413 HISTl

1926 355 2467 419 CO-LITTERARIA
2511 362 2576 418 IN
2614 360 2670 417 S.
2714 359 3007 419 LEONEM.
3435 355 3514 422 5‘

230 473 564 533 uilitatem
592 472 737 528 illam
767 489 923 553 quant
945 490 971 527 e
992 449 1153 527 Petra
1182 472 1384 529 Christo
1409 474 1563 528 etiam
1593 474 1701 540 ipse
1725 472 1825 525 Pe-
1852 469 1903 529 Α
1933 469 2173 555 hationis‘
2202 477 2483 545 strepitum
2511 494 2538 534 a
2570 481 2824 538 Flaviano
2850 476 3141 557 excitatum
3179 452 3509 565 scripsisset,

230 572 311 623 Ml
355 569 526 635 facta
577 550 849 636 acceperit,
882 568 934 619 in
983 582 1101 620 suos
1151 582 1346 638 quoque
1389 583 1441 619 se
1488 568 1823 636 transfudisse

229 660 486 724 laedes;
516 657 875 727 eumdemque
901 657 1010 712 sedi
1048 674 1160 713 sua!
1187 673 1402 728 praeesse
1441 674 1542 711 non
1569 658 1819 724 desinere,

228 750 399 821 ipsum
425 749 722 804 salubribus
745 750 992 815 consiliis,
1017 750 1174 819 aquis
1188 746 1406 819 judiciis
1430 749 1713 819 praesidere,
1743 766 1822 803 se-

228 857 327 915 qu
345 858 453 896 m
472 850 580 903 tam
607 840 716 895 sedi
732 844 845 912 ejus
866 841 1135 911 praesidere
1156 857 1309 910 quam
1331 841 1533 915 servire,
1563 841 1696 896 adeo
1711 851 1761 895 ut
1778 842 1822 895 si

227 936 355 1007 quid
366 935 486 1005 jam
497 950 528 989 a
540 934 789 990 Romano
809 936 1057 1002 pontiﬁce
1076 944 1209 990 recte
1224 944 1411 1005 agatur
1426 944 1479 989 et
1495 936 1818 1007 disponatur,

228 1029 370 1084 illius
414 1030 697 1099 aperibus,
742 1030 884 1084 illius
926 1030 993 1083 sit
1040 1016 1400 1101 gubernaculis
1447 1028 1820 1101 deputandum.

228 1120 399 1178 Porro
417 1136 491 1177 ex
514 1120 759 1191 ejusdem
780 1120 925 1181 Petri
947 1120 1200 1177 ﬁrmitate
1221 1136 1546 1192 consurgere
1570 1119 1825 1176 debuisse

227 1213 415 1269 statuit
452 1213 841 1279 sublimitatem
888 1212 1182 1281 Ecclesiae,
1216 1229 1386 1285 eaque
1416 1214 1485 1270 de
1514 1229 1672 1269 causa
1704 1228 1824 1282 spe-

228 1305 418 1365 cialem
447 1320 483 1359 a
509 1304 739 1360 Domino
785 1302 930 1360 Petri
962 1320 1147 1360 curam
1178 1316 1481 1375 susceptam
1511 1316 1564 1362 et
1590 1320 1689 1377 pro
1719 1304 1825 1360 ﬁde

226 1393 368 1453 Petri
400 1396 629 1466 proprie
662 1397 1022 1477 supplicatum
1066 1397 1233 1453 fuisse
1257 1414 1269 1451 :
1294 1407 1554 1468 tamquam
1593 1398 1822 1451 aliorum

228 1499 388 1545 status
415 1490 614 1543 certior
643 1501 766 1569 esset
791 1492 1020 1562 futurus,
1048 1493 1092 1546 si
1124 1508 1265 1547 mens
1295 1493 1543 1564 principis
1565 1494 1700 1547 victa
1721 1511 1825 1548 non

229 1582 434 1652 (sisset.
468 1580 588 1636 Hac
617 1589 803 1637 mente
840 1591 1003 1652 atque
1046 1582 1148 1638 hoc
1191 1584 1409 1654 ingenio
1457 1584 1567 1641 Leo
1608 1600 1824 1641 causam

227 1674 495 1748 Eutychis
514 1684 752 1732 tractare
772 1676 959 1747 cmpit.
983 1675 1083 1731 Hic
1111 1677 1534 1735 archimandrita
1561 1677 1827 1733 Constan-

227 1766 643 1837 tinopolitanus,
678 1768 805 1823 dum
854 1769 1013 1823 nimis
1044 1777 1266 1833 strenue
1296 1768 1703 1824 Nestorianismi
1732 1784 1825 1824 re-

1927 577 1979 621 ct
2013 577 2067 621 ut
2098 554 2357 625 laboranti
2406 574 2629 645 Eutychi
2665 554 3007 632 succurreret
3049 554 3313 655 rogasset,
3342 554 3511 655 velte-

1926 672 2140 717 menter
2169 679 2289 719 cum
2334 666 2591 725 Flaviano
2628 670 2980 745 (expostulare
3020 669 3207 741 coepit,
3238 652 3427 723 mirari
3452 652 3513 741 se

1925 755 2253 828 signiﬁcans,
2290 761 2381 831 qui
2412 764 2723 821 scandalum
2756 766 2886 823 illud
2926 746 3028 836 ipsi
3057 764 3217 839 silere
3241 763 3511 836 potuerit,

1925 862 2025 903 nec
2053 851 2230 919 potius
2254 857 2578 927 procurarit,
2613 868 2670 913 ut
2710 860 2963 933 primitus
2982 856 3343 912 insinuatione
3368 853 3513 912 rela-

1927 939 2091 997 tionis
2120 944 2237 1012 ejus
2263 944 2639 1016 instrueretur,
2669 962 2723 1006 et
2745 966 2973 1021 poscens
2996 961 3057 1023 ut
3085 964 3246 1023 quam
3276 949 3513 1020 prillllllﬂ

1921 1030 2108 1103 judicii
2131 1036 2247 1107 ejus
2268 1040 2407 1094 ratio
2431 1042 2717 1110 omniaque
2741 1058 2861 1113 qua:
2899 1026 3053 1117 gesta
3082 1049 3285 1119 essent,
3314 1039 3513 1111 plenis-

1926 1126 2062 1182 sime
2102 1135 2159 1183 et
2201 1129 2373 1186 lucide
2407 1132 2471 1207 ad
2518 1133 2759 1189 notitiam
2802 1149 2954 1209 suam
2992 1133 3355 1204 pervenirent.
3389 1130 3513 1187 Mox

1926 1228 2104 1273 autem
2132 1235 2252 1277 cum
2282 1222 2348 1278 de
2377 1224 2634 1295 Eutychis
2664 1225 2857 1282 haeresi
2888 1241 2983 1295 per
3028 1224 3267 1289 Flaviani
3309 1222 3513 1293 episto-
3561 1213 3571 1230 ’

1929 1310 2036 1367 lam
2058 1314 2282 1371 edoctus
2304 1327 2468 1384 esset,
2497 1319 2943 1389 tamdetestanda
2970 1318 3071 1391 ipsi
3100 1320 3216 1387 ejus
3242 1318 3511 1390 opinionis

1926 1406 2041 1461 visa
2073 1417 2157 1462 est
2186 1409 2439 1479 pravitas,
2472 1420 2578 1465 tam
2603 1412 2712 1469 late
2742 1423 2927 1483 patens
2956 1421 3008 1468 et
3037 1392 3321 1481 multiplex
3356 1426 3509 1466 erro-

1927 1511 2047 1552 rum
2075 1514 2141 1552 ex
2168 1514 2229 1553 ea
2254 1500 2630 1579 pullulantium
2668 1518 2927 1577 propago,
2978 1512 3183 1579 tantum
3214 1501 3509 1571 periculum

1928 1588 2069 1661 quod
2100 1603 2165 1643 ex
2186 1604 2246 1643 ea
2280 1590 2401 1645 ﬁdei
2432 1576 2631 1661 puriori
2656 1576 2982 1669 immineret,
3012 1576 3071 1661 ut
3097 1576 3368 1661 extemplo
3394 1592 3511 1665 qui-

1928 1677 2050 1733 dem
2074 1694 2353 1749 assensum
2380 1697 2535 1753 suum
2565 1684 2715 1739 brevi
2740 1685 2963 1757 epistola
2989 1684 3241 1763 Flaviano
3271 1685 3512 1761 declara-

1929 1771 2209 1838 ret,simul
2234 1780 2411 1847 autem
2439 1774 2734 1842 pleniorem
2758 1775 3042 1853 epistolam
3075 1776 3437 1851 polliceretur,
3456 1775 3510 1830 in

227 1858 419 1927 liquias
446 1867 891 1929 persequeretur,
917 1868 973 1914 et
1000 1860 1264 1931 quosdam
1305 1860 1586 1931 episcopos
1626 1859 1820 1915 Orien-
1852 1860 1900 1921 B
1926 1877 2027 1933 qua
2045 1863 2356 1939 Flavianum
2380 1866 2856 1943 episc0pum,quid
2872 1866 2938 1943 de
2956 1875 3065 1945 tota
3081 1882 3238 1922 causa
3256 1865 3513 1922 constitui

228 1953 365 2008 tales
396 1953 606 2023 injusta
649 1952 872 2009 haeresis
901 1952 1209 2024 suSpicione
1240 1965 1534 2023 premeret,
1574 1955 1626 2008 in
1659 1953 1824 2008 alium

227 2046 402 2101 eidem
427 2048 743 2116 oppositum
761 2061 1003 2101 errorem
1033 2046 1242 2121 incidit,
1266 2055 1425 2119 atque
1451 2047 1582 2100 duas
1603 2048 1657 2101 in
1677 2045 1828 2101 Chri-

228 2146 301 2195 sto
344 2148 570 2193 naturas
601 2148 714 2209 post
754 2138 1123 2205 adunatiqnem
1164 2140 1218 2193 in
1247 2157 1409 2194 unam
1437 2140 1688 2194 coaluisse
1717 2152 1829 2195 sta-

228 2240 380 2287 tuere
429 2246 543 2284 non
592 2240 676 2285 est
716 2230 939 2285 veritus.
974 2230 1213 2303 Diligens
1260 2212 1375 2286 erat
1416 2241 1520 2285 tam
1552 2246 1825 2289 sacrarum

229 2322 643 2390 Scripturarum
662 2337 821 2391 quam
848 2321 1245 2392 expositionum
1270 2312 1581 2377 sanctorum
1607 2322 1825 2379 Patrum

228 2421 526 2479 scrutator,
575 2415 775 2484 quique
815 2422 1001 2483 aperte
1045 2413 1315 2469 [alebatur
1344 2429 1403 2469 se
1435 2413 1555 2468 illas
1584 2414 1827 2493 potiores

230 2503 431 2561 habere
472 2514 529 2562 et
555 2506 702 2569 solas
732 2516 906 2561 certas
932 2506 1223 2577 ﬁrmusque
1250 2506 1584 2561 existimare.
1619 2506 1727 2562 Sed
1759 2522 1825 2561 ex

228 2600 419 2659 eodem
463 2601 713 2658 solitario
754 2601 935 2659 studio
977 2610 1032 2660 et
1066 2602 1473 2660 Nestorianismi
1511 2615 1659 2661 metu
1701 2604 1827 2660 reli-

230 2699 431 2768 giosius
465 2700 632 2754 verba
665 2699 914 2766 curabat,
947 2701 1220 2769 nimiaque
1264 2696 1559 2769 ancipitem
1602 2701 1828 2755 locutio-

233 2805 357 2847 num
386 2790 515 2861 l'uga
543 2793 729 2861 potius
756 2808 911 2862 quam
941 2792 1052 2846 ulla
1084 2794 1187 2846 alia
1214 2792 1283 2847 de
1305 2807 1465 2846 causa
1497 2792 1548 2845 in
1580 2807 1823 2846 errorem

230 2883 484 2938 incidisse
512 2882 729 2943 videtur
751 2884 869 2956 (a).
898 2868 1007 2940 Nec
1034 2900 1161 2941 vero
1189 2886 1437 2958 pertinax
1456 2894 1591 2953 erat,
1610 2885 1827 2954 sapien—

232 2976 541 3045 tiorumque
566 2983 624 3030 et
647 2976 945 3032 doctiorum
984 2978 1271 3048 respuebat
1298 2978 1698 3043 correctiones;
1731 2977 1825 3033 sed

230 3069 281 3126 in
320 3070 435 3140 ipsa
482 3070 697 3140 synodo
722 3071 1313 3140 Constantinopolitano
1344 3070 1735 3145 (ἕνδημούσῃ),
1770 3072 1824 3125 in

230 3176 333 3232 qua
366 3162 612 3231 primum
656 3178 711 3216 a.
741 3163 844 3218 448
874 3178 1032 3217 causa
1065 3163 1181 3231 ejus
1210 3177 1392 3216 coram
1425 3162 1683 3217 Flaviano
1710 3164 1823 3233 agi-

231 3265 339 3310 tata
359 3265 467 3320 est,
493 3256 820 3310 sententiam
843 3256 957 3324 ejus
980 3256 1171 3310 lubens
1190 3256 1635 3323 amplectebatur,
1662 3258 1821 3311 modo

229 3346 387 3404 aliter
410 3346 715 3404 sentientes
746 3347 1039 3415 exsecrari,
1070 3354 1129 3401 ut
1153 3347 1338 3417 jussus
1365 3334 1498 3413 erat,
1531 3349 1823 3423 verebatur

229 3451 282 3499 et
307 3454 501 3514 aperte
544 3442 829 3519 renuebat.
867 3443 1039 3512 Atque
1066 3442 1166 3497 hac
1210 3441 1385 3498 solum
1417 3442 1486 3498 de
1516 3458 1674 3497 causa
1706 3443 1822 3511 ipse

230 3550 259 3590 δ
288 3536 504 3606 synodo
536 3535 824 3591 anathema
853 3535 974 3589 tulit
1002 3544 1057 3589 et
1083 3536 1150 3589 ab
1190 3534 1369 3590 ofﬁcio
1397 3535 1556 3588 simul
1586 3546 1638 3590 et
1667 3550 1820 3590 com-

227 3627 489 3681 munione
518 3625 779 3680 Ecclesiae
805 3632 1046 3687 remotus
1072 3634 1175 3681 est.
1215 3624 1350 3679 'l‘um
1391 3640 1520 3680 vero
1550 3624 1820 3699 Eutyches

226 3717 333 3771 acri
362 3731 466 3770 suo
486 3722 678 3771 contra
706 3713 1188 3769 Nestorianismum
1212 3716 1391 3787 studio
1418 3730 1477 3771 se
1505 3706 1821 3786 pessuntdaL

225 3817 338 3861 tam
367 3808 645 3873 sentiens,
693 3807 1072 3877 imperatorem
1118 3807 1291 3871 adire,
1342 3808 1676 3877 aliorumque
1701 3808 1819 3875 epi-

222 3914 543 3967 scoporum,
576 3899 633 3954 in
663 3900 848 3970 primis
868 3908 1047 3955 autem
1074 3899 1452 3955 Alexandrinae
1480 3909 1534 3954 et
1566 3900 1821 3955 llontanze

223 3992 365 4048 sedis
394 3992 705 4047 antistitum
729 3991 989 4046 auxilium
1028 3990 1320 4061 implorare
1346 3993 1533 4062 cmpit.
1562 3992 1673 4047 Nec
1700 3992 1819 4047 fru-

222 4092 355 4139 stra.
422 4082 732 4153 Imperator
774 4084 944 4150 enim,
994 4084 1083 4153 qui
1137 4082 1515 4138 Nestorianam
1570 4085 1820 4141 haaresim

221 4184 377 4248 peste
409 4177 609 4246 quavis
648 4177 1020 4247 capitaliorem
1048 4178 1373 4243 aestimabat,
1416 4188 1471 4233 et
1500 4189 1696 4249 suopte
1726 4180 1824 4255 in-

220 4269 423 4338 genio,
470 4278 530 4325 et
583 4267 816 4325 fortasse
870 4270 1031 4325 etiam
1093 4271 1390 4325 amicorum
1464 4273 1821 4341 quorumdam

223 4359 677 4433 (Cbrysaphium
706 4362 1016 4418 eunuchum
1044 4362 1330 4434 indigitant
1355 4375 1471 4417 acta
1500 4362 1661 4431 hujus
1686 4364 1818 4436 rei),

221 4456 432 4526 wivel
462 4454 572 4524 ipsi
603 4454 782 4521 minus
811 4454 1071 4511 Flaviano
1117 4456 1386 4525 favebant,
1436 4457 1520 4512 vel
1564 4472 1690 4513 vere
1741 4458 1825 4513 in-

220 4545 419 4617 iuriam
461 4546 533 4619 ab
563 4560 629 4605 eo
660 4547 891 4618 Eutychi
926 4547 1125 4603 illatam
1158 4548 1449 4613 dolebant,
1484 4550 1679 4631 studiis
1728 4566 1821 4621 pa-

224 4608 518 4694 lrocininm
539 4638 659 4707 ejus
673 4608 933 4710 suscepit.
952 4639 1320 4697 Alexandrino
1338 4608 1521 4698 autem
1541 4608 1814 4713 episcopo,
1845 4608 1898 4669 Β

224 4729 333 4784 nisi
353 4744 600 4799 perenne
620 4730 673 4785 in
696 4730 1318 4803 Constantinopolitanos
1349 4736 1609 4805 praesules
1637 4737 1819 4809 odium

225 4820 439 4893 (uisset.
457 4820 549 4877 vel
565 4821 635 4877 oh
655 4824 813 4877 unius
832 4823 1019 4894 Cyrilli
1035 4825 1347 4881 memoriam
1370 4827 1453 4881 vir
1472 4826 1631 4897 hujus
1652 4812 1822 4887 animi

224 4915 485 4985 prasidio
512 4932 614 4972 suo
633 4917 828 4989 dignus
848 4919 1021 4976 videri
1044 4916 1295 4989 debebat,
1329 4933 1382 4979 el
1409 4937 1539 4979 vero
1560 4924 1821 4984 Dioscuro

225 5008 369 5064 nulla
390 5009 607 5079 gratior
626 5011 864 5083 animum
890 5012 943 5066 in
964 5012 1119 5067 rivali
1141 5014 1392 5084 explendi
1413 5014 1624 5072 occasio
1644 5019 1823 5075 obtin-

226 5111 356 5167 gere
382 5098 676 5169 potuisset.
698 5098 940 5155 Tandem
966 5100 1164 5157 Leonis
1193 5104 1354 5159 etiam
1386 5119 1485 5175 pro
1523 5090 1683 5162 causa
1705 5092 1823 5180 ejus

225 5188 511 5259 deplorata
557 5205 667 5247 non
708 5192 938 5248 obscura
976 5194 1088 5267 jam
1136 5195 1385 5253 voluntas
1432 5208 1571 5254 erat.
1614 5202 1823 5273 Quippe

227 5294 349 5336 cum
379 5280 656 5353 Eutyches
679 5282 879 5339 dudum
913 5285 963 5341 ei
986 5284 1163 5341 studio
1188 5304 1288 5343 suo
1312 5298 1499 5345 contra
1531 5290 1821 5349 Nestoria-

228 5386 330 5432 nos
356 5390 459 5447 per
485 5376 699 5433 litteras
720 5377 851 5434 olim
880 5379 947 5433 ad
976 5394 1100 5435 eum
1127 5380 1359 5439 directas
1387 5386 1819 5457 commendatus,

227 5464 338 5536 jam
366 5480 479 5522 non
516 5467 634 5538 ipse
662 5469 837 5525 solum
877 5468 946 5526 de
987 5470 1179 5542 injuria
1215 5473 1316 5529 sibi
1353 5473 1492 5530 facta
1522 5478 1661 5546 apud
1694 5494 1818 5535 eum

230 5569 454 5629 quam
479 5569 647 5630 esset,
666 5561 762 5619 sed
774 5562 1111 5621 Theodosius
1134 5566 1296 5622 etiam
1327 5583 1581 5639 magnum
1605 5558 1818 5640 pertur-

336 5700 404 5770 ο)
441 5699 499 5755 S.
630 5699 910 5757 Griesbach
938 5704 991 5758 in
1017 5704 1165 5760 Locis
1195 5705 1520 5780 Theologicis
1563 5726 1627 5767 ea:
1654 5709 1825 5770 Leone

238 5765 322 5831 η.
346 5773 591 5831 collum.
623 5783 746 5827 sect.
772 5775 827 5831 5.
854 5775 882 5831 ι
907 5776 995 5831 ts.
1028 5795 1081 5831 ο.
1111 5778 1201 5831 to.
1227 5776 1316 5831 tt.

305 5807 322 5825 .
346 5773 591 5831 «uectis.
623 5783 746 5827 sect.
772 5775 995 5899 5,318,
1028 5795 1081 5847 p.
1111 5778 1201 5847 40,
1227 5776 1316 5834 Η.

307 5839 395 5910 (ι)
430 5840 536 5911 Ep.
570 5844 640 5901 73
661 5844 802 5911 apud
881 5844 1087 5902 allerin.

1930 1954 2191 2033 deberet].
2242 1956 2609 2037 instructurus
2650 1966 2811 2013 esset.
2845 1958 2971 2039 llaec
2992 1946 3127 2037 vero
3158 1957 3259 2035 luit
3284 1956 3512 2039 celebris

1929 2032 2020 2125 illa
2050 2048 2119 2100 ad
2140 2032 2449 2129 Flauianum
2469 2032 2719 2129 epistola,
2737 2066 2839 2121 qua
2860 2032 3027 2105 totam
3048 2050 3113 2105 de
3139 2032 3513 2127 incarnatione

1929 2126 2252 2197 sententiam
2284 2126 2537 2199 discussit
2567 2126 3029 2219 atquedetinivit,
3074 2126 3417 2217 Nestoriique
3457 2152 3514 2201 et

1931 2232 2193 2303 Eutychis
2218 2237 2494 2290 erroribus
2517 2220 2851 2307 proscriptis,
2870 2224 3190 2292 catholicam
3210 2220 3509 2291 doctrinam

1928 2326 2064 2379 adeo
2086 2320 2336 2381 accorate
2358 2337 2466 2381 tum
2493 2328 2796 2405 sententiis,
2826 2339 2935 2382 tum
2962 2343 3210 2405 sermone
3236 2326 3513 2382 declarare

1927 2418 2152 2485 studuit,
2188 2428 2244 2473 ut
2283 2410 2533 2491 quidquid
2572 2404 2625 2476 in
2653 2439 2715 2475 ea
2746 2421 2990 2491 scriptum
3030 2430 3103 2497 est
3132 2438 3193 2497 ex
3232 2420 3513 2495 apostolica

1928 2520 1975 2563 at
2002 2498 2292 2580 evangelica
2332 2515 2634 2584 probaretur
2662 2498 2921 2582 sumptum
2949 2531 3055 2593 esse
3082 2494 3335 2603 doctripa.
3367 2511 3513 2589 Con-

1927 2604 2329 2669 stantinOpolim
2375 2606 2590 2660 mittere
2618 2604 2935 2689 decreverat
2957 2620 3060 2689 per
3102 2596 3369 2685 eumdem,
3418 2602 3512 2689 qtti

1928 2698 2135 2767 priores
2168 2696 2411 2754 Flaviani
2443 2678 2645 2755 litteras
2667 2678 3064 2783 apportave'rat,
3092 2678 3372 2783 clericum.
3403 2678 3511 2753 Sed

1926 2805 2047 2845 cum
2079 2792 2278 2845 interea
2308 2791 2376 2845 ab
2405 2792 2726 2860 imperatore
2764 2780 3011 2865 synodus
3032 2780 3299 2861 generalis
3334 2790 3512 2860 Ephe-

1926 2896 2044 2936 sum
2072 2882 2124 2961 in
2154 2881 2409 2938 kalendas
2441 2884 2662 2953 Augusti
2687 2899 2741 2937 a.
2764 2882 2868 2961 449
2901 2864 3111 2961 ᾗρρίςιᾴ
3132 2866 3295 2953 esset,
3323 2881 3510 2951 legatis

1926 2956 2114 3053 eodem
2146 2975 2431 3029 destinatis
2460 2976 2607 3028 dedit
2636 2964 2698 3028 ut
2732 2954 2791 3028 in
2839 2954 3048 3057 synodo
3079 2972 3293 3057 publice
3319 2971 3511 3057 recita-

1928 3046 2070 3121 rent.
2104 3060 2170 3122 At
2200 3067 2268 3122 de
2294 3066 2669 3139 synodiistius
2702 3066 2847 3139 exitu
2872 3036 3511 3157 uenustativ’l‘satrocinalis

1928 3159 2145 3235 nomine
2192 3158 2402 3212 infamis
2444 3150 2555 3225 est;
2608 3146 2755 3213 solus
2801 3136 3144 3237 imperitabat,
3190 3142 3509 3237 Dioanrus;

1850 3236 1895 3300 C
1928 3232 2183 3323 prohibiti
2214 3253 2371 3322 legati
2400 3252 2627 3307 Romani
2656 3267 2687 3305 a
2718 3228 2950 3306 lectione
2985 3228 3284 3329 litterarum
3310 3244 3510 3304 Leonis

1927 3345 1993 3399 ad
2044 3344 2385 3411 Flavianum,
2429 3354 2484 3398 et
2532 3354 2813 3413 postquam
2862 3342 3109 3396 factionis
3140 3332 3293 3395 furor
3332 3340 3512 3394 omnia

1925 3436 2255 3515 miscuisset,
2280 3426 2334 3491 in
2365 3424 2661 3491 custodiam
2685 3435 2818 3500 dati,
2849 3433 2966 3489 solo
2989 3420 3203 3515 Hilario
3219 3448 3314 3503 per
3334 3422 3513 3502 logam

1925 3530 2130 3598 elapso.
2163 3518 2298 3583 Vani
2333 3537 2488 3583 erant
2508 3543 2887 3598 Oppressorum
2911 3504 3195 3607 clamores),
3226 3518 3365 3607 vana
3396 3541 3513 3607 omo

1924 3624 2073 3678 nium
2104 3606 2367 3697 bonorum
2413 3618 2727 3697 indignatio,
2757 3606 2909 3675 vanae
2937 3602 3133 3675 Leonis
3158 3602 3297 3697 apud
3328 3604 3509 3672 Theo-

1922 3714 2134 3769 dosium
2180 3724 2235 3769 et
2269 3694 2629 3787 Pulcheriam,
2662 3711 2729 3768 ad
2759 3698 2965 3787 clerum
2999 3694 3208 3783 plebeni
3246 3706 3303 3767 ei
3329 3709 3512 3765 archi-

1924 3806 2220 3862 mandritas
2279 3786 2902 3876 Constaruinopolitanos
2968 3788 3225 3875 queielae.
3290 3801 3513 3860 Frustra

1923 3909 2073 3970 gesta
2102 3898 2219 3968 ejus
2262 3899 2502 3970 synodus
2538 3888 2778 3953 Romana
2811 3876 3154 3967 reprobav'it;
3188 3882 3385 3951 frustra
3419 3912 3513 3981 per

1924 3991 2361 4047 Valentinianum
2386 4003 2439 4046 et
2457 3982 2747 4045 Placidiam
2779 3980 3224 4059 Pulcheriamqu‘e
3242 3982 3512 4057 Augttstas

1922 4085 2209 4141 concilium
2240 4068 2291 4137 in
2331 4068 2568 4152 partibus
2610 4070 2917 4139 Occidentis
2944 4070 2975 4135 a'
3001 4070 3313 4137 Theodosio
3342 4082 3513 4150 impe-

1923 4189 2067 4233 trare
2096 4177 2401 4239 nitebatur;
2436 4190 2556 4229 cum
2584 4168 2763 4228 subito
2785 4174 2958 4228 morte
2980 4168 3272 4228 Theodosii
3295 4171 3421 4243 (die
3441 4170 3511 4228 28

1922 4268 2049 4328 Julii
2071 4287 2120 4324 a.
2149 4269 2289 4339 450)
2322 4260 2490 4324 tristis
2522 4284 2704 4322 rerum
2736 4256 2902 4323 facies
2928 4262 2980 4321 in
3013 4252 3295 4332 lmtiorem’,
3319 4265 3513 4337 etqui-

1923 4346 2043 4418 dem
2090 4362 2317 4416 Romani
2352 4358 2626 4431 pontiﬁcis
2668 4358 2969 4413 auctoritati
3020 4356 3510 4427 auspicatissimam

1922 4471 2181 4512 conversa
2231 4463 2331 4509 est.
2379 4451 2593 4508 Etenim
2646 4465 2819 4506 novus
2850 4442 3143 4520 imperatof
3187 4440 3507 4516 Marcianus,

1921 4536 2203 4602 Pulcheria
2228 4545 2347 4614 ejus
2378 4540 2547 4600 uxore
2578 4540 2971 4615 adjuiante,ab
2994 4540 3149 4597 initio
3179 4536 3397 4612 imperii
3426 4540 3511 4596 sui

1924 4624 1989 4696 eo
2015 4655 2228 4695 omnem
2261 4654 2443 4694 curam
2475 4622 2643 4707 atque
2665 4618 3049 4706 cegitationem‘
3087 4628 3422 4700 conferebat,
3455 4630 3513 4687 ut

1926 4733 2179 4789 damnum
2212 4734 2280 4789 ab
2312 4720 2558 4804 Eutyche
2585 4720 2708 4786 ﬁdei
2750 4712 2958 4784 illatum
2988 4714 3365 4789 resarciretur,
3397 4734 3508 4780 stu-

1926 4826 2182 4897 diumque
2235 4841 2392 4880 suum
2443 4814 2513 4880 de
2573 4814 2806 4879 Concilio
2850 4816 3009 4892 quam"
3052 4820 3213 4876 citius
3268 4817 3511 4889 cogendo

1925 4917 2091 4977 Leoni
2130 4932 2227 4988 per
2255 4916 2541 4988 epistolam
2563 4910 2966 4985 declaravit(b).
2985 4911 3207 4969 Interim
3238 4908 3510 4981 Eutyches

1926 5000 1989 5067 ex
2018 5009 2166 5068 Urbe
2213 5009 2395 5080 egredi
2434 5008 2638 5079 jussus,
2669 5016 2723 5062 et
2765 5006 3005 5078 synodus
3041 5002 3513 5073 Constantinopoli

1927 5088 2284 5175 praesentibus
2306 5100 2562 5155 Romanis
2591 5094 2786 5170 legatis
2815 5105 3002 5154 coacta
3033 5110 3135 5163 est,
3166 5096 3347 5166 ibique
3374 5096 3511 5151 lecta

1927 5193 2231 5267 dogmatica
2267 5193 2463 5249 Leonis
2500 5192 2724 5264 epistola
2748 5189 2813 5246 ad
2847 5188 3181 5256 Flavianum,
3212 5189 3300 5243 cui
3342 5201 3513 5243 novus

1926 5288 2430 5359 Constantinopolis
2477 5287 2763 5358 episcopus
2807 5284 3089 5342 Anatolius
3135 5294 3259 5343 cum
3298 5281 3511 5338 ceteris

1925 5383 2229 5457 episcopis,
2277 5380 2739 5447 archimandritis,
2790 5379 3130 5453 presbyteris
3176 5385 3233 5434 et
3274 5374 3515 5431 diaconis

1924 5477 2365 5544 subscripserunt
2389 5474 2454 5545 (ο
2474 5472 2521 5545 ),
2541 5472 2895 5541 eamdemque
2920 5471 3168 5526 omnibus
3195 5466 3287 5537 qui
3315 5466 3514 5533 ubique
3570 5504 3575 5510 .

1924 5578 2105 5628 essent
2125 5564 2487 5638 metropolitls
2504 5562 2949 5621 subscribendum
2974 5555 3374 5631 miserunt(d).
3396 5556 3517 5615 Huc
3592 5572 3601 5584 “

1998 5711 2097 5779 (ε)
2138 5707 2261 5763 Vid.
2294 5705 2397 5780 Ep.
2424 5707 2620 5763 Leonis
2654 5707 2721 5761 ad
2766 5706 3084 5767 Anatolium,
3114 5704 3187 5762 80
3213 5700 3359 5775 apud
3384 5696 3517 5761 Bal-

1928 5796 2102 5911 κνῗέ)
2144 5850 2303 5906 Conc.
2335 5849 2578 5905 Chalced.
2612 5857 2709 5903 art.
2741 5848 2793 5903 si
