4014 6350
510 369 585 429 158
1031 369 1553 427 δίῖΗαὲΝΕΜΑΝΝΙ
1592 368 1863 423 NOTITIA
1908 364 2717 423 llISTORlCO-LITTERARIA
2759 370 2823 424 lN
2863 372 2922 425 S.
2964 367 3261 425 LEONEM.
3709 366 3784 425 δῦ

506 484 677 556 igitur
700 483 863 540 rebus
882 485 1245 553 vergentibus,
1272 486 1403 553 Leo,
1435 497 1775 539 occasionem
1798 496 1917 537 esse
1940 487 2090 535 ratus
2116 480 2166 540 A
2195 480 2389 536 iterum
2414 489 2721 553 iterumque
2756 484 2824 538 ad
2864 484 3173 540 Flavianum
3212 482 3472 556 epistola,
3508 490 3782 554 tamquam

503 572 694 645 iudicii
720 574 803 629 sui
830 578 1205 631 auctoritatem
1236 576 1394 630 latius
1426 574 1758 642 proferendi,
1788 588 1953 628 novos
1984 574 2095 642 spi-

506 666 644 721 ritus
670 681 885 721 sumere
916 679 990 732 et,
1015 667 1167 737 quasi
1191 667 1255 721 ad
1286 682 1343 722 se
1371 682 1535 721 unum
1560 666 1807 721 deﬁnitio
1830 675 1937 721 tota
1968 682 2092 737 per-

508 760 727 825 tineret,
758 762 1059 831 arrogantia
1093 777 1184 814 sua
1218 760 1445 815 aliorum
1477 760 1832 815 moderationi
1861 760 2091 816 illudere

504 852 686 908 audet.
716 854 880 921 Hujus
912 853 1109 907 fastidii
1140 853 1296 920 plena
1329 864 1410 908 est
1431 855 1659 923 epistola
1690 854 1849 910 modo
1877 854 2091 908 laudata

504 945 571 996 ad
606 946 933 1010 Anatolium,
964 961 1065 1015 qua
1099 945 1270 999 laetari
1304 960 1363 999 se
1392 944 1678 1013 signiﬁcat,
1708 947 1851 1015 quod
1882 945 2089 1015 episto-

508 1038 574 1091 la:
605 1053 715 1093 sua:
744 1040 808 1093 ad
840 1037 1150 1093 Flavianum
1192 1054 1475 1094 assensum
1508 1032 1824 1107 praebuerit,
1867 1054 1985 1102 seu,
2035 1047 2094 1093 ut

504 1132 677 1197 ipsius
728 1132 909 1185 verbis
958 1140 1191 1196 utamur,
1241 1132 1503 1201 gloriatur
1550 1131 1687 1195 quod
1733 1147 2000 1200 sequacem
2039 1147 2093 1184 se

502 1224 807 1295 evangelica
846 1223 1151 1276 eruditionis
1182 1226 1412 1277 ostendat
1442 1232 1491 1277 et
1529 1223 1592 1276 de
1622 1224 1924 1290 conﬁrmata
1948 1222 2091 1291 apud

500 1330 555 1368 se
579 1331 703 1385 pace
728 1315 861 1369 sedis
884 1316 1181 1386 apostolica:
1201 1318 1247 1370 ei
1272 1316 1591 1385 gratulatur.
1624 1314 1729 1370 Sed
1759 1314 1908 1383 plura
1934 1324 1989 1369 et
2011 1315 2092 1368 lu-

499 1409 799 1464 culentiora
847 1410 1167 1464 dcenmenta
1215 1422 1310 1477 per
1360 1409 1564 1477 legatos
1605 1421 1731 1461 suos
1774 1406 1826 1460 in
1859 1405 2091 1461 concilio

498 1501 930 1556 Chalcedonensi
960 1502 1127 1555 dedit.
1164 1501 1240 1556 Ac
1280 1504 1455 1569 primo
1492 1500 1707 1570 quidem
1740 1516 1901 1570 quam
1932 1502 2091 1556 enixe

498 1602 728 1661 poterat,
763 1595 965 1647 studuit
993 1593 1235 1659 efﬁcere,
1273 1603 1329 1646 ut
1360 1603 1469 1647 tota
1498 1594 1737 1664 synodus
1758 1592 2087 1660 differretur,

497 1698 801 1752 praetexens
847 1688 1025 1753 aptius
1075 1696 1286 1754 tempus
1316 1700 1438 1739 esse
1482 1686 1929 1753 exspectandum,
1984 1701 2089 1756 quo

496 1777 711 1845 plurimi
745 1777 902 1831 etiam
936 1780 1003 1833 de
1035 1779 1495 1847 longinquioribus
1527 1778 1816 1846 provinciis
1847 1779 2089 1849 episcopi

2195 575 2559 631 ﬁrmissimum
2581 586 2765 632 contra
2798 578 2929 633 istas
2956 582 3244 648 pravitates
3273 576 3578 649 praesidium
3608 576 3785 633 incul-

2194 678 2314 724 cata
2336 685 2549 739 unaque
2571 687 2691 725 cum
2724 672 2973 743 symbolo
2998 671 3246 737 Nicaeae,
3277 667 3783 739 Constantinopoli-

2195 770 2321 815 tano
2357 770 2414 817 et
2449 762 2658 818 duabus
2697 762 2887 835 Cyrilli
2934 763 2999 818 ad
3043 762 3348 818 Nestorium
3399 760 3645 828 epistolis
3678 756 3780 831 (ex

2194 854 2423 909 concilio
2456 854 2759 925 Ephesino)
2781 870 2877 924 pro
2905 856 3061 909 unica
3088 864 3141 909 et
3163 863 3418 923 perpetua
3443 850 3567 906 ﬁdei
3592 865 3784 906 norma

2194 946 2262 999 ab
2293 946 2540 999 omnibus
2567 956 2639 1001 stt
2668 948 2985 1016 approbata.
3018 946 3202 1017 Itaque
3240 958 3386 1000 nunc
3417 944 3645 1013 primum
3668 942 3786 1012 epi-

2194 1041 2340 1107 sc0pi
2376 1037 2603 1093 Romani
2643 1039 2887 1094 deﬁnitio
2927 1038 3196 1094 universae
3239 1035 3497 1092 Ecclesiae
3531 1034 3653 1090 ﬁdei
3693 1049 3783 1090 re-

2193 1134 2370 1200 gulam
2400 1132 2712 1199 constituit,
2747 1133 2814 1187 ab
2843 1147 3015 1203 eoque
3044 1133 3309 1186 universae
3338 1128 3490 1200 quasi
3528 1127 3786 1182 Ecclesia:

2196 1225 2393 1279 dictata
2424 1235 2527 1280 est.
2561 1225 2678 1292 Quo
2710 1226 2986 1295 triumpho
3018 1224 3111 1280 ille
3153 1235 3331 1279 tamen
3368 1237 3476 1277 non
3513 1229 3785 1291 tamquam

2195 1332 2333 1371 novo
2355 1319 2565 1386 potitus
2589 1331 2713 1372 esse
2736 1317 2907 1371 videri
2933 1316 3122 1383 voluit,
3150 1314 3246 1371 sed
3276 1314 3423 1369 vultu
3456 1323 3511 1369 et
3530 1326 3786 1368 sermone

2194 1412 2259 1467 ad
2286 1413 2604 1481 gravitatem
2637 1412 2941 1480 composito
2970 1410 3132 1475 nihil,
3177 1408 3281 1463 nisi
3315 1406 3458 1478 quod
3498 1422 3563 1461 ex
3593 1405 3789 1460 ordine

2192 1516 2244 1560 et
2268 1504 2660 1560 consuetudine
2688 1504 2947 1558 Romamn
2980 1502 3125 1558 sedis
3156 1510 3330 1567 esset,
3358 1498 3597 1570 gessisse
3626 1510 3686 1551 se
3715 1493 3789 1549 si-

2193 1599 2439 1653 mulavit.
2490 1598 2595 1655 Sed
2632 1612 2740 1666 quo
2782 1596 2956 1650 laetior
2994 1595 3078 1649 hic
3121 1608 3301 1648 rerum
3338 1606 3621 1648 successus
3663 1588 3785 1656 fuit,

2194 1701 2343 1746 tanto
2374 1692 2635 1762 majorem
2670 1689 2769 1760 ipsi
2800 1689 2986 1743 attulit
3015 1687 3388 1756 aegritudinem
3422 1683 3652 1740 Anatolii
3673 1681 3791 1753 epi-

2193 1784 2373 1851 scopi.
2418 1798 2576 1853 quam
2613 1783 2727 1847 ipse
2750 1795 2945 1834 vocare
2984 1779 3223 1843 solebat,
3267 1776 3521 1841 ambitio,
3565 1790 3690 1839 seu,
3727 1777 3792 1828 ut

496 1871 709 1923 evocari
757 1878 975 1938 possent
1006 1886 1019 1935 ;
1064 1873 1156 1925 sed
1190 1874 1417 1925 fortasse
1452 1887 1557 1925 non
1583 1871 1743 1926 aliam
1776 1873 1846 1925 ob
1870 1887 2087 1928 causam
2122 1864 2168 1923 B
2196 1875 2285 1929 ille
2325 1890 2435 1945 prae
2466 1889 2525 1928 se
2557 1873 2708 1938 tulit,
2755 1872 2885 1926 cleri
2916 1871 3062 1938 ejus,
3096 1871 3232 1924 citra
3266 1869 3435 1938 ipsius
3463 1866 3707 1935 culpam,
3733 1863 3791 1921 in

498 1975 657 2031 quam
690 1963 810 2031 quia
844 1976 1085 2034 speraret
1115 1966 1231 2019 fore
1277 1977 1335 2020 ut
1365 1981 1461 2020 sua
1511 1968 1671 2021 unius
1714 1969 1961 2037 epistola,
2004 1971 2088 2023 cui

496 2071 686 2112 omnes
713 2063 872 2113 totius
900 2062 1046 2114 orbis
1072 2062 1305 2130 episc0pi
1338 2064 1553 2117 nomina
1586 2080 1678 2118 sua
1709 2080 1829 2118 cum
1859 2064 2088 2119 anathe-

496 2152 849 2205 matizatione
881 2152 1111 2206 Nestorii
1143 2163 1196 2206 et
1231 2155 1488 2224 Eutychis
1517 2171 1871 2226 errorumque
1898 2171 2087 2211 eorum

497 2245 965 2313 subsignaverant,
1000 2259 1049 2300 et
1078 2264 1238 2316 porro
1265 2261 1422 2302 erant
1446 2251 1833 2319 subsignaturi,
1863 2251 2086 2305 haeresis

496 2337 735 2391 confecta
770 2339 1187 2405 existimaretur,
1224 2343 1521 2409 praesertim
1555 2358 1674 2396 cum
1699 2342 1765 2397 de
1801 2343 2088 2397 restituen-

496 2427 577 2483 dis
618 2430 887 2500 episcopis
919 2433 969 2485 in
1018 2435 1228 2502 synodo
1258 2435 1527 2501 Ephesina
1557 2436 1757 2504 injuste
1799 2452 1830 2490 a
1868 2437 2083 2493 sedibus

495 2522 608 2573 suis
633 2522 871 2589 depulsis
891 2533 943 2577 et
968 2523 1231 2579 Dioscuro
1260 2540 1382 2579 cum
1409 2529 1631 2581 asseclis
1650 2546 1677 2581 a
1701 2530 2085 2584 communione

495 2612 834 2682 prohibendo
870 2614 981 2684 jam
1020 2616 1071 2669 in
1114 2616 1713 2686 Constantinopolitana
1763 2623 1970 2690 synodo
2020 2636 2085 2675 cx

496 2718 716 2757 suorum
742 2721 954 2775 quoque
977 2708 1271 2776 legatorum
1300 2712 1581 2780 praeceptis
1605 2711 1697 2783 (a)
1719 2722 1895 2767 actum
1918 2723 2082 2769 esset.

496 2794 723 2851 Accedit
763 2799 901 2864 quod
933 2799 1074 2853 haud
1120 2801 1409 2858 difﬁculter
1435 2805 1750 2875 intelligitur
1780 2823 1903 2861 eum
1943 2809 2087 2864 veri-

496 2895 609 2940 tum
641 2902 763 2943 esse
796 2905 864 2945 ne
904 2890 1533 2963 ConstantinOpolitanus
1571 2896 1889 2968 episcopus,
1933 2901 2086 2969 cujus

497 2982 554 3036 in
598 2982 857 3041 Flaviano
896 2988 1052 3042 sedes
1096 3004 1191 3057 per
1237 2991 1556 3045 liioscurum
1601 2995 1746 3062 gravi
1797 2996 2087 3065 ignominia

498 3073 688 3129 affecta
712 3086 848 3143 erat,
872 3079 1154 3147 repentina
1177 3081 1531 3137 Alexandrini
1553 3084 1842 3140 adversarii
1867 3090 2087 3156 depres-

498 3168 651 3222 sione
682 3170 854 3225 elatus
887 3169 988 3225 hac
1032 3176 1319 3229 occasione
1350 3185 1403 3230 et
1452 3177 1753 3231 animorum
1802 3180 2087 3236 affectione

500 3272 742 3317 uteretur
783 3263 848 3318 ad
886 3265 1031 3321 sedis
1060 3280 1170 3320 sua:
1212 3270 1593 3338 praerogativas
1635 3274 1927 3340 augendas.
1979 3274 2089 3331 Nec

500 3369 631 3409 vero
654 3372 827 3413 vanus
851 3358 950 3413 iste
973 3368 1150 3413 metus
1181 3361 1298 3429 fuit,
1320 3371 1459 3415 utex
1487 3365 1834 3432 sequentibus
1858 3368 2085 3435 patebit.

501 3449 793 3506 Enimvero
833 3467 955 3508 cum
988 3469 1088 3509 nec
1132 3454 1253 3518 hoc,
1305 3471 1403 3510 nec
1444 3465 1501 3509 ut
1532 3458 1581 3511 in
1621 3458 1768 3512 Italia
1800 3459 2091 3517 haberetur

502 3543 793 3614 impetrare
823 3549 1102 3616 potuisset,
1154 3550 1535 3606 Paschasinum
1569 3552 1943 3625 Lilybetanum
1973 3560 2091 3627 epi-

501 3648 725 3704 sc0pum
769 3647 825 3693 et
872 3639 1203 3695 Bonifacium
1250 3646 1623 3714 presbyterum
1673 3645 1927 3714 Nicaeam,
1984 3665 2091 3720 quo

502 3731 733 3798 primum
765 3732 962 3787 indicta
988 3744 1105 3788 erat
1129 3734 1375 3805 undeque
1409 3746 1530 3805 post
1550 3737 1951 3795 Chalcedonem
1977 3751 2091 3796 tra-

503 3822 659 3879 ducta
712 3824 810 3880 fuit
847 3828 1107 3898 synodus,
1142 3828 1347 3898 legatos
1378 3831 1546 3886 misit.
1593 3832 1822 3903 lncoepit
1851 3836 2092 3906 synodus

503 3918 850 3974 Chalcedone
892 3930 1085 3976 octavo
1133 3922 1252 3977 idus
1301 3924 1569 3989 Octobris,
1618 3927 1968 3998 absolutaque
2012 3938 2097 3986 est

504 4008 753 4066 kalendis
783 4012 1174 4071 Novembribus
1203 4015 1272 4071 16
1318 4017 1617 4072 actionibus
1650 4018 1745 4089 (ὁ)
1767 4061 1781 4083 ,
1819 4022 1869 4074 in
1901 4022 2096 4090 quibus

506 4102 641 4158 nihil
685 4103 840 4172 plane
868 4120 896 4158 a
930 4106 1118 4176 legatis
1157 4107 1381 4163 Romani
1416 4110 1653 4178 episcopi
1696 4111 1955 4165 omissum
1987 4125 2090 4179 est,

506 4212 614 4268 quo
656 4201 1031 4257 auctoritatem
1054 4202 1172 4271 ejus
1200 4217 1361 4271 supra
1389 4203 1535 4258 illam
1576 4206 1769 4275 synodi
1818 4207 2091 4263 tollerent.

506 4290 639 4347 Tam
666 4309 853 4361 parum
879 4296 1040 4349 etiam
1070 4296 1137 4350 ab
1162 4295 1348 4350 iisdem
1380 4298 1495 4351 sive
1518 4298 1786 4368 episcopis
1818 4302 2097 4369 prmsenti-

508 4386 629 4452 bus,
652 4389 765 4441 sive
782 4389 1184 4459 magistratibus
1206 4392 1295 4460 qui
1317 4407 1436 4446 cum
1463 4402 1727 4460 potestate
1749 4394 1993 4461 aderant,
2012 4412 2096 4450 re-

506 4481 763 4534 verentia:
803 4480 1042 4537 habitum
1077 4482 1193 4548 fuit.
1237 4492 1430 4538 utnon
1461 4486 1629 4539 semel
1660 4488 1978 4553 clamarent,
2025 4490 2097 4542 sic

508 4572 653 4639 velle,
696 4576 768 4627 sic
791 4574 975 4648 jubere
1002 4575 1244 4643 Leonem,
1275 4577 1329 4629 id
1359 4593 1467 4631 esse
1497 4578 1552 4630 in
1581 4579 1843 4631 mandatis
1884 4581 2010 4647 suis,
2044 4590 2098 4634 et

508 4667 888 4723 minitarentur
942 4670 1076 4725 adeo
1114 4686 1167 4723 se
1214 4672 1528 4724 discessuros
1570 4673 1624 4723 ni
1674 4673 1746 4725 ita
1802 4672 1963 4741 ﬁeret.
2021 4676 2099 4729 Ac

509 4760 563 4813 in
594 4760 865 4829 plerisque
878 4761 1095 4830 quidem
1111 4761 1255 4829 pacis
1275 4763 1456 4817 studio
1476 4765 2098 4836 causarumquediscep-

507 4854 794 4908 taudarum
834 4862 1058 4924 urgente
1107 4855 1429 4910 necessitate
1466 4865 1520 4911 et
1548 4871 1673 4926 erga
1717 4859 2098 4927 imperatorem

508 4947 873 5013 observantia,
902 4948 973 5001 ita
998 4948 1061 5001 iis
1091 4948 1329 5018 synodus
1360 4950 1613 5003 obsecuta
1640 4959 1817 5017 est,ut
1842 4967 1871 5004 a
1903 4951 2100 5008 Leonis

507 5054 644 5095 nutu
693 5052 747 5095 et
784 5042 1155 5097 moderamine
1194 5043 1519 5113 pependisse
1562 5042 1730 5098 videri
1777 5045 1970 5114 possit.
2024 5045 2097 5100 De

504 5136 621 5203 ipsa
662 5144 872 5201 autem,
900 5150 1021 5205 quas
1064 5136 1234 5205 prima
1275 5135 1407 5189 tanti
1445 5135 1655 5191 dissidii
1692 5151 1851 5191 causa
1892 5137 2095 5206 fuerat,

510 5227 769 5296 Eutycltis
818 5226 1045 5293 hmresi,
1089 5227 1542 5295 quemadmodum
1595 5236 1651 5282 et
1698 5229 1789 5283 illa
1835 5230 2096 5300 Nestorii,

507 5327 713 5374 tantum
753 5319 905 5374 abest
938 5328 997 5373 ut
1032 5321 1157 5375 novi
1194 5320 1398 5389 aliquid
1438 5323 1745 5391 congregati
1779 5321 1969 5378 Patres
1998 5324 2097 5380 de-

507 5414 804 5479 creverint,
853 5423 911 5467 ut
942 5415 1121 5481 potius
1158 5417 1211 5468 in
1243 5416 1446 5478 tribus,
1479 5415 1671 5484 quibus
1717 5418 1946 5486 quacsﬁo
1984 5419 2099 5474 hmo

508 5512 701 5578 partim
735 5510 1030 5579 legatorum
1075 5508 1434 5563 Romanorum
1455 5552 1467 5571 ,
1502 5510 1694 5578 partim
1727 5513 1955 5566 aliorum
1984 5513 2102 5583 epi-

507 5617 793 5674 scoporum
834 5604 1014 5659 studio
1051 5603 1247 5673 agitata
1288 5602 1391 5659 fuit
1419 5605 1722 5661 actionibus
1765 5604 1873 5679 (c),
1906 5605 2098 5668 eadem

621 5744 693 5815 a_)
733 5745 833 5815 Ep.
864 5746 954 5812 80,
988 5745 1055 5798 ad
1088 5742 1400 5797 Anatolium.

621 5746 693 5815 α)
733 5746 833 5815 Ep.
864 5746 954 5812 80,
988 5746 1055 5798 ad
1088 5746 1400 5797 Anatolium.

578 5746 676 5890 ξι)
713 5817 960 5890 Totidem
1008 5817 1214 5890 scilicet
1251 5819 1304 5869 in
1350 5815 1482 5868 actis
1529 5816 1895 5888 reperiuntur.
1938 5816 2094 5884 ‘Alias

494 5885 604 5971 ,αλ
632 5885 701 5955 τὼ
725 5889 846 5981 aliis
866 5889 995 5951 item
1024 5886 1095 5984 [5
1123 5896 1492 5951 numerantur.

2196 1969 2379 2023 sedem
2410 1965 3066 2036 Constantinopolitanam
3099 1962 3361 2017 studium.
3385 1961 3634 2024 Scilicet,
3670 1972 3792 2028 pere

2190 2063 2324 2115 actis
2353 2062 2604 2116 omnibus
2632 2076 2754 2130 qua:
2782 2060 2849 2115 ad
2882 2059 3194 2128 primariam
3225 2054 3419 2127 synodi
3450 2069 3631 2110 curam
3663 2067 3789 2123 per«

2193 2154 2362 2206 linere
2384 2154 2493 2207 visa
2526 2164 2711 2218 erant,
2744 2151 2957 2207 actione
2993 2150 3058 2205 16
3089 2165 3114 2200 a
3147 2148 3297 2203 clero
3327 2145 3788 2212 Constantinopo-

2189 2245 2359 2299 litano
2388 2256 2441 2299 et
2470 2247 2739 2316 episcopis
2770 2246 2999 2315 ﬂagitari
3032 2252 3265 2307 emptum
3286 2284 3299 2306 ,
3339 2249 3399 2296 ut
3435 2241 3490 2293 in
3522 2241 3789 2296 honorem

2190 2341 2335 2395 sedis
2364 2339 2976 2409 Constantinopolitame
3002 2338 3245 2410 synodus
3276 2334 3476 2402 aliquid
3502 2341 3789 2388 statueret.

2189 2434 2359 2489 Leoni
2398 2435 2449 2488 id
2482 2449 2820 2503 nequaquam
2850 2433 3209 2500 improvisum
3246 2438 3407 2499 atque
3443 2428 3790 2496 inexspecta-

2190 2536 2303 2583 tum
2340 2530 2455 2582 l'uit.
2485 2528 2724 2582 Dederat
2755 2527 2896 2582 enim
2929 2526 3121 2593 legatis
3148 2526 3261 2579 suis
3300 2524 3353 2576 in
3397 2520 3695 2586 mandatis,
3731 2524 3791 2573 ut

2188 2638 2233 2676 st
2261 2622 2350 2692 qui
2381 2622 2511 2692 forte
2533 2622 2758 2691 episwpi
2782 2621 3045 2674 civitatum
3073 2634 3283 2672 suarum
3304 2616 3578 2685 splendore
3602 2610 3788 2683 conﬁsi

2190 2717 2433 2765 tentaturi
2478 2724 2643 2767 essent
2684 2712 2779 2765 sibi
2822 2727 3103 2778 usurpare,
3158 2708 3213 2761 id
3252 2724 3350 2777 qua
3396 2707 3609 2777 dignum
3655 2713 3790 2759 esset

2192 2808 2482 2862 constantia
2506 2807 2850 2860 retunderent.
2885 2806 3229 2872 Quapropter
3264 2816 3473 2855 summa
3509 2799 3586 2854 illi
3616 2794 3789 2853 animi

2190 2901 2538 2955 contentione
2574 2898 2726 2952 hisce
2771 2896 3148 2951 novationibus
3179 2893 3531 2954 obnituntur,
3566 2905 3665 2946 nec
3703 2898 3790 2944 ta-

2190 3007 2317 3045 men
2350 2991 2611 3059 impedire
2648 2998 2939 3058 potuerunt
2973 2986 3264 3057 quominus
3305 2984 3691 3040 decerneretur
3724 2988 3791 3036 ut

2191 3082 2824 3150 Constantinopolitauus
2857 3089 3128 3147 tamquam
3167 3092 3325 3132 novae
3355 3076 3541 3129 Romae
3577 3077 3790 3145 episco-

2194 3190 2293 3244 pus
2317 3177 2489 3242 prium
2534 3183 2657 3241 post
2700 3174 3002 3228 Romanum
3036 3172 3243 3225 honore
3292 3167 3582 3229 frueretur,
3612 3177 3666 3221 et
3696 3167 3787 3235 jus

2193 3276 2623 3337 potestatemque
2662 3266 2716 3320 in
2748 3265 3028 3331 Thraciae,
3072 3262 3228 3318 Ponti
3258 3270 3313 3318 et
3348 3261 3490 3317 Asiae
3518 3260 3789 3315 dimceses

2193 3376 2490 3429 earumque
2541 3359 2988 3429 metropolitanos
3031 3356 3283 3421 haberet,
3330 3362 3387 3409 et
3427 3354 3787 3409 barbarorum

2194 3454 2476 3524 episcopos
2508 3452 2808 3507 ordinaret.
2838 3449 3100 3505 Exierant
3130 3448 3200 3503 de
3237 3446 3443 3519 synodo
3489 3444 3649 3515 legati
3677 3443 3790 3499 Ro-

2195 3548 2340 3601 mani
2369 3561 2489 3601 cum
2511 3545 2580 3601 de
2606 3545 2900 3599 cannnibus
2939 3544 3040 3597 hac
3068 3543 3122 3596 in
3153 3556 3212 3597 re
3241 3538 3543 3595 condendis
3568 3538 3652 3607 agi
3672 3552 3787 3593 cato

2194 3640 2386 3711 pisset,
2412 3641 2505 3694 sed
2539 3640 2631 3693 ubi
2661 3636 3012 3693 nihilosecius
3034 3634 3283 3691 conditos
3313 3641 3666 3700 acceperant,
3692 3645 3793 3700 po-

2196 3731 2385 3786 etridie
2411 3732 2713 3796 redierunt,
2746 3745 2809 3783 ac
2829 3728 3064 3797 graviter
3087 3734 3143 3782 et
3170 3724 3397 3780 subdole
3416 3724 3484 3779 de
3510 3726 3644 3777 actis
3667 3737 3793 3778 sese

2198 3824 2511 3878 absentibus
2543 3824 2856 3892 conquesti,
2902 3820 3149 3888 tandem,
3199 3828 3257 3873 ut
3302 3817 3553 3872 mandato
3586 3830 3685 3871 suo
3720 3830 3793 3869 ex

2198 3927 2348 3987 parte
2374 3918 2561 3970 saltem
2588 3916 2987 3981 satisfacerent,
3019 3912 3336 3967 solemniter
3362 3910 3424 3964 iis
3450 3907 3792 3965 contradixe-

2198 4018 2355 4074 runt,
2394 4010 2605 4077 aliaque
2650 4008 2717 4060 ab
2765 4006 3102 4060 humanitate
3159 4019 3223 4057 ac
3273 4002 3567 4057 sobrietate
3612 3999 3792 4053 aliena

2200 4108 2456 4167 egerunt,
2490 4099 2557 4152 de
2587 4098 2782 4167 quibus
2811 4098 2865 4151 in
2889 4095 3120 4165 epistola
3151 4093 3215 4148 ad
3246 4094 3483 4147 Leonem
3509 4089 3795 4145 moderate

2199 4194 2348 4249 dolet
2378 4191 2657 4247 Anatolius
2691 4191 2791 4263 (ά).
2822 4193 2888 4247 At
2918 4191 3089 4245 multo
3115 4186 3462 4257 impotentior
3486 4183 3650 4238 animi
3678 4181 3796 4237 Leo

2201 4287 2320 4340 fuit.
2384 4286 2577 4355 Spreta
2622 4286 3007 4355 imperatorum
3057 4280 3442 4335 humanissima
3498 4274 3795 4331 voluntatis

2201 4379 2613 4449 signiﬁcatione,
2650 4377 2845 4446 Spretis
2868 4377 3243 4445 episcoporum
3273 4370 3625 4426 Orientalium
3659 4382 3792 4438 pre-

2202 4474 2375 4539 cibus,
2407 4474 2664 4528 continuo
2696 4471 2788 4525 ille
2818 4472 3011 4525 saevire
3054 4470 3105 4522 in
3142 4467 3478 4532 Anatolium,
3505 4464 3798 4534 obiurgare

2202 4581 2325 4619 eum
2356 4563 2499 4633 quod
2529 4564 2716 4631 legatis
2741 4563 2855 4616 suis
2876 4575 3069 4631 parere
3100 4559 3501 4622 detrectaverit,
3530 4557 3794 4611 ambitum

2204 4674 2427 4730 pravum
2457 4669 2509 4711 et
2546 4656 2893 4725 cupiditatem
2926 4654 3194 4708 universae
3236 4652 3490 4706 Ecclesia:
3525 4647 3801 4719 pernicio-

2202 4767 2315 4806 sam
2350 4751 2607 4819 objicere,
2640 4749 2773 4803 nihil
2804 4748 2977 4818 probi,
3006 4747 3137 4800 nihil
3167 4747 3255 4799 ﬁdi
3280 4746 3420 4799 ineo
3451 4744 3793 4808 existimare,

2202 4845 2329 4912 quin
2363 4841 2721 4897 ordinationis
2750 4843 2869 4911 ejus
2898 4841 3047 4894 initia
3082 4839 3300 4907 culpare
3336 4846 3388 4892 et
3413 4837 3524 4906 jam
3552 4849 3799 4890 commu-

2202 4940 2380 4992 nionis
2415 4936 2770 5005 privationem
2800 4934 3017 4989 minari.
3049 4932 3129 4988 Ac
3160 4931 3358 4986 tamdiu
3392 4931 3491 4999 ipsi
3521 4930 3697 4999 aliqua
3736 4928 3794 4983 in

2203 5030 2489 5086 Pulcheria
2535 5039 2588 5083 et
2634 5028 2878 5083 facilliml
2927 5025 3094 5080 animi
3147 5025 3474 5094 imperatore
3520 5021 3795 5075 Marciano

2202 5140 2326 5193 spes
2362 5132 2671 5193 supererat,
2714 5121 2846 5175 nihil
2885 5118 3015 5173 artis
3052 5131 3114 5171 ac
3147 5116 3435 5169 verborum
3468 5114 3795 5167 intentatum

2205 5221 2453 5287 reliquit,
2501 5232 2606 5286 quo
2655 5229 2749 5269 eos
2794 5212 2897 5267 sibi
2942 5210 3259 5265 conciliaret
3298 5215 3351 5262 et
3388 5204 3691 5274 impelleret
3734 5211 3797 5256 ut

2206 5315 2459 5372 Anatolio
2490 5326 2769 5367 assensum
2805 5308 3123 5363 cohiberent
3146 5314 3200 5358 et
3228 5315 3468 5357 canones
3504 5298 3605 5353 sibi
3633 5296 3800 5351 invisi

2205 5410 2662 5465 rescinderentur.
2700 5403 2813 5457 Non
2838 5401 3012 5456 solum
3046 5400 3189 5454 enim
3220 5397 3449 5451 Nicaente
3473 5389 3665 5463 synodi
3694 5388 3800 5444 de—

2206 5512 2353 5560 creta
2386 5502 2503 5557 istis
2528 5496 2715 5552 violari
2737 5492 3124 5561 contendebat,
3150 5489 3242 5545 sed
3268 5496 3321 5541 et
3346 5482 3726 5541 Alexandrina:
3742 5491 3803 5535 et

2206 5598 2558 5657 Antiochensi
2597 5591 2745 5649 sedis
2784 5586 3154 5660 praerogativis
3204 5581 3383 5651 ofﬁci,
3418 5588 3473 5636 et
3500 5573 3803 5634 multorum

2267 5738 2631 5864 ’ξθιίἓιὲἰῗὸῗ
2636 5732 2789 5864 13ῗῖιά
2811 5800 3007 5859 Baiter.
3040 5813 3092 5864 p.
3122 5789 3275 5851 1154.
3737 5777 3752 5819 τ

2277 5789 2620 5885 magno
2648 5802 2789 5877 apud
2811 5800 3007 5859 Baiter.
3040 5813 3092 5869 p.
3122 5789 3275 5851 H34.
3492 5882 3501 5885 Α
3670 5877 3673 5885 ί
