4014 6350
268 368 339 428 51
800 365 1325 426 SCHCENEMANNI
1366 368 1644 425 norma
1687 329 2529 426 nlsrontco-Ltr'ransnif
2546 332 2707 426 uvis.
2749 356 3043 427 LEONEM.
3474 379 3549 436 ss

267 485 802 557 metropolitanorum
826 485 946 553 jttra
973 484 1214 538 imminui
1245 485 1595 555 querebatur,
1622 484 1855 553 majora-
1883 487 1933 545 Α
1960 482 2157 538 clarior
2181 485 2706 554 exstititLeo,quam
2731 487 2999 557 legatione
3023 488 3091 545 ad
3105 488 3325 547 Attilam
3356 493 3545 553 eodem

264 594 368 650 que
399 578 655 633 Ecclesia:
682 591 750 632 ex
782 577 1089 645 importuno
1114 576 1356 646 episcopi
1401 576 1560 646 hujus
1589 579 1853 631 honorum

261 674 499 743 appetitu
541 672 682 727 mala
730 671 1088 741 praesagiebat
1114 672 1218 741 (a).
1263 668 1485 726 Interim
1530 670 1598 725 ad
1648 671 1855 727 litteras

261 766 642 835 episcoporum
674 780 740 819 ex
768 764 978 835 synodo
1006 762 1437 819 Chalcedonensi
1464 764 1532 817 ad
1564 778 1687 819 eum
1710 762 1855 819 dire-

258 866 390 921 ctas,
418 855 624 925 quibus
642 869 996 925 quaecumque
1014 864 1131 910 acta
1158 853 1371 910 fuerant
1395 854 1849 926 signiﬁcaverant,

258 948 384 1005 nihil
408 950 729 1020 rescripsit;
761 949 908 1005 unde
950 950 1090 1019 apud
1136 948 1425 1004 nonnullos
1450 949 1668 1003 decreta
1708 948 1852 1005 illius

257 1042 306 1096 in
342 1040 716 1113 suspicionem
746 1040 975 1096 adducta
1018 1049 1165 1104 sunt,
1208 1050 1263 1096 et
1299 1040 1369 1096 de
1395 1040 1719 1096 orthodoxia
1759 1054 1854 1095 eo-

255 1150 392 1203 rum,
424 1144 618 1204 utpote
638 1134 830 1205 quibus
858 1134 1149 1202 episcopus
1170 1133 1444 1189 Romanus
1464 1131 1850 1205 refragaretur,

251 1225 450 1296 ambigi
484 1226 673 1295 cepit.
710 1224 818 1281 Sed
846 1224 938 1279 ubi
968 1224 1119 1279 irrita
1146 1223 1249 1279 hac
1276 1239 1345 1279 ex
1373 1234 1527 1293 parte
1554 1239 1649 1279 sua
1674 1223 1853 1280 studia

250 1318 402 1385 vidit,
446 1328 504 1373 et
548 1319 905 1388 imperatores
952 1318 1129 1387 potius
1171 1327 1431 1389 urgerent
1460 1332 1528 1373 ne
1557 1318 1700 1373 ultro
1747 1318 1846 1372 de-

249 1421 395 1468 creta
416 1411 891 1468 Chalcedonensia
917 1411 1245 1467 confirmare
1265 1410 1534 1480 differret,
1566 1411 1621 1467 in
1644 1422 1851 1469 tantum

248 1504 472 1560 illorum
504 1504 818 1559 auctoritati
852 1504 1036 1569 cessit,
1069 1513 1122 1558 ut
1153 1504 1326 1574 ipsum
1357 1503 1597 1573 obsequii
1630 1504 1714 1559 sui
1744 1519 1851 1561 non

248 1598 566 1668 paeniteret,
596 1596 844 1667 adeoque
869 1596 1070 1663 omnia,
1096 1612 1214 1666 qua:
1255 1596 1379 1652 lidei
1421 1600 1690 1667 negotium
1723 1612 1855 1653 con-

249 1699 561 1756 cerncrcnt,
609 1704 836 1747 assensu
873 1704 972 1746 suo
1011 1689 1378 1755 conﬁrmavit,
1426 1690 1548 1745 illos
1577 1699 1755 1746 autem
1784 1692 1853 1747 de

250 1784 462 1839 honore
508 1784 658 1841 sedis
685 1783 1303 1853 Constantinopolitanae
1350 1797 1586 1838 canones
1640 1784 1852 1854 penitus

1957 590 2101 629 anno
2146 591 2253 646 quo
2293 576 2736 635 Chalcedonense
2783 580 3069 636 concilium
3118 591 3391 651 peractum
3430 594 3543 655 est,

1958 682 2225 739 suscepta.
2250 670 2510 727 Nimirum
2524 674 2710 741 Attila,
2728 674 3109 746 redintegratis
3122 686 3243 745 post
3267 690 3543 749 acceptam

1959 762 2012 817 in
2041 765 2245 834 campis
2285 762 2646 823 Catalaunicis
2687 770 2893 825 cladem
2942 769 3168 840 viribus,
3210 786 3303 842 per
3332 771 3543 831 Panno-

1958 854 2075 910 nias
2102 855 2303 912 Italiam
2342 858 2634 925 invaserat,
2684 876 2892 917 summa
2944 862 3284 932 imperatoris
3323 872 3376 920 et
3402 864 3543 923 Aetii

1956 945 2108 1003 ducis
2146 949 2395 1004 socordia
2445 965 2513 1005 ne
2558 950 2831 1008 levissimo
2871 954 3086 1024 quidem
3134 956 3384 1025 praesidio
3421 973 3543 1015 mu-

1955 1041 2145 1096 nitam.
2189 1042 2331 1109 Quin
2375 1051 2520 1098 tanta
2559 1044 2834 1115 utriusque
2866 1046 3075 1115 ignavia
3108 1048 3227 1116 luit,
3260 1061 3318 1104 ut
3343 1050 3443 1120 ipsi
3476 1067 3543 1107 ex

1957 1132 2104 1188 omni
2148 1134 2324 1202 potius
2361 1132 2513 1189 Italia
2552 1134 2829 1191 discedere
2869 1138 3111 1206 mallent,
3162 1155 3320 1209 quam
3350 1141 3418 1196 ad
3448 1141 3544 1197 de-

1957 1224 2279 1281 lendendam
2304 1225 2502 1297 aliquid
2531 1227 2729 1282 moliri.
2761 1228 2988 1285 Patuere
3015 1231 3174 1301 igitur
3194 1232 3543 1291 nobilissima

1955 1319 2247 1387 provinciae
2288 1320 2436 1376 omni
2481 1320 2693 1377 hostilis
2737 1323 3045 1391 rapacitatis
3089 1339 3151 1379 ac
3187 1325 3426 1382 libidinis
3456 1327 3543 1383 lu-

1956 1412 2091 1478 rori,
2124 1422 2177 1467 et
2210 1415 2382 1483 primo
2418 1414 2566 1469 velut
2610 1416 2813 1485 impetu
2856 1417 3018 1486 regia:
3060 1417 3328 1484 civitates,
3369 1420 3542 1491 Aqui-

1958 1501 2083 1572 leia,
2111 1502 2358 1559 Ticinum
2382 1515 2437 1560 et
2462 1505 2844 1571 Mediolanum,
2868 1516 3040 1575 capta
3059 1521 3124 1563 ac
3149 1508 3376 1580 direpta:
3397 1519 3541 1579 sunt,

1948 1593 2173 1664 jamque
2206 1596 2429 1651 Hunnus
2460 1597 2738 1667 inepinato
2768 1613 2947 1652 rerum
2987 1612 3241 1655 successu
3279 1602 3544 1670 superbus

1956 1687 2180 1743 Romam
2215 1691 2559 1759 properabat.
2606 1690 2742 1745 'I‘um
2771 1690 2827 1746 in
2868 1700 3109 1747 extrema
3142 1694 3382 1749 omnium
3431 1704 3543 1751 tre-

1956 1780 2227 1850 pidatione
2269 1782 2477 1837 nullum
2521 1783 2789 1837 salubrius
2832 1782 3058 1854 principi
3104 1786 3315 1840 senatui
3352 1800 3417 1841 ac
3446 1801 3544 1857 po-

247 1880 595 1950 reprobavit.
633 1877 771 1947 Quid
812 1878 957 1947 quod
987 1877 1054 1932 ab
1083 1876 1229 1931 omni
1255 1891 1378 1931 cum
1408 1876 1660 1932 Anatolio
1699 1878 1848 1932 litte-
1882 1883 1928 1943 Β
1956 1877 2081 1947 pulo
2104 1876 2349 1933 Romano
2380 1877 2663 1932 consilium
2700 1878 2875 1933 visum
2907 1888 3011 1943 est,
3054 1894 3213 1947 quam
3258 1888 3315 1933 ut
3344 1894 3439 1949 per
3466 1879 3543 1935 le-

245 1982 429 2025 tarum
460 1971 797 2025 commercio
826 1969 1106 2035 abstinuit,
1144 1983 1208 2023 ac
1245 1982 1384 2023 novo
1412 1982 1634 2038 prorsus
1670 1984 1855 2025 exem-

247 2061 333 2133 plo
363 2072 649 2133 tamquam
676 2061 855 2116 minus
883 2060 1005 2115 ﬁdei
1033 2059 1317 2116 catholica:
1340 2058 1548 2115 intento
1570 2062 1850 2117 custodem

247 2169 309 2210 ex
334 2152 454 2208 suis
484 2152 716 2218 addidit,
740 2162 796 2208 et
822 2162 1093 2223 gestorum
1117 2150 1233 2218 ejus
1262 2150 1655 2218 speculatorem
1685 2150 1853 2207 Julia-

248 2264 374 2303 num
400 2248 726 2318 episcOpum
745 2248 1009 2301 Coensem
1029 2245 1144 2317 (b)?
1173 2245 1240 2300 Et
1260 2245 1386 2300 licet
1410 2256 1597 2315 postea
1616 2246 1852 2302 instante

247 2343 547 2407 larciano,
599 2351 653 2398 et
672 2342 927 2396 Anatolio
959 2356 1170 2411 quoque
1201 2339 1493 2410 ﬂagitante,
1531 2341 1583 2394 in
1623 2341 1852 2411 gratiam

249 2448 368 2489 cum
397 2449 470 2489 eo
500 2434 686 2489 redire
715 2448 775 2488 se
814 2432 1116 2499 simularet,
1168 2432 1282 2501 ipsa
1331 2441 1511 2487 tamen
1548 2431 1665 2502 ejus
1703 2431 1852 2501 pacis

255 2526 557 2581 declaratio
588 2526 724 2582 adeo
753 2526 807 2580 in
832 2525 1179 2595 opprobrium
1207 2535 1261 2580 et
1302 2525 1553 2594 injuriam
1581 2524 1853 2580 Constan-

251 2620 599 2689 tinopolitani
628 2619 868 2689 episcopi
897 2618 1192 2685 spectabat,
1228 2617 1364 2673 adeo
1394 2618 1631 2687 captiosa
1654 2627 1772 2673 erat
1799 2629 1855 2674 et

250 2730 475 2785 anceps,
504 2722 566 2769 ut
607 2714 800 2768 tnirum
833 2729 941 2768 non
984 2713 1057 2767 sit
1095 2712 1163 2767 ab
1192 2713 1296 2767 hoc
1328 2711 1451 2767 inde
1476 2721 1724 2781 tempore
1756 2713 1854 2767 Ec-

250 2808 429 2863 clesia:
473 2806 773 2862 Orientalis
811 2806 1122 2875 episcopum
1174 2805 1489 2872 primarium
1537 2820 1567 2858 a
1606 2804 1849 2860 Romana

253 2899 378 2953 sede
410 2898 588 2953 fuisse
632 2898 947 2951 alienatum.
979 2896 1110 2950 Post
1154 2904 1360 2964 partam
1401 2896 1469 2950 de
1499 2897 1743 2968 Eutyche
1771 2897 1852 2951 vi-

250 2992 478 3046 ctoriam
503 3005 729 3057 sumque
751 2989 993 3045 formula:
1017 2988 1345 3059 triumphum
1366 3005 1474 3043 non
1494 2990 1596 3045 alia
1622 3006 1681 3046 re
1702 3001 1849 3062 gesta

320 3108 397 3177 (α)
423 3107 715 3177 Siugulare
757 3108 1165 3162 Balleriniorum
1204 3122 1430 3163 acumen
1472 3118 1574 3169 est.
1622 3118 1846 3164 conten-

1955 1980 2107 2041 gatos
2139 1985 2241 2040 pax
2284 1987 2315 2024 a
2348 1969 2808 2025 truculentissimo
2840 1986 2967 2040 rege
3001 1979 3364 2040 expeteretur.
3404 1970 3547 2027 Con-

1963 2062 2227 2118 creditum
2280 2062 2380 2117 fuit
2432 2062 2732 2131 paciscendi
2783 2064 3055 2132 negotium
3105 2062 3294 2127 Leoni,
3348 2062 3549 2120 additis

1957 2157 2171 2212 duobus
2221 2158 2349 2211 viris
2387 2158 2688 2212 consularis
2733 2166 2787 2213 et
2844 2156 3196 2227 pra-tectoria:
3246 2157 3545 2228 dignitatis,

1958 2253 2168 2308 Avieno
2197 2263 2252 2308 et
2276 2253 2537 2323 'I‘rigetio.
2571 2252 2673 2308 Sed
2704 2253 2772 2308 de
2813 2253 3051 2323 partibus
3083 2253 3295 2314 horum,
3327 2254 3466 2308 sicut
3492 2259 3549 2310 et

1957 2346 2026 2400 de
2050 2346 2450 2401 conditionibus
2479 2361 2612 2415 quas
2650 2342 2847 2400 offerre
2883 2344 3177 2409 debebant,
3226 2344 3350 2399 silet
3386 2344 3548 2400 histo-

1957 2442 2058 2505 ria,
2107 2440 2266 2494 unius
2318 2456 2455 2510 pene
2496 2439 2696 2495 Leonis
2745 2441 3023 2494 memoria:
3064 2438 3399 2495 celebrandas
3447 2438 3549 2496 hac

1957 2530 2013 2585 in
2044 2547 2103 2586 re
2127 2531 2363 2585 curiosa.
2390 2532 2528 2597 Quid
2555 2532 2833 2601 egerintet
2853 2531 3146 2601 quomodo,
3176 2532 3377 2600 pariter
3396 2530 3549 2602 igno-

1958 2637 2170 2687 ramus;
2214 2623 2309 2678 sed
2337 2624 2486 2678 solus
2514 2622 2763 2679 eﬂecisse
2786 2623 3001 2688 dicitur,
3035 2631 3094 2678 ut
3119 2623 3187 2679 ab
3216 2623 3396 2679 hostili
3429 2624 3550 2681 ani-

1956 2732 2047 2770 mo
2092 2716 2253 2771 Attila
2301 2716 2599 2771 abstineret
2643 2725 2698 2770 et
2743 2715 2924 2770 subito
2966 2715 3262 2771 discessum
3308 2724 3546 2784 pararet.

1963 2808 2092 2862 Tota
2122 2808 2373 2879 legatione
2399 2810 2675 2879 dignanter
2701 2817 2927 2878 accepta,
2977 2808 3050 2860 ita
3078 2808 3263 2861 summi
3293 2806 3549 2863 Sacerdo-

1956 2902 2022 2956 tis
2062 2902 2334 2969 prtesentia
2372 2918 2464 2957 rea:
2507 2902 2713 2971 gavisus
2756 2912 2849 2969 est,
2882 2910 2937 2955 ut
2981 2900 3112 2955 bello
3156 2901 3451 2969 abstineret,
3501 2912 3549 2956 et

1956 2995 2094 3049 ultra
2121 2994 2413 3049 Danubium
2444 2996 2746 3061 discederet,
2798 2995 3032 3064 Prosper
3072 3005 3277 3062 narrat,
3320 2996 3550 3053 innitens

1955 3110 2276 3178 imperabat,
2308 3111 2616 3180 incmpisse.
2668 3109 2747 3164 Ad
2792 3110 2893 3163 hoc
2918 3118 3098 3165 autem
3126 3108 3363 3165 Leonem
3393 3122 3547 3165 com-

253 3180 521 3247 dentium,
574 3195 679 3234 non
724 3179 923 3233 idcirco
965 3195 996 3233 a
1030 3181 1215 3248 legalis
1255 3180 1510 3251 Romanis
1547 3180 1742 3235 canoni
1776 3182 1847 3237 28
1878 3182 1924 3247 C
1957 3194 2160 3235 ιιιοιιιιιι
2194 3182 2383 3246 fuisse,
2432 3179 2555 3251 quia
2604 3183 2653 3234 in
2688 3182 2939 3235 Anatolio
2982 3196 3092 3236 non
3138 3194 3259 3235 eum
3308 3182 3547 3250 vigorem

252 3253 654 3307 commdictum
676 3252 1034 3316 enmdemque
1058 3265 1086 3303 a
1118 3250 1296 3304 Leone
1320 3250 1677 3312 improbatum
1704 3268 1845 3320 esse,

251 3324 392 3393 quod
422 3321 1311 3393 proximusConstantinopolitano
1334 3321 1587 3390 episi‘opo
1612 3334 1729 3390 post
1749 3323 1854 3393 Ro-

253 3388 492 3472 manum
525 3395 701 3472 honor
744 3395 830 3472 (τάξ
859 3388 953 3448 ἶσα
986 3388 1377 3472 πρεσσιῐοξ.
1404 3388 1554 3472 repit;
1596 3388 1728 3465 μετὰ
1762 3392 1855 3451 ’τὸν

252 3469 450 3535 Ῥώμης
473 3466 773 3534 ἐπίσκοπον)
800 3465 1077 3528 decretus,
1114 3473 1205 3517 aut
1234 3465 1308 3518 illi
1348 3465 1434 3530 jus
1467 3469 1515 3515 in
1552 3474 1660 3517 tres
1691 3481 1855 3521 novas

252 3535 450 3599 Ponti,
498 3538 639 3589 Asia:
700 3551 752 3588 et
799 3536 1043 3589 Thraciae
1102 3537 1371 3590 dimceses
1426 3535 1607 3589 datum
1658 3547 1851 3590 esset:

252 3608 460 3675 quippe
482 3622 591 3675 quo
615 3617 840 3671 utroque
866 3606 995 3677 nihil
1031 3620 1205 3673 neque
1237 3607 1533 3675 dignitatis,
1573 3622 1747 3677 neque
1768 3608 1855 3677 ju-

250 3679 595 3732 risdicttonis
644 3679 892 3745 primatui
939 3676 1167 3731 Romani
1223 3678 1489 3747 pontiﬁcis
1538 3679 1853 3747 derogatum

252 3749 356 3815 sit,
405 3749 503 3802 sed
548 3749 889 3802 solummodo
920 3761 1206 3817 promerea
1247 3750 1389 3818 quod
1438 3748 1709 3811 priVileuia
1748 3752 1853 3801 lto-

252 3836 435 3892 manse
472 3819 729 3873 Ecclesia:
760 3836 789 3873 a
819 3820 1067 3892 Patrib_u_s
1091 3834 1298 3888 prapter
1324 3821 1597 3892 imperium
1617 3837 1857 3876 concessa

252 3890 489 3945 dixisset
509 3900 671 3962 atque
697 3892 952 3960 episcopo
971 3888 1076 3945 CP.
1107 3892 1167 3944 ob
1189 3906 1331 3943 nova:
1359 3888 1536 3945 Roma:
1556 3892 1855 3962 dignitatem

257 3963 405 4032 paria
441 3960 695 4017 conferre
726 3963 1176 4031 praesumpsisset,
1209 3978 1328 4016 cum
1360 3970 1538 4015 tamen
1573 3960 1725 4017 sedes
1748 3963 1855 4017 Ro-

255 4048 416 4087 mana
453 4049 562 4086 non
587 4048 616 4087 a
644 4035 887 4087 Pattibus
914 4048 1013 4087 nec
1039 4034 1108 4087 ob
1138 4034 1351 4100 imperii
1379 4034 1689 4100 dignitatem
1726 4035 1854 4087 Urbi

253 4119 555 4168 annexam,
610 4104 703 4158 sed
747 4104 815 4158 ab
858 4105 975 4171 ipso
1006 4105 1114 4159 Deo
1160 4120 1257 4173 per
1293 4103 1512 4158 Petrum
1552 4105 1855 4168 apostolum

256 4178 560 4244 primatum
592 4192 745 4230 suum
791 4176 1084 4244 acceperit,
1127 4176 1369 4243 adeoque
1414 4174 1569 4229 sedes
1594 4174 1857 4230 Constan-

257 4247 622 4315 tinopolitana
674 4262 848 4315 neque
892 4246 1227 4301 institutione
1254 4246 1435 4300 divina
1487 4261 1658 4315 tneque
1692 4246 1855 4313 juris-

256 4316 500 4372 dictione
549 4332 673 4370 cunt
719 4333 779 4370 ea
821 4318 1124 4383 comparari
1170 4318 1421 4382 potuerit.
1470 4316 1589 4369 Vid.
1627 4328 1761 4370 nam:
1790 4318 1857 4372 ad

257 4390 389 4442 diss.
444 4388 643 4455 Quesn.
683 4388 749 4443 de
779 4389 895 4441 Vita
932 4388 1127 4442 Leonis
1159 4386 1218 4442 Τ,
1254 4388 1318 4453 ll,
1353 4405 1407 4455 p.
1429 4385 1556 4450 5M,
1590 4388 1716 4442 515.
1750 4388 1857 4442 Sed

257 4458 424 4526 hujus
474 4458 823 4523 oﬂ'ensionis,
870 4474 989 4525 qua:
1037 4458 1193 4512 facile
1235 4458 1453 4527 quidem
1497 4458 1607 4511 tolli
1649 4460 1855 4525 potuis-

257 4540 364 4612 set,
400 4547 471 4583 ne
512 4532 679 4585 verbo
706 4531 919 4601 quidem
950 4531 1153 4585 mentio
1179 4532 1246 4584 ab
1280 4528 1539 4585 iracundo
1569 4529 1749 4585 Leone
1775 4530 1859 4584 in-

282 4614 402 4655 ecta
438 4612 542 4655 est.

257 4617 416 4739 lmill?)
438 4617 693 4741 (alligaris
727 4687 790 4727 ea
826 4680 909 4726 est
938 4672 1141 4738 opinio,
1186 4673 1238 4724 in
1271 4670 1372 4724 hoc
1405 4670 1601 4726 Iuliani
1632 4671 1857 4727 Coensis

260 4744 453 4797 ollicio
482 4744 713 4811 primum
742 4742 1070 4811 apocrisiarii
1098 4741 1385 4808 apostolici
1414 4742 1465 4795 in
1511 4742 1630 4796 aula
1662 4742 1858 4811 princi-

266 4831 391 4883 pum
410 4816 726 4882 exemplum
747 4814 1036 4868 exstitisse.
1058 4813 1163 4868 Sed
1182 4814 1271 4883 qui
1294 4811 1492 4880 ubique
1508 4827 1716 4867 summa
1733 4828 1857 4869 cum

265 4882 531 4955 religione
556 4885 743 4938 honori
770 4885 913 4939 sedis
932 4882 1187 4938 Roinana:
1202 4882 1424 4938 student
1449 4883 1718 4938 Ballerinii
1744 4899 1859 4939 mo-

267 4967 529 5019 nuerunt,
574 4955 807 5010 Leonem
838 4956 962 5008 dum
992 4955 1205 5009 Jnliano
1229 4956 1399 5009 vicem
1426 4970 1576 5007 suam
1610 4955 1661 5009 in
1690 4959 1861 5024 impe-

268 5030 473 5081 ratoris
498 5029 751 5080 con‘titatu
786 5028 1168 5092 committeret,
1212 5041 1317 5081 non
1351 5040 1417 5080 eo
1456 5026 1683 5079 consilio
1710 5041 1860 5080 com-

268 5099 507 5161 misisse,
561 5109 615 5149 ut
643 5098 991 5152 Alexandrini
1016 5098 1257 5166 episcopi
1285 5106 1375 5150 aut
1416 5097 1642 5150 aliorum
1666 5096 1859 5151 Orien-

271 5170 459 5223 talium
496 5168 845 5237 insigniorum
886 5168 1194 5235 exemplum
1239 5176 1583 5238 sequeretur,
1630 5169 1719 5222 sed
1762 5168 1858 5221 hac

270 5242 442 5293 solum
470 5240 534 5291 de
569 5255 746 5303 causa,
796 5248 848 5291 ut
887 5238 931 5291 is
967 5238 1090 5307 ﬁdei
1134 5240 1411 5309 integritati
1436 5239 1718 5309 apostglico
1747 5240 1859 5293 zelo

272 5311 586 5380 prospiciens
613 5319 808 5364 caveret
836 5327 899 5363 ne
921 5310 1045 5380 quid
1064 5328 1097 5361 a
1123 5308 1449 5364 Nestorianis
1472 5308 1548 5362 vel
1567 5308 1858 5379 Eutychia-

274 5386 355 5434 nis
384 5382 639 5435 catholica
659 5382 787 5451 ﬁdes
802 5382 1088 5436 detrimenti
1106 5390 1339 5452 caperet;
1360 5391 1407 5433 et
1429 5389 1484 5433 ut
1506 5380 1558 5432 in
1578 5380 1709 5433 hanc
1728 5396 1853 5443 rem,

276 5454 361 5505 ubi
383 5468 511 5522 Opus
535 5464 677 5517 esset,
711 5453 1031 5523 imperatoris
1058 5454 1398 5522 patrocinium
1428 5462 1475 5504 et
1503 5467 1649 5521 opem
1683 5467 1859 5519 posce-

276 5534 370 5575 νει.
413 5526 595 5594 Neque
640 5526 783 5578 enim
832 5532 955 5579 tunc
1002 5526 1295 5578 Romanam
1344 5524 1758 5594 tn'hempceque
1796 5536 1860 5578 ac

276 5593 598 5661 Orientales,
638 5595 946 5663 imperatori
977 5594 1212 5650 Orientis
1242 5595 1537 5664 subjectam
1571 5593 1735 5648 fuisse
1764 5594 1861 5648 ob.

280 5676 513 5729 servant,
547 5676 602 5721 ut
628 5682 726 5735 pro
755 5668 913 5719 variis
950 5669 1125 5720 causis
1156 5681 1218 5720 ac
1249 5667 1479 5735 negotiis
1506 5664 1724 5735 agendis
1754 5664 1857 5719 ali-

278 5753 383 5807 quo
432 5738 680 5793 ministro
730 5736 1022 5807 indigeret;
1067 5748 1341 5805 totamque
1384 5736 1775 5804 responsalium
1805 5743 1861 5790 et

279 5810 747 5876 apocrisiariorutn
781 5808 1035 5863 Romanae
1066 5808 1315 5864 Ecclesia:
1344 5808 1730 5863 institutionem
1758 5807 1890 5864 sub.

280 5877 577 5940 Justiniano
598 5881 839 5944 demum,
862 5882 953 5943 qui
974 5895 1081 5940 non
1105 5880 1458 5941 minusltaliac
1475 5894 1637 5945 quam
1648 5878 1859 5965 Orienti

1883 4562 1937 4622 D

1958 3254 2303 3318 catholicum,
2332 3270 2489 3321 quem
2528 3253 2947 3308 circumstantia!
2975 3252 3305 3317 postularent
3330 3266 3549 3321 perspe-

1958 3330 2147 3380 xisset.
2193 3327 2368 3387 Atque
2416 3323 2534 3378 hrc
2569 3339 2699 3377 sane
2743 3334 2851 3377 tum
2895 3324 3156 3387 historiae,
3201 3332 3311 3377 tum
3349 3321 3549 3377 Leonis

1958 3396 2117 3450 dictis
2165 3410 2399 3450 consona
2448 3406 2589 3448 sunt.
2651 3394 2729 3448 Ad
2778 3393 3102 3449 Marcianum
3146 3394 3288 3447 enim
3335 3394 3551 3463 scripsit

1959 3466 2154 3537 (Epist.
2189 3469 2247 3522 ll
2268 3468 2315 3537 t)
2354 3485 2367 3518 :
2404 3466 2545 3520 Illud
2579 3482 2779 3536 quoque
2813 3467 3098 3520 clementia:
3125 3474 3305 3519 vestra:
3338 3465 3548 3518 benevoo

1957 3538 2168 3592 tentiam
2200 3550 2329 3606 peto,
2384 3549 2436 3591 ut
2486 3549 2829 3591 veneratorem
2876 3548 3095 3590 vestrum
3140 3540 3353 3606 fratrem
3381 3550 3550 3606 meum

1956 3605 2227 3681 Julianum
2256 3610 2574 3681 episcopum,
2608 3609 2660 3660 in
2690 3610 3029 3681 t{estro,isicut
3053 3605 3220 3681 facere
3242 3605 3545 3681 dignemini,

1959 3680 2185 3734 habeatis
2211 3675 2438 3747 a/fcrtu;
2475 3682 2624 3745 cujus
2667 3678 2915 3747 obsequiis
2950 3675 3235 3747 prtesentite
3262 3675 3385 3730 mete
3415 3675 3553 3731 vobis

1957 3752 2129 3823 imago
2155 3754 2419 3805 reddatur.
2459 3749 2598 3823 Nam
2628 3760 2675 3802 et
2712 3751 2775 3802 de
2810 3750 2931 3818 ﬁdei
2959 3752 3074 3809 eius
3106 3750 3405 3823 sinceritate
3427 3762 3553 3801 con--

1958 3817 2147 3890 ﬁdens,
2191 3824 2349 3875 vicem
2378 3822 2478 3891 ipsi
2508 3837 2670 3873 meam
2698 3817 2872 3892 conti}:
2918 3822 3157 3892 temporis
3196 3821 3359 3892 nostri
3386 3817 3553 3871 luere-

1959 3894 2085 3945 ticos
2111 3894 2333 3963 delegavi
2354 3909 2373 3958 ,'
2402 3890 2557 3962 atque
2578 3900 2787 3961 propter
2817 3890 3168 3945 Ecclesiurum
3197 3890 3436 3963 pacisque
3461 3905 3553 3963 cu-

1958 3966 2197 4027 stodiam,
2222 3960 2278 4017 ut
2308 3981 2339 4015 a
2370 3960 2611 4017 comitatu
2638 3960 2801 4015 vestro
2830 3978 2931 4015 non
2962 3963 3175 4023 abesset,
3205 3960 3379 4029 exegi;
3407 3961 3555 4030 cujus

1957 4036 2329 4106 suggestiones,
2348 4050 2441 4100 pro
2462 4034 2733 4088 concordia
2759 4033 3024 4106 catholica:
3044 4032 3277 4106 unitatis,
3292 4043 3553 4106 tamquam

1961 4103 2097 4159 meas
2128 4108 2309 4159 audire
2337 4106 2635 4178 dignemini,
2665 4106 2925 4178 placentes
2950 4103 3056 4159 Deo
3086 4104 3173 4171 qui
3199 4105 3336 4157 vobis
3365 4111 3553 4178 prater

1958 4177 2151 4245 regiam
2180 4172 2422 4230 caronam
2449 4176 2598 4231 etiam
2637 4172 3006 4245 sacerdotalem
3031 4180 3260 4242 conferat
3304 4172 3549 4245 palmam.

1961 4243 2172 4301 Juliano
2195 4258 2370 4301 autem
2407 4250 2622 4301 mundat
2668 4244 2859 4318 (Epist.
2896 4246 3021 4313 115)
3058 4262 3071 4298 :
3104 4245 3304 4318 studeat
3346 4243 3555 4318 dilectio

1961 4326 2067 4382 tua,
2100 4325 2259 4375 lruter
2281 4319 2599 4377 charissime,
2644 4315 2782 4387 piam
2811 4326 2857 4369 et
2892 4316 3231 4371 necessariam
3252 4328 3427 4367 curam
3452 4315 3556 4387 sol-

1962 4389 2218 4442 licitudini
2244 4389 2540 4457 apostolica:
2567 4383 2699 4440 sedis
2732 4389 3042 4455 impendere,
3080 4402 3197 4457 qua:
3210 4387 3308 4457 tibi
3338 4383 3480 4457 apud
3502 4400 3557 4439 se

1961 4462 2152 4513 nutrito
2182 4454 2485 4512 catholicam
2523 4468 2700 4512 contra
2746 4454 3101 4510 Nestorianos'
3127 4468 3172 4511 et
3200 4454 3552 4525 Eutychianos

1963 4529 2225 4584 hwreticos
2250 4532 2499 4584 notionem
2530 4540 2757 4583 materno
2780 4532 2899 4599 jure
2939 4530 3281 4591 commendat,
3307 4535 3361 4580 ut
3384 4525 3555 4599 divino

1966 4601 2125 4669 fultus
2153 4601 2372 4665 auxilio,
2410 4602 2664 4663 speculari
2706 4596 3379 4667 de'ConstantinOpolitante
3415 4598 3555 4651 urbis

1964 4674 2344 4743 Opportunitate
2379 4690 2479 4725 non
2511 4673 2756 4733 desinas;
2784 4686 2847 4723 ne
2869 4672 3233 4743 prtedictorum
3260 4670 3555 4743 dagiiiatum

1962 4739 2153 4813 impius
2182 4761 2398 4812 usquam
2431 4744 2576 4796 turbo
2603 4750 2895 4813 consurgat.
2937 4740 3000 4813 Et
3022 4742 3143 4812 quia
3173 4739 3419 4813 tanta'est
3445 4739 3558 4810 glo-

1960 4810 2214 4867 rio'sorum
2247 4810 2539 4885 principum
2561 4814 2708 4879 ﬁdes,
2740 4810 3129 4885 ut'conﬁdenter
3153 4814 3222 4865 eis
3254 4810 3549 4885 possisque

1959 4896 2079 4937 sunt
2106 4881 2425 4939 insinuanda
2454 4900 2743 4954 suggerere,
2790 4884 2975 4954 pietate
3004 4884 3233 4954 ipsorum
3260 4881 3329 4934 ad
3356 4881 3556 4954 utilita-

1963 4966 2065 5008 tem
2088 4955 2337 5010 Ecclesiaa
2362 4950 2664 5009 universalis
2701 4955 2882 5006 utaris.
2927 4952 3231 5007 Consulente
3264 4962 3435 5006 autem
3476 4950 3559 5003 di-

1962 5024 2178 5080 lectione
2220 5038 2309 5079 tua
2350 5028 2411 5079 de
2455 5027 2533 5078 his
2561 5026 2613 5077 in
2650 5024 2832 5094 quibus
2874 5030 3130 5096 putaveris
3165 5023 3553 5096 ambigendum,

1962 5111 2065 5149 non
2085 5098 2243 5150 deerit
2261 5095 2594 5150 relationibus
2617 5092 2717 5149 tuis
2734 5111 2861 5149 mete
2875 5092 3227 5166 responsionis
3252 5092 3519 5149 instructio
3538 5107 3556 5144 :

1962 5178 2018 5220 ut
2045 5177 2358 5254 sequestrum
2385 5183 2561 5254 eorum
2591 5167 2791 5220 actione
2816 5182 3089 5254 causqr'um
3119 5182 3233 5234 quin
3270 5166 3559 5254 quibttts-

1962 5254 2057 5307 que
2079 5234 2324 5293 Ecclesiis
2368 5238 2645 5308 prccsnlum
2679 5254 2887 5291 suorum
2929 5237 3109 5290 debent
3146 5234 3432 5307 cognitiOnc
3466 5234 3557 5303 ﬁr-

1962 5310 2116 5376 mari,
2150 5311 2281 5363 lianc
2309 5308 2578 5380 specialem
2601 5325 2779 5380 curam
2802 5310 2906 5380 v_ice
2924 5325 3033 5380 mea
3062 5310 3555 5380 [unctusgassumam

1964 5396 2024 5433 ne
2036 5380 2246 5435 hwresis
2273 5377 2351 5435 vel
2372 5380 2421 5434 Ν
2426 5380 2684 5435 estoriana
2704 5379 2781 5433 vel
2798 5377 3128 5448 Eutychiana
3143 5380 3197 5432 in
3217 5378 3390 5447 aliqua
3412 5382 3558 5448 parte

1962 5452 2256 5519 revirescet,
2288 5453 2409 5521 quia
2438 5452 2489 5505 in
2515 5452 2759 5521 episcopo
2791 5446 3359 5519 ConstantinOpolitano
3381 5446 3559 5499 catho-

1962 5522 2090 5594 licus
2115 5524 2257 5594 rigor
2284 5540 2385 5576 non
2407 5532 2498 5590 est,
2533 5538 2625 5575 nec
2649 5522 2869 5575 multum
2896 5529 2990 5594 aut
3015 5537 3107 5589 pro
3134 5526 3446 5594 sacramento
3472 5533 3558 5570 sa-

1963 5593 2083 5647 lutis
2112 5590 2368 5658 humanae,
2401 5602 2487 5647 aut
2516 5610 2608 5665 pro
2638 5610 2737 5665 sua
2754 5592 3090 5665 (estimatione
3117 5590 3365 5665 sollicitus
3396 5603 3415 5642 .'
3442 5604 3557 5665 cum

1960 5664 2007 5718 si
2033 5664 2155 5734 quid
2183 5666 2261 5718 illi
2286 5665 2465 5721 inesset
2496 5658 2785 5733 s'piritualis
2816 5662 3104 5727 industrie,
3136 5662 3208 5714 ita
3247 5668 3293 5715 et
3324 5658 3558 5734 aquibus

1965 5730 2231 5790 ordinatus
2272 5738 2355 5802 sit,
2395 5747 2441 5792 et
2472 5730 2555 5790 cui
2597 5737 2706 5790 viro
2735 5734 3047 5799 successerit,
3079 5734 3305 5804 cogitare
3333 5730 3553 5799 deberet,

1962 5817 2019 5859 ut
2045 5810 2208 5879 magis
2232 5807 2434 5866 beatum
2462 5805 2772 5865 Flavianum
2792 5820 2945 5875 quam
2969 5805 3051 5861 sui
3078 5802 3290 5863 honoris
3313 5814 3551 5875 sequere-

1962 5886 2045 5936 tur
2064 5887 2308 5939 auctores.
