4014 6350
477 490 629 564 quasi
662 486 730 543 ab
762 486 873 542 oris
914 493 1076 554 atque
1110 480 1353 552 corporis
1382 474 1574 531 Leonis
1617 465 1908 539 augustiori
1940 475 2061 531 spe-
2088 458 2144 519 A

477 558 562 640 cie
589 581 642 638 id
668 580 966 653 profectum
997 592 1138 643 esse,
1178 572 1318 644 quod
1348 569 1526 626 Attila:
1564 566 1801 619 animum
1844 558 2056 626 frange-

476 684 581 735 ret.
620 677 720 733 Alii
746 675 1070 748 eloquentiae
1100 670 1217 743 ejus
1248 670 1387 723 hanc
1424 666 1533 720 vim
1572 673 1815 718 asserere
1853 655 2059 711 malue-

476 781 638 837 runt;
684 779 740 828 et
783 772 911 827 licet
958 762 1099 823 haud
1144 764 1435 820 difﬁculter
1477 754 1826 814 animadverti
1864 749 2054 821 possit,

476 863 545 918 ad
576 862 757 918 Hunni
780 862 1015 917 animum
1053 856 1375 913 movendum
1415 851 1668 910 fortiores
1694 847 1930 903 existere
1955 842 2054 897 de—

476 955 658 1013 buisse
672 960 882 1022 causas,
898 969 1001 1010 nec
1016 951 1191 1008 desint
1205 951 1365 1006 etiam
1385 950 1437 1002 in
1465 945 1685 1001 historia
1701 935 2057 1011 expeditionis

475 1048 595 1119 ejus
620 1062 740 1120 qua:
764 1056 845 1103 sal
872 1045 1176 1117 probabiles
1203 1043 1310 1099 dici
1337 1049 1537 1112 queant
1563 1036 1662 1110 (a),
1696 1034 1844 1089 fuere
1874 1041 2057 1087 tamen

476 1140 671 1211 quibus
702 1149 808 1195 tota
850 1154 938 1195 res
963 1148 991 1192 a
1022 1137 1283 1193 miracqu
1307 1148 1412 1189 non
1453 1130 1629 1187 aliena
1656 1127 1956 1191 videretur,
1990 1123 2059 1178 ii-

474 1232 707 1303 demque
747 1233 1067 1288 commentis
1098 1231 1207 1285 suis
1236 1227 1559 1292 ell'ecerunt',
1592 1232 1651 1277 ut
1692 1230 1746 1277 et
1783 1219 1923 1289 apud
1960 1232 2055 1274 eos

474 1324 671 1397 quibus
714 1332 831 1383 tum
867 1327 937 1383 ob
974 1324 1436 1394 longinquitatem.
1487 1328 1596 1372 tum
1644 1315 1714 1370 ob
1758 1313 1928 1369 aciem
1959 1311 2056 1367 he-

474 1410 739 1474 betiorem
778 1421 1003 1473 virtutes
1042 1417 1157 1486 ejus
1186 1414 1585 1472 occulercntur,
1616 1422 1812 1463 nomen
1846 1405 2055 1459 illustre

476 1516 641 1566 esset.
678 1509 997 1567 Econtrario
1026 1509 1125 1563 alia
1150 1507 1268 1577 ejus
1292 1506 1358 1559 ad
1387 1498 2052 1559 GensericuntVandalum

474 1603 742 1667 occursio,
786 1602 954 1657 multo
986 1601 1111 1655 licet
1147 1599 1352 1663 utilior,
1379 1610 1567 1666 parum
1608 1594 1878 1650 inclaruit.
1919 1591 2055 1646 Nam

472 1702 595 1751 cum
618 1710 668 1751 a.
693 1693 821 1763 455,
844 1693 1219 1749 Valentiniano
1247 1691 1571 1759 imperatore
1601 1692 1899 1757 perempto,
1943 1683 2056 1737 Ma-

474 1789 658 1844 ximus
676 1787 957 1858 imperium
985 1784 1292 1841 Occidentis
1318 1780 1622 1847 invasisset,
1650 1777 2053 1846 Eudoxiamque

1002 359 1531 425 SCHCENEMANNI
1567 354 1847 415 NOTITIA
1886 341 2701 405 HISTOBICO-LITTERARIA
2736 340 2805 399 IN
2844 341 2902 397 S.
2944 334 3247 396 LEONEM.

3678 336 3756 402 ϐο

2764 454 2807 509 I.
2840 455 3138 508 Sermones.

2161 571 2181 626 I
2209 601 2278 613 —-
2331 571 2395 626 V.
2434 569 2514 627 De
2544 569 2729 625 Natali
2764 570 2950 639 ipsius,
2992 568 3163 625 habiti
3187 568 3241 624 in
3277 568 3367 625 die
3393 567 3747 636 ordinationis

2232 679 2342 720 suae
2364 674 2419 719 et
2444 662 2818 721 anniversario
2836 661 3102 731 ejusdem.
3131 660 3287 731 Apud
3315 660 3506 726 Quesn.
3531 660 3633 716 I—
3653 662 3746 721 IV.

2231 772 2353 813 nam
2380 757 2586 828 primus
2615 772 2644 810 a
2674 753 2979 812 Balleriniis
3008 754 3062 809 in
3086 755 3225 810 duos
3253 760 3342 810 est
3368 753 3595 822 divisus,
3617 771 3753 826 quo-

2230 866 2347 905 rum
2394 850 2543 920 prior
2589 849 2767 920 capite
2796 847 2848 916 l,
2901 846 3171 918 posterior
3214 845 3478 917 capitibus
3516 845 3553 899 2
3590 855 3648 903 et
3691 848 3748 918 ὅ,

2231 950 2460 999 constat.
3304 998 3311 1003 ,

2158 1034 2229 1093 VI
2256 1066 2325 1079 —-
2352 1037 2423 1092 XI
2452 1036 2532 1091 De
2564 1034 2827 1091 Collectis.
2861 1034 3017 1105 Apud
3043 1034 3237 1102 Queen.
3268 1032 3317 1089 V
3338 1063 3411 1076 —
3438 1033 3506 1090 X.

2157 1130 2250 1186 XII
2275 1160 2346 1172 —-
2372 1130 2493 1186 XX;
2548 1129 2626 1185 De
2643 1130 2848 1202 jejunio
2892 1127 3078 1183 decimi
3114 1127 3322 1183 mensis.
3370 1126 3525 1198 Apud
3553 1127 3749 1195 Quesn.

2230 1223 2301 1280 XI
2327 1252 2399 1266 --
2429 1223 2569 1278 XIX.

2158 1316 2372 1372 XXI—
2400 1316 2569 1374 XXX.
2622 1316 2700 1371 De
2755 1314 3040 1370 Nativitate
3079 1314 3309 1369 Domini.
3348 1313 3506 1384 Apud
3556 1314 3747 1381 Quesn.

2230 1414 2329 1469 XX
2357 1444 2429 1455 —
2458 1411 2729 1469 XXXVII.
3468 1464 3471 1465 ν

2164 1508 2339 1564 XXXI
2380 1535 2452 1548 ——-
2503 1504 2794 1561 XXXVIII.
2842 1502 2911 1558 In
2961 1500 3263 1573 Epiphania
3310 1499 3542 1555 Domini.
3593 1500 3750 1571 Apud

2233 1599 2424 1666 Quesn.
2458 1596 2609 1652 XXX
2638 1626 2710 1640 -—
2736 1593 3001 1651 XXXVII.

2155 1689 2382 1745 XXXIX
2438 1718 2509 1731 —-
2572 1688 2637 1743 L.
2694 1686 2773 1742 De
2839 1685 3268 1758 Quadragesima.
3327 1684 3483 1755 Apud
3559 1684 3750 1753 Quem.

2228 1782 2499 1838 XXXVIII
2523 1811 2593 1823 -—
2620 1779 2810 1837 XLIX.
3350 1800 3353 1807 ν

473 1888 697 1937 IIXOI'CIII
726 1880 843 1951 ejus
870 1877 1143 1951 parricidii
1166 1872 1402 1932 neseiam
1435 1873 1778 1929 matrimonio
1808 1869 1911 1925 SIIII
1930 1869 2057 1938 jun-
2084 1847 2135 1910 B
2159 1874 2245 1931 LI.
2288 1875 2520 1930 Homilja
2552 1874 2731 1929 habita
2771 1881 2896 1928 ante
2916 1872 3209 1928 secundam
3236 1870 3576 1947 Dominicam
3607 1870 3753 1938 Qua-

474 1960 663 2039 sisset,
692 1974 780 2028 illa
809 1985 933 2026 mox
963 1972 1185 2026 sceleris
1216 1969 1435 2023 Maximi
1465 1968 1518 2021 in
1540 1966 1735 2022 marito
1764 1962 2055 2034 perpetrati

473 2071 675 2128 certior
712 2071 849 2124 faeta
880 2083 1065 2123 necem
1095 2066 1278 2121 ulcisci
1320 2066 1503 2119 statuit
1546 2073 1707 2132 atque
1754 2063 1850 2116 ira:
1889 2060 2057 2116 nimio

475 2162 655 2220 studio
685 2168 849 2215 totam
878 2159 1079 2215 Urbem
1105 2157 1322 2212 excidio
1349 2154 1888 2218 devovit,Genserico
1907 2150 2055 2205 Van-

473 2248 720 2310 dalorum
747 2269 870 2325 rege
897 2269 963 2308 ex
992 2250 1170 2307 Africa
1192 2250 1472 2306 arcessito.
1501 2248 1651 2302 Illico
1678 2248 1818 2301 enim
1847 2243 2058 2299 Vanda-

474 2344 558 2403 Ius
581 2338 785 2416 ingenti
806 2360 925 2401 cum
954 2345 1195 2400 exercitu
1214 2344 1265 2397 in
1292 2342 1496 2397 Italiam
1523 2339 1733 2410 trajecit
1755 2336 2059 2404 Urbemque

474 2438 546 2492 ab
566 2439 707 2492 omni
732 2437 983 2508 praesidio
1004 2451 1224 2491 vacuam
1248 2440 1530 2504 aggressus
1547 2431 1828 2500 occupavit
1841 2429 2059 2499 jamque

476 2536 620 2587 tutus
648 2531 716 2587 ad
747 2531 922 2587 Caedes
959 2539 1119 2600 atque
1146 2530 1392 2585 incendia
1420 2544 1480 2583 se
1522 2527 1783 2595 dedisset,
1820 2526 1921 2580 nisi
1948 2523 2060 2581 Leo

476 2612 629 2681 extra
660 2630 841 2696 portas
870 2624 921 2680 ei
960 2626 1170 2679 obviam
1202 2624 1378 2678 Iactus
1407 2621 1801 2693 supplicatione
1832 2635 1927 2674 sua
1958 2619 2061 2672 im-

475 2720 761 2789 petrasset,
791 2726 851 2773 ut
877 2718 1179 2787 direptione
1208 2723 1495 2771 contentus
1520 2729 1549 2767 a
1577 2713 1726 2769 caade
1771 2721 1931 2781 atque
1978 2711 2063 2765 in-

476 2812 669 2868 Cehdio
710 2812 1021 2868 abstineret.
1053 2809 1214 2866 Certe
1258 2808 1362 2864 hoc
1407 2806 1663 2877 quidquid
1707 2805 1809 2860 fuit
1847 2804 2061 2859 misera:

474 2898 616 2975 epis,
643 2890 811 2959 totum
836 2900 1035 2958 Leonis
1078 2909 1213 2957 erat.
1244 2900 1428 2970 Neque
1465 2900 1608 2955 enim
1638 2897 1728 2952 hic
1755 2896 1920 2951 Attila
1947 2905 2063 2950 erat

472 2996 869 3066 superstitiosis
898 2994 1344 3050 terriculament‘is
1372 2994 1595 3046 Vexatus
1641 2991 1782 3044 inter
1828 2988 2060 3043 eundum

477 3098 535 3145 et
555 3089 885 3145 redeundum
917 3070 1203 3154 ﬂuctuans,
1226 3094 1316 3139 aut
1344 3084 1541 3138 attritis
1569 3082 1659 3138 lue
1689 3090 1852 3151 atque
1882 3080 2060 3153 inopia

478 3183 649 3253 copiis
674 3181 924 3237 hoStiIem
954 3194 1234 3237 occursum
1254 3189 1531 3241 metuens;
1565 3176 1658 3231 sed
1679 3175 1846 3229 hostis
1867 3184 2059 3228 cuncta

477 3273 584 3348 jam
611 3276 670 3329 in
702 3280 964 3341 potestate
992 3283 1200 3338 tenens,
1225 3271 1310 3328 cui
1346 3268 1775 3342 prmterinsitam
1806 3267 2059 3323 ferociam

478 3340 593 3440 Ipsa
622 3352 811 3441 religio
833 3370 926 3425 irre
953 3369 1201 3424 stimulos
1228 3340 1475 3432 adderet,
1506 3364 1767 3435 cujusque
1794 3365 2057 3420 szevitiam
2161 3354 2447 3413 LXXXIII.
2479 3356 2546 3439 η
2586 3356 2769 3421 Natali
2813 3357 2875 3413 S.
2911 3355 3058 3411 Petri
3087 3353 3327 3427 apostoli.
3360 3352 3417 3409 In
3446 3340 3761 3425 Appendice

479 3462 615 3541 adeo
640 3464 782 3539 nulla
808 3462 910 3518 nisi
934 3462 1194 3518 orationis
1222 3461 1302 3515 vis
1328 3461 1573 3529 frangere
1599 3468 1691 3513 aut
1719 3458 1936 3513 ﬂectere
1964 3472 2061 3528 po-

478 3546 599 3635 tuit.
629 3554 962 3635 Postremam
989 3555 1088 3624 ipsi
1112 3551 1527 3609 sollicitudinem
1556 3554 1852 3607 attulerunt
1891 3551 2063 3607 turbte

477 3632 537 3705 in
582 3629 941 3705 Aleiiandrina
968 3648 1209 3702 Ecclesia
1252 3662 1283 3701 a
1314 3646 1596 3702 Timotheo
1625 3645 1815 3701 Eluro
1858 3661 1911 3701 a.
1955 3642 2060 3717 457

483 3744 753 3812 excitam,
778 3756 873 3813 per
892 3757 1027 3812 quas
1048 3740 1263 3795 concilii
1292 3741 1751 3797 Chalcedonensis
1771 3740 2064 3796 auctoritas

478 3834 622 3891 haud
652 3834 771 3890 leve
799 3831 854 3889 In
880 3833 1167 3888 discrimen
1195 3831 1387 3887 adduci
1412 3832 1708 3890 videbatur.
1737 3832 1846 3888 Res
1884 3831 2062 3887 omnis

476 3928 581 3987 sub
607 3944 746 3984 novo
773 3908 1097 3997 imperatore
1118 3927 1348 3984 Orientis
1378 3927 1561 3984 Leone
1587 3938 1641 3984 et
1680 3910 1776 3999 per
1800 3925 2061 3982 Constan-

478 4020 890 4091 tin0politanum
935 4022 1248 4090 episcopum
1278 4030 1568 4085 transacta,
1614 4020 1851 4090 episcopi
1880 4028 2060 4075 autem

476 4112 707 4170 Remani
732 4110 920 4168 studiis
943 4120 997 4167 ct
1024 4111 1304 4181 prudentia
1325 4114 1613 4182 plurimum
1637 4113 1815 4182 adjuta
1846 4121 1949 4178 est,
1970 4112 2063 4181 qui

477 4192 967 4282 postquamvdenuo
996 4220 1173 4259 causa:
1194 4208 1305 4259 suae
1332 4204 1610 4260 victoriam
1638 4215 1691 4258 et
1718 4203 1943 4273 expulso
1972 4202 2063 4259 Ti-

475 4298 700 4356 motheo
745 4297 935 4354 Eluro
979 4297 1143 4351 alium
1189 4296 1529 4352 Timotheum
1574 4294 2061 4368 (Solophaciolum)

475 4392 580 4449 rite
608 4390 793 4447 sedem
832 4388 1255 4444 Alexandrinam
1285 4402 1550 4457 occupare
1578 4388 1805 4453 viderat,
1836 4404 1942 4443 non
1970 4389 2062 4445 diu

473 4484 614 4541 inter
642 4483 904 4539 mortales
930 4492 1193 4546 versatus,
1226 4480 1475 4535 ultimum
1503 4496 1644 4535 cura:
1671 4495 1781 4536 sure
1812 4495 1909 4550 pro
1951 4479 2058 4535 Ec-

2229 1968 2550 2040 dragesimat
2581 1969 2648 2024 de
2678 1967 2971 2037 Evangelio
2991 1965 3286 2022 secundum
3316 1965 3657 2025 Matthteum:
3685 1963 3757 2020 In

2229 2064 2322 2118 illo
2369 2064 2610 2133 temporis
2650 2063 2925 2133 assumpsit
2964 2058 3120 2115 Iesus
3159 2057 3397 2123 Petrum,
3447 2066 3554 2117 etc.
3596 2056 3756 2128 Apud

2233 2155 2425 2223 Quesn.
2459 2154 2642 2222 XCIV,
2672 2156 2838 2212 inscr.
2868 2156 2933 2208 de
2958 2153 3437 2225 Transﬁguratione
3457 2151 3691 2207 Domini.

2158 2248 2247 2305 LII
2292 2279 2365 2290 -—
2420 2249 2588 2304 LXX.
2649 2248 2729 2304 De
2773 2247 3022 2303 Passione
3072 2245 3303 2311 Domini,
3361 2246 3504 2317 apud
3560 2244 3753 2314 Quem;

2230 2342 2273 2397 L
2299 2371 2369 2382 —-
2390 2341 2622 2397 LXVIII.

2160 2434 2328 2491 LXXI
2374 2463 2445 2476 -—
2494 2433 2707 2489 LXXII.
2757 2431 2836 2489 De
2887 2432 3276 2489 Resurrectione
3318 2430 3549 2488 Domini.
3598 2432 3756 2502 Apud

2234 2526 2428 2593 Quesn.
2463 2524 2629 2581 1.th
2656 2555 2727 2567 —
2758 2526 2925 2581 LXX.
3052 2590 3061 2602 ε

2160 2618 2378 2676 LXXIII
2424 2648 2497 2661 —-
2558 2618 2797 2674 LXXIV.
2847 2616 2926 2672 De
2969 2617 3279 2673 Ascensione
3324 2616 3553 2672 Domini.
3596 2615 3757 2687 Apud

2236 2712 2429 2777 Queen,
2460 2711 2630 2767 LXXI
2659 2740 2732 2752 —
2756 2710 2821 2765 II.

2161 2805 2352 2862 LXXV
2400 2834 2473 2846 —
2528 2803 2791 2860 LXXVII.
2848 2803 2927 2858 De
2979 2801 3295 2857 Pentecoste.
3352 2800 3509 2872 Apud
3562 2800 3757 2868 Quesn.

2234 2896 2446 2951 LXXIII
2475 2926 2545 2936 —
2574 2896 2640 2953 V.

2161 2988 2425 3043 LXXVIII
2469 3018 2541 3030 --
2586 2986 2828 3045 LXXXI.
2872 2986 2948 3041 De
2972 2985 3186 3058 Jej-unio
3222 2984 3569 3041 Pentecostes.
3602 2982 3758 3054 Apud

2236 3081 2429 3148 Quesn.
2461 3079 2679 3136 LXXVI
2708 3109 2779 3119 —
2809 3079 2900 3134 IX.
3222 3150 3225 3153 ἱ

2163 3171 2424 3227 LXXXII.
2457 3172 2523 3227 In
2553 3172 2736 3227 Natali
2765 3172 3115 3241 apostolorum
3143 3168 3287 3225 Petri
3312 3178 3362 3223 et
3388 3154 3567 3224 Pauli.
3596 3165 3757 3237 Apud

2240 3267 2432 3333 Quesn.
2462 3265 2676 3321 LXXX.

2237 3454 2431 3517 Quesn.
2474 3468 2654 3509 sermo
2686 3451 2774 3508 IV.

2163 3545 2451 3602 LXXXIV.
2467 3545 2534 3599 In
2560 3545 2760 3599 Octavia
2778 3544 3130 3616 apostolorum

2241 3640 2431 3705 Quesn.
2460 3636 2700 3693 LXXXI.
3034 3710 3037 3713 _
3158 3708 3163 3713 _
3452 3712 3455 3713 ί
3506 3700 3533 3713 η
3732 3702 3735 3703 ν

2163 3700 2427 3788 LXXXV.
2487 3728 2555 3783 In
2614 3728 2797 3784 Natali
2854 3727 2917 3783 S.
2970 3708 3237 3781 Laurentii
3287 3700 3547 3795 martyrii.
3598 3702 3757 3795 Apud

2238 3822 2431 3899 Quesn.
2464 3820 2750 3901 LXXXIII.

2162 3896 2431 3973 LXXXVI
2472 3947 2541 3957 —
2584 3896 2766 3971 x'ctv.
2800 3914 2873 3969 De
2890 3912 3101 3985 Jejunio
3129 3911 3331 3981 septimi
3360 3906 3565 3966 naenia.
3598 3896 3756 3981 April]

2238 4006 2427 4074 Quesn.
2456 4004 2719 4060 LXXXIV
2759 4035 2829 4047 —
2857 4002 3014 4059 XCII.
3256 4072 3287 4079 μ
3506 4070 3530 4085 η

2161 4098 2322 4155 XCV.
2356 4098 2434 4154 De
2455 4098 2714 4153 Gradibus
2743 4098 3057 4153 ascensionis
3085 4098 3153 4150 ad
3181 4095 3566 4151 beatitudinem.
3596 4094 3756 4165 Apud

2238 4188 2430 4256 Quesn.
2452 4188 2614 4244 XCV.

2162 4280 2348 4339 XCVI.
2406 4281 2676 4336 Tractatus
2743 4272 2924 4334 contra
2976 4277 3210 4332 Itazresim
3263 4268 3534 4346 Eutg'clt'is.
3595 4274 3755 4345 Apud

2238 4375 2435 4443 Quesn.
2461 4373 2647 4430 XCIII.
3368 4434 3373 4439 _
3528 4440 3541 4453 ⁸

2235 4468 2319 4523 Ab
2340 4467 2423 4522 his
2445 4464 2710 4536 segregati
2734 4473 2857 4519 sunt
2880 4471 2938 4519 et
2959 4462 3012 4517 in
3040 4459 3389 4532 Appendicem
3408 4457 3598 4529 rejecti
3618 4464 3753 4515 tam-

3160 3540 3305 3597 Petri
3325 3512 3372 3596 et
3395 3506 3577 3596 I’at‘ili.
3597 3504 3757 3611 Apud

473 4575 639 4629 clesia
685 4582 1113 4638 monumentum,
1145 4572 1355 4627 litteras
1382 4575 1449 4626 ad
1491 4588 1693 4627 novum
1719 4570 2055 4641 episc0pnm,

2184 4573 2321 4628 [nam
2354 4557 2486 4628 falso
2514 4556 2681 4611 Leoni
2709 4553 2914 4609 tributi.

475 4665 701 4736 ejusque
728 4662 1068 4718 ordinatores
1096 4670 1152 4717 et
1189 4662 1415 4716 clericos
1442 4661 1838 4716 Alexandrinos
1866 4672 2052 4731 gratu-

474 4753 697 4841 latorias'
736 4748 973 4826 reliquit,
1026 4752 1124 4810 nec
1149 4756 1355 4847 integro
1387 4750 1527 4810 anno
1556 4763 1696 4824 post,
1724 4753 1813 4810 die
1840 4754 1909 4811 I0
1947 4752 2056 4812 No-

473 4850 710 4908 vembris
736 4850 838 4906 461
862 4848 928 4905 ad
954 4861 1182 4917 superos
1208 4845 1481 4917 migravit.

1105 5026 1327 5084 CAPUT
1363 5026 1428 5081 II.

930 5162 1009 5217 De
1039 5163 1260 5235 Scriptis
1292 5162 1355 5219 S.
1386 5162 1592 5218 Leonis.

544 5301 754 5371 Scripta
771 5297 969 5355 Leonis
986 5296 1059 5354 Μ.
1082 5295 1410 5352 Sermonibus
1433 5305 1487 5352 et
1509 5296 1758 5366 Epistolis
1779 5304 2051 5353 constant.

473 5382 766 5475 Utrumque
784 5384 967 5479 genus
985 5389 1137 5460 juxta
1168 5387 1572 5479 Balleriniorum
1593 5386 1886 5447 editionem
1916 5400 2053 5473 enu-

473 5488 821 5555 merabimus,
842 5484 1025 5541 addito
1044 5482 1314 5552 Quesnelli
1330 5493 1384 5539 et
1403 5485 1731 5541 anteriorum
1754 5480 2047 5541 editionum

472 5579 679 5636 ordine.

2233 4648 2273 4704 I.
2314 4647 2584 4704 Tractatus
2634 4646 2874 4701 adversus
2921 4660 3115 4697 errores
3164 4630 3563 4721 Eutychetis‘el
3613 4628 3750 4721 alio.-

2303 4742 2421 4795 rum‘
2456 4739 2836 4794 hmeticorum.
2868 4737 2923 4791 In
2947 4733 3257 4804 Appendice
3286 4716 3653 4809 Quesnelliana
3683 4730 3747 4786 V.

2230 4835 2294 4892 II.
2335 4832 2403 4889 In
2435 4832 2716 4889 Nativitate
2740 4829 2970 4885 Domini.
3001 4828 3061 4885 In
3091 4828 3268 4883 eadem
3292 4825 3586 4897 Appendice
3607 4823 3670 4880 II.

2230 4910 2319 4983 III.
2361 4926 2451 4985 IV.
2478 4908 2557 4980 De
2588 4910 3015 4995 Quadragesima.

2231 5022 2299 5077 V.
2344 5021 2429 5077 VI.
2470 5018 2550 5074 De
2572 5017 2823 5073 Passione
2847 5014 3077 5069 Domini.

2238 5113 2350 5168 VII.
2390 5111 2459 5166 In
2482 5110 2754 5165 Dominica
2780 5107 3101 5162 Palmarum.

2226 5204 2364 5261 VIII.
2394 5234 2465 5245 —
2494 5202 2562 5259 X.
2594 5203 2672 5279 De
2701 5200 3095 5256 Resurrectione
3124 5194 3354 5249 Domini.
3420 5268 3425 5273 η
3470 5264 3471 5267 η
3504 5262 3511 5279 ι

2228 5298 2322 5355 Xl.
2353 5295 2421 5352 In
2456 5278 2755 5351 Ascensione
2780 5292 3009 5347 Domini.
3040 5290 3098 5345 In
3129 5288 3308 5343 eadem
3329 5278 3570 5357 Append.
3595 5282 3685 5341 IlI.

2227 5389 2342 5446 XII.
2385 5388 2463 5445 De
2490 5390 2831 5445 Sanctissima
2859 5385 3131 5440 Trinitate.

2228 5474 2367 5539 XIII.
2411 5472 2477 5537 In
2524 5479 2703 5537 Natali
2733 5478 2794 5535 S.
2851 5475 3108 5533 VinCentii
3148 5472 3416 5545 Martyris.
3464 5472 3524 5528 ια
3567 5468 3745 5527 «deus

2303 5560 2543 5647 Append.
2577 5574 2616 5629 I.

544 5802 1055 5876 (a)Vid.iIl.Heyne
1083 5799 1506 5859 d.deLsoneH.
1539 5800 1714 5855 Attin
1762 5808 1807 5853 et
1858 5797 2134 5854 Genserico
2161 5799 2392 5871 supplice
2438 5800 2573 5869 facto
2622 5797 2675 5850 in
2717 5793 2776 5851 Τ.
2820 5792 2888 5850 lll
2934 5790 3245 5859 Opusculor.
3291 5764 3645 5842 Academias.
3681 5774 3742 5857 ρ.

472 5877 575 5937 12⁸1
600 5892 709 5945 sqq.

3786 988 3795 1030 ἰ
