4014 6350
267 421 336 476 55

755 373 1280 434 senosNEMANNt
1317 369 1597 430 norma
1639 363 2452 424 HlSTORlCO-IJTTERARIA
2492 363 2559 420 nv
2599 343 2997 424 sitnonan
3451 346 3536 432 se

259 515 470 575 patitur,
513 505 830 570 exspectat,
863 512 960 552 nos
990 495 1239 565 equidem
1273 491 1521 546 lubenter
1549 488 1618 542 de
1645 501 1834 540 manu-
1867 490 1918 550 Α
1943 483 2185 538 Vitarum
2216 493 2527 539 sanctorum
2570 485 2804 542 editione
2833 496 2956 555 post
2992 486 3277 555 celebrior,
3309 489 3400 560 qui
3438 507 3530 549 ea-

254 595 578 663 scriptorum
599 605 910 648 sermonum
926 604 988 643 ac
1009 587 1352 656 epistolarqu
1367 583 1564 638 Leonis
1579 579 1848 634 vicissitu-

253 686 490 752 dinibus,
509 684 563 738 in
579 694 833 752 quantum
858 682 922 734 ad
947 680 1241 735 editionum
1261 675 1503 730 notitiam
1527 673 1845 728 collustran-

254 780 376 834 dam
410 779 651 832 facerent
677 817 692 840 ,
733 791 798 828 ex
830 771 1134 828 Balleriniis
1159 770 1393 825 delibata
1434 768 1534 822 hoc
1555 766 1672 820 loco
1697 764 1843 818 inse-

257 874 584 935 ruissemus,
613 870 656 924 si
681 884 839 938 quam
873 866 1220 920 illidiuturno
1252 863 1438 917 labore
1481 869 1536 915 et
1577 858 1847 913 indefesso

253 965 434 1020 studio
461 972 720 1033 pararunt
737 959 1039 1015 doctrinam
1065 967 1173 1011 tam
1199 956 1340 1010 facili
1359 955 1575 1024 negotio
1588 963 1642 1009 et
1665 952 1847 1022 paucis

253 1057 437 1112 verbis
463 1058 584 1111 sine
611 1056 775 1110 totius
802 1049 1378 1123 diSpendiocomplecti
1395 1049 1653 1110 licuisset,
1672 1060 1849 1115 neque

254 1150 562 1205 consultius
613 1148 908 1214 videretur,
960 1146 1210 1200 universa
1263 1144 1478 1198 illorum
1534 1143 1634 1196 hac
1682 1141 1734 1195 in
1789 1155 1849 1195 re

252 1243 544 1296 observata
571 1240 878 1295 summatim
915 1245 970 1293 et
1018 1237 1158 1308 stylo
1188 1245 1444 1306 quantum
1475 1233 1603 1288 licet
1625 1243 1847 1288 contra-

254 1334 414 1389 ctiori
447 1333 580 1389 huic
597 1333 664 1388 de
692 1331 889 1386 Leonis
919 1330 1133 1399 scriptis
1152 1339 1208 1384 et
1232 1327 1560 1382 editionibus
1577 1342 1852 1382 commen-

256 1427 390 1480 tario
421 1425 763 1495 appendere;
783 1423 832 1478 id
853 1422 994 1493 quod
1022 1422 1200 1491 aptius
1220 1429 1396 1474 tamen
1419 1421 1470 1474 in
1499 1419 1852 1489 sequentibus

254 1520 364 1582 tiet,
403 1518 499 1572 ubi
540 1517 609 1571 de
651 1515 925 1571 codicibus
958 1515 1026 1568 ab
1071 1512 1368 1569 editoribus
1399 1513 1682 1582 praecipuis
1713 1527 1848 1568 con-

256 1610 410 1664 sultis
453 1623 641 1664 sermo
678 1607 878 1662 institui
915 1606 1092 1662 debet.
1132 1605 1410 1674 Ablegatis
1451 1607 1632 1675 itaque
1661 1604 1851 1660 eodem

256 1703 342 1769 qui
376 1703 576 1755 instrui
611 1701 835 1770 cupiunt
878 1700 1188 1768 lectoribus,
1219 1697 1286 1753 ad
1316 1699 1551 1767 Operum
1585 1699 1852 1766 pontiﬁcis

259 1793 442 1862 hujus,
490 1808 558 1847 ex
607 1808 712 1862 quo
759 1791 898 1863 typis
954 1790 1193 1845 mandari
1237 1797 1538 1859 coeperunt,
1582 1789 1851 1844 fortunam

256 1901 406 1939 more
433 1896 624 1939 nostro
649 1883 1004 1939 enarrandam
1040 1881 1464 1952 progrediamur.

326 1975 515 2029 Prima
569 1977 748 2045 itaque
794 1973 1127 2029 edendorum
1172 1973 1498 2042 scriptorum
1529 1972 1728 2027 Leonis
1756 1985 1854 2026 au-

256 2067 426 2135 spicia
475 2065 628 2120 dedit
661 2064 894 2119 Joannes
925 2065 1157 2118 Andreas
1180 2065 1468 2134 episc0pus
1495 2064 1770 2118 Aleriensis
1801 2065 1856 2118 in

260 2157 603 2210 Sermonibus
632 2156 811 2210 Romte
838 2172 928 2227 per
947 2155 1100 2210 Conr.
1134 2156 1459 2226 Stoeynheim
1484 2166 1531 2210 et
1560 2157 1680 2211 Ant.
1707 2157 1857 2210 Pan-

258 2257 408 2300 narts
457 2264 507 2301 a.
561 2247 701 2302 M70
748 2249 1050 2317 impressis,
1081 2263 1215 2316 quos
1255 2247 1447 2303 eodem
1486 2259 1576 2302 aut
1611 2251 1860 2319 sequenti

259 2354 400 2393 anno
431 2340 660 2405 ibidem,
699 2339 793 2394 sed
824 2339 941 2394 sine
980 2339 1085 2393 loci
1111 2349 1274 2407 atque
1310 2340 1436 2392 anni
1470 2341 1742 2396 mentione
1770 2357 1855 2397 re-

260 2432 406 2486 cudit
471 2430 684 2487 Ulricus
739 2430 886 2501 Han,
933 2433 1091 2500 paulo
1146 2441 1268 2500 post
1320 2431 1500 2486 Veneti
1542 2433 1858 2504 typographi

263 2521 423 2589 1482,
452 2523 596 2578 MSS
625 2534 681 2579 et
713 2523 871 2591 1505,
893 2534 947 2578 et
967 2523 1196 2577 Joannes
1223 2522 1427 2578 Parvus
1457 2523 1673 2578 Parisiis
1696 2524 1855 2594 1515,

262 2617 484 2686 aliique,
519 2617 614 2686 qui
637 2616 806 2670 latere
834 2632 996 2687 quam
1027 2633 1222 2672 nomen
1254 2620 1496 2687 proﬁteri
1527 2620 1856 2688 maluerunt,

263 2725 593 2779 quamquam
637 2727 704 2765 ex
744 2711 1094 2766 innominatis
1121 2711 1447 2766 editionibus
1488 2711 1594 2767 illae
1636 2728 1770 2783 quas
1803 2714 1859 2770 in

263 2803 511 2870 sequenti
541 2801 720 2856 indice
744 2817 796 2856 a.
829 2801 991 2868 1475,
1018 2811 1070 2856 et
1092 2817 1317 2857 numero
1344 2802 1387 2856 ll
1419 2805 1856 2874 przenotavimus,

265 2895 540 2964 paulisper
571 2895 639 2949 ab
667 2897 961 2966 archetypo
999 2895 1300 2950 Aleriensis
1329 2897 1606 2960 recedant,
1631 2913 1735 2952 una
1765 2914 1861 2953 au-

265 2996 369 3041 tem
393 3003 549 3042 num.
586 2986 649 3041 lll
672 2987 1057 3056 (lV)insignita
1092 2988 1249 3056 plane
1277 2988 1488 3044 diversa
1519 3003 1640 3044 esse
1674 2991 1857 3045 videa-

267 3089 369 3132 tur.
421 3077 529 3133 Per
588 3078 731 3132 idem
788 3088 1000 3148 tempus
1048 3079 1178 3134 varii
1226 3080 1425 3134 Leonis
1471 3096 1758 3137 sermones
1805 3083 1859 3137 in

267 3170 501 3224 diversis
549 3169 852 3224 Homiliarii
914 3173 1179 3225 doctorum
1233 3172 1562 3229 editionibus
1617 3176 1859 3245 evulgari

1947 577 2068 631 dem
2119 575 2304 630 Leonis
2336 575 2505 648 Opera
2548 578 2610 631 ad
2659 593 2790 632 mss.
2838 579 3164 648 exemplaria
3204 592 3445 638 correcta
3476 595 3532 642 et

1947 667 2203 737 castigata
2240 667 2410 722 edidit
2441 668 2670 723 Colonia:
2703 684 2754 722 a.
2785 670 2946 737 1561,
2973 671 3273 742 iterumque
3301 689 3352 729 a.
3375 675 3530 743 1569,

1950 777 2050 818 nec
2073 777 2176 816 non
2200 762 2455 831 epistolas
2478 765 2673 818 Leonis
2694 765 2936 818 conciliis
2961 780 2988 818 a
3014 781 3074 820 se
3103 766 3263 822 editis
3286 768 3530 834 inseruit,

1948 857 2108 910 sicuti
2150 870 2432 910 sermones
2474 857 2680 924 aliquot
2705 873 2824 910 cum
2860 855 3173 913 Homiliario
3203 861 3469 915 doctorum
3501 876 3531 915 a

1950 965 2010 1006 se
2031 959 2189 1005 aucto
2217 951 2395 1004 denuo
2423 951 2860 1018 repraesentavit;
2889 953 3208 1020 quibuscum
3237 955 3351 1023 pari
3379 969 3531 1025 gres-

1951 1058 2014 1098 su
2045 1042 2242 1098 incedit
2270 1042 2647 1095 Canonicorum
2671 1041 2799 1111 Reg.
2828 1042 2888 1098 S.
2927 1043 3160 1099 Martinii
3193 1045 3531 1102 Lovaniensis

1951 1133 2114 1188 editio
2146 1149 2176 1188 e
2204 1149 2332 1187 mss.
2359 1133 2544 1188 itidem
2575 1132 2850 1188 codicibus
2883 1137 3192 1204 emendata,
3229 1137 3440 1195 Louanii
3478 1157 3530 1197 a.
3615 1185 3626 1198 .

1951 1225 2129 1280 1575-
2149 1226 2234 1290 77,
2263 1235 2316 1279 et
2357 1226 2549 1279 iterum
2577 1225 2878 1294 Antwerpitz
2906 1227 3061 1282 1585.
3092 1229 3298 1285 Interea
3327 1233 3534 1301 Episto-

1951 1318 2016 1372 la:
2046 1317 2242 1372 Leonis
2273 1317 2486 1386 aliquod
2530 1318 2921 1372 incrementum
2968 1330 3229 1389 ceperunt
3271 1338 3337 1378 ex
3366 1321 3535 1379 Colle-

1951 1412 2119 1464 ctione
2149 1409 2486 1480 epistolarum
2516 1409 2848 1463 decretaliutn
2897 1411 3048 1466 card.
3074 1412 3286 1466 Antonii
3333 1414 3537 1484 Carafte

1951 1520 2070 1574 quae.
2127 1503 2304 1558 Romw
2353 1521 2402 1558 a.
2451 1504 2608 1569 1591,
2651 1513 2873 1558 curante
2923 1505 3140 1558 Antonio
3194 1506 3257 1560 de
3312 1507 3534 1578 Aquino,

1953 1611 2143 1666 magna
2171 1611 2292 1650 cum
2325 1612 2518 1666 pompa
2546 1597 2760 1664 prodiit,
2794 1611 2891 1650 nec
2929 1611 3033 1650 non
3078 1596 3296 1651 Ctesaris
3321 1598 3537 1654 Baronii

1953 1688 2238 1742 Annalibus
2258 1704 2307 1741 a.
2337 1688 2494 1753 1566,
2519 1697 2572 1743 et
2594 1687 2813 1741 Gerardi
2835 1688 3022 1756 Vossii,
3047 1689 3376 1759 Tungrensis
3402 1708 3540 1763 prte-

1956 1782 2112 1850 positi
2145 1781 2489 1835 Miscellaneis
2521 1781 2761 1845 Patrum,
2791 1780 3055 1850 Operibus
3083 1783 3329 1852 Gregorii
3361 1784 3540 1841 Thau-

1884 1872 1929 1932 Β
1957 1874 2186 1943 maturgi
2220 1874 2503 1946 Moguntiw
2524 1889 2575 1928 a.
2614 1874 2749 1929 1601
2792 1874 3046 1943 adjectis;
3071 1891 3190 1946 quae
3218 1877 3396 1932 omnia
3427 1878 3541 1934 fere

1959 1968 2338 2036 complectitur
2367 1969 2557 2023 ordine
2583 1969 2728 2036 justo
2772 1969 3034 2038 disposita
3066 1969 3312 2026 Collectio
3362 1976 3538 2028 conci-

1961 2061 2145 2113 liorum
2188 2061 2417 2114 Severini
2462 2059 2598 2114 Binii
2638 2076 2689 2114 a.
2732 2060 2889 2127 1606,
2934 2063 3236 2133 iterumque
3278 2074 3332 2120 et
3380 2067 3541 2122 tertio

1959 2151 2156 2206 deinde
2176 2152 2404 2206 Colonia:
2429 2163 2480 2206 et
2506 2151 2724 2208 Parisiis
2743 2154 2961 2208 emissa.
2985 2155 3254 2224 Epistolas
3283 2156 3444 2212 etiam
3474 2158 3544 2213 ad

1960 2243 2259 2301 Ecclesiam
2301 2245 2632 2300 Gallicanam
2677 2247 3008 2314 pertinentes
3054 2248 3120 2303 ad
3168 2263 3299 2302 mss.
3329 2250 3546 2308 codices

1960 2336 2275 2390 emendatas
2305 2345 2359 2391 et
2382 2338 2537 2390 unius
2557 2338 2867 2393 accessione
2898 2345 3082 2393 auctas
3108 2337 3398 2394 deditJac.
3430 2341 3546 2396 Sir-

1960 2430 2176 2482 mondus
2207 2429 2260 2482 in
2289 2429 2532 2483 Conciliis
2584 2429 2767 2483 Gallia
2811 2445 2864 2484 a.
2899 2430 3055 2486 1629.
3087 2432 3158 2485 At
3184 2430 3407 2488 Vossius
3434 2433 3544 2500 ille,

1961 2520 2048 2588 qui
2083 2521 2202 2574 loco
2234 2521 2451 2576 laudato
2482 2521 2739 2590 epistolas
2771 2539 2801 2576 e
2843 2523 3000 2578 codd.
3033 2539 3161 2580 mss.
3193 2524 3464 2581 Vaticanis
3494 2537 3549 2584 et

1961 2611 2107 2667 card.
2160 2611 2344 2666 Sirleti
2393 2613 2696 2681 proposuit,
2742 2614 3004 2684 integram
3054 2615 3292 2684 Operum
3349 2619 3547 2675 Leonis

1961 2703 2250 2758 editionem
2281 2720 2311 2759 e
2339 2719 2470 2760 mss.
2503 2705 2752 2760 eductam
2797 2717 2852 2762 et
2894 2708 3214 2765 illustratam
3248 2711 3540 2767 meditaba~

1962 2804 2052 2850 tur
2073 2795 2212 2862 apud
2256 2795 2561 2851 Micltaelem
2601 2798 2854 2852 Sonnium
2889 2799 3246 2856 Parisiensem
3285 2803 3549 2873 bibliopo-

1961 2889 2064 2942 lam
2100 2887 2458 2957 prodituram,
2487 2890 2555 2944 de
2585 2905 2687 2960 qua
2718 2907 2821 2944 non
2853 2891 3021 2946 semel
3046 2892 3098 2946 in
3128 2893 3249 2948 aliis
3291 2895 3544 2953 lucubra-

1963 2981 2201 3036 tionibus
2247 2982 2573 3036 mentionem
2614 2992 2668 3037 et
2709 2985 2971 3052 promissa
3007 2985 3134 3040 fecit
3163 2987 3264 3056 (a).
3288 2986 3397 3043 Sed
3433 2988 3548 3046 hzrc

1961 3074 2302 3143 exspectatio
2333 3084 2508 3129 morte
2552 3076 2654 3130 viri
2681 3077 2754 3146 (a.
2788 3075 2950 3147 1609)
2975 3078 3123 3132 irrita
3170 3079 3309 3136 facta
3352 3082 3551 3139 Leonis

1962 3166 2236 3220 studiosos
2287 3166 2448 3219 aliam
2497 3181 2646 3235 spem
2697 3166 2948 3223 inchoare
2987 3169 3167 3238 jussit,
3202 3187 3322 3241 qua:
3354 3175 3551 3230 iterato

268 3275 695 3319 consueverunt.
714 3265 819 3320 Sed
848 3265 1110 3336 Epistolas
1131 3267 1340 3336 primtts
1359 3268 1586 3321 Iacobus
1610 3267 1859 3324 Merlinus
1884 3255 1930 3318 C
1966 3264 2142 3310 lame"
2171 3253 2575 3309 conﬁdit-Nam
2599 3272 2720 3310 cum
2746 3255 3080 3314 Ρδτίείθηεθδ
3101 3261 3320 3330 quidam
3347 3263 3548 3319 biblio'

267 3355 464 3410 doctor
502 3355 790 3425 theologia:
821 3357 1145 3412 Parisiensis
1187 3358 1410 3426 protulit
1447 3358 1500 3412 in
1544 3357 1863 3414 Collectione

267 3449 618 3502 conciliorum
659 3461 712 3503 et
755 3451 1090 3519 epistolarum
1138 3451 1518 3518 pontiﬁciarum
1551 3451 1771 3507 Parisiis
1810 3467 1861 3506 a.

270 3540 435 3607 1524,
469 3543 696 3610 repetita
736 3542 936 3597 ibidem
981 3559 1030 3597 a.
1078 3542 1217 3598 1550
1247 3552 1301 3597 et
1337 3545 1492 3600 1555.
1525 3545 1693 3612 Quem
1739 3561 1864 3600 mox

266 3645 495 3689 secutus
519 3645 606 3690 est
635 3636 925 3690 Sichardus
972 3636 1112 3690 edita
1144 3637 1252 3691 alia
1282 3638 1656 3708 quinquaginta
1680 3640 1867 3711 episto-

269 3729 443 3780 lmm
491 3729 810 3783 collectione
856 3729 921 3782 ad
974 3730 1174 3784 calcem
1223 3729 1494 3784 Clementis
1551 3731 1773 3785 Romani
1812 3747 1863 3786 a.

271 3822 436 3888 1556,
475 3837 670 3877 recusa
705 3821 928 3878 Parisiis
956 3823 1117 3878 1568.
1150 3822 1266 3877 Jam
1298 3840 1426 3879 vero
1481 3823 1664 3878 Petrus
1709 3825 1868 3880 Crob-

269 3915 390 3968 lmts
423 3914 833 3969 Mechliniensis
877 3914 944 3968 de
975 3914 1294 3969 ordinandis
1332 3916 1575 3984 epistolis
1603 3917 1868 3972 sollicitus

270 4005 398 4072 fuit,
435 4007 805 4075 epistolasque
851 4022 880 4060 a
913 4007 1136 4061 Merlino
1177 4008 1350 4061 editas
1379 4009 1448 4060 ad
1492 4011 1763 4063 consulum
1809 4027 1869 4064 ac

272 4099 529 4150 mensium
573 4099 796 4152 debitum
837 4099 1066 4151 ordinem
1108 4101 1410 4152 constitutas
1443 4100 1669 4154 inseruit
1700 4100 1871 4154 Colle-

271 4191 436 4242 ctioni
464 4191 801 4244 conciliorum
827 4190 1052 4245 Colonia:
1072 4205 1122 4244 a.
1155 4192 1316 4256 1558,
1351 4203 1551 4262 paratae
1582 4203 1636 4248 et
1665 4208 1869 4248 recusa:

273 4296 324 4332 a.
347 4279 519 4335 1551.
543 4279 726 4334 Petrus
747 4292 924 4336 autem
956 4280 1190 4335 Cunisius
1220 4282 1684 4353 Noviomagensis,
1711 4284 1870 4338 cieri.

272 4384 373 4426 cus
405 4382 540 4425 tunc
583 4372 922 4426 Coloniensis
962 4373 1234 4439 diceeesis,
1267 4375 1357 4444 qui
1398 4387 1585 4444 postea
1627 4376 1870 4430 societati

274 4462 411 4518 Jesu
444 4479 647 4518 nomen
678 4464 848 4532 dedit,
881 4464 1112 4535 primum
1145 4468 1196 4520 in
1235 4469 1612 4538 coniungendo
1641 4477 1871 4538 utroque

274 4557 613 4626 scriptorum
651 4573 848 4628 genere
870 4560 1301 4628 experimentum
1337 4561 1500 4630 cepit,
1528 4561 1871 4631 epistolasque

1968 3347 2104 3414 polaa
2136 3345 2492 3400 instituissent
2515 3345 2702 3400 Leonis
2729 3347 2808 3402 Μ.
2834 3348 3006 3417 Opera
3037 3367 3140 3405 una
3173 3368 3293 3407 cum
3321 3354 3551 3410 Maximo

1967 3437 2303 3503 Taurinensi,
2347 3437 2503 3491 Petro
2551 3437 2841 3509 Chysologo
2871 3441 3118 3510 aliisque,
3155 3444 3205 3498 in
3240 3445 3426 3514 primis
3457 3449 3552 3502 lto-

1969 3533 2238 3588 miliarum
2278 3533 2612 3598 auctoribus,
2644 3551 2872 3604 quorum
2918 3553 3174 3592 numerus
3209 3540 3410 3596 sensim
3452 3558 3550 3596 au-

1968 3637 2088 3682 ctus
2115 3639 2216 3694 est,
2247 3630 2457 3696 privato
2487 3627 2715 3682 consilio
2743 3630 3036 3700 excudere,
3070 3642 3189 3701 post
3235 3634 3416 3702 plures
3459 3651 3552 3692 eo-

1970 3737 2088 3774 rum
2139 3720 2405 3776 editiones
2462 3736 2514 3776 a.
2579 3720 2751 3789 1614,
2808 3722 2975 3791 1618,
3029 3724 3189 3792 1625,
3251 3730 3299 3780 in
3363 3729 3554 3796 quibus

1969 3812 2320 3868 Lovaniensis
2351 3822 2557 3869 tantum
2590 3831 2697 3868 non
2733 3815 3057 3884 simpliciter
3089 3833 3300 3882 recusa,
3331 3821 3424 3875 sed
3459 3823 3554 3875 tri-

1971 3905 2072 3958 bus
2117 3905 2459 3960 sermonibus
2489 3922 2554 3960 es
2607 3907 2774 3961 veteri
2805 3922 2906 3961 ms.
2938 3908 3141 3964 Nicolai
3181 3912 3339 3967 Fabri
3371 3913 3555 3968 codice

1970 4008 2121 4051 aucta
2157 3997 2272 4063 fuit,
2306 3999 2519 4053 tandem
2542 4015 2668 4053 cura
2701 4000 2816 4053 haec
2845 3999 2910 4054 ad
2940 4000 3281 4073 Neap/tilum
3306 4006 3555 4076 Ragnau-

1972 4097 2096 4148 dum
2135 4097 2312 4165 magni
2347 4097 2580 4152 nominis
2605 4097 2914 4168 theologum
2953 4098 3218 4167 pervenit,
3241 4099 3332 4168 qui
3359 4098 3557 4169 Hepta-

1973 4188 2088 4240 dem
2135 4188 2324 4242 horum
2359 4190 2686 4259 scriptorum
2724 4191 3033 4259 complevit,
3065 4191 3117 4243 in
3147 4205 3316 4260 eaque
3360 4190 3557 4245 Leonis

1973 4281 2025 4334 in
2050 4282 2233 4349 primis
2255 4282 2427 4350 Opera
2475 4282 2540 4337 ad
2575 4298 2887 4352 germanam
2935 4284 3256 4338 sententiam
3293 4298 3556 4340 revocare

1972 4374 2194 4428 studuit.
2220 4373 2426 4428 Prodiit
2459 4374 2573 4428 haec
2596 4377 2713 4443 ejus
2739 4376 2903 4430 editio
2939 4374 3158 4429 Parisiis
3187 4391 3240 4431 a.
3272 4376 3430 4443 1655,
3459 4376 3555 4431 de-

1973 4483 2188 4538 nuoque
2218 4469 2367 4538 prelo
2397 4470 2636 4538 subjecta
2669 4479 2753 4524 est
2776 4468 3136 4541 annis(1651)
3158 4469 3287 4525 1661
3316 4480 3370 4525 et
3393 4468 3551 4525 1671.

1972 4560 2077 4616 Sed
2115 4576 2237 4615 cum
2270 4576 2375 4616 non
2405 4569 2514 4615 tam
2545 4562 2800 4616 varietate
2831 4562 3074 4616 codicum
3118 4563 3257 4634 typis
3289 4562 3554 4618 editorum

278 4661 329 4703 et
354 4666 622 4704 sermones
646 4650 853 4706 duobus
878 4653 1039 4706 tomis
1077 4650 1306 4706 Coloniae
1334 4669 1382 4708 a.
1417 4652 1553 4708 1546
1581 4664 1634 4708 et
1677 4654 1743 4708 47
1769 4656 1870 4708 im-
1898 4635 1952 4696 Ῑ)
1975 4661 2029 4706 et
2052 4667 2182 4706 mss.
2207 4653 2548 4720 antiquorum
2575 4651 2680 4706 ﬁde
2711 4667 2868 4721 quam
2899 4653 3114 4722 ingenio
3143 4668 3242 4708 suo
3276 4664 3328 4708 et
3355 4653 3557 4710 doctri-

281 4742 445 4810 primi
500 4744 728 4797 curavit.
760 4742 911 4799 Hunc
950 4756 1277 4813 exceperunt
1324 4743 1636 4800 Laurentius
1681 4746 1866 4800 Surius

353 4954 432 5023 (a)
469 4952 550 5007 Ad
574 4953 772 5008 calcem
801 4953 1025 5020 Operum
1055 4954 1115 5010 S.
1144 4954 1387 5022 Ephrem,
1423 4967 1522 5008 nec
1554 4968 1658 5009 non
1689 4955 1742 5009 in
1767 4969 1864 5010 no-

286 5027 352 5077 tis
378 5025 446 5077 ad
478 5034 551 5077 tr.
585 5023 764 5077 Leonis
793 5036 968 5078 contra
1001 5026 1282 5095 Eutyc/tem
1313 5026 1364 5078 in
1394 5024 1627 5079 laudatis
1657 5025 1869 5081 Miscel-

283 5095 457 5148 lancis
511 5097 813 5164 vulgatum,
843 5098 930 5149 ubi
975 5097 1236 5149 observata
1283 5111 1376 5148 sua
1436 5096 1485 5148 in
1527 5098 1868 5165 rewgnitione

286 5165 520 5219 Leonina
543 5176 597 5219 et
625 5168 692 5218 ad
708 5170 987 5236 marginem
1011 5167 1361 5235 Epistolarum
1384 5175 1626 5221 annotata
1650 5172 1864 5224 excitat.

286 5237 441 5290 Adde
472 5236 592 5309 ﬁte.
619 5237 858 5309 Fabrum
889 5240 938 5292 in
971 5239 1191 5306 cpistola
1223 5237 1287 5290 ad
1321 5239 1566 5309 eumdem
1602 5237 1687 5309 (in
1725 5239 1867 5305 Opu-

287 5311 442 5360 sculis
468 5306 628 5362 Fabri
657 5327 708 5379 p.
740 5307 1023 5376 115114),
1057 5325 1158 5378 qua
1191 5323 1249 5362 se
1279 5308 1491 5361 audisse
1523 5306 1746 5363 testatur
1770 5311 1872 5364 Mi-

289 5379 516 5432 chaelem
543 5379 795 5452 Sonnium
828 5379 1160 5452 Parisiensem
1173 5381 1560 5452 typographum
1586 5393 1870 5452 exspectare

291 5465 441 5517 quam
469 5453 635 5521 _citius
682 5451 838 5521 ipsius
883 5449 1106 5516 Operam
1159 5449 1219 5504 S.
1249 5449 1434 5503 Leonis
1471 5449 1759 5505 editionem.
1797 5458 1871 5507 Ac

291 5535 424 5574 sane
455 5517 951 5585 Joannes'Baptista
983 5521 1159 5574 Marus
1192 5536 1378 5574 metus
1423 5531 1536 5574 erat
1576 5523 1866 5577 editionem

295 5590 614 5646 Sermonum
667 5593 883 5654 Leonis,
917 5593 967 5646 in
1023 5594 1175 5660 cujus
1223 5592 1550 5661 marginibus
1596 5592 1868 5647 Gerardus

299 5661 515 5718 Vossius
561 5663 830 5717 variantes
876 5663 1133 5718 lectiones
1184 5670 1480 5726 notaverat,
1512 5666 1702 5730 quibus
1754 5666 1867 5734 ipse

333 5750 504 5804 noque
527 5749 654 5789 usus
686 5744 806 5798 est;
834 5745 886 5787 et
918 5734 1192 5790 Ballerinii
1223 5736 1298 5801 (in
1325 5735 1475 5804 praef.
1505 5734 1572 5786 ad
1603 5735 1873 5791 Sermones

566 5823 617 5877 g.
645 5805 740 5877 81)
751 5807 1127 5877 suspicantur,
1153 5807 1378 5861 codicem
1409 5805 1634 5877 Operam
1657 5805 1719 5864 S.
1743 5806 1874 5862 Leo-

293 5877 374 5944 nis
400 5873 1017 5947 collatumal’rancisco
1048 5873 1224 5950 Pegna
1267 5894 1381 5934 cum
1428 5873 1771 5936 Romanarum
1797 5879 1872 5939 bi-

1977 4761 2045 4801 na
2092 4747 2372 4809 niteretur,
2407 4745 2741 4815 provinciam
2785 4746 2853 4799 ab
2890 4762 2955 4800 eo
2987 4746 3288 4802 inchoatam
3318 4748 3556 4820 suscepit

1972 4954 2342 5009 bliotliecarum
2367 4971 2488 5007 mss.
2521 4955 2802 5015 codicibus,
2829 4967 2986 5022 quem
3014 4953 3331 5020 Quesnellus
3357 4955 3434 5022 (in
3449 4954 3554 5012 ﬁne

1973 5031 2122 5096 prwf.
2148 5025 2436 5094 gen.)olim
2473 5036 2588 5093 post
2629 5025 2818 5094 Pegna}
2863 5034 3086 5096 mortem
3137 5025 3278 5091 apud
3326 5025 3551 5080 Marium

1975 5095 2155 5151 Sancti
2196 5097 2380 5166 Angeli
2431 5098 2735 5149 canonicum
2788 5095 2987 5149 vidisse
3035 5097 3220 5151 scribit
3252 5097 3551 5153 Emericuni

1975 5167 2260 5237 Bigotium,
2297 5167 2612 5222 Vossianum
2637 5166 2822 5221 fuisse.
2855 5166 3157 5222 O~lendunt
3187 5170 3331 5222 enim
3371 5170 3551 5223 lauda-

1975 5248 2084 5292 tum
2119 5238 2344 5292 Marium
2385 5239 2587 5292 nullum
2617 5239 2778 5293 alium
2812 5251 2932 5292 esse
2953 5253 3109 5305 quam
3139 5239 3394 5292 Joannem
3415 5239 3552 5304 Bap-

1973 5312 2148 5364 tistam
2179 5309 2409 5370 Marum,
2445 5324 2604 5376 quem
2634 5311 2757 5364 alibi
2787 5309 3114 5375 QueSuellus
3139 5309 3339 5364 diserte
3364 5310 3424 5364 S.
3447 5310 3552 5362 An-

1980 5382 2078 5453 gcli
2121 5383 2171 5434 in
2215 5386 2328 5450 foro
2380 5379 2610 5453 Piscium
2653 5382 2948 5453 canonicum
2994 5381 3256 5453 appellat,
3288 5395 3554 5453 quemque

1979 5450 2219 5508 codit-em
2245 5453 2436 5507 Leonis
2461 5468 2489 5506 a
2511 5452 2698 5506 Vossio
2727 5452 2884 5507 variis
2917 5465 3045 5505 mss.
3083 5451 3338 5505 librorum
3371 5450 3556 5506 lectio-

1979 5525 2136 5579 nibus
2169 5534 2407 5576 notatum
2439 5539 2598 5592 penes
2629 5539 2688 5579 se
2721 5525 2970 5577 habuisse
3001 5523 3197 5576 dictum
3226 5529 3326 5574 est.
3359 5520 3555 5578 Errorc

1978 5594 2162 5664 itaque
2208 5595 2399 5662 Bigutit
2447 5597 2643 5649 factum
2691 5611 2811 5650 esse
2860 5593 3060 5664 volunt,
3092 5601 3171 5656 ut,
3198 5592 3337 5660 quod
3371 5592 3557 5650 Vossio

1978 5663 2121 5736 esset
2165 5665 2616 5734 adjudicandum,
2675 5667 2872 5735 Pegna:
2926 5663 3266 5736 tribueretur,
3300 5678 3366 5719 eo
3414 5665 3555 5736 quod

1979 5735 2160 5809 Xossii
2189 5732 2357 5791 codex
2405 5738 2455 5791 in
2488 5732 2644 5806 hujus
2685 5732 2872 5809 manus
2906 5732 3162 5804 venisset,
3187 5732 3471 5809 antequam
3504 5739 3558 5795 in

1977 5807 2108 5866 Mari
2139 5809 2518 5866 bibliodtecam
2552 5808 2823 5865 transiret.
