4014 6350
537 385 613 455 tl't
1064 385 1588 447 suntENEMANNt
1628 386 1906 443 norma
1944 384 2104 444 utsr

2210 385 2310 441 [CO
2326 420 2329 424 -
2345 383 2764 442 LITTERARIA
2802 384 2889 451 IN,
2908 387 2947 444 S
3008 386 3310 446 LEONEM.
3739 391 3814 457 68

538 499 787 571 Joannes
810 508 1046 579 Baptista
1080 508 1258 563 Marus
1301 507 1598 562 canonicos
1634 505 1934 573 Romanus,
1968 506 2127 561 editis
2154 508 2208 567 Α
2233 510 2335 568 set.
2371 504 2747 575 praecipueque
2793 498 3060 574 pontificis
3098 504 3326 557 Romani
3353 502 3731 561 auctoritatem
3754 506 3813 570 in

539 620 593 660 a.
628 596 767 659 id“
812 594 1131 670 quibusdam
1184 598 1465 673 Attgttslini
1513 599 1854 653 sermonibus
1896 614 1961 653 ex
1994 614 2123 653 mss.

542 692 813 750 Vaticanis
858 704 915 748 et
958 692 1282 756 Barberinis,
1320 693 1619 761 iterumque
1667 707 1731 745 ex
1782 692 1898 745 Vat.
1941 691 2128 746 codice

540 786 801 841 Desiderii
829 786 1137 841 Casinensis
1168 782 1398 846 abbatis,
1434 793 1621 852 postea
1644 782 1879 837 Victoris
1921 782 1985 836 Ill
2013 784 2129 837 dia-

537 876 695 947 logis,
730 888 783 932 et
811 872 1039 931 a.‘1655
1082 874 1223 928 Petri
1276 875 1485 929 diaconi
1540 875 1607 929 de
1652 875 1780 929 viris
1828 875 2126 931 illustribus

536 970 922 1027 Casinensibus
955 968 1239 1037 opusculo,
1277 979 1454 1021 notus.
1490 967 1555 1021 Et
1583 984 1839 1042 sermones
1883 968 2123 1037 quidem,

537 1062 809 1116 codicibus
847 1052 1289 1115 mss.‘Vaticanis
1332 1070 1385 1115 et
1431 1059 1667 1113 basilicae
1707 1057 1764 1113 S.
1807 1058 1970 1123 Petri,
1996 1060 2123 1113 item

534 1154 653 1207 aliis
696 1161 752 1207 et
802 1152 974 1206 Vossii
1030 1153 1353 1225 variantibus
1406 1151 1689 1217 suffultus,
1737 1151 1985 1219 absolvit,
2028 1152 2122 1206 sed

532 1257 681 1299 mors
704 1244 982 1311 repentina
1016 1254 1184 1297 totum
1212 1259 1347 1312 opus
1379 1259 1409 1295 e.
1438 1244 1685 1297 manibus
1714 1242 1967 1308 excussit,
1995 1243 2122 1296 Ser-

531 1312 839 1408 monumque
878 1336 947 1389 ad
986 1338 1210 1408 plurium
1241 1353 1361 1388 mss.
1396 1336 1550 1404 ﬁdem
1584 1336 1932 1388 restilutorum
1966 1335 2124 1389 volu-

532 1444 655 1483 men
685 1444 781 1498 per
810 1427 1031 1481 fratrem
1062 1415 1179 1495 ejus
1208 1425 1465 1479 cardinali
1498 1423 1740 1478 Micltaeli
1769 1424 1965 1495 Angela
1998 1424 2122 1479 Ric-

529 1524 608 1575 cio
639 1521 917 1587 traditum,
948 1529 1150 1587 totum,
1180 1529 1379 1589 przeter
1416 1518 1813 1588 praefationem,
1849 1519 2123 1575 oblivione

528 1622 611 1668 est
633 1613 930 1683 sepultum.

599 1707 867 1762 llactenus
899 1706 1062 1777 igitur
1105 1705 1343 1760 virorum
1374 1705 1660 1760 doctorum
1703 1706 1757 1761 in
1813 1707 1996 1763 Leone
2044 1707 2116 1762 M.

536 1794 872 1856 restituendo
918 1800 1152 1853 studium
1209 1808 1567 1870 processerat.
1612 1798 1754 1853 Nihil
1784 1800 1925 1854 enim
1955 1800 2120 1855 refert

2230 598 2411 651 multis
2431 608 2743 667 usurpatam
2764 598 3054 652 ostendere
3072 606 3231 667 atque
3247 597 3570 651 testimoniis
3584 610 3812 655 consen-

2229 701 2396 757 suque
2436 697 2547 743 tum
2594 689 2791 744 Leonis
2827 689 3241 757 sententiarum,
3275 696 3385 741 tum
3417 688 3645 742 aliorum
3680 692 3812 745 scri-

2230 792 2446 849 ptorum
2472 780 2843 835 demonstrare
2874 796 3037 834 ausus
3064 790 3228 845 esset,
3258 794 3426 835 sacra:
3456 780 3811 850 inquisitionis

2227 873 2519 928 vindictam
2546 874 2784 945 effugere
2812 889 2918 928 non
2956 874 3146 943 potuit,
3174 872 3268 927 sed
3310 874 3651 927 anathemate
3693 860 3847 949 per-ii

2226 979 2416 1019 cussus
2466 965 2567 1020 fuit
2611 966 2663 1020 in
2718 968 2937 1022 decreto
2981 980 3123 1020 anno
3172 965 3328 1031 1676,
3370 964 3528 1020 tertio
3556 962 3839 1022 kalendasi

2228 1057 2396 1111 Maias
2418 1060 2711 1130 preposito,
2726 1059 3085 1127 omnibusque
3101 1058 3351 1113 Ecclesiae
3372 1058 3651 1114 catholicae
3668 1060 3809 1125 filiis,

2226 1166 2291 1203 ne
2329 1167 2506 1219 novas,
2533 1154 2825 1221 peregrinas
2852 1160 3003 1221 atque
3031 1164 3303 1205 venenatas
3331 1148 3810 1205 doctrinast'mbibe-

2224 1255 2337 1299 rent
2377 1247 2473 1319 (a),
2500 1246 2599 1300 sub
2652 1246 2840 1302 eadem
2891 1248 3294 1301 anathematum
3347 1261 3505 1315 pmna
3550 1245 3809 1314 deprava-

2227 1347 2404 1393 torum
2459 1354 2489 1394 a
2539 1339 2830 1405 Quesnello
2880 1339 3113 1409 Operum
3186 1337 3384 1394 Leonis
3444 1338 3680 1393 lectione
3730 1337 3810 1391 in-

2226 1430 2545 1496 terdictum,
2616 1432 2904 1500 omniaque
2971 1431 3086 1501 ejus
3143 1432 3193 1485 in
3252 1431 3486 1486 Leonem
3558 1436 3811 1488 annotata

2227 1522 2604 1593 disputataque
2636 1523 2686 1577 iu
2718 1520 3109 1592 prohibitorum
3138 1522 3367 1577 indicem
3389 1522 3807 1593 (b)relatasunt.

2230 1616 2339 1673 Sed
2391 1631 2513 1671 cum
2568 1617 2711 1673 bene
2749 1628 2893 1672 esset
2937 1627 3277 1686 perspectum
3305 1616 3361 1671 in
3392 1616 3631 1671 Romana
3661 1615 3811 1672 curia

2224 1724 2438 1765 omnem
2474 1712 2761 1766 humanam
2791 1722 3036 1766 naturam
3070 1726 3294 1780 pronam
3324 1724 3442 1765 esse
3476 1710 3529 1763 in
3556 1709 3809 1774 vetitum,

2226 1799 2489 1872 facileque
2525 1803 2831 1857 sentiebant
2860 1802 2960 1856 hac
2990 1814 3085 1856 sua
3118 1802 3480 1857 obvallatione
3507 1817 3615 1857 non
3641 1815 3805 1871 posse

533 1894 589 1950 in
635 1894 737 1948 hoc
766 1893 1008 1964 generali
1043 1891 1343 1947 editionum
1374 1908 1542 1947 censu
1582 1908 2007 1948 commemorare
2030 1909 2124 1947 va-
2152 1887 2202 1948 B
2229 1895 2296 1949 ab
2337 1898 2581 1950 omnium
2630 1897 2821 1951 animis
2866 1905 2972 1949 tam
3025 1896 3445 1965 perniciosarum
3497 1895 3813 1965 opinionum

530 1988 639 2043 rias
670 1987 1048 2058 impressiones
1080 1983 1332 2056 Epistolw
1382 1988 1450 2041 ad
1488 1984 1798 2041 Flavianum
1830 2003 1925 2055 per
1962 1989 2117 2057 plura

526 2081 722 2136 diversi
744 2080 961 2157 consilii
990 2094 1150 2150 opera
1181 2078 1283 2134 hoc
1305 2090 1359 2133 et
1386 2080 1649 2149 superiori
1683 2080 1884 2134 saeculo
1915 2080 2110 2148 factas,

524 2182 614 2226 aut
639 2172 907 2227 Sermones
952 2171 1006 2226 in
1050 2170 1382 2225 Bibliothecis
1410 2171 1625 2225 Patrum
1647 2182 1700 2227 et
1722 2171 2115 2228 Concionatoria

524 2264 780 2345 insertos,
814 2272 905 2318 aut
944 2258 1211 2333 Epistolas
1252 2265 1305 2318 in
1357 2266 1693 2319 conciliorum
1730 2268 2114 2322 collectionibus

525 2370 592 2410 cx
634 2354 1005 2424 superioribus
1036 2344 1379 2409 editionibus
1415 2355 1609 2409 iterum
1650 2355 1970 2426 descriptas.
2018 2356 2111 2411 llla

520 2455 698 2501 autem
728 2438 1081 2516 respicientes
1111 2446 1267 2501 fateri
1299 2446 1546 2518 cogimur
1585 2462 1804 2517 magnas
1832 2449 2048 2517 quidem
2080 2463 2112 2502 a

518 2538 693 2609 prima
733 2528 857 2593 inde
896 2537 1215 2593 Sermonum
1250 2538 1491 2593 editione
1533 2538 1698 2592 variis
1736 2539 2111 2593 occasionibus

518 2634 751 2702 Operam
783 2630 977 2687 Leonis
1025 2632 1365 2687 accessiones
1414 2631 1581 2687 factas
1633 2647 1774 2700 esse,
1818 2633 1913 2687 sed
1966 2632 2108 2701 quod

518 2733 705 2778 textus
732 2723 1164 2779 emendationem
1214 2732 1378 2793 atque
1421 2722 1839 2793 explicationem
1893 2727 2105 2789 attinet,

516 2800 754 2871 virorum
782 2816 1115 2871 eruditorum
1142 2816 1317 2871 studia
1345 2826 1506 2886 atque
1529 2817 1834 2886 ingenium,
1857 2834 1963 2871 non
1990 2818 2109 2887 qui-

514 2909 637 2965 dem
668 2910 825 2979 culpa
855 2910 1119 2975 omnium,
1154 2918 1211 2963 ut
1256 2908 1512 2973 vidimus,
1547 2909 1838 2964 admodum
1887 2910 2103 2965 deside-

516 3003 646 3058 rari.
676 2996 781 3058 Sed
805 3002 945 3070 quod
977 3016 1072 3071 per
1095 3002 1201 3056 duo
1228 3002 1433 3071 integra
1462 3002 1655 3054 sarcula
1689 3002 1886 3055 frustra
1910 3017 2106 3071 exspe-

517 3102 719 3151 ctatum
769 3094 984 3162 fuerat,
1034 3092 1329 3147 dummodo
1393 3091 1603 3164 ingenia
1651 3094 1861 3163 copiis,
1912 3093 2103 3163 quibus

512 3188 708 3244 Leonis
731 3189 906 3243 editor
932 3202 1155 3243 necesse
1183 3187 1482 3241 instructus
1506 3202 1627 3242 esse
1658 3187 1913 3253 debebat,
1942 3187 2102 3242 modo

511 3284 681 3354 copiae
729 3282 957 3353 ingeniis
1011 3281 1316 3348 defuerant,
1369 3282 1421 3337 id
1479 3299 1615 3338 unus
1669 3282 1865 3349 subito,
1898 3265 2175 3351 absqueC

509 3375 752 3446 speciosa
802 3370 1212 3447 significatione,
1263 3376 1511 3445 praestitit
1556 3374 1884 3433 Pascuasws
1927 3376 2099 3443 Ques-

508 3481 726 3534 nnws,
759 3508 774 3533 ,
807 3470 851 3521 a’
881 3484 985 3538 quo
1016 3477 1124 3523 tota
1153 3466 1449 3523 editionum
1478 3465 1675 3523 Leonis
1706 3467 1926 3522 historia
1960 3481 2096 3521 nova

508 3561 662 3633 quasi
692 3563 925 3634 auspicia
951 3564 1113 3633 capit.

584 3654 890 3723 Quesneltns
920 3657 1066 3711 enim
1106 3656 1299 3727 insigni
1335 3656 1491 3725 copia
1521 3654 1763 3710 codicum
1797 3670 1954 3721 mss.,
1984 3670 2098 3708 ma-

508 3750 658 3805 xime
692 3748 1115 3815 Gallicanorum,
1145 3748 1257 3819 qui,
1288 3750 1476 3822 paucis
1516 3751 1790 3819 exceptis,
1825 3766 1855 3803 a
1883 3750 2098 3804 nemine

508 3850 667 3897 antea
694 3840 923 3896 adhibiti
954 3840 1189 3905 fuerant,
1220 3850 1326 3895 tam
1371 3842 1661 3896 Sermones
1698 3855 1856 3910 quam
1888 3841 2099 3909 Episto-

510 3934 591 3991 las
627 3935 928 3990 innumeris
968 3934 1019 3989 in
1060 3935 1192 3993 locis
1236 3935 1545 4006 castigavit,
1587 3933 1740 3989 novis
1771 3936 1938 4001 auxit,
1961 3950 2097 3991 nova

506 4029 717 4084 ratione
744 4027 972 4099 digessit
1008 4042 1071 4084 ac
1113 4028 1398 4096 disposuit,
1429 4028 1817 4098 varietatisque
1863 4028 2098 4085 lectione

508 4120 699 4187 ubere,
734 4122 902 4188 n0tis,
936 4122 1290 4193 amplioribus
1326 4121 1818 4188 observationibus,
1844 4120 2097 4177 disserta-

506 4210 744 4267 tionibus
766 4212 1115 4281 doctissimis,
1145 4214 1523 4283 variarumque
1553 4223 1606 4268 et
1633 4229 1756 4268 cum
1788 4212 1983 4268 Leonis
2006 4230 2097 4283 ge-

507 4305 605 4361 stis
627 4306 890 4361 remotius
921 4305 1153 4362 subinde
1179 4306 1585 4375 conjunctarum
1612 4322 1794 4361 rerum
1820 4308 2099 4362 tractatio-

504 4414 574 4467 ne
604 4398 1000 4455 abundantibus
1033 4399 1169 4456 adeo
1202 4399 1528 4467 nobilitavit,
1562 4408 1623 4454 ut
1663 4401 1752 4471 qui
1786 4402 1945 4458 modo
1987 4411 2096 4458 tam

502 4492 684 4564 jejune
730 4494 945 4549 habitus
991 4494 1199 4561 fuerat,
1254 4506 1449 4549 auctor
1478 4495 1587 4563 jam
1627 4509 1689 4549 ac
1736 4510 1894 4549 causa
1945 4480 2098 4550 novae

502 4586 845 4652 eruditionis,
876 4588 1274 4656 multarumque
1307 4602 1367 4640 ac
1397 4601 1529 4640 sane
1580 4595 1692 4638 tum
1744 4587 2099 4656 gravissima-

2223 1990 2599 2058 contagionem
2642 1989 2816 2044 arceri
2866 2004 2928 2043 ac
2983 1987 3229 2053 defendi,
3275 1988 3569 2043 remedium
3602 1986 3812 2042 infectis

2222 2080 2569 2146 exoptabant,
2621 2080 2762 2151 quod
2807 2094 3021 2134 omnem
3072 2078 3266 2134 veneni
3314 2079 3399 2133 vel
3441 2078 3812 2147 imprudenter

2224 2178 2311 2231 vel
2340 2192 2405 2230 ex
2443 2191 2601 2245 prava
2631 2178 2935 2244 appetentia
2969 2176 3142 2230 hausti
3170 2178 3275 2230 vim
3298 2176 3474 2230 statim
3500 2173 3812 2230 retunderet

2219 2274 2273 2320 et
2313 2267 2523 2336 penitus
2548 2267 2936 2335 exstingueret,
2970 2266 3260 2322 editionem
3305 2268 3464 2319 Anti-
3486 2264 3811 2333 Quesnellia-

2218 2374 2357 2411 nam.
2404 2357 2513 2411 Nec
2544 2373 2675 2412 sane
2718 2374 2854 2412 vana
2888 2360 2988 2413 ista
3019 2351 3325 2414 sollicitudo
3367 2359 3481 2413 fuit.
3530 2357 3633 2413 Tot
3664 2357 3813 2413 enim

2216 2451 2448 2505 lectores
2478 2461 2639 2521 atque
2664 2462 2934 2508 amatores
2964 2468 3105 2508 nova
3134 2457 3247 2509 haec
3285 2454 3448 2509 editio
3494 2453 3726 2518 invenit,
3756 2461 3812 2507 ut

2214 2558 2356 2599 anno
2385 2543 2544 2612 hujus
2573 2546 2753 2601 saeculi
2788 2547 2979 2601 ultimo
3005 2548 3198 2602 iterum
3245 2549 3383 2619 typis
3412 2548 3545 2602 tradi
3584 2553 3808 2616 posset;

2214 2636 2266 2690 id
2300 2638 2441 2707 quod
2476 2636 2717 2708 Lugduni
2759 2638 2932 2693 forma
2971 2641 3201 2696 maxima
3246 2640 3444 2696 factum
3481 2650 3601 2707 est;
3644 2632 3812 2712 atque

2212 2728 2531 2797 Qucsnellus
2557 2740 2663 2785 tam
2696 2747 2883 2800 parum
2911 2734 3137 2802 resipuit
3162 2775 3177 2799 ,
3209 2744 3268 2788 ut
3299 2734 3432 2789 nihil
3462 2750 3527 2791 ex
3554 2734 3811 2790 omnibus

2210 2838 2329 2891 quae
2360 2831 2637 2892 tantopere
2661 2822 2917 2879 Romana:
2948 2826 3063 2879 sedi
3088 2825 3427 2895 displicuisse
3450 2835 3805 2897 cognoverat,

2210 2913 2262 2968 in
2293 2913 2633 2983 Lugdunensi
2661 2915 2897 2970 editione
2930 2916 3149 2971 tolleret
3177 2926 3270 2971 aut
3293 2926 3632 2973 retractaret.
3666 2916 3810 2973 Con-

2211 3013 2287 3058 tra
2339 3003 2611 3060 desiderio
2658 3005 2746 3060 isti
2798 3021 2949 3061 novas
2999 3006 3250 3061 editionis
3298 3007 3554 3063 Leoninae
3600 3009 3808 3065 tardius

2209 3096 2543 3152 satisfactum
2592 3100 2708 3153 fuit.
2762 3099 2879 3155 Non
2938 3099 3223 3155 defuerunt
3280 3102 3497 3172 quidem
3558 3104 3807 3160 homines

2205 3190 2437 3257 eruditi,
2497 3192 2587 3261 qui
2639 3192 2843 3262 imponi
2891 3194 2993 3248 sibi
3027 3196 3127 3249 hoc
3174 3212 3310 3252 onus
3344 3205 3681 3267 paterentur,
3714 3207 3807 3254 aut

2205 3292 2397 3351 Sponte
2420 3285 2550 3339 illud
2580 3286 2856 3352 subirent;
2880 3296 2935 3342 et
2961 3299 3075 3342 erat
3098 3290 3281 3360 utique
3298 3291 3440 3361 quod
3461 3282 3637 3347 causa:
3672 3308 3805 3363 pon-

2203 3374 2303 3431 dus
2333 3376 2531 3432 addere
2555 3385 2610 3431 et
2640 3377 2860 3433 honoris
2892 3379 3117 3449 cupidos
3147 3383 3373 3438 invitare
3403 3394 3638 3453 poterat,
3661 3384 3803 3440 desi-

2204 3467 2391 3522 derata
2416 3484 2444 3522 a
2479 3470 2751 3525 nonnullis
2777 3472 2905 3526 viris
2931 3472 3105 3528 doctis
3152 3475 3203 3528 in
3244 3473 3517 3541 Quesnelli
3544 3476 3801 3543 emenda-

2204 3563 2441 3616 tionibus
2458 3577 2586 3616 cura
2617 3562 2701 3618 vel
2729 3563 2887 3619 etiam
2918 3565 3239 3636 ingenuitas,
3268 3576 3322 3622 et
3347 3582 3410 3623 ex
3443 3568 3615 3623 altera
3645 3577 3800 3639 parte

2202 3653 2447 3708 codicum
2485 3653 2850 3711 Romanorum
2893 3666 2947 3712 et
2983 3658 3134 3728 quasi
3164 3658 3583 3730 archetyporum
3616 3670 3799 3716 osten-

2203 3744 2354 3811 tatio,
2408 3745 2551 3801 unde
2594 3745 2704 3801 Leo
2749 3748 2932 3817 purior
2959 3749 3113 3804 educi
3144 3764 3302 3819 posse
3342 3746 3645 3808 videbatur.
3691 3751 3799 3809 Sed

2202 3838 2323 3893 sive
2362 3839 2502 3906 quod
2536 3841 2714 3895 minus
2744 3842 2837 3896 alii
2887 3844 3249 3913 pensitassent
3273 3858 3393 3899 cum
3422 3844 3533 3899 suis
3560 3846 3795 3913 viribus,

2202 3938 2295 3984 aut
2323 3930 2376 3985 in
2400 3931 2737 4003 proﬂiganda
2765 3950 2928 4003 opere
2959 3934 3366 3991 difﬁcultatibus
3392 3938 3602 4009 obrepti
3635 3918 3797 3998 desti-

2203 4025 2416 4093 tissent,
2448 4036 2539 4081 aut
2566 4027 2673 4081 alio
2704 4029 2895 4099 quovis
2916 4030 3303 4100 impedimento
3325 4049 3448 4104 spes
3477 4010 3796 4091 certissima

2204 4119 2495 4175 identidem
2526 4132 2880 4177 evanuerunt.
2912 4124 3122 4180 Interea
3148 4127 3355 4195 privato
3381 4128 3794 4199 hibliopolarum

2201 4213 2401 4285 aliquot
2435 4212 2741 4269 Venetorum
2759 4215 3024 4282 instituto,
3053 4216 3326 4289 Augustini
3344 4219 3540 4275 Savioli
3562 4236 3615 4277 a.
3634 4218 3791 4288 1741,

2202 4313 2255 4358 et
2286 4305 2501 4359 Anthea:
2531 4303 2721 4360 Poletti
2752 4323 2801 4360 a.
2835 4307 2972 4361 1748
3000 4307 3196 4364 Leonis
3238 4312 3409 4379 Opera
3438 4292 3587 4381 juxta
3621 4294 3795 4383 Ques-

2205 4398 2489 4451 nellianam
2532 4398 2823 4453 editionem
2844 4440 2859 4464 ,
2890 4386 3085 4455 additis
3120 4403 3232 4471 plus
3262 4402 3436 4467 minus
3464 4419 3533 4479 ex
3566 4403 3712 4461 notis
3740 4386 3795 4479 et

2204 4487 2675 4543 dissertationibus
2722 4490 2840 4558 ejus
2881 4507 3071 4546 recusa
3103 4502 3154 4547 et
3191 4494 3298 4548 cito
3338 4474 3593 4551 distracta
3642 4474 3788 4571 sunt.

2206 4579 2330 4635 Post
2355 4597 2447 4636 eos
2465 4580 2653 4635 Petrus
2678 4582 2897 4636 Thomas
2922 4584 3239 4652 Cacriarius,
3263 4574 3563 4655 carmelita,
3583 4568 3792 4669 theolo-

502 4694 620 4733 rutn
649 4678 1007 4751 qurestionum
1048 4689 1207 4749 atque
1237 4679 1659 4746 disputationum
1694 4678 1865 4731 ﬁeret.
1894 4678 2097 4734 Prodiit
2124 4656 2177 4718 Ῐ)
2201 4675 2299 4743 giae
2323 4676 2603 4745 polemica:
2626 4676 2678 4729 in
2701 4676 2926 4745 collegio
2946 4678 3187 4732 Romano
3208 4677 3275 4737 de
3300 4680 3643 4755 Propaganda
3661 4658 3790 4737 li‘ide

506 4772 889 4839 Quesnelliana
922 4771 1087 4825 editio
1119 4771 1255 4826 1675
1288 4768 1524 4835 Parisiis,
1557 4770 1850 4839 quaternis,
1882 4769 2091 4827 duobus

499 4864 796 4932 splendidis
823 4861 1228 4928 voluminibus;
1263 4862 1357 4916 sed
1390 4876 1494 4915 non
1527 4860 1686 4915 citius
1726 4862 1969 4916 omnium
1997 4864 2090 4917 ad-

501 4956 842 5011 mirationem
898 4963 1059 5025 atque
1119 4953 1564 5015 acclamationes,
1620 4966 1781 5020 quam
1843 4968 2085 5009 severam

499 5045 772 5117 pontificis
800 5044 1029 5101 Romani
1059 5045 1593 5101 animadversionem
1625 5046 1676 5100 in
1717 5061 1777 5101 se
1814 5048 2087 5103 excitavit.

500 5138 631 5192 Nam
662 5153 782 5193 cum
814 5152 983 5193 novus
1000 5139 1175 5194 editor
1202 5137 1424 5191 liberius
1445 5140 1511 5192 de
1536 5136 1812 5191 nonnullis
1834 5147 1939 5191 tam
1964 5138 2089 5194 fidei

489 5188 991 5311 inuitauit;
1006 5188 1773 5301 nisi.insegesti...
1792 5188 2086 5289 assii;

476 5332 491 5427 ἲ
537 5386 685 5471 ’(μ)
739 5385 990 5471 Caeciarii
1024 5387 1188 5471 verba
1233 5395 1396 5471 sunt,
1438 5402 1521 5471 ex“
1545 5390 1694 5471 grief.
1738 5389 1838 5471 t._I,
1872 5408 1992 5461 pag.
2028 5391 2081 5467 τε,

499 5458 972 5532 ulii‘apostoticam
1026 5460 1209 5532 sedem
1264 5458 1445 5512 divino
1471 5459 1691 5532 Spiritu
1749 5458 1986 5525 ductam,
2018 5458 2083 5517 ac

432 5590 433 5593 η
500 5528 722 5600 sumunt
748 5528 982 5585 filiorum
1014 5531 1195 5599 pietati
1235 5545 1295 5583 ac
1327 5531 1482 5600 saluti
1528 5544 1914 5600 pra-caventem
1948 5536 2082 5588 hanc

428 5602 431 5607 ’
500 5596 831 5673 sanctionem
868 5596 1111 5657 sanxisse
1154 5602 1247 5653 ait.
1278 5599 1433 5666 Quod
1474 5596 1536 5654 si'
1555 5615 1699 5657 recte
1732 5604 1799 5656 ab
1823 5618 1888 5658 eo
1918 5613 2084 5659 Statu-

499 5670 627 5743 ἰυιιὶΔ
667 5670 782 5743 fuit,
813 5687 921 5727 non
955 5672 1121 5741 potuit
1172 5686 1277 5725 non
1334 5687 1362 5743 a
1406 5673 1547 5725 malo
1590 5675 1841 5743 quopiam
1892 5677 2081 5743 Spiritu

499 5740 741 5812 profecta
773 5758 893 5797 esse
925 5740 1083 5799 sacrm
1114 5742 1382 5797 facultatis
1416 5740 1730 5812 theologicae
1760 5740 2081 5800 Pzirisicnsis

503 5826 731 5886 censura
763 5816 841 5884 (d.
887 5816 950 5869 14
983 5816 1181 5869 mensis
1212 5815 1352 5869 Junii
1398 5813 1578 5886 1670),
1614 5830 1715 5883 qua
1757 5817 1886 5869 nihil
1932 5830 1985 5870 se
2028 5819 2082 5871 in

499 5882 603 5942 hac
622 5882 842 5940 editione
870 5896 1043 5941 nactos
1072 5902 1180 5940 esse
1204 5887 1515 5955 proﬁtentur
1537 5882 1630 5942 isti
1657 5888 1915 5958 theologi,
1946 5891 2083 5961 quod

2198 4766 2387 4833 lector,
2417 4783 2630 4833 novam,
2662 4768 2727 4822 ad
2748 4767 2964 4823 codices
2992 4786 3123 4823 mss.
3150 4768 3423 4825 Romanos
3453 4764 3788 4841 potissimum

2196 4858 2477 4913 formatam
2506 4870 2558 4915 et
2586 4860 2879 4926 Quesnello
2907 4862 3226 4931 oppositam,
3260 4861 3463 4929 Romm,
3497 4864 3667 4919 tribus
3690 4880 3789 4920 vo-

2197 4954 2486 5007 luminibus
2517 4953 2753 5019 in-folio,
2782 4971 3008 5024 quorum
3044 4958 3271 5025 primum
3298 4954 3710 5012 Exercitationes
3733 4959 3785 5012 in

2199 5045 2437 5110 Leonem,
2480 5046 2684 5115 reliqua
2734 5046 2841 5101 duo
2885 5061 3047 5116 opera
3092 5047 3207 5118 ipsa
3232 5048 3684 5119 complectuntur,
3730 5064 3780 5104 a.

2198 5140 2358 5206 1751,
2393 5138 2531 5195 1755
2560 5150 2614 5196 et
2644 5140 2803 5207 1755,
2849 5140 3138 5209 protrudit.
3187 5140 3294 5197 Sed
3342 5142 3466 5197 licet
3494 5158 3600 5197 non
3629 5141 3785 5199 dees-

2194 5244 2315 5289 sent
2354 5234 2453 5303 ipsi
2492 5240 2758 5304 quotquot
2801 5233 3048 5303 exoptari
3087 5242 3336 5303 poterant
3385 5234 3782 5313 manuscripto—

2194 5389 2512 5462 dogmatibus
2540 5390 2772 5445 revelatis
2807 5391 2873 5445 sit
2909 5392 3246 5458 contrarium,
3272 5393 3499 5447 moribus
3528 5392 3779 5461 Christia«

2192 5464 2272 5515 nis
2311 5478 2601 5534 repugnans
2632 5469 2679 5534 et
2706 5479 2738 5512 a
2780 5462 3053 5533 disciplina
3088 5462 3331 5517 Eaclesia:
3364 5467 3611 5518 universa!
3647 5465 3776 5517 alie-

2190 5549 2311 5605 num
2333 5549 2351 5597 ;
2370 5533 2686 5605 'econtrario
2710 5534 2999 5600 probarunt
3027 5534 3239 5588 editoris
3268 5535 3776 5605 fortitudinem,‘qua

2192 5602 2437 5678 Ecclesia:
2465 5602 2750 5678 Gallicana:
2773 5606 3119 5678 splendo_rem,
3153 5602 3550 5678 Gallicanorum
3573 5602 3774 5678 prtesit-

2189 5674 2296 5751 lum
2324 5675 2742 5751 innocentiamet
2786 5690 2928 5728 veras
2973 5672 3212 5751 Ecclesia;
3248 5674 3464 5732 Gallica:
3504 5672 3777 5751 ,litiert‘ates

2186 5748 2417 5800 animose
2441 5762 2501 5800 ex
2530 5747 2791 5818 occasione
2820 5748 3241 5818 propugnaverit.
3504 5744 3507 5745 ν
3592 5744 3595 5745 ν
3738 5744 3747 5757 ζ

2263 5819 2339 5891 (ὁ)
2372 5816 2511 5873 Anni
2540 5816 2699 5885 1682,
2725 5832 2845 5891 pag.
2872 5816 2997 5873 277.
