4014 6350
221 264 287 359 ὃ
720 285 1249 357 δαηωιῖελιᾼΝΝι
1286 285 1561 357 ΝΟΤΙΤΙᾼ
1598 282 2411 359 Ηιετοωβο-ιιττεκᾼωρ.
2450 286 2517 355 tu
2552 286 2611 345 s.
2652 282 2953 363 Laenati.-

3399 280 3481 365 ro

224 423 325 467 rum
347 406 606 471 librorum
635 405 829 475 copiae,
862 404 978 475 sola
1008 405 1282 460 voluntate
1300 412 1504 471 tamen,
1524 412 1616 463 aut
1648 402 1782 465 ﬁdu-
1807 404 1865 477 ᾼ
1887 402 2002 471 haec
2026 404 2382 463 Sermonibus
2410 404 2715 476 subjuncta,
2741 420 2849 473 non
2872 403 3092 463 excluso
3112 411 3331 471 tractatu
3352 420 3479 475 eon-

221 502 290 557 cia
312 499 364 555 in
386 499 534 575 vires
559 498 661 568 ipsi
693 513 805 561 non
833 498 969 577 satis
998 497 1273 568 cognitas,
1306 496 1527 553 efﬁcere
1554 510 1660 551 non
1688 509 1790 566 po-

220 592 306 647 tuit
322 590 460 661 quod
501 591 836 661 [impositum
854 630 870 656 ,
893 599 948 648 et
971 603 1100 653 vero
1118 588 1442 657 insolentius
1466 588 1791 659 promissum

218 695 330 741 erat.
358 683 478 752 Quo
504 683 687 749 evenit
715 697 848 753 sane
901 690 959 737 ut
989 696 1113 738 cum
1150 681 1343 738 eodem
1383 696 1520 751 pene
1549 690 1793 750 tempore

220 776 640 847 praestantissima
666 776 1110 831 BALLIIUNIOBOI
1156 788 1319 853 opera
1362 772 1590 851 Venetiis
1628 772 1793 832 1755-

218 870 364 939 55-57
390 870 688 941 prodiisset
706 912 721 937 ,
751 871 931 935 omnis
958 870 1075 940 ejus
1106 856 1261 941 labor
1304 868 1585 926 obscurari
1616 878 1669 924 et
1699 867 1793 925 ob-

217 963 395 1019 livione
424 963 676 1031 mulctari
702 964 993 1032 inciperet,
1016 977 1117 1025 nec
1140 962 1203 1017 iis
1224 960 1440 1033 quidem
1460 976 1580 1032 quae
1600 975 1794 1021 recens

216 1072 269 1121 er
308 1055 593 1121 codicibus
625 1044 899 1121 Vaticanis
927 1063 985 1117 et
1019 1054 1507 1121 Ratisbonensibus
1547 1053 1791 1124 promlit,

216 1152 399 1211 scilicet
424 1152 574 1221 quod
608 1151 798 1221 eadem
827 1151 1006 1205 omnia
1048 1159 1104 1215 et
1145 1150 1424 1219 aliquanto
1454 1148 1607 1219 plura
1651 1148 1792 1216 apud

213 1241 520 1309 Balleripios
552 1244 715 1303 etiam
738 1240 1296 1313 deprehenderentur,
1320 1240 1547 1311 gratiam
1575 1242 1644 1294 ab
1671 1254 1797 1295 eru-

214 1333 321 1393 ditis
350 1332 491 1389 inire
522 1343 731 1404 posset.
782 1334 993 1404 Quippe
1031 1332 1304 1391 Ballerinii
1348 1332 1677 1403 optimorum
1705 1346 1794 1386 co-

214 1426 375 1482 dicum
404 1441 543 1481 mss.
576 1427 909 1482 abundantia
937 1436 990 1482 et
1015 1428 1207 1497 peritia
1231 1468 1247 1493 ,
1296 1442 1398 1482 usu
1424 1427 1659 1491 critices,
1706 1440 1796 1481 ac-

212 1529 374 1577 curata
394 1520 649 1589 doctrina
680 1522 908 1592 ejusque
933 1522 1217 1577 commoda
1246 1521 1628 1577 distributione
1649 1566 1664 1589 ,
1694 1534 1797 1575 nec

214 1627 304 1679 non
330 1613 503 1685 totius
528 1614 793 1687 spiethodo
825 1614 987 1669 talem
1022 1613 1219 1669 Leonis
1245 1612 1477 1683 Operum
1502 1612 1796 1667 editionem

212 1711 564 1782 perfecerunt,
604 1690 754 1782 quali
782 1719 902 1781 post
926 1709 1231 1777 ,Coustantii
1267 1707 1536 1779 Epistolas
1580 1706 1798 1778 pontifi-

1893 505 1974 550 tra
2008 494 2371 567 Eutychetem,
2402 495 2545 551 loliis
2570 494 2640 551 14
2668 503 2936 551 constant.
2976 495 3060 551 Ab
3090 496 3244 553 initio
3284 512 3478 571 occur—

1893 597 2041 655 runt,
2075 589 2246 643 tribus
2274 588 2417 645 foliis
2444 628 2461 655 ,
2487 586 2577 644 Io.
2600 588 2875 645 Aleriensis
2904 590 3146 663 paratio
3171 590 3237 645 ad
3253 589 3479 649 Paulum

1895 679 1962 747 ΙΙ,
1993 688 2048 735 et
2077 678 2316 734 Rubriete
2343 683 2496 734 totius
2534 681 2701 749 operis
2726 697 2818 751 per
2837 682 3087 737 ordinem.
3526 760 3529 763 ν

1966 771 2097 837 Ηειξε
2122 771 2237 827 fere
2262 771 2329 827 de
2361 772 2533 841 prima
2563 771 2748 828 Leonis
2777 774 3015 830 editione
3046 774 3261 843 tradidit
3287 775 3480 848 Audif-

1896 865 2077 937 fredus
2124 863 2179 919 in
2229 864 2367 920 libro
2396 866 2595 933 saepius
2626 866 2781 921 nobis
2812 867 3026 933 laudato
3070 885 3124 939 p.
3163 869 3268 937 47,
3299 870 3486 935 dictis-

1897 972 2000 1027 que
2025 967 2084 1012 ut
2114 956 2400 1026 plurimum
2430 959 2720 1014 convenire
2759 959 3213 1041 deprehendimus
3243 964 3483 1027 habitum

1899 1048 2120 1103 alterius
2144 1047 2393 1103 editionis
2415 1064 2480 1105 ex
2508 1048 2607 1105 hac
2632 1065 2922 1121 expressae,
2954 1068 3115 1123 quam
3132 1057 3315 1119 statim
3337 1070 3486 1115 com-

1899 1141 2339 1197 memorabimus.
2388 1141 2557 1212 Hujus
2601 1158 2731 1198 vero
2758 1132 2892 1214 ~jam
2944 1152 3068 1200 ante
3114 1146 3486 1211 Audiffredum

1900 1236 2229 1291 mentionem
2257 1236 2521 1305 iniecerat
2547 1237 2608 1292 P.
2639 1237 2775 1292 Xav.
2807 1238 2959 1295 Laire
2986 1241 3040 1299 in
3067 1242 3340 1312 specimine
3361 1242 3462 1305 bist

1901 1339 2103 1402 typogr.
2135 1330 2309 1397 Rom.,
2336 1340 2467 1397 etc.,
2503 1347 2553 1402 p.
2590 1332 2713 1397 155,
2742 1334 2811 1389 ab
2838 1335 2931 1389 illo
2974 1351 3071 1404 pro
3100 1352 3249 1392 more
3274 1345 3331 1393 et
3358 1352 3495 1393 cou-‘

1901 1425 2024 1477 sitio
2052 1424 2175 1479 libri
2207 1425 2289 1479 sui
2314 1426 2383 1480 ob
2401 1426 2694 1487 leviuscula
2711 1426 2913 1498 aliquot
2932 1431 3274 1505 παροράματα
3292 1431 3489 1488 acerbo

1900 1515 2208 1586 castigatus.
2270 1516 2540 1571 Exhibent
2585 1533 2702 1573 eam
2755 1519 2993 1591 Catalogi
3039 1521 3485 1579 bibliothecarum

1903 1608 2209 1663 Smitttiana:
2237 1627 2289 1679 p.
2322 1608 2448 1671 265,
2481 1610 2626 1665 ducis
2656 1611 2718 1664 de
2748 1612 2799 1666 la
2835 1613 2944 1668 Val.
2976 1624 3013 1669 t.
3046 1614 3086 1679 Ι,
3114 1633 3167 1684 p.
3197 1616 3324 1681 178,
3359 1614 3483 1670 Nic.

1902 1701 2077 1757 Rossii
2101 1744 2116 1770 ,
2150 1718 2200 1772 p.
2238 1702 2329 1769 47,
2379 1704 2651 1760 Crevenna:
2688 1708 2968 1763 novissim.
2999 1708 3233 1780 (in-8°)
3267 1719 3306 1763 t.
3339 1709 3392 1778 l,
3429 1727 3486 1781 p.

212 1805 705 1869 cumBomaoorum
730 1805 910 1867 nullus
933 1820 1000 1866 ex
1013 1804 1265 1860 omnibus
1280 1803 1489 1860 Latinis
1517 1804 1796 1874 scriptori-
1822 1798 1871 1869 B
1901 1793 2028 1859 112,
2059 1794 2322 1866 pluraque
2352 1796 2405 1850 in
2434 1796 2583 1852 Italia
2619 1800 2946 1869 exemplaria
2991 1802 3191 1856 evolvit
3218 1801 3487 1858 Audiﬂre-

210 1903 296 1956 bus
319 1900 709 1957 ecclesiasticis
739 1899 957 1970 gavisus
1000 1897 1136 1964 fuit;
1186 1913 1255 1955 ne
1298 1907 1504 1953 taceam
1537 1899 1797 1955 Romana:

212 1992 359 2051 mia!
384 1994 532 2053 votis
569 1992 840 2055 cumulate
871 2006 992 2048 esse
1036 1989 1403 2056 satisfactum,
1431 2003 1532 2046 nec
1573 1988 1798 2045 Benedi-

209 2092 335 2140 ctum
361 2081 490 2143 XIV
522 2082 766 2141 mandati
787 2080 870 2141 soi
903 2080 1165 2151 pcenitere
1191 2080 1445 2137 debuisse
1471 2124 1486 2150 ,
1519 2095 1627 2151 quo
1660 2080 1796 2137 tales

209 2176 319 2232 huic
348 2178 577 2247 negotio
620 2176 767 2245 viros
797 2176 1035 2245 optavit,
1069 2176 1122 2229 in
1149 2174 1347 2243 quibus
1378 2173 1627 2233 dubitare
1670 2188 1798 2243 pos-

207 2268 271 2325 sis
292 2266 542 2338 majorne
564 2267 812 2323 doctrina
840 2276 1005 2337 atque
1033 2266 1352 2333 dexteritas,
1394 2282 1461 2321 an
1484 2265 1799 2322 ofﬁciositas

208 2369 258 2417 et
280 2360 524 2421 studium
556 2376 685 2431 erga
712 2361 896 2419 sedem
920 2360 1215 2417 Romanam
1255 2359 1448 2427 tuerit;
1475 2374 1799 2431 quamquam

205 2453 352 2511 aliter
370 2451 556 2511 aﬂ’ecti
581 2451 724 2509 haud
759 2451 943 2523 paucis
973 2453 1025 2507 in
1048 2451 1336 2508 sententiis
1360 2452 1427 2507 ab
1452 2451 1515 2506 iis
1528 2450 1666 2521 .jure
1694 2466 1795 2507 suo

207 2543 565 2607 dissidebant.

268 2635 387 2701 Jatn
411 2636 603 2706 itaque
628 2636 807 2695 omnis
828 2636 1059 2693 latorum
1097 2636 1267 2693 series
1297 2636 1622 2707 scriptorum
1654 2634 1796 2691 Leo-

206 2728 302 2794 nis,
336 2743 406 2783 ex
443 2742 555 2799 quo
582 2728 735 2799 prelo
761 2728 1024 2789 committi
1068 2737 1382 2798 coeperunt,
1419 2728 1627 2782 duabus
1670 2742 1801 2787 con-

208 2823 543 2885 versionibus
571 2864 589 2888 ,
645 2836 875 2893 quarum
924 2822 1093 2878 altera
1141 2823 1194 2877 in
1241 2821 1515 2887 Quesnello
1555 2820 1799 2887 orditur,

207 2914 361 2975 altera
407 2931 442 2975 a
486 2914 790 2979 Balleriniis
839 2914 1200 2985 progreditur,
1246 2922 1476 2969 constat.
1526 2912 1802 2968 Posterior

206 3010 365 3080 priori
399 3010 594 3079 utique
628 3009 683 3065 in
713 3008 965 3064 omnibus
997 3024 1117 3078 quae
1152 3008 1218 3063 ad
1251 3007 1627 3062 tractationem
1670 3005 1803 3060 scri-

207 3101 368 3170 ptoris
396 3100 715 3171 pertinent,
746 3099 1063 3169 longissime
1102 3107 1343 3170 praestat,
1371 3099 1532 3155 modo
1562 3114 1631 3154 ne
1660 3098 1800 3153 obli-

1902 1888 2024 1951 dus,
2060 1896 2117 1941 ut
2143 1890 2279 1945 adeo
2308 1890 2500 1944 mirum
2525 1890 2706 1960 sitqui
2738 1892 2853 1946 ﬁeri
2884 1892 3118 1963 potuerit
3146 1901 3205 1949 ut
3230 1893 3489 1950 cardinaii

1900 1980 2126 2049 Quirino
2150 1997 2213 2037 ea
2246 1997 2351 2037 non
2379 1984 2763 2053 innmesceret,
2794 1987 2991 2056 quippe
3011 1987 3101 2056 qui
3123 1989 3173 2041 in
3196 1989 3489 2060 Appendice

1900 2074 1967 2129 ad
2011 2073 2172 2133 Pauli
2215 2073 2278 2128 II
2315 2074 2531 2141 Vitam,
2576 2078 2640 2132 de
2681 2078 2883 2149 optimis
2924 2079 3066 2133 editt.
3119 2077 3312 2147 Rom.,
3360 2080 3489 2136 dum

1899 2167 2199 2223 Aleriensis
2233 2168 2605 2239 prtefationem
2630 2186 2697 2227 ex
2733 2172 2819 2227 ed.
2853 2171 3161 2228 Florentina
3194 2175 3376 2231 recudi
3398 2191 3490 2232 cu-

1901 2269 2025 2328 rat,
2081 2260 2329 2316 Maattarii
2372 2264 2439 2318 de
2472 2263 2572 2319 hac
2616 2264 2855 2321 editione
2887 2266 3250 2322 testimonium
3297 2269 3351 2323 in
3392 2270 3490 2325 du-

1898 2355 2050 2409 bium
2080 2357 2310 2411 vocavit.
2334 2356 2506 2412 Aliter
2533 2373 2594 2413 se
2619 2373 2707 2413 res
2731 2359 2893 2415 habet
2930 2376 3051 2415 cum
3081 2361 3316 2417 editione
3341 2361 3491 2419 Colo-

1902 2447 2076 2502 niensi
2106 2447 2246 2503 H70
2272 2450 2472 2520 in-fol.,
2516 2466 2677 2519 quam
2720 2453 2861 2509 idem
2892 2450 3181 2507 Mamurius
3205 2460 3245 2508 t.
3274 2453 3318 2521 l,
3350 2463 3488 2524 part.

1900 2556 1942 2607 t,
1977 2558 2029 2610 p.
2056 2541 2180 2607 298,
2212 2542 2391 2596 addito
2422 2544 2735 2599 testimonio
2776 2544 3011 2616 Catalogi
3050 2545 3176 2601 bibl.
3214 2545 3491 2622 Noriberg.

1906 2633 2169 2700 Sauberti,
2194 2652 2248 2704 p.
2280 2636 2403 2702 118,
2440 2636 2640 2702 laudat,
2665 2652 2826 2696 uuam
2856 2638 2987 2693 nulli
3019 2654 3272 2709 umquam
3300 2641 3492 2697 biblio-

1903 2728 2110 2797 graplto
2149 2729 2319 2782 visam
2352 2730 2498 2783 novi.

1979 2820 2107 2876 Sine
2160 2838 2315 2886 anno,
2346 2822 2457 2875 loco
2484 2830 2532 2876 et
2562 2832 2763 2895 typogr.
2795 2823 3000 2895 (Roma!
3038 2841 3129 2891 per
3171 2824 3285 2880 Ulr.
3320 2825 3493 2897 Hau.)

1905 2912 2085 2981 iit-fol.
2118 2913 2178 2967 Β.
2213 2912 2407 2967 Leonis
2437 2913 2751 2983 Sermones,
2783 2925 2912 2984 etc.,
2943 2917 3306 2987 descriptione
3330 2922 3495 2975 totius

1906 3003 2235 3073 praecedenti
2267 3020 2365 3074 per
2393 3007 2575 3060 omnia
2603 3007 2812 3062 similis.
2864 3008 3160 3064 Character
3190 3009 3496 3066 lldalricum

1906 3094 2117 3150 Gallum
2150 3096 2364 3165 prodit,
2413 3112 2479 3152 eo
2516 3113 2675 3168 quem
2720 3100 2771 3153 in
2824 3099 3151 3167 Quintiliano
3180 3101 3498 3158 excudendo

208 3192 427 3247 viscaris
457 3190 813 3271 Quesnellum
840 3206 938 3251 suo
960 3190 1259 3260 specimine
1278 3190 1581 3247 Balleriniis
1605 3201 1658 3245 et
1689 3204 1804 3244 om«
1832 3172 1883 3243 C
1913 3203 2044 3244 usus
2072 3197 2156 3244 est
2196 3190 2354 3259 plane
2382 3190 2698 3246 conformis.
2741 3191 2912 3259 Quam
2943 3192 3010 3246 P.
3044 3192 3211 3247 Lairii
3244 3193 3498 3251 assertio-

205 3285 359 3343 nibus
389 3285 622 3343 omnino
650 3287 741 3356 qui
773 3293 895 3355 post
924 3300 1050 3339 eum
1076 3284 1142 3340 ad
1172 3284 1544 3341 retractandas
1577 3286 1808 3354 scripto-

208 3395 322 3435 rlna
352 3379 859 3437 ecclesiasticorum
903 3378 1171 3434 editiones
1209 3388 1575 3445 accesserunt,
1623 3394 1809 3436 exem-

207 3472 351 3541 plum
404 3471 571 3541 longe
636 3469 1058 3527 illustrissimum
1126 3472 1421 3541 prteivisse.
1500 3473 1810 3544 Sequuntur

203 3565 497 3625 edition»!
516 3562 843 3636 Singulorum
866 3562 1064 3618 Leonis
1084 3562 1319 3635 annales.

832 3656 1061 3714 διευιο
1090 3674 1182 3714 xv.

275 3751 447 3811 tuo.
505 3750 687 3823 Rome
728 3768 818 3824 per
856 3749 1016 3806 Conr.
1052 3752 1388 3825 Sweynlseym
1421 3762 1471 3810 et
1499 3755 1627 3810 Arn.
1662 3755 1811 3811 Pan-

205 3852 378 3909 uita,
411 3844 599 3915 iri-fol.
632 3843 690 3903 S.
717 3843 918 3901 Leonis
959 3860 1111 3914 papas
1146 3845 1439 3905 Sermones
1463 3858 1518 3903 et
1558 3848 1810 3918 Epistolas
1838 3906 1841 3907 ν

204 3952 273 3991 ιτ
294 3939 651 4009 recognitione
673 3947 720 3992 et
740 3953 855 3992 cum
878 3940 1184 4010 prtefatione
1208 3940 1298 3995 Jo.
1333 3942 1552 3997 Andreae
1574 3943 1643 3996 ad
1670 3941 1812 3997 Pau-

204 4032 315 4086 lus
340 4032 404 4091 ll.
432 4031 500 4091 In
528 4031 679 4090 calce
708 4049 723 4086 :

712 4123 913 4195 Aspicis
937 4123 1185 4190 illustres,
1213 4133 1317 4185 etc.

774 4217 844 4272 Μ.
877 4216 1070 4275 CCCC.
1103 4218 1265 4274 LXX.

280 4307 687 4379 Cmpleatimr
710 4308 812 4365 hoc
839 4311 1093 4367 volumen
1125 4310 1400 4367 Sermones
1428 4311 1518 4378 92,
1553 4311 1813 4382 Epistolas

1913 3298 2037 3339 nem
2065 3297 2166 3338 nos
2192 3284 2594 3352 comparatione
2630 3286 2908 3356 utriusque
2938 3287 3262 3357 exemplaris
3301 3280 3492 3344 veram

1911 3375 2384 3445 deprehendimus.
2418 3376 2474 3430 In
2504 3386 2730 3448 utroque
2750 3378 2911 3433 etiam
2929 3378 3067 3435 libro
3095 3379 3303 3451 pagina:
3324 3379 3498 3435 lineas

1910 3468 1983 3523 35
2007 3468 2493 3539 comprehendunt,
2527 3470 2623 3525 sed
2648 3470 2749 3526 hoc
2777 3470 3036 3528 diti‘erunt
3062 3474 3205 3543 quod
3235 3473 3290 3529 in
3317 3472 3500 3530 Leone

1914 3561 2056 3616 tituli
2085 3576 2393 3617 sermonum
2427 3564 2715 3617 maximam
2747 3573 2952 3632 partem
2985 3564 3061 3639 (a)
3093 3566 3282 3621 litteris
3318 3567 3502 3622 uncia-

1911 3653 2054 3710 lihus
2085 3653 2347 3723 exscripti
2397 3654 2538 3720 sint,
2590 3657 2645 3713 in
2684 3656 3016 3724 Quintiliano
3053 3665 3241 3714 contra
3280 3660 3502 3715 omnino

1913 3746 2111 3800 desint.
2153 3746 2306 3815 Quod
2330 3746 2377 3800 si
2414 3747 2577 3817 igitur
2602 3755 2752 3804 recte
2777 3749 2845 3803 ad
2879 3748 3119 3805 Ulricum
3154 3750 3291 3805 Han.
3332 3749 3504 3806 refer-

1914 3847 2002 3893 tur
2044 3838 2133 3893 bic
2179 3847 2360 3910 typus,
2398 3840 2691 3898 verisimile
2713 3848 2798 3896 est
2822 3856 2979 3912 quam
3005 3842 3257 3913 maxime,
3283 3844 3371 3899 vel
3405 3858 3503 3899 eo-

1916 3935 2038 3990 dem
2067 3949 2230 4004 anno,
2272 3934 2359 3990 vel
2409 3935 2512 3991 sub
2557 3936 2766 3991 initium
2812 3937 3088 4006 sequentis
3130 3937 3311 3993 statim
3342 3937 3410 3992 ab
3439 3952 3507 3995 eo

1913 4028 2084 4084 fuisse
2105 4028 2459 4097 elaboratum,
2493 4028 2618 4099 quia
2642 4030 2714 4085 ita
2744 4030 2974 4087 invicem
3003 4030 3227 4087 allectos
3253 4031 3505 4088 novimus

1918 4124 2191 4178 Romanos
2234 4122 2399 4177 hosce
2444 4124 2803 4193 typographos
2825 4164 2841 4191 ,
2891 4134 2947 4179 ut
2984 4125 3031 4178 si
3062 4125 3191 4194 quid
3220 4125 3341 4180 novi
3371 4108 3508 4181 alter

1917 4217 2254 4288 protulisset,
2307 4216 2445 4272 alter
2494 4217 2766 4286 extemplo
2809 4218 2963 4286 prelo
3003 4216 3145 4272 idem
3195 4216 3506 4287 subjiceret.

1919 4310 2125 4365 Praeter
2147 4308 2400 4377 Lairium,
2432 4308 2794 4375 Audi/fredum
2822 4317 2876 4363 et
2896 4309 3186 4375 Quirinum,
3216 4309 3305 4380 qui
3322 4323 3508 4366 omnes

212 4415 358 4457 vero
382 4402 441 4468 5,
465 4415 697 4471 quarum
728 4400 899 4471 prima
925 4402 993 4457 ad
1021 4399 1337 4457 Flavianum
1357 4405 1653 4473 episwpum
1678 4405 1816 4461 Con-
1920 4403 2091 4458 oculis
2122 4403 2261 4457 hanc
2292 4401 2581 4456 editionem
2613 4408 2959 4471 usurparunt,
3003 4400 3225 4455 laudant
3257 4400 3507 4458 eamdem

208 4495 509 4561 Macr.
536 4494 745 4555 inserta
782 4502 867 4551 est
905 4495 1045 4551 inter
1064 4496 1358 4553 Sermones
1400 4508 1519 4567 post
1545 4500 1814 4554 decimum
1844 4559 1890 4567 _
1921 4494 2091 4551 Catal.
2127 4494 2249 4549 bibl.
2279 4492 2482 4547 Banav.
2516 4511 2568 4565 p.
2603 4492 2724 4559 162,
2763 4492 2909 4547 ducis
2945 4493 3009 4547 de
3034 4493 3088 4547 la
3129 4492 3251 4549 Val.
3286 4511 3337 4563 p.
3379 4493 3511 4561 179,

208 4559 459 4651 sextum,
488 4587 713 4657 reliquas
733 4589 787 4654 s,
812 4604 1005 4659 nempe
1034 4559 1498 4646 ιοαάΜαεείηὶαηι
1530 4559 1900 4663 ερίεσ.Αη-Β
1928 4590 2049 4646 Nic.
2109 4589 2276 4643 Rossii
2324 4607 2379 4660 p.
2418 4559 2527 4653 47,
2562 4585 2753 4641 Pinell.
2813 4596 2850 4641 τ.
2888 4587 2940 4653 l,
2988 4605 3041 4658 ρ.
3085 4587 3209 4643 105.
3255 4559 3512 4646 Nostrum

209 4677 521 4733 tiochm
544 4719 562 4743 ,
591 4678 657 4735 9.0
692 4678 760 4732 ad
792 4681 1092 4745 Anatolium
1124 4684 1282 4750 episc.
1318 4682 1453 4750 CP.,
1484 4685 1545 4740 3°
1574 4694 1628 4739 et
1655 4685 1719 4737 4°
1748 4686 1819 4740 ad
1929 4687 2236 4756 exemplum
2274 4685 2382 4754 jam
2412 4692 2598 4738 notum
2627 4683 2753 4739 fecit
2784 4682 3168 4756 Hambergerus
3209 4682 3264 4739 in
3298 4681 3509 4741 luverl.

208 4767 448 4825 Leonem
474 4770 787 4840 Augustum,
817 4780 940 4842 post
972 4773 1247 4831 absolutos
1293 4777 1585 4832 Sermones
1624 4787 1677 4832 et
1714 4788 1820 4832 tra-
1931 4779 2131 4834 Nachr.
2180 4787 2216 4833 t.
2241 4778 2330 4844 III,
2364 4796 2417 4849 p.
2457 4774 2584 4845 205,
2634 4778 2723 4846 qui
2757 4787 2933 4834 tamen
2977 4778 3260 4847 principem
3292 4779 3511 4849 statuit,

211 4870 416 4915 etaiam
461 4862 708 4932 ejusdem
737 4864 975 4920 auctoris
1015 4877 1193 4922 contra
1232 4866 1468 4923 Ita’resim
1496 4868 1818 4940 Eutychetis,
1930 4884 1989 4929 ut
2023 4887 2194 4942 nuper
2223 4873 2383 4927 etiam
2428 4871 2482 4926 in
2509 4868 2702 4927 Pinell.
2735 4869 2852 4926 Cat.
2904 4869 3153 4926 Morellus
3175 4914 3191 4941 ,
3238 4884 3345 4942 quo
3368 4868 3515 4942 jure,

206 4968 371 5021 quasi
398 4953 585 5009 Roma
631 4956 686 5009 in
726 4955 939 5011 basilica
979 4956 1041 5014 8.
1072 4958 1336 5014 Anastasii
1376 4958 1577 5028 habuit,
1619 4962 1821 5032 quique
1929 4966 2132 5023 nescio.
2912 4960 2915 4963 ⁴
3324 4956 3327 4957 ν

207 5045 474 5111 proxime
512 5045 863 5103 Sermonibus
909 5050 1189 5116 succedit,
1238 5051 1584 5122 adjiciuntur.
1632 5052 1822 5110 Finem
2001 5056 2211 5132 (1475.)
2255 5055 2381 5113 Sine
2409 5056 2518 5111 loco
2548 5063 2593 5111 et
2621 5057 2963 5129 typographo,
2993 5057 3047 5112 in
3076 5056 3171 5130 fol.
3216 5055 3279 5114 S.
3314 5056 3515 5125 Leonis

207 5139 378 5204 Operi
410 5139 702 5209 imponunt
724 5141 791 5197 ad
811 5142 1056 5211 epistola:
1079 5143 1280 5199 ultimae
1301 5153 1672 5215 argumentum
1698 5162 1822 5218 per-
1926 5150 2240 5207 Sermones.
2274 5144 2350 5203 Ab
2382 5147 2570 5202 initio:
2606 5142 2755 5203 Liber
2783 5142 3095 5204 Sermonum
3130 5136 3297 5204 sancti
3328 5142 3517 5229 Leonis

209 5230 452 5299 liuentia
487 5231 799 5302 Symbolum
826 5232 1101 5290 Niccnum
1121 5245 1170 5291 et
1189 5238 1477 5292 testimonia
1500 5248 1735 5310 excerpta
1756 5242 1821 5295 de
1929 5242 2086 5313 primi
2144 5257 2324 5314 papaz,
2378 5240 2601 5295 doctoris
2646 5239 2968 5312 floridissimi
3016 5258 3075 5297 ac
3119 5232 3515 5314 eloquentissimi

213 5320 372 5375 libr-is
397 5324 772 5378 catholicorum
796 5324 1015 5381 Patrum
1042 5345 1076 5382 a
1103 5328 1276 5384 Leone
1296 5347 1431 5401 papa
1451 5330 1667 5386 collecta
1694 5332 1825 5387 Leo-
1926 5334 2109 5406 incipit
2161 5332 2378 5406 feliciter
2403 5350 2422 5399 ;
2457 5332 2653 5388 deinde
2681 5332 2872 5389 eadem
2900 5332 3039 5390 linea
3070 5352 3082 5389 :
3115 5333 3295 5391 Sermo
3322 5322 3516 5403 primus

213 5414 378 5503 sique
404 5417 706 5485 imperatori
732 5419 924 5476 directa
945 5463 961 5487 ,
1002 5425 1141 5494 quod
1181 5424 1435 5481 Dominus
1472 5435 1645 5481 noster
1667 5425 1822 5483 Iesus
1930 5426 1996 5481 de
2027 5426 2348 5481 ordinatione
2375 5443 2469 5480 sua
2498 5427 2550 5481 in
2579 5426 2906 5497 pontiﬁcem;
2944 5427 2998 5483 in
3030 5427 3133 5503 ﬁne
3163 5446 3175 5481 :
3210 5414 3515 5499 Expliciunt

499 5511 740 5565 transit
762 5508 907 5567 Deus
936 5524 986 5570 et
1018 5530 1171 5570 uerus
1210 5519 1384 5574 homo.
1441 5516 1647 5575 Cuncta
1690 5534 1822 5576 vero
1928 5528 2188 5575 sermones
2208 5517 2395 5576 Leonis
2423 5535 2590 5591 papa.
3038 5514 3039 5517 “
3096 5500 3119 5521 “’
3292 5520 3301 5527 '

291 5732 741 5821 gallDeﬁcieutes
762 5736 1067 5794 numeravit
1090 5739 1456 5821 Audimedus,
1487 5745 1693 5804 scilicet
1731 5753 1791 5804 ut
1819 5745 2160 5821 negligentiae
2186 5746 2416 5806 Lairium
2447 5755 2723 5819 argueret,
2748 5746 2837 5819 qui
2865 5745 2920 5802 in
2948 5757 3153 5817 genere
3192 5747 3379 5809 titulos
3407 5760 3516 5816 atat

217 5804 323 5858 bri
351 5804 669 5866 charactere
693 5822 990 5866 expressos
1011 5825 1132 5868 esse
1161 5811 1394 5873 dixerat.
1442 5804 1455 5813 ’
1822 5804 1831 5805 “
1866 5804 1919 5821 "’
1966 5804 2087 5859 "'"j
