4014 6350
520 299 594 391 λιι
1051 311 1579 378 SCHCENEMANNI
1615 304 1894 369 NOTl'l‘lA
1931 300 2739 366 Htsrontcourrcninn
2782 302 2849 363 IN
2886 304 2947 361 s.
2988 301 3291 361 LEONEM.
3710 289 3786 356 ἠ

595 440 858 499 Volumen
889 441 971 495 est
998 434 1245 491 foliorum
1279 433 1399 500 124,
1431 432 1747 501 impressum
1794 429 2106 483 charactere
2132 429 2182 490 Α
2209 440 2351 483 anno
2380 426 2700 497 assignando
2749 424 3046 495 quaestione
3072 464 3087 489 ,
3116 433 3309 477 curare
3346 415 3587 473 voluisse
3625 422 3685 472 ut
3715 410 3782 473 ab

522 532 741 607 gothico
781 530 1011 587 breviori
1042 537 1095 583 et
1126 527 1323 595 pingui,
1355 524 1447 578 sed
1480 522 1648 577 nitido
1676 563 1690 587 ,
1722 520 1863 575 binis
1901 520 2101 574 colum-

520 629 627 691 nis,
663 624 819 681 lineis
846 639 943 692 per
966 621 1206 691 paginam
1221 616 1311 674 58.
1340 616 1554 672 Charta:
1584 624 1710 669 sunt
1736 614 1940 681 densae,
1971 613 2100 669 satis

524 717 767 775 candida:
798 727 849 770 at
881 715 1040 784 paulo
1069 712 1381 773 crudiores;
1426 708 1686 777 margines
1734 716 1789 762 et
1815 705 2103 761 interSIitia

524 810 890 866 columnarum
924 805 1056 869 lata;
1088 801 1441 856 disdnctionis
1468 802 1618 868 signa
1638 842 1651 866 ,
1685 799 1841 853 colon
1886 808 1938 850 et
1967 812 2098 867 pun-

524 909 668 959 ctum
694 917 707 964 ;
738 900 928 953 litterae
961 894 1212 958 initiales,
1243 895 1473 959 numeri,
1504 892 1757 947 custodes
1782 900 1839 944 et
1868 892 2105 959 signatu-

524 1008 599 1048 ra!
630 992 846 1046 desunt.
872 986 1031 1042 Tituli
1062 1000 1373 1041 sermonum
1406 999 1537 1038 vero
1559 988 1745 1037 omnes
1767 981 1953 1035 eodem
1978 979 2107 1034 cha-

523 1094 735 1140 raCtere
770 1094 894 1136 sunt
925 1080 1191 1148 impressi.
1236 1078 1463 1133 Textum
1496 1076 1807 1145 praecedunt
1850 1075 1973 1127 lolia
2005 1076 2105 1127 tria

522 1174 611 1229 J0.
645 1173 918 1227 Aleriettsis
945 1172 1294 1241 prtefationem
1316 1181 1368 1223 et
1399 1168 1628 1223 rubricas
1649 1184 1936 1221 sermonum
1964 1181 2109 1219 com-

524 1270 718 1341 plexa;
760 1268 855 1322 sed
900 1266 1133 1321 rubricae
1179 1280 1284 1318 non
1323 1262 1425 1315 nisi
1472 1263 1523 1315 in
1569 1263 1763 1315 lineam
1796 1262 1861 1315 15
1902 1262 2108 1329 paginae

523 1363 713 1433 primae
762 1359 870 1414 folii
912 1359 1050 1411 tertii
1096 1372 1188 1425 per
1232 1366 1512 1423 utramque
1551 1357 1854 1407 columnam
1889 1364 2105 1418 pr0ten-

525 1454 742 1509 duntur.
771 1454 1102 1520 Quamquam
1133 1460 1310 1502 autem
1342 1460 1559 1516 propter
1588 1447 1854 1501 laudatam
1880 1446 2107 1500 Alerien-

526 1547 593 1600 sis
626 1545 850 1616 episcopi
902 1541 1271 1611 praefationem
1317 1540 1485 1594 videri
1528 1538 1692 1608 pos:it
1735 1538 1877 1595 hunc
1925 1551 2106 1611 typum

526 1635 682 1705 plane
727 1635 1022 1687 Romanam
1064 1630 1353 1685 editionem
1399 1630 1635 1695 referre,
1690 1646 1872 1683 revera
1930 1639 2108 1684 tamen

527 1741 646 1782 eam
677 1740 783 1780 non
818 1725 1017 1790 refert,
1066 1727 1264 1793 quippe
1291 1723 1380 1791 qui
1411 1737 1512 1776 una
1537 1737 1656 1776 cum
1684 1732 1905 1775 tractatu
1931 1731 2109 1775 contra

2211 520 2456 575 omnibus
2483 535 2641 590 quam
2673 518 2973 573 certissime
3012 515 3436 585 dignosceretur.
3469 508 3621 578 Quod
3648 509 3782 563 futu-

2209 628 2329 669 rum
2367 613 2570 683 putavi,
2602 612 2645 665 si
2675 624 2782 666 non
2809 610 2953 664 ultro
2979 607 3274 663 editionum
3291 604 3479 674 absque
3508 619 3642 658 anno
3664 617 3780 671 pro-

2210 706 2435 761 latarum
2469 720 2748 759 numerum
2781 718 3029 773 augerem
3050 712 3103 757 et
3118 702 3184 757 ad
3211 702 3595 756 Maettarianam
3617 699 3779 765 illam,

2210 799 2344 853 alias
2390 798 2713 869 incognitam
2759 795 2871 869 (c),
2929 796 3151 866 digitum
3210 795 3369 849 altius
3432 794 3779 849 intenderem.

2213 890 2413 945 Deinde
2452 905 2579 944 vero
2632 903 2731 944 nec
2778 903 3100 958 magnOpere
3143 901 3227 941 me
3255 898 3470 941 errasse
3509 883 3781 947 existimo,

2209 981 2640 1052 quandoquidem
2673 981 2771 1035 tria
2806 980 2889 1034 illa
2918 979 3175 1049 opuscula
3204 986 3261 1033 et
3286 978 3583 1047 argumenti
3613 974 3780 1029 allini-

2213 1086 2321 1131 tate
2354 1077 2494 1131 inter
2517 1091 2576 1131 se
2600 1091 2841 1130 connexa
2867 1085 2921 1128 et
2950 1075 3084 1144 preli
3112 1078 3456 1128 exsecutione
3489 1071 3588 1123 sibi
3621 1068 3785 1123 simil-

2211 1170 2335 1224 lima
2377 1184 2501 1224 sunt
2520 1211 2535 1237 ,
2570 1185 2742 1239 neque
2770 1168 2820 1222 id
2849 1169 2917 1222 ab
2946 1168 3287 1235 antiquorum
3330 1164 3782 1237 typographorum

2209 1278 2362 1316 more
2388 1262 2542 1315 valde
2573 1260 2858 1325 abhorret,
2903 1267 2959 1314 ut
2983 1275 3047 1314 ex
3078 1259 3348 1330 pluribus,
3400 1271 3517 1323 quas
3563 1254 3784 1324 junctim

2211 1354 2537 1410 excuderant
2569 1354 2857 1422 operibus,
2896 1352 3069 1405 solum
3112 1351 3353 1405 ultimum
3396 1363 3537 1403 anno
3580 1359 3633 1403 et
3675 1347 3787 1401 loco

2209 1448 2579 1518 impressioois
2609 1447 2902 1514 signarent.

2285 1540 2441 1596 M82.
2469 1539 2713 1599 Venetiis.
2737 1556 2826 1608 per
2849 1539 3041 1593 Lucam
3067 1537 3315 1592 Venetam
3329 1534 3586 1589 Dominici
3600 1533 3785 1603 ﬁlium.

2211 1650 2285 1689 vit
2326 1636 2401 1689 id.
2436 1635 2652 1705 August.
2684 1634 2862 1705 in-fol.
2895 1633 2951 1688 S.
2986 1632 3182 1687 Leonis
3215 1647 3363 1700 papae
3403 1630 3697 1686 Sermones
3737 1635 3791 1683 et

2216 1726 2470 1795 Epistolm
2499 1742 2619 1780 cum
2652 1726 2968 1795 prtefatioue
2996 1724 3084 1780 Jo.
3112 1723 3430 1779 Aleriensis.
3460 1720 3637 1775 Μαίη.
3679 1731 3716 1775 t.
3744 1719 3786 1788 l,

529 1819 745 1874 harest'n
796 1816 1091 1889 Eutychetis
1118 1857 1133 1882 ,
1174 1816 1263 1885 qui
1311 1816 1528 1869 ultimus
1574 1820 1687 1875 est,
1722 1828 2004 1867 sermones
2038 1814 2109 1869 95
2138 1817 2187 1877 B
2214 1826 2351 1887 part.
2382 1832 2440 1885 ιι,
2470 1817 2597 1873 49.9.
2630 1818 2877 1872 Occurrit
2905 1816 2957 1871 in
3001 1814 3115 1870 Cat.
3156 1814 3278 1869 bibl.
3310 1814 3455 1869 ducis
3483 1814 3548 1868 de
3584 1812 3636 1865 la
3670 1811 3786 1867 Val.

528 1920 795 1977 numerat,
828 1918 883 1966 et
910 1910 1168 1978 epistolis,
1201 1922 1320 1977 quae
1339 1908 1392 1960 in
1414 1905 1784 1973 superioribus
1798 1906 2105 1969 exstabant,

532 2018 634 2059 nec
662 2018 766 2056 non
796 2017 913 2071 quae
941 2000 1253 2070 appendicis
1302 2000 1419 2053 loco
1457 1998 1701 2067 epistolis
1748 2006 2105 2062 accesserant,

530 2094 777 2167 symbolo
807 2092 1023 2148 Nicaeum
1053 2102 1106 2147 et
1128 2090 1449 2146 testimoniis
1462 2106 1527 2145 ex
1559 2089 1661 2144 PP.
1696 2088 2107 2160 scriptisaLeo-

529 2200 601 2243 ne
618 2186 854 2240 colleCtis
882 2199 1099 2253 prorsus
1129 2193 1293 2238 caret.
1336 2182 1641 2252 Optandum
1683 2183 1844 2251 igitur
1868 2192 2015 2237 esset
2054 2191 2111 2238 ut

529 2278 601 2334 ab
623 2278 802 2346 aliquo
824 2278 1009 2331 harum
1038 2291 1217 2331 rerum
1260 2278 1475 2329 curioso
1505 2275 1811 2344 diligentius
1839 2284 2111 2331 excutere-

533 2379 621 2424 tur
650 2384 776 2423 num
804 2366 1030 2422 fortasse
1067 2368 1118 2421 in
1151 2365 1381 2435 singulis
1409 2368 1568 2421 etiam
1606 2366 1925 2422 lectionibus
1950 2381 1980 2421 a
2005 2367 2112 2422 Ro-

529 2460 705 2515 manis
736 2458 965 2514 dill‘erat.
1010 2457 1115 2513 Sed
1155 2457 1266 2528 jam
1306 2468 1608 2526 quaerentes
1651 2474 1717 2513 ex
1757 2474 1844 2514 me
1884 2459 2112 2514 lectores

529 2555 712 2621 audio,
738 2554 879 2609 unde
908 2553 1145 2620 tandem,
1171 2552 1216 2606 si
1246 2552 1903 2622 atttpliorisubscriptione
1931 2562 2114 2608 careat

528 2644 633 2700 huc
659 2644 1019 2700 Leoninorum
1049 2646 1367 2700 Sermonutn
1398 2644 1670 2709 volumen,
1700 2660 1898 2699 annum
1920 2660 2111 2713 supra-

529 2739 789 2807 scriptum
835 2737 1123 2791 hauserim.
1176 2734 1441 2790 Nimirum
1495 2738 1610 2790 haec
1647 2746 1730 2790 est
1784 2735 1873 2789 illa
1913 2736 2111 2802 editio,

526 2830 685 2899 cujus
722 2832 775 2885 in
814 2828 1157 2883 thtarianis
1184 2828 1448 2883 indicibus
1482 2836 1520 2881 ι.
1551 2829 1590 2893 1,
1636 2837 1768 2895 part.
1801 2842 1849 2896 ι,
1890 2845 1943 2899 ρ.
1983 2826 2110 2893 551,

524 2922 582 2977 fit
608 2924 809 2978 mentio
833 2963 848 2988 ,
880 2922 1035 2991 cujus
1074 2932 1253 2975 tamen
1294 2932 1486 2991 praeter
1524 2920 1678 2975 illum
1722 2937 1881 2976 nemo
1921 2922 2111 2975 biblio-

526 3015 853 3086 graphorum
882 3014 1143 3069 meminit.
1177 3014 1539 3083 Quamobrem
1562 3016 1888 3070 succincmm
1915 3030 1981 3070 ac
1994 3029 2113 3069 cer-

529 3117 637 3161 tam
669 3107 787 3176 ejus
818 3107 1060 3162 notitiam
1080 3107 1374 3161 lectoribus
1405 3104 1604 3160 diutius
1636 3122 1742 3159 non
1773 3104 2109 3159 invidendam

2212 1918 2250 1963 t.
2282 1908 2324 1975 Ι,
2352 1927 2403 1979 p.
2443 1910 2568 1974 180,
2599 1926 2652 1962 n.
2682 1908 2808 1964 195.

2285 2001 2445 2058 1482.
2506 2002 2675 2074 Spirae
2723 2018 2812 2071 per
2867 2000 3077 2055 Petrum
3122 2000 3321 2056 Drach.
3375 1999 3551 2069 in-fol.
3595 1996 3793 2053 Leonis

2213 2093 2505 2149 Sermones
2556 2096 2795 2165 aliquot;
2851 2094 2908 2149 in
2964 2094 3274 2148 Homiliario
3324 2093 3592 2147 doctorum
3645 2088 3793 2159 uulgo

2213 2181 2389 2237 Caroli
2419 2184 2619 2256 Magni.
2647 2184 2936 2243 Sermones
2966 2191 3092 2239 sunt
3117 2182 3207 2239 2i.
3244 2183 3318 2238 De
3355 2185 3466 2250 ipsa
3502 2181 3599 2236 hac
3632 2180 3795 2235 raris-

2213 2276 2349 2331 sima
2381 2277 2619 2332 editione
2650 2292 2811 2346 supra
2844 2278 3131 2332 occasione
3159 2276 3480 2331 Sermonum
3512 2271 3795 2343 Augustini

2214 2370 2443 2439 egimus.
2476 2368 2561 2424 Cf.
2617 2369 2890 2424 Ballerinii
2918 2369 2971 2423 in
3004 2369 3156 2438 prazf.
3205 2366 3559 2424 Sermonibus
3604 2363 3796 2419 Leonis

2214 2462 2491 2532 praemissa
2512 2505 2525 2529 ,
2566 2461 2593 2533 §
2642 2463 2702 2528 6,
2735 2479 2788 2516 η.
2818 2461 2912 2517 26.
2957 2461 3019 2516 lli
3051 2460 3265 2531 quidem
3296 2475 3400 2514 non
3439 2456 3798 2527 perfunctorie

2216 2553 2317 2609 hac
2338 2555 2575 2610 editione
2606 2555 2689 2610 usi
2714 2565 2859 2620 sunt,
2894 2555 2987 2610 sed
3016 2565 3073 2609 ut
3095 2568 3376 2625 germanas
3407 2553 3558 2607 Pauli
3585 2550 3797 2606 diaconi

2218 2648 2480 2703 lectiones
2501 2657 2910 2718 cognoscerent,
2926 2662 3046 2703 cum
3066 2646 3347 2702 Basileensi
3369 2645 3581 2700 Nicolai
3593 2644 3799 2699 Kessler

2215 2757 2268 2795 a.
2300 2740 2439 2795 M96
2459 2740 2743 2809 diligenter
2765 2739 3179 2794 contenderunt.

2290 2832 2449 2889 1485.
2478 2832 2702 2887 Venetiis
2719 2849 2806 2903 per
2824 2831 3082 2885 Andream
3098 2829 3450 2896 Parmensem,
3467 2829 3643 2900 iri—fol.
3668 2829 3794 2883 min.

2217 2923 2333 2978 Divi
2365 2923 2561 2978 Leonis
2594 2923 2836 2977 Homilize
2874 2923 3185 2996 (Sermones
3215 2930 3270 2975 et
3305 2920 3583 2991 Epistolis)
3622 2920 3795 2975 Maitt.

2216 3025 2256 3069 t.
2305 3013 2356 3081 l,
2388 3024 2544 3083 tpart.
2578 3030 2635 3081 tt,
2679 3033 2734 3087 p.
2763 3014 2889 3069 470.
2916 3014 3047 3068 Erat
3076 3015 3128 3068 in
3169 3013 3307 3068 Bibl.
3349 3011 3642 3069 Crevennte.
3678 3012 3798 3068 Vid.

2218 3104 2332 3160 Cat.
2358 3106 2681 3160 novissimus
2712 3103 2906 3175 (in-8°)
2931 3114 2970 3160 τ.
2994 3106 3037 3173 1,
3060 3124 3113 3173 ρ.
3144 3106 3268 3171 112,
3297 3123 3349 3159 η.
3373 3105 3499 3161 498.

525 3197 798 3253 duximus.
833 3196 1089 3251 Videlicet
1122 3212 1228 3251 uno
1268 3197 1567 3267 eodemque
1603 3197 1919 3252 charactere
1954 3207 2113 3267 atque
2139 3197 2186 3262 C
2291 3197 2451 3255 1495.
2497 3198 2717 3253 Basilete
2765 3215 2855 3269 per
2902 3197 3078 3253 Nicol.
3121 3196 3350 3265 Kessler,
3400 3197 3577 3268 in—fol.
3608 3195 3803 3251 Leonis

524 3287 709 3344 habitu
749 3287 907 3342 simul
946 3302 1070 3342 cum
1113 3287 1314 3342 Leonis
1356 3288 1705 3343 Sermonibus
1740 3304 1953 3343 excusa:
1992 3298 2118 3343 sunt
2220 3290 2512 3349 Sermones
2566 3288 2791 3359 aliquot;
2843 3289 2897 3343 in
2949 3287 3265 3342 Homiliario
3293 3289 3598 3352 doctorum,
3650 3286 3805 3357 juxta

522 3379 772 3436 Homilies
793 3378 1029 3451 Gregorii
1060 3380 1137 3436 Μ.
1178 3391 1338 3450 atque
1368 3381 1640 3451 Origenis,
1689 3384 1761 3437 ita
1803 3382 2020 3452 quidem
2055 3392 2119 3437 ut
2219 3385 2463 3440 ordinem
2510 3384 2941 3438 vetustissimum
2972 3380 3313 3436 bibliothecas
3360 3380 3615 3436 Ecclesiae.
3654 3377 3804 3435 Basi-

523 3473 784 3543 cujusque
820 3474 1056 3528 auctoris
1109 3487 1244 3542 opus
1290 3473 1360 3529 ab
1398 3475 1619 3529 alterius
1659 3490 1823 3545 opere
1874 3476 2115 3546 separari

523 3566 804 3621 commode
835 3565 1026 3633 possit,
1063 3566 1359 3635 posteriora
1391 3565 1497 3619 duo
1531 3576 1709 3621 tamen
1753 3582 1859 3623 una
1896 3568 2116 3623 eadem-

516 3673 633 3727 .que
672 3657 1068 3729 subscriptione
1112 3656 1179 3711 ad
1211 3658 1415 3713 calcem
1461 3657 1819 3714 Homiliarum
1868 3660 2116 3730 Origenis

526 3754 922 3823 comprehensa
950 3754 1058 3808 sint
1085 3752 1187 3823 (a).
1216 3752 1346 3806 Hinc
1374 3752 1573 3807 factum
1606 3762 1689 3808 est
1719 3764 1776 3807 ut
1807 3754 2006 3824 sacpius
2033 3754 2116 3807 in-

528 3846 699 3899 vicem
730 3844 1119 3899 divellerentur
1148 3852 1203 3898 et
1231 3849 1552 3913 conjunctas
1582 3858 1809 3899 cernere
1840 3844 2114 3900 rarissime

527 3937 638 4009 jam
664 3937 921 4008 obtingat.
953 3936 1045 3991 Sic
1066 3936 1301 4006 Gregorii
1329 3946 1376 3989 et
1402 3935 1637 4008 Origenis
1656 3936 1919 4005 Homilite,
1934 3936 2114 3992 Leone

528 4030 749 4093 avulso,
790 4037 1081 4083 occurrunt
1129 4029 1180 4081 in
1228 4026 1341 4081 Cat.
1398 4028 1519 4082 bibl.
1552 4028 1698 4083 ducis
1729 4030 1792 4082 de
1825 4030 1878 4083 la
1918 4029 2037 4084 Val.
2072 4040 2110 4083 t.

526 4117 572 4189 1,
600 4138 655 4192 p.
680 4120 805 4188 180,
840 4137 892 4173 n.
926 4118 1054 4183 499,
1087 4120 1441 4189 eamdemque
1465 4160 1479 4180 .
1512 4119 1615 4173 nisi
1658 4120 1795 4175 forte
1824 4121 1966 4175 solas
1994 4121 2117 4176 Ori-

530 4212 686 4283 genis
712 4255 726 4277 ,
765 4210 1085 4264 Vallarsium
1118 4220 1376 4265 tractasse
1405 4211 1604 4265 dixeris
1627 4253 1642 4278 ,
1686 4213 1814 4266 dum
1842 4212 1894 4266 in
1924 4213 2114 4268 Hiero-

531 4303 798 4375 nytnianis
828 4302 1081 4358 subsidiis
1110 4303 1293 4359 laudat
1314 4302 1658 4358 homiliarum
1702 4306 1902 4375 aliquot
1929 4306 2116 4376 Orige-

529 4395 614 4451 nis
638 4393 926 4449 editionem
952 4393 1317 4449 Basileensem
1349 4411 1399 4448 a.
1441 4394 1580 4449 1475
1605 4436 1620 4461 ,
1664 4410 1821 4465 quam
1865 4398 2114 4465 ignorare

530 4503 621 4543 me
649 4488 698 4541 in
748 4486 1121 4555 superioribus
1157 4487 1428 4555 professus
1467 4502 1585 4540 sum
1628 4487 1727 4557 (ὁ).
1775 4488 1889 4558 Ego
1933 4498 2111 4544 tamen

2216 3478 2404 3535 liensis
2446 3479 2728 3547 impresso.
2760 3475 2847 3531 Cf.
2882 3476 3289 3546 Augustiniana.

2292 3571 2451 3627 1494.
2479 3569 2829 3641 Norimbergtc
2840 3586 2931 3641 per
2955 3569 3106 3623 Anth.
3126 3564 3806 3641 Koburger,in4°.Leonis

2216 3665 2413 3736 aliquot
2444 3664 2760 3729 Sermones;
2794 3665 2849 3717 in
2881 3663 3055 3716 eadem
3081 3664 3396 3717 collectione.

2292 3754 2455 3811 M96.
2486 3753 2709 3808 Basileae
2734 3770 2826 3826 per
2851 3752 2978 3807 Nic.
3010 3753 3237 3820 Kessler,
3257 3754 3448 3824 iit-fol.
3480 3752 3678 3809 Leonis
3704 3752 3807 3807 ali-

2216 3857 2339 3917 quot
2382 3847 2712 3911 Sermones;
2763 3847 2817 3901 in
2872 3846 3188 3902 Homiliarie
3237 3847 3507 3901 doctorum
3559 3844 3807 3915 repetita:

2217 3940 2492 3995 editionis.

2290 4032 2447 4088 N98.
2501 4030 2839 4087 Basileae..."
2892 4031 3071 4103 iii-fol.
3126 4032 3323 4088 Leonis
3367 4031 3694 4098 Sermones;
3749 4033 3808 4087 in

2216 4123 2396 4177 eadem
2442 4123 2775 4192 collectione,
2825 4138 2987 4194 quam
3035 4122 3216 4178 laudat
3257 4123 3429 4179 Μαίη.
3468 4134 3509 4178 t.
3550 4122 3603 4191 Ι,
3661 4130 3803 4194 part.

2217 4232 2283 4283 tt,
2314 4236 2366 4291 p.
2400 4217 2524 4272 675.

2290 4310 2415 4364 Sine
2443 4325 2581 4363 anno
2629 4317 2677 4363 et
2720 4308 2862 4376 loco,
2896 4310 3080 4381 in-fol.
3128 4309 3195 4381 (ll
3222 4311 3311 4366 vel
3350 4309 3510 4367 etiam
3538 4309 3607 4366 Ill
3640 4308 3809 4379 hujus

2216 4399 2449 4470 generis)
2479 4400 2536 4455 S.
2568 4400 2764 4456 Leonis
2793 4403 2813 4457 l
2840 4417 2992 4471 papas
3023 4403 3337 4457 Sermones.

2289 4493 2485 4562 Incipit
2531 4508 2561 4547 a
2606 4493 2922 4562 praefatione
2948 4492 3274 4558 Aleriensis,
3316 4506 3435 4563 quae
3463 4491 3712 4546 similiter
3741 4502 3811 4545 ac

525 4580 795 4635 diversam
829 4580 897 4633 ab
925 4581 1023 4633 hac
1050 4595 1265 4634 censeo.
1292 4578 1451 4634 Certe
1481 4583 1523 4633 si
1550 4583 1793 4650 haacipsa
1814 4583 1932 4649 fuit,
1952 4600 2105 4654 quam
2136 4581 2190 4641 D
2213 4582 2266 4637 in
2289 4583 2525 4638 editione
2554 4599 2605 4638 a.
2639 4584 2778 4638 1475
2806 4583 3126 4637 inscribitur
3158 4603 3169 4636 :
3199 4583 3423 4637 Joannis
3464 4585 3656 4638 Andra
3695 4583 3813 4654 epi-

518 4671 757 4747 fortasse
786 4670 1094 4741 conjectura
1124 4671 1315 4724 ductus
1347 4672 1708 4726 Basileensem
1738 4674 1977 4742 dixerit,
2024 4692 2111 4732 me

522 4764 909 4818 assentientem
944 4779 1049 4816 non
1084 4762 1259 4817 habet.
1283 4765 1437 4827 Nam,
1460 4765 1557 4818 nisi
1583 4766 1761 4819 omnia
1794 4783 1878 4821 me
1895 4766 2105 4834 fallunt,

522 4855 573 4907 in
607 4854 753 4908 Italia
778 4852 882 4908 hoc
908 4853 1159 4909 volumen
1189 4868 1451 4908 excusum
1480 4867 1580 4910 est.
1614 4856 1690 4911 Ne
1718 4858 1839 4927 quis
1868 4874 1995 4914 vero
2012 4860 2111 4915 hac

518 4932 707 5001 nostra
738 4947 1207 5016 argumentatione
1235 4947 1563 5000 contrarium
1590 4951 1766 5017 potius
1782 4965 1941 5019 quam
1966 4952 2107 5020 quod

521 5036 853 5092 intendimus
881 5036 1024 5092 efﬁci
1055 5039 1349 5104 existimet,
1383 5040 1608 5109 cogique
1636 5058 1731 5094 nos
1766 5056 1921 5110 posse
1958 5053 2106 5112 putet

523 5137 583 5183 ut
605 5129 792 5198 absque
816 5126 915 5182 loci
939 5139 995 5183 et
1023 5131 1147 5182 anni
1191 5140 1336 5197 nota,
1381 5130 1485 5184 alio
1527 5135 1713 5201 quovis
1743 5144 1984 5201 tempore
2012 5150 2108 5189 ex-

2214 4676 2356 4748 scopi
2386 4677 2653 4730 aleriensis
2676 4676 2745 4728 ad
2774 4692 3033 4729 summum
3061 4676 3353 4745 pontiﬁcem
3382 4675 3596 4745 paulum
3615 4691 3813 4729 secun-

2215 4771 2341 4823 dum
2379 4769 2631 4823 Venetam
2658 4769 2711 4821 in
2756 4769 2961 4820 laudem
2999 4769 3162 4839 ipsius
3206 4770 3374 4823 sancti
3419 4768 3606 4822 Leonis
3649 4782 3812 4838 papa.

2216 4864 2485 4929 lmpressa
2509 4876 2643 4916 vero
2687 4861 2924 4915 cernitur
2954 4863 3006 4914 in
3034 4876 3223 4915 aversa
3252 4861 3363 4915 folii
3393 4863 3547 4928 primi
3578 4861 3774 4930 pagina
3794 4900 3811 4925 ,

2216 4964 2270 5008 et
2295 4954 2434 5007 linea
2460 4954 2529 5007 ‘28
2547 4953 2873 5015 absolvitur,
2895 4951 3249 5022 proximeque
3272 4952 3622 5006 succedentes
3643 4952 3818 5007 habet

2216 5046 2468 5113 rubricas,
2498 5060 2619 5114 qua:
2641 5045 2809 5111 prima
2840 5044 2949 5099 folii
2983 5044 3126 5098 tertii
3148 5045 3337 5114 pagina
3360 5045 3498 5097 linea
3524 5043 3592 5099 55
3618 5044 3819 5097 termi-

2211 5147 2431 5201 nantur,
2483 5151 2673 5191 aversa
2719 5151 2886 5190 vacua
2925 5136 3134 5190 relicta.
3164 5138 3362 5190 Textus
3392 5139 3577 5205 incipit
3612 5134 3818 5190 eadem

524 5234 706 5275 cusam
752 5220 1054 5276 scribamus
1102 5222 1242 5277 hanc
1280 5222 1477 5277 Leonis
1534 5225 1859 5292 editionem,
1922 5237 2110 5297 utpote
2212 5230 2560 5301 inscriptione
2589 5245 2652 5285 ac
2681 5230 2770 5284 ed.
2812 5246 2865 5283 a.
2909 5229 3063 5285 M75.
3095 5232 3150 5286 ln
3180 5231 3283 5285 line
3320 5231 3523 5300 pariter
3567 5227 3821 5298 τετρη-

522 5314 669 5370 nulla
710 5314 817 5369 alia
858 5314 927 5368 de
964 5330 1127 5370 causa
1159 5332 1301 5370 anno
1336 5316 1469 5371 M75
1511 5328 1860 5385 prmtiotatain
1885 5361 1900 5385 ,
1951 5337 2109 5391 quam

520 5411 642 5478 quia
687 5422 809 5463 cum
838 5423 1003 5479 opere
1031 5410 1193 5463 simili
1226 5410 1328 5464 hoc
1367 5426 1509 5465 anno
1540 5414 1809 5481 exscripto
1835 5424 2112 5480 compacta

520 5502 625 5565 sit,
657 5501 1097 5571 respondebimus
1124 5540 1140 5567 ,
1183 5500 1391 5570 primo,
1426 5516 1545 5569 nos,
1581 5502 1739 5556 missa
1780 5503 2001 5559 omnino
2046 5505 2115 5559 de

595 5632 672 5704 (a)
696 5633 860 5707 Sonat
893 5650 908 5707 _:
938 5631 1236 5707 Expliciunt
1264 5631 1443 5687 omelie
1470 5633 1602 5687 beati
1643 5636 1867 5707 gregarii
1895 5653 2024 5707 pape
2050 5645 2101 5691 et

525 5704 745 5775 ortgenis
767 5704 1066 5775 presbyteri.
1096 5706 1288 5762 Addito
1314 5720 1471 5770 anno,
1502 5721 1608 5759 non
1642 5704 1766 5760 item
1792 5710 1929 5761 loeo.
1957 5704 2101 5764 Ube-

523 5778 721 5831 rioretu
752 5776 1165 5837 descriptionem
1194 5776 1422 5845 accipies
1457 5777 1595 5835 inter
1617 5776 1879 5836 editiones
1902 5778 2105 5850 Grego-

2215 5324 2357 5377 ciunt
2391 5322 2663 5377 Sermones
2696 5324 2861 5375 leonis
2893 5339 3041 5391 pape.

2290 5415 2514 5468 Constat
2558 5414 2873 5483 opusculum
2915 5412 3197 5467 foliis152
3246 5412 3569 5482 impressum
3608 5409 3826 5466 chara-

2219 5514 2369 5560 ctere
2396 5506 2613 5575 gothico
2642 5505 2942 5574 majusculo
2977 5506 3031 5560 in
3079 5506 3269 5561 charta
3311 5506 3430 5561 alba
3460 5504 3779 5574 mundaque
3801 5543 3826 5574 ,

2208 5637 2390 5693 rianas
2411 5638 2463 5691 in
2496 5648 2642 5693 tomo
2672 5638 2938 5708 sequenti.

2288 5710 2360 5779 (b)
2393 5709 2509 5781 vict.
2535 5720 2569 5762 t.
2597 5710 2637 5773 ι,
2667 5728 2721 5781 ρ.
2755 5710 2876 5765 475.

2288 5778 2361 5853 (c)
2392 5779 2509 5836 Vid.
2542 5778 2725 5857 Deliis.
2762 5781 2963 5837 Garell.
2999 5778 3133 5837 Bibl.
3166 5797 3218 5850 p.
3251 5779 3373 5837 195.
