4014 6350
188 400 255 454 75
722 388 1244 449 SCHCENEMANNI
1282 384 1559 443 NO'I‘ITIA
1602 380 2422 443 HISTORICO-LITTEBARIA
2463 382 2527 440 IN
2569 384 2625 438 S.
2670 377 2969 439 LEONEM.
3413 380 3486 445 76

191 509 346 567 lineis
376 507 431 562 in
458 508 668 577 integra
708 506 900 575 pagina
931 504 1019 558 34.
1057 502 1380 574 Signaturte,
1414 500 1658 566 numeri,
1687 512 1783 552 cu-
1811 503 1856 557 A

189 602 377 658 stodes
403 608 457 656 et
486 599 685 653 littera:
714 596 951 653 initiales
980 595 1197 651 absunt.
1249 590 1671 662 lnterpunctioni
1701 604 1790 644 so-

191 696 299 750 lum
359 700 621 763 punctum
682 690 930 745 inseruit.
992 688 1138 743 Hanc
1188 686 1303 743 fere
1369 684 1789 754 descriptionem

189 787 441 843 editionis
470 784 603 838 mihi
650 783 937 852 incognitae
969 781 1173 851 prtebet
1201 779 1263 836 P.
1322 779 1571 833 Placidus
1611 775 1791 830 Braun

190 882 237 934 in
268 878 401 933 Not.
438 877 582 931 Hist.
620 876 725 930 Lit.
758 877 809 945 I,
854 895 907 945 p.
934 874 1023 939 56,
1052 889 1280 944 eamque
1307 873 1415 943 jam
1449 870 1700 925 aBavero
1738 870 1791 924 in

190 972 324 1027 Bibl.
359 974 598 1027 univers.
629 971 688 1025 Τ.
725 971 787 1038 ll,
814 989 865 1038 p.
891 970 1020 1035 275,
1046 981 1283 1024 notatam
1307 984 1428 1023 esse
1454 975 1656 1023 monet.
1684 965 1793 1037 Ap-

192 1075 340 1135 paret
364 1076 553 1118 autent
585 1078 705 1117 eam
727 1062 907 1116 altilia
935 1078 1095 1131 quam
1119 1064 1219 1115 sub
1256 1077 1400 1115 antio
1435 1060 1574 1116 1475
1604 1076 1796 1116 recen-

193 1158 269 1212 sui
301 1157 603 1211 admodum
633 1172 754 1211 esse
789 1157 1096 1217 diversam,
1131 1157 1341 1209 tametsi
1367 1170 1430 1209 ex
1462 1155 1627 1209 titulis
1658 1170 1790 1209 con-

192 1252 379 1307 cludas
414 1267 579 1305 unam
612 1267 677 1306 ex
709 1252 877 1305 altera
913 1250 1077 1304 fuisse
1102 1265 1437 1317 expressum.
1468 1259 1627 1318 atque
1660 1248 1796 1304 adeo

193 1347 393 1419 habere
417 1346 472 1401 in
498 1346 694 1417 quibus
722 1362 750 1397 a
774 1345 1034 1400 Romanis
1057 1346 1367 1416 archetypis
1393 1344 1664 1399 diﬂ‘erant.
1689 1344 1793 1413 0p-

196 1440 424 1493 tsrerim
448 1438 614 1507 igitur
640 1448 697 1492 ut
718 1440 836 1492 viro
854 1439 1216 1493 solertiSsimo
1235 1439 1524 1507 placuisset
1544 1444 1797 1492 contenta

195 1531 442 1601 ejusdem
470 1531 677 1585 diserte
692 1529 951 1587 indicare.
983 1530 1236 1584 litesitavi
1270 1530 1683 1597 aliquantulum,
1707 1530 1796 1598 qui

195 1621 391 1677 factum
426 1622 520 1686 sit,
557 1632 611 1676 ut
645 1632 757 1676 tum
782 1620 1067 1690 Braunius,
1100 1632 1209 1675 tum
1236 1623 1324 1676 alii
1355 1621 1714 1691 bibliograplii
1748 1624 1798 1675 in

200 1717 521 1772 estimanda
579 1714 880 1770 editionum
933 1714 1392 1769 innominatarum
1440 1725 1599 1769 aetate
1637 1730 1799 1769 unam

197 1810 302 1865 lere
341 1823 601 1863 normam
634 1807 760 1861 anni
794 1805 933 1861 1475
971 1815 1351 1876 sequerentur.
1387 1806 1504 1861 Jam
1535 1805 1801 1860 Braunius

2492 511 2709 553 SECULO
2746 512 2862 550 XVI.

1964 593 2124 650 1505.
2188 592 2414 647 Venetiis
2473 593 2527 649 in
2577 592 2949 663 typographeio
2999 589 3370 647 Bartholomtei
3421 593 3486 649 de

1892 685 2051 741 Zanis
2078 687 2141 741 de
2194 686 2432 743 Portesio
2463 689 2689 743 libraria:
2726 690 2851 743 artis
2881 689 3222 758 peritissimo,
3254 690 3488 760 expensis

1894 786 2155 835 hceredum
2212 782 2394 837 nobilis
2446 783 2541 836 viri
2595 782 2661 849 Ω.
2714 783 2924 838 Domini
2976 782 3243 838 Octaviani
3301 784 3489 856 Scoti,

1895 875 2075 945 iri-fol.
2105 874 2164 930 S.
2190 875 2387 930 Leonis
2408 874 2722 932 Sermones.
2746 875 2902 930 Juxta
2927 877 3214 930 editionem
3239 876 3493 933 Parmen-

1895 982 2033 1023 sem.
2057 968 2462 1024 Commemorat
2487 969 2792 1035 Quesnellus
2824 970 2875 1021 in
2910 967 3131 1037 Prw/at.
3162 986 3282 1040 gen.

1972 1062 2132 1117 1511.
2165 1061 2387 1117 Parisiis
2421 1078 2517 1132 per
2545 1060 2634 1116 Jo.
2669 1060 2892 1114 Badium
2922 1062 3224 1115 Ascensium
3249 1104 3266 1129 ,
3315 1062 3489 1117 in-tl".

1898 1154 1958 1211 S.
1993 1154 2189 1210 Leonis
2216 1170 2369 1224 papae
2396 1154 2647 1223 Epistolas
2677 1152 2957 1208 catholicae
2983 1162 3037 1207 et
3076 1160 3275 1207 sancta:
3307 1151 3494 1207 erudi-

1899 1247 2061 1302 tionis
2095 1248 2446 1315 plcnissimte.
2480 1244 2595 1301 Cat.
2630 1244 2775 1299 Bibl.
2831 1242 2956 1314 Reg.
2987 1243 3165 1299 Paris.
3202 1245 3260 1298 it.
3292 1243 3493 1298 Bunav.

1900 1349 1955 1395 et
1993 1338 2199 1393 Bodlei.
2229 1340 2469 1395 Insertus
2496 1349 2579 1395 est
2611 1338 2824 1393 libellus
2861 1338 2928 1393 de
2971 1335 3227 1406 Conﬂictu
3259 1337 3499 1390 vitiorum

1903 1443 1950 1487 et
1973 1434 2253 1502 virtutum,
2305 1434 2495 1497 Leoni,
2540 1443 2600 1488 ut
2630 1442 2709 1488 tot
2730 1432 2852 1487 aliis
2882 1431 3164 1499 Patribus,
3215 1444 3500 1502 perperam

1903 1527 2191 1595 ascriptus.

1981 1619 2143 1673 1515.
2178 1617 2436 1683 Parisiis,
2496 1617 2666 1672 in-40.
2718 1618 2915 1673 Leonis
2961 1615 3233 1687 pontificis
3278 1615 3502 1673 maximi

1906 1710 2199 1768 Sermones
2230 1728 2387 1781 quant
2422 1712 2837 1781 diligentissime
2890 1713 3201 1781 nuperrime
3253 1710 3504 1781 caStigati

1908 1815 1964 1862 et
1992 1816 2252 1877 quantum
2283 1808 2451 1860 anniti
2479 1822 2567 1860 ars
2611 1808 2780 1874 potuit
2811 1806 3041 1861 feliciter
3083 1807 3355 1876 impressi.
3404 1804 3506 1859 Ve-

196 1903 397 1958 addidit
424 1917 479 1956 a.
514 1900 678 1965 1475,
726 1900 887 1954 aliam
916 1900 1210 1955 editionem
1242 1902 1445 1969 absque
1484 1898 1801 1970 typographi
1834 1897 1879 1955 Β
1909 1900 2226 1954 numdantur
2252 1897 2490 1953 Parisius
2520 1898 2642 1969 (sic)
2664 1900 2718 1952 in
2762 1901 2872 1952 vico
2897 1899 3003 1953 divi
3030 1896 3215 1952 Jacobi
3246 1898 3337 1953 sub
3366 1896 3507 1952 Lilia

195 2004 247 2052 et
289 1995 398 2050 loci
447 2005 577 2050 nota
607 1994 895 2063 prodiisse.
938 1991 1081 2047 Cave
1112 2008 1240 2048 vero
1288 2007 1355 2047 ne
1382 2007 1543 2061 supra
1571 2007 1601 2045 a
1648 1993 1802 2046 nobis

195 2087 527 2157 descriptam
569 2086 840 2157 cognitam
874 2085 976 2155 ipsi
1018 2085 1320 2139 existimes.
1361 2084 1482 2140 Alia
1519 2098 1680 2140 causa
1716 2101 1805 2139 su-

199 2181 350 2247 best,
397 2180 627 2236 Deburii
655 2195 849 2250 nempe
878 2187 1277 2246 commentum,
1308 2180 1460 2247 quasi
1487 2178 1655 2233 editio
1696 2178 1806 2233 Bo-

197 2289 355 2329 nan:
406 2271 621 2342 absque
667 2270 796 2325 anni
844 2279 968 2325 nota
1019 2268 1209 2343 (Ulrici
1236 2268 1424 2337 Galli),
1474 2284 1617 2323 anno
1667 2268 1807 2324 M75

199 2380 431 2437 procusa
465 2363 654 2419 fuerit.
686 2363 819 2417 Hinc
847 2377 1020 2417 annus
1054 2362 1157 2416 iste
1182 2360 1507 2429 percrebuit.
1533 2359 1642 2416 Sed
1665 2359 1809 2414 hunc

199 2457 417 2514 Deburii
462 2471 717 2513 errorem
748 2455 808 2510 P.
842 2452 979 2509 Xav.
1040 2452 1195 2509 Laire
1235 2454 1288 2508 in
1324 2453 1551 2525 Specim.
1600 2473 1654 2526 p.
1704 2453 1810 2510 155

199 2552 580 2624 reprehendit.

268 2643 399 2700 Sine
440 2657 585 2696 anno
605 2682 619 2705 ,
670 2640 786 2694 loco
813 2648 863 2694 et
892 2648 1099 2711 typogr.
1131 2637 1313 2710 in-fol.
1354 2637 1445 2708 (III
1475 2636 1559 2693 vel
1592 2636 1707 2707 IV).
1749 2637 1808 2694 S.

202 2736 401 2791 Leonis
432 2750 590 2805 papa:
612 2734 930 2789 Sermones.
957 2732 1040 2787 Ab
1068 2731 1224 2786 initio
1250 2749 1263 2785 :
1298 2731 1493 2801 Incipit
1524 2731 1652 2785 liber
1677 2730 1811 2784 beati

205 2827 391 2883 Leonis
423 2842 581 2897 papte
612 2825 921 2882 Sermonum
940 2865 957 2891 ,
997 2832 1047 2877 et
1077 2840 1243 2878 sermo
1267 2824 1469 2895 primus
1499 2822 1563 2877 de
1596 2824 1811 2877 ordina-

206 2928 339 2975 tione
387 2936 489 2973 sua
540 2920 797 2990 sequitur.
825 2917 887 2973 In
932 2916 1084 2971 ﬁne:
1124 2914 1309 2970 Ihesus
1334 2914 1569 2971 Christus
1616 2914 1808 2970 Maria.

208 3014 393 3073 Insunt
424 3012 728 3068 Sermones
757 3009 826 3066 94
852 3050 871 3075 ,
924 3024 1152 3078 quorum
1192 3007 1523 3079 penultimus
1569 3018 1815 3062 tractatus

207 3116 383 3163 contra
420 3106 629 3161 heresin
663 3103 994 3175 Eutychetis,
1028 3104 1249 3159 ultimus
1286 3118 1467 3158 sermo
1496 3103 1563 3158 de
1590 3102 1816 3158 Absalon

208 3212 295 3258 est
319 3201 662 3271 suppositus.
686 3197 871 3254 Tertia
905 3199 1021 3253 haec
1048 3208 1153 3265 est,
1178 3198 1263 3252 vel
1304 3198 1351 3252 si
1385 3202 1555 3252 mavis
1576 3239 1590 3264 ,
1622 3209 1813 3267 quarta

1906 2013 2062 2050 aureo
2090 2012 2119 2050 a
2146 1994 2349 2050 Joanne
2378 1994 2551 2049 Parvo
2581 1994 2632 2064 (J
2642 2010 2736 2048 ean
2775 1994 2957 2064 Petit).

1980 2088 2272 2156 Exemplar
2322 2088 2471 2157 juxta
2515 2086 2657 2158 quod
2704 2086 2963 2154 descripti
3020 2096 3187 2153 sunt,
3249 2084 3510 2141 editionis

1910 2180 2169 2235 Romanae
2222 2179 2342 2237 fuit.
2386 2177 2577 2233 Insunt
2625 2178 2783 2248 igitur
2823 2188 2876 2233 et
2920 2178 3163 2248 epistolae
3212 2176 3275 2245 5,
3317 2177 3508 2233 eodem

1911 2292 2100 2332 omnes
2133 2275 2325 2330 ordine
2351 2285 2405 2330 et
2430 2274 2781 2345 appendices.
2821 2273 2877 2327 In
2915 2275 3039 2339 line,
3073 2273 3325 2328 absoluto
3354 2272 3513 2342 plane

1912 2367 2124 2437 reliquo
2151 2381 2340 2435 opere,
2371 2374 2492 2435 post
2524 2366 2771 2435 paginam
2802 2380 3031 2420 vacuam
3076 2365 3187 2419 lolii
3221 2365 3426 2429 ultimi,
3456 2363 3513 2418 id

1913 2470 2017 2527 est,
2042 2458 2326 2515 centesimi
2351 2458 2550 2520 octavi,
2577 2458 2713 2511 adeo
2738 2469 2794 2510 ut
2819 2458 3060 2526 separari
3082 2458 3272 2527 possit,
3297 2456 3514 2511 additus

1915 2563 2000 2611 est
2024 2554 2227 2609 libellus
2262 2552 2449 2607 Leonis
2486 2568 2635 2623 papae
2663 2552 2729 2605 de
2755 2550 3014 2621 Con/lictu
3060 2553 3320 2606 vitiorum.
3380 2548 3515 2605 Huic

1917 2647 2112 2714 titulo,
2157 2648 2248 2715 qui
2296 2647 2350 2700 in
2379 2659 2591 2700 summa
2634 2643 2830 2714 pagina
2863 2644 3127 2708 cernitur,
3175 2642 3516 2713 subjungitur

1919 2739 2101 2795 statim
2136 2738 2318 2793 notula
2354 2756 2366 2790 :
2398 2736 2559 2791 Leoni
2590 2738 2802 2803 insuper
2828 2736 2966 2805 quod
2984 2734 3215 2805 sequitur
3243 2734 3516 2789 ascribitur

1919 2837 2244 2906 apusculum.
2296 2836 2446 2891 Illud
2485 2853 2609 2907 ergo
2662 2836 2836 2906 (quod
2884 2836 3171 2888 conducere
3214 2830 3517 2906 uidebatur)

1919 2929 2235 2984 addidimus.
2288 2929 2543 3000 Tuitaque
2580 2927 2833 2998 quidquid
2862 2936 2908 2981 et
2931 2925 3064 2980 illud
3090 2934 3192 2994 est,
3224 2926 3518 2995 (equilector

1921 3023 2113 3093 optime
2140 3023 2383 3093 bonique,
2418 3022 2697 3076 consulito.
2726 3019 2968 3091 Occupat
3004 3019 3133 3074 folia
3168 3020 3224 3083 8,
3254 3035 3373 3089 quae
3420 3034 3521 3074 nu-

1921 3116 2088 3171 meris
2118 3132 2225 3171 non
2250 3117 2549 3186 signantur.
2575 3114 2632 3169 In
2670 3114 2776 3169 line
2816 3114 2930 3168 tunc
2961 3113 3199 3168 clausula
3245 3130 3258 3166 :
3292 3112 3522 3183 Explicit

1924 3210 2205 3277 prteclarus
2232 3219 2278 3263 et
2305 3210 2522 3280 insignis
2549 3217 2795 3262 tractatus
2818 3206 3003 3261 Leonis
3023 3222 3157 3277 pape
3179 3206 3243 3259 de
3277 3205 3523 3275 conﬂictu

211 3294 512 3350 editionum
543 3291 746 3347 Leonis
792 3290 960 3345 locum
991 3300 1047 3345 et
1089 3306 1284 3343 annum
1333 3289 1475 3344 haud
1516 3289 1808 3359 praeferen-

1935 3303 2153 3356 vitiorum
2204 3310 2251 3356 et
2290 3303 2532 3356 virtutum
2554 3318 2574 3368 ;
2622 3318 2721 3355 vna
2764 3316 2881 3353 cum
2917 3300 3234 3353 sermonibus
3264 3298 3521 3353 eiusdem.

212 3391 360 3454 tium,
387 3398 556 3458 atque
582 3386 825 3441 omnium
857 3385 1080 3441 omnino
1118 3384 1461 3455 antiquarunm
1505 3384 1809 3439 rarissima.

212 3481 409 3537 Notitia
442 3479 563 3550 ejus
589 3479 817 3533 debetur
842 3476 1053 3531 Denisio
1083 3476 1150 3533 γ.
1178 3475 1294 3531 Cel.
1328 3478 1381 3531 in
1425 3476 1807 3531 Memorabilib.

216 3571 345 3628 Bibl.
378 3572 587 3627 Garell.
617 3589 671 3641 ρ.
705 3571 838 3636 191,
866 3583 966 3624 nec
990 3578 1188 3639 pra-ter
1213 3584 1337 3623 eum
1368 3568 1653 3639 quisquam
1686 3569 1814 3624 hac-

215 3677 368 3722 tenus
393 3663 712 3734 exemplum
738 3662 885 3717 illius
915 3660 1183 3716 tractavit.
1215 3661 1455 3716 Prodidit
1483 3663 1664 3732 itaque
1686 3661 1813 3717 folia

216 3760 369 3829 huius
393 3755 692 3812 voluminis
713 3770 744 3810 a
763 3768 821 3809 se
845 3761 1124 3808 numerata
1140 3768 1262 3809 esse
1288 3754 1414 3822 155,
1439 3754 1702 3809 linearum
1720 3754 1808 3821 57,

218 3852 419 3907 ﬁtteras
442 3863 572 3905 esse
602 3848 880 3918 gothicas,
910 3845 1007 3901 sed
1038 3848 1163 3901 novi
1194 3846 1353 3916 plane
1393 3847 1645 3916 generis,
1696 3861 1813 3901 ma-

218 3945 456 4016 iusculas
487 3942 741 3998 nimirum
764 3981 780 4007 ,
809 3939 1133 3995 ﬂuctuantes
1161 3946 1219 3995 et
1239 3953 1479 4008 asperas,
1512 3954 1632 4009 quae
1659 3939 1817 4008 quasi

219 4041 427 4109 scalpro
458 4045 705 4093 exarata:
726 4034 1033 4089 videantur.
1064 4032 1260 4090 Mediis
1308 4032 1363 4087 in
1389 4033 1613 4087 vocibus
1653 4032 1819 4088 tradit

221 4132 461 4201 conspici
514 4128 715 4200 passim
749 4128 955 4183 litteras
988 4126 1250 4181 rotundas
1276 4143 1338 4195 a,
1371 4136 1451 4193 st,
1475 4135 1530 4181 et
1552 4136 1631 4191 ct,
1657 4133 1819 4196 atque

223 4226 463 4281 unciales
481 4224 649 4279 etiam
673 4220 739 4287 C,
763 4222 828 4287 Ο,
856 4222 913 4286 S,
942 4220 1008 4289 T,
1041 4220 1237 4289 saepius
1266 4220 1564 4274 Romanam
1590 4219 1817 4275 formam

224 4318 444 4374 referre.
507 4315 649 4370 Rara
707 4315 1006 4368 litterarum
1057 4315 1396 4382 compendia.
1443 4314 1820 4369 Distinctionis

224 4412 391 4481 signa,
418 4416 683 4478 punctum
703 4415 753 4461 et
772 4407 951 4461 colon.
976 4407 1183 4460 Absunt
1208 4407 1482 4469 custodes,
1506 4408 1816 4476 signaturis,

226 4502 457 4571 numeri,
490 4502 794 4571 litteraeque
837 4501 1090 4555 initiales.
1117 4498 1351 4571 Singulis
1380 4501 1725 4556 sermonibus
1755 4501 1821 4555 ti-

227 4599 312 4651 tuli
356 4597 443 4651 sui
504 4604 631 4649 sunt
673 4595 922 4663 ascripti;
973 4595 1194 4663 singulis
1234 4593 1287 4648 in
1336 4596 1441 4650 line
1488 4595 1667 4649 addita
1716 4609 1821 4650 vox

1917 3395 2303 3468 Parrhisiisque
2339 3398 2619 3469 impressus
2670 3396 2726 3448 in
2775 3395 2881 3449 sole
2931 3410 3092 3448 aureo
3139 3394 3237 3446 vici
3282 3393 3393 3446 diui
3433 3391 3524 3447 la-

1919 3489 2030 3544 cobi
2060 3506 2149 3559 per
2188 3491 2491 3562 magistrum
2542 3486 2882 3543 Bertltoldum
2931 3487 3166 3541 rembolt.
3219 3488 3368 3541 Anno
3411 3485 3522 3540 dni.

1922 3582 2002 3639 M.
2058 3582 2290 3639 CCCCC.
2336 3582 2468 3639 XV.
2516 3585 2599 3638 die
2635 3599 2751 3637 vero
2802 3581 2891 3636 11.
2935 3583 3127 3636 martii.
3170 3582 3525 3637 Characteres

1920 3685 2045 3733 sunt
2073 3677 2273 3749 gothici
2321 3677 2519 3732 minuti
2547 3719 2562 3743 ,
2594 3677 2761 3732 verba
2791 3676 2999 3731 crebris
3030 3675 3365 3744 compendiis
3396 3690 3526 3730 con-

1920 3769 2053 3834 cisa,
2085 3772 2139 3824 in
2168 3770 2411 3839 margine
2438 3770 2552 3824 loca
2586 3768 2880 3839 insigniora
2917 3766 3116 3821 Leonis
3143 3766 3396 3822 lemmate
3424 3779 3522 3822 no-

1923 3871 2125 3930 tantur,
2158 3873 2212 3920 et
2231 3863 2554 3919 biblicorum
2589 3861 2802 3917 numeri
2828 3870 2952 3916 sunt
2980 3860 3225 3928 ascripti.

1998 3956 2158 4012 1516.
2192 3956 2435 4027 Lugduni
2461 3971 2552 4028 per
2590 3953 2882 4009 Iohannem
2909 3950 3076 4008 Clein.
3108 3952 3286 4024 iit-fol.
3330 3952 3529 4009 Leonis

1924 4050 2219 4106 Sermones
2249 4049 2470 4118 aliquot,
2508 4049 2563 4103 in
2601 4045 2913 4103 Homiliario
2944 4045 3227 4100 doctorum
3270 4044 3311 4099 f.
3346 4045 3530 4115 Augu-

1928 4142 2121 4199 stinus.

1998 4231 2159 4288 1524.
2195 4232 2535 4289 Parisiis.....
2564 4231 2740 4301 in-fot.
2788 4230 3044 4301 Epistolas
3084 4228 3285 4283 Leonis
3337 4243 3526 4299 papas,

1922 4327 1979 4380 in
2005 4324 2187 4379 Jacobi
2217 4325 2429 4379 Μεγιὶηὶ
2454 4323 2783 4379 Collectione
2808 4323 3146 4376 conciliorum
3167 4336 3285 4374 cum
3306 4336 3525 4393 genera-

1926 4420 2075 4488 lium,
2110 4429 2217 4472 tum
2256 4419 2511 4488 provinc.,
2544 4424 2589 4471 et
2626 4416 2876 4470 decretor.
2910 4415 3315 4484 pontiﬁciorum.

1999 4512 2180 4567 Testis
2228 4520 2311 4566 est
2366 4511 2702 4577 Quesnellus,
2731 4511 2821 4579 qui
2854 4510 3134 4581 nonaginta
3163 4518 3386 4579 quatuor
3412 4506 3530 4579 epi-

1933 4606 2084 4661 tolas
2108 4605 2332 4671 Leonis,
2363 4605 2545 4660 multis
2573 4604 2787 4675 quidem
2819 4604 2951 4659 locis
2986 4603 3295 4669 tuendosas,
3327 4603 3421 4659 sed
3446 4603 3530 4657 vi-

228 4692 406 4753 Amen.
440 4688 643 4744 litteris
669 4688 774 4742 late
810 4687 1154 4742 distantibus.
1177 4687 1458 4757 Ascriptus
1488 4697 1607 4744 erat
1634 4703 1818 4743 exem-
1845 4672 1900 4734 Β
1932 4699 2119 4753 cissim
2142 4697 2195 4751 in
2225 4698 2494 4769 aliquibus
2520 4672 2691 4753 multo
2713 4697 3110 4754 recentioribus
3132 4696 3532 4754 emendatiores

232 4784 355 4853 piari
406 4780 725 4837 Gareltiano
765 4782 947 4838 colore
986 4796 1258 4851 purpureo
1298 4796 1469 4835 annus
1516 4782 1675 4845 1461,
1728 4781 1820 4835 sed

232 4876 604 4931 fraudulenter
659 4875 760 4930 hoc
814 4875 1012 4930 factum
1044 4891 1165 4931 esse
1205 4875 1507 4945 suspicatur
1551 4876 1820 4931 Denisius.
1896 4884 1902 4890 '

232 4969 341 5025 Sibi
360 4970 468 5039 ipsi
492 4968 860 5039 conjecturam
882 4969 1025 5025 ferre
1044 4979 1232 5025 coacto
1253 4971 1338 5025 vel
1361 4970 1639 5024 Antonium
1662 4968 1819 5040 Sorg,

232 5066 613 5136 “gulanam,
634 5063 722 5119 vel
752 5064 1043 5119 Conradum
1075 5063 1255 5133 Finer,
1288 5063 1667 5137 Esslingensem
1698 5065 1829 5121 arti-

235 5156 407 5225 ﬁcem,
442 5155 619 5211 videri
652 5157 985 5223 pronuntiat.
1009 5156 1146 5211 Illud
1176 5171 1304 5211 vero
1330 5172 1397 5213 ex
1418 5158 1684 5213 contentis
1711 5174 1827 5215 ma-

237 5248 514 5313 nifestum,
540 5262 650 5301 non
671 5263 740 5302 ex
768 5247 1046 5315 Romanis,
1070 5264 1369 5320 earumque
1391 5250 1825 5321 repetitionibus,

239 5339 479 5405 Venetis,
507 5340 603 5395 sed
633 5356 698 5396 ex
723 5356 831 5397 una
852 5343 1204 5413 reliquarum,
1237 5359 1372 5413 quas
1399 5353 1524 5399 ante
1554 5344 1829 5399 recensui-

244 5449 377 5502 tnus,
406 5434 627 5490 omissis
649 5436 965 5505 quibusdam
998 5443 1053 5490 et
1080 5436 1281 5491 additis
1309 5436 1448 5504 aliis,
1473 5437 1614 5493 hanc
1637 5437 1833 5493 editio-

247 5544 354 5583 nan
388 5528 553 5583 fuisse
581 5528 929 5597 descriptam.

313 5620 435 5676 Sine
482 5638 653 5682 anno,
703 5619 933 5675 Colonia:
986 5638 1077 5689 per
1120 5621 1350 5677 Conrad.
1401 5622 1464 5676 de
1505 5621 1831 5679 Homborclt.

252 5715 419 5785 ίι-[οι.
464 5714 666 5770 Lenttis
700 5716 995 5772 Sermones
1021 5716 1216 5788 aliquot
1241 5734 1263 5784 ;
1307 5718 1358 5770 in
1390 5715 1713 5773 Homiliario
1740 5720 1835 5773 do-

255 5816 469 5877 ctorem,
500 5806 743 5865 editione
766 5824 928 5881 supra
959 5812 1099 5866 inter
1123 5811 1514 5882 Augustiniana
1540 5810 1833 5887 descripta.

523 5995 801 6064 Panos.
840 5998 1000 6068 LIV.

1930 4790 2109 4845 inesse
2136 4790 2344 4844 scribit.

2005 4884 2167 4938 1525.
2196 4882 2437 4953 Lugduni
2461 4899 2551 4955 per
2577 4882 2832 4937 Joannem
2859 4882 3093 4953 Crespin.
3117 4883 3302 4954 in-[oL
3332 4884 3533 4941 Leonis

1933 4977 2226 5033 Sermones
2275 4978 2509 5045 aliquot;
2542 4980 2683 5033 inter
2716 4977 2978 5033 Homilias
3014 4978 3300 5034 doctorum
3355 4980 3535 5036 eccle-

1934 5072 2278 5128 siasticorum
2299 5115 2312 5138 ,
2345 5081 2448 5128 etc.

2007 5166 2170 5222 1525.
2200 5164 2487 5235 Moguntina
2530 5167 2671 5237 apud
2694 5166 2785 5221 lo.
2818 5166 3088 5236 Schieﬂ'er,
3112 5168 3397 5239 in-fol.....
3429 5170 3535 5224 Deo

1935 5267 2084 5312 creta
2132 5259 2327 5313 Leonis
2382 5274 2535 5330 papa:
2572 5260 2663 5322 49,
2698 5259 2751 5315 in
2779 5260 2865 5315 ed.
2903 5261 3147 5331 principe
3187 5262 3536 5317 Collectionis

1936 5347 2137 5405 Concil.
2173 5360 2220 5404 et
2248 5350 2449 5404 Cotton.
2475 5349 2717 5422 Dionysii
2742 5349 2958 5422 Exigui,
2993 5368 3151 5423 quem
3175 5368 3321 5424 saepe
3343 5353 3454 5423 jam
3477 5352 3534 5408 in

1936 5442 2310 5513 superioribus
2333 5444 2699 5515 allegavimus.

2012 5538 2172 5593 1550.
2207 5521 2445 5592 ’ϐοιοηίιε
2478 5554 2547 5592 ex
2577 5536 2671 5604 0/7.
2715 5536 2857 5594 Petri
2900 5537 3135 5606 Quentel.
3178 5538 3231 5589 in
3271 5537 3365 5609 fol.
3401 5536 3536 5608 Epi-

1938 5631 2095 5686 stola:
2144 5631 2343 5686 Leonis
2394 5647 2573 5700 papae;
2635 5633 2687 5687 in
2738 5632 2963 5701 repetita
3022 5630 3261 5699 ejusdem
3324 5629 3538 5687 Μετ’ωηὶ

1941 5725 2277 5781 Collectione
2308 5742 2451 5780 conc.
2476 5742 2618 5798 gen.,
2650 5734 2757 5782 etc.
2791 5724 2856 5780 T.
2889 5724 2951 5790 Il,
2988 5740 3017 5778 a
3064 5724 3155 5781 fol.
3194 5723 3297 5781 188
3337 5724 3403 5779 ad
3430 5724 3539 5782 228

1942 5818 2202 5889 Epistolas
2227 5827 2577 5872 numerantur
2605 5814 2810 5872 XCVII.

2022 5910 2182 5969 1530.
2224 5909 2451 5969 Colonia:
2493 5926 2557 5964 ex
2594 5908 2687 5978 o/f.
2715 5906 2969 5964 Eucharii
3009 5908 3327 5979 Cervicorui,
3359 5907 3535 5981 iit-fol.

3012 6002 3050 6068 3
