4014 6350
478 412 544 468 75
999 408 1519 471 SCHCENEMANNI
1558 405 1838 463 NOTITIA
1875 403 2690 466 HlSTORlCO-LITTERARIA
2731 409 2797 465 IN
2838 410 2896 468 S.
2940 409 3238 468 LEONEM.
3688 408 3762 468 ⁸16

474 528 669 583 Leonis
711 527 1004 583 Sermones
1048 528 1277 599 aliquot;
1314 525 1369 579 in
1416 521 1662 577 Homiliis
1697 520 2064 594 praestantissi-
2088 524 2144 585 Α
2242 521 2403 579 1561.
2445 520 2745 593 (Colonias).
2772 524 2833 581 S.
2867 524 3066 582 Leonis
3088 539 3254 597 opera
3282 523 3464 582 studio
3490 522 3761 580 Laurentii

472 638 671 676 morum
702 621 945 676 Ecclesia
969 621 1257 675 doctorum.

544 713 701 769 1555.
746 712 965 768 Parisiis
1016 714 1155 785 apud
1195 708 1536 765 Franciscum
1584 710 1866 781 Regnault,
1898 709 2062 765 iit-8°.

472 806 728 877 Epistolas
759 796 958 861 Leonis
986 820 1168 875 papae;
1212 804 1263 857 iu
1294 802 1485 857 iisdem
1514 802 1756 858 Consiliis
1798 802 1855 856 h.
1904 818 1957 857 a.
2010 809 2067 856 et

471 900 506 955 l.
537 900 715 955 denuo
743 898 1007 967 repetitis,
1040 916 1065 949 a
1098 897 1227 968 folio
1254 892 1365 951 2υὲ
1388 896 1454 950 ad
1484 894 1611 951 447.

541 984 703 1047 1556.
745 988 987 1055 Busilew,
1020 990 1200 1059 in-[ol.
1235 990 1430 1044 Leonis
1458 1004 1611 1059 papa:
1632 987 1887 1060 epistolae
1913 986 2065 1055 quin-

466 1086 754 1152 quaginta;
798 1098 901 1135 una
950 1098 1070 1136 cum
1120 1083 1241 1136 aliis
1279 1082 1595 1153 pontificum
1627 1080 1787 1136 Rom.
1818 1080 2063 1150 epistolis

466 1174 666 1229 additae
718 1174 991 1228 Clementis
1044 1174 1269 1229 Romani
1321 1173 1813 1245 Recognitionibus,
1868 1171 2064 1228 edente

463 1269 549 1326 Jo.
581 1269 836 1325 Sit/tardo
865 1285 895 1323 a
927 1288 1049 1340 pag.
1074 1270 1180 1325 506
1215 1285 1385 1339 u5que
1413 1269 1479 1323 ad
1511 1260 1670 1322 ﬁnem
1702 1266 1779 1339 (id
1800 1276 1881 1321 est
1908 1264 2060 1337 574).

534 1356 652 1417 Iam
687 1363 878 1432 prima:
907 1378 1017 1417 suae
1046 1360 1321 1417 Clementis
1352 1348 1779 1431 Recognitionunt
1811 1359 2060 1426 editioni,

461 1473 580 1527 qua:
609 1473 658 1511 a.
693 1446 832 1513 1526
866 1456 1087 1510 Basilea:
1119 1456 1258 1524 apud
1299 1455 1387 1508 Jo.
1419 1454 1680 1509 Bebelium
1718 1454 1899 1525 in-fol.
1935 1469 2062 1522 pro-

461 1542 581 1615 diit,
630 1549 915 1605 addiderat
950 1549 1251 1604 Sichardus
1282 1548 1597 1619 pontiﬁcum
1628 1549 1835 1618 aliqum
1862 1547 2061 1602 Roma-

458 1657 651 1697 norum
685 1641 958 1711 Epistolas
1006 1641 1295 1711 plerasque
1340 1642 1731 1711 supposititias.
1763 1640 1869 1697 Sed
1899 1640 2059 1709 longe

458 1730 685 1788 uberior
724 1731 967 1788 accessio
1017 1731 1135 1787 inec
1184 1731 1325 1799 tulit,
1376 1731 1562 1789 Le0nis
1610 1734 1770 1789 simul
1805 1747 1914 1788 non
1945 1733 2060 1788 exi-

456 1836 614 1897 guam
649 1836 855 1896 partem
889 1824 1199 1895 complexa.
1253 1826 1553 1898 Diligenter
1598 1842 1718 1883 eam
1763 1825 2058 1882 consulue-

457 1928 583 1972 runt
612 1919 807 1971 fratres
830 1915 1132 1970 Ballerinii.

532 2008 690 2065 1558.
732 2007 960 2063 Colonia:
982 2008 1124 2079 apud
1154 2005 1299 2063 Petr.
1319 2007 1581 2076 Quentel.,
1604 2009 1774 2079 in-fol.
1798 2009 2058 2080 Epistolas

458 2103 654 2158 Leonis
687 2118 841 2173 papa:
875 2103 1056 2172 primi,
1096 2111 1151 2158 et
1179 2103 1439 2170 Decreta;
1485 2106 1537 2158 in
1568 2102 1904 2160 Collectione
1935 2122 2057 2159 con-

455 2194 693 2247 ciliorum
725 2196 973 2260 omnium,
1008 2206 1230 2250 auctore
1268 2193 1427 2249 Petro
1468 2194 1664 2249 Crabbe
1684 2197 2055 2254 Mechliniensi

454 2284 517 2341 T.
548 2284 592 2351 1,
624 2300 652 2340 a
679 2287 773 2356 fol.
801 2282 908 2341 543
935 2285 1001 2341 ad
1032 2286 1158 2343 392.

526 2378 819 2434 Pollicetur
848 2378 1023 2433 editor
1066 2379 1236 2449 magis
1271 2380 1533 2450 propriam
1561 2390 1607 2434 et
1634 2392 1809 2449 aptam
1836 2383 2054 2452 Episto-

450 2472 624 2527 larum
692 2470 891 2526 Leonis
961 2471 1358 2524 ordinationem.
1412 2469 1542 2539 Quae
1598 2471 1783 2538 enim,
1836 2474 2052 2543 inquit,

452 2564 596 2632 prius
636 2565 869 2634 confuse
911 2563 1213 2634 conscripta:
1259 2573 1397 2631 sunt,
1445 2579 1582 2616 nunc
1627 2564 1907 2619 secundum
1931 2582 2055 2619 con-

450 2653 621 2708 sulum
670 2652 878 2726 (modo
940 2652 1063 2707 sciri
1106 2654 1301 2722 possint
1348 2652 1366 2722 )
1417 2670 1478 2705 ac
1524 2658 1779 2708 mensium
1827 2656 2052 2711 debitum

448 2742 683 2799 ordinent
727 2754 845 2797 sunt
898 2744 1205 2810 constitutw,
1259 2746 1441 2813 quibus
1489 2742 1875 2814 deﬁcientibus,
1926 2748 2053 2801 ordo

449 2833 765 2906 reliquarum
817 2833 1194 2908 Epistolarum,
1242 2838 1331 2907 qui
1379 2838 1549 2906 aptior
1580 2838 1717 2893 visus
1759 2850 1854 2909 est,
1882 2855 2053 2893 serva-

449 2936 554 2984 tur.
585 2926 794 2998 Gaique
840 2928 1087 2998 epistolae
1136 2928 1482 3006 praemittitur
1520 2928 1879 2997 capitulorum
1912 2920 2051 2986 indi-

450 3024 625 3079 culus.
659 3022 925 3076 Notantur
957 3022 1009 3076 in
1044 3021 1284 3090 margine
1311 3022 1426 3075 loca
1459 3021 1681 3087 Biblica,
1716 3021 2051 3095 adjectteque

448 3118 575 3171 sunt
605 3114 802 3181 passim
834 3112 1095 3167 lectiones
1123 3111 1418 3165 variantes.

518 3206 823 3264 1540—47.
867 3203 1117 3269 Coloniae,
1169 3203 1339 3257 in-8°.
1390 3201 1563 3257 Tomis
1614 3202 1677 3259 Π.
1732 3198 1794 3260 D.
1845 3204 2048 3263 Leonis

2168 614 2335 672 Surii.

2242 728 2264 764 ι
2308 709 2621 766 Laurentius
2671 710 2860 768 Satrius
2911 711 3305 769 Carthasianus
3348 712 3402 768 in
3433 710 3673 769 editione
3702 724 3757 768 a.

2167 801 2303 859 1561
2339 806 2566 859 multum
2612 806 2870 873 temporis
2918 821 2980 861 ac
3007 821 3186 873 operte
3210 820 3272 861 se
3304 805 3549 876 posuisse
3596 801 3761 874 proﬂ-

2178 902 2311 951 tetur
2337 895 2389 948 in
2430 896 2765 966 corrigendis
2792 896 2991 952 Leonis
3016 895 3309 966 Operibus,
3340 897 3467 950 licet
3495 906 3622 950 ante
3663 909 3762 949 an-

2168 1000 2268 1041 nos
2296 987 2521 1055 aliquot,
2557 988 2752 1056 inquit,
2786 989 3067 1043 doctorum
3096 988 3337 1043 virorum
3370 988 3549 1043 studio
3574 1002 3761 1043 emen-

2165 1078 2289 1133 data
2322 1080 2673 1148 prodiissent.
2706 1078 2929 1135 Fatetur
2960 1090 3138 1135 tamen
3173 1097 3278 1135 non
3309 1096 3369 1137 se
3413 1089 3583 1135 totum
3618 1080 3759 1136 Leo-

2166 1186 2288 1227 nem
2320 1186 2429 1225 suae
2474 1172 2768 1241 integritati
2811 1174 2883 1227 ita
2924 1174 3248 1242 restituisse,
3284 1184 3341 1229 ut
3374 1175 3503 1229 nihil
3525 1175 3634 1244 jam
3668 1188 3757 1230 re-

2165 1262 2370 1333 liquum
2404 1274 2548 1319 esset
2577 1266 2929 1334 castigatione
2952 1265 3205 1335 dignum;
3247 1282 3346 1321 nec
3375 1269 3569 1321 mirum
3609 1281 3754 1332 esse,

2165 1359 2261 1422 ait,
2309 1372 2429 1411 cum
2478 1360 2593 1428 ipse
2623 1359 2732 1414 Leo
2762 1358 3017 1425 fateatur,
3066 1361 3230 1415 etiam
3279 1368 3392 1414 tum
3422 1376 3545 1415 cum
3578 1360 3757 1427 adhuc

2163 1449 2218 1504 in
2248 1450 2499 1505 humanis
2539 1460 2745 1520 ageret.
2778 1452 3022 1506 vitiatam
3065 1452 3233 1507 fuisse
3264 1453 3564 1521 Epistolam
3609 1455 3756 1508 illam

2163 1559 2341 1610 suam,
2389 1560 2509 1613 qua:
2534 1555 2619 1599 est
2647 1546 2713 1599 ad
2742 1545 3114 1601 Flavianunm
3149 1548 3274 1604 Hac
3300 1547 3648 1614 Quesnellus,
3681 1547 3755 1602 ita

2162 1644 2223 1690 ut
2251 1636 2354 1690 loci
2396 1634 2487 1692 ubi
2518 1635 2637 1691 haec
2666 1638 2835 1692 editio
2863 1654 3121 1707 expressa
3160 1640 3233 1693 sit
3260 1640 3588 1694 mentionem
3637 1640 3759 1694 nul-

2163 1725 2270 1781 lam
2298 1726 2523 1794 faceret,
2556 1728 2650 1797 qui
2680 1738 2861 1783 tamen
2891 1731 2978 1784 vix
3004 1731 3142 1786 alius
3187 1746 3348 1801 quam
3383 1731 3604 1787 Colonia
3634 1746 3757 1789 esse

2161 1830 2361 1889 potest.
2392 1821 2504 1891 Ego
2533 1836 2667 1877 vero
2705 1822 2896 1877 dubito
2935 1841 3002 1879 an
3030 1826 3252 1881 omnino
3282 1826 3441 1896 hujus
3484 1828 3607 1881 anni
3639 1828 3757 1883 edi-

2084 1908 2240 1968 Btio
2281 1923 2479 1967 exstet.
2529 1915 2687 1969 Certe
2733 1914 3081 1971 Harshernius
3132 1919 3183 1972 in
3232 1916 3556 1973 Bibliotheca
3604 1919 3756 1974 Coto-

2160 2006 2327 2059 nicnsi
2353 2004 2618 2076 (Colonias
2652 2007 2812 2074 1747,
2836 2008 2891 2063 in
2922 2008 3067 2082 tot),
3102 2028 3156 2081 p.
3185 2010 3313 2077 290,
3347 2026 3455 2067 non
3481 2010 3585 2067 nisi
3615 2012 3756 2067 1568

2160 2097 2360 2152 factam
2394 2099 2558 2153 novit.

2234 2189 2396 2245 i566.
2458 2190 2675 2246 Louanii
2726 2193 2869 2262 apud
2931 2192 3312 2265 Hieronymum
3362 2193 3636 2251 Wellm
3682 2208 3753 2249 aa

2157 2286 2432 2355 intersigne
2460 2285 2773 2354 Diamantis,
2814 2288 2869 2341 in
2896 2287 2983 2342 8°.
3026 2288 3160 2343 Voll.
3191 2288 3252 2343 11.
3290 2288 3479 2345 Tantus
3505 2289 3523 2344 l
3558 2290 3753 2345 inscri-

2157 2376 2303 2431 bitur
2333 2395 2347 2430 :
2381 2378 2447 2431 Ι).
2498 2378 2686 2433 Leonis
2732 2396 2907 2449 papae,
2960 2381 3118 2450 hujus
3162 2380 3399 2436 nominis
3447 2382 3626 2450 primi,
3657 2382 3753 2452 qui

2157 2483 2374 2522 summo
2396 2469 2519 2537 jure
2545 2470 2721 2540 Magni
2751 2478 3053 2541 cognomen
3083 2473 3192 2542 jam
3224 2473 3351 2528 olim
3373 2473 3604 2541 obtinet,
3630 2473 3755 2529 Ser-

2159 2575 2333 2613 mones
2388 2570 2433 2613 et
2478 2559 2766 2629 Homiliaz,
2823 2579 2943 2632 quae
3001 2564 3216 2632 quidem
3273 2574 3488 2620 exstant
3537 2578 3750 2622 omnes.

2156 2653 2343 2708 Altera
2366 2654 2476 2723 "pun
2520 2656 2635 2710 vice
2665 2668 2871 2710 summa
2903 2672 3025 2711 cum
3075 2658 3354 2727 diligentia
3382 2658 3449 2712 ad
3481 2658 3750 2729 antiquis-

2156 2744 2294 2798 sima
2337 2744 2672 2812 exemplaria
2703 2747 2887 2799 omnia
2914 2747 3172 2815 castigata
3199 2757 3253 2802 et
3277 2759 3455 2803 aucta.
3492 2748 3624 2803 Cum
3655 2749 3754 2802 du-

2158 2834 2282 2904 plici
2332 2836 2527 2891 indice.
2566 2836 2753 2892 Tomus
2803 2838 2934 2893 alter
2987 2840 3191 2893 habet:
3238 2839 3309 2894 D.
3358 2840 3548 2895 Leonis
3600 2855 3754 2913 papa

2156 2929 2404 3000 Epistolas
2449 2931 2725 2985 decretales
2771 2948 2832 2984 ac
2882 2934 3186 3001 familiares,
3218 2949 3337 3003 qua:
3384 2936 3602 3004 quidem
3645 2936 3743 2989 ha-

2155 3033 2344 3077 ctenus
2389 3024 2609 3091 reperiri
2663 3032 2953 3091 potuerunt
2999 3025 3209 3079 omnes.
3259 3025 3443 3078 Altera
3473 3026 3581 3094 jam
3615 3026 3737 3081 vice

2154 3128 2365 3168 summa
2400 3130 2521 3169 cum
2554 3115 2891 3183 providentia
2920 3114 2987 3170 ad
3010 3116 3387 3186 antiquissima
3417 3118 3745 3186 exemplaria

2153 3215 2429 3259 Correctau

447 3314 620 3375 papae,
651 3312 786 3367 etc.,
818 3300 1077 3371 Epistula:
1107 3297 1410 3353 decretales
1442 3307 1495 3352 et
1536 3297 1853 3356 familiares.
1888 3300 2045 3373 Ejus-
2076 3277 2121 3341 (ἶ
2224 3298 2354 3354 Uter
2402 3299 2550 3369 prior
2597 3299 2937 3370 posteriorve
2985 3308 3163 3355 tomus
3212 3302 3317 3365 sit,
3350 3300 3404 3355 in
3456 3301 3611 3355 titulo
3640 3316 3747 3357 non

447 3397 570 3453 dem
617 3393 915 3452 Sermones
959 3403 1013 3448 et
1060 3391 1329 3459 Homiliae,
1379 3391 1577 3447 edente
1630 3390 1787 3447 Petro
1836 3394 2044 3450 Canisio

446 3488 861 3560 Noviomagensi
883 3529 898 3553 ,
931 3496 1090 3557 quem
1124 3485 1451 3553 Quesnellus
1481 3484 1669 3541 scribit
1706 3486 2042 3559 professum,

447 3579 759 3638 adminiculo
786 3580 1067 3635 admodum
1095 3586 1410 3633 vetustorum
1436 3587 1483 3631 et
1510 3578 2043 3634 emendatissimorum

448 3674 879 3745 exenrplariorum
917 3686 970 3727 se
1005 3672 1247 3742 adiutum
1287 3673 1461 3743 fuisse.
1496 3670 1632 3725 Vide
1659 3673 2041 3743 repetitionem

446 3768 609 3839 hujus
661 3767 749 3823 ed.
803 3782 852 3821 a.
906 3763 1067 3821 1566.
1105 3764 1681 3835 ῐὶερτθὶιθιιάἱιθυιεῐη
1715 3766 2043 3834 Quesnellus

447 3862 587 3932 quod
619 3862 809 3915 librum
857 3858 925 3913 de
950 3857 1208 3928 Conﬂictu
1235 3859 1473 3912 vitiorum
1518 3868 1565 3911 et
1605 3859 1874 3914 virtutum.
1906 3868 2044 3915 tam-

447 3967 604 4023 quam
639 3949 855 4013 Leonis,
890 3947 1185 4003 addiderit.

519 4041 679 4098 1551.
722 4040 950 4095 Colonite
998 4040 1141 4109 apud
1175 4036 1321 4094 Petr.
1369 4039 1633 4108 Quentel.,
1682 4042 1861 4114 in-fol.
1908 4032 2040 4112 Epi-

444 4136 597 4192 stula:
626 4134 822 4189 Leonis
861 4144 1013 4204 papa:
1056 4135 1214 4203 primi
1246 4141 1300 4187 et
1327 4133 1589 4199 Decreta;
1633 4133 1687 4188 in
1728 4135 1907 4204 ejusd.
1937 4134 2043 4189 Pe-

447 4229 511 4281 tri
542 4225 739 4281 Crabbe
772 4226 1017 4279 Consiliis
1050 4226 1307 4279 editionis
1337 4227 1604 4292 repetita}.

518 4319 679 4376 1551.
721 4318 944 4386 Ibidem,
979 4318 1147 4393 in-fol.
1181 4318 1238 4373 S.
1268 4318 1468 4373 Leonis
1494 4318 1809 4375 Sermones.
1832 4318 2042 4375 Laudat

444 4413 584 4471 hanc
628 4412 957 4479 editionem,
1001 4410 1127 4481 quid
1160 4410 1301 4481 quod
1336 4422 1593 4466 tractasse
1623 4427 1683 4467 se
1716 4413 1908 4467 scribit
1946 4410 2036 4469 J0.

443 4506 748 4577 Ciampinus
799 4505 854 4559 in
906 4502 1144 4577 Epistola
1176 4502 1242 4558 ad
1284 4503 1494 4558 Erasm.
1536 4502 1746 4558 Gattola
1777 4521 1808 4558 a
1840 4506 2036 4559 Caieta.

441 4600 694 4658 Attamen
725 4610 793 4653 ne
819 4597 921 4652 hac
950 4597 1168 4665 quidem
1193 4596 1531 4666 professione
1574 4609 1793 4650 omnem
1824 4596 2036 4651 dubita-

2150 3393 2507 3463 signiticatnm
2549 3403 2651 3449 est.
2697 3394 2755 3449 In
2802 3410 2869 3449 eo
2917 3410 3048 3451 vero
3092 3395 3421 3465 exemplari,
3466 3396 3607 3465 quod
3662 3396 3748 3450 Bi-

2150 3487 2419 3541 bliotheca
2460 3486 2627 3557 Regia
2661 3487 2817 3541 nobis
2847 3488 3252 3557 suppeditavit,
3300 3488 3521 3542 inverso
3550 3488 3746 3543 ordine

2148 3594 2213 3633 ac
2256 3595 2353 3635 nos
2400 3580 2907 3649 reprresentavimus
2952 3582 3216 3649 compacti
3248 3590 3395 3634 sunt.
3431 3580 3537 3635 Sed
3583 3590 3737 3635 ante-

2149 3686 2352 3742 ponere
2382 3672 2554 3727 visum
2585 3681 2667 3727 est
2696 3687 2819 3726 eum
2851 3672 2935 3725 cui
2969 3671 3212 3739 przrfatio
3243 3670 3467 3725 editoris
3500 3680 3554 3725 et
3600 3670 3742 3727 Leo-

2150 3764 2234 3817 nis
2262 3765 2365 3817 vita
2394 3766 2503 3834 (ex
2536 3764 2706 3834 prima
2732 3763 2823 3818 ed.
2850 3762 3109 3818 1546-47
3133 3763 3153 3832 )
3180 3763 3409 3830 accedit,
3439 3764 3658 3832 quique,
3690 3764 3740 3819 si

2149 3865 2364 3927 tempus
2412 3868 2689 3925 spectetur
2732 3872 2842 3925 quo
2889 3858 3119 3925 primum
3170 3855 3463 3910 Sermones
3490 3866 3581 3909 ant
3615 3856 3743 3923 Epi-

2147 3952 2305 4005 stolis
2356 3950 2413 4005 in
2462 3949 2637 4004 lucem
2683 3949 2817 4005 editi
2866 3948 3096 4012 fuerint,
3147 3948 3344 4002 merito
3371 3951 3607 4016 priorem
3637 3948 3744 4002 sibi

2146 4043 2387 4098 vindicat
2434 4044 2651 4109 locum,
2700 4058 2860 4113 quem
2895 4044 2947 4097 in
2980 4042 3227 4097 omnibus
3276 4043 3435 4097 etiam
3484 4042 3747 4110 deinceps

2146 4136 2412 4191 insecutis
2460 4136 2789 4191 editionibus
2831 4150 3053 4204 semper
3081 4134 3328 4191 obtinuit.
3360 4134 3557 4187 Canisii
3604 4149 3745 4202 prae-

2146 4228 2277 4283 fatio
2317 4230 2384 4283 ad
2411 4226 2667 4282 Joannem
2699 4227 3039 4299 Lippiensem,
3074 4228 3367 4298 episcopum
3393 4225 3741 4290 Cirenensem,

2144 4318 2539 4391 su/fraganeum
2567 4330 2614 4374 et
2640 4321 2982 4375 ccclesiastem
3029 4320 3336 4388 primarium
3362 4315 3592 4373 Colonia:
3623 4326 3744 4369 ten-

2147 4411 2246 4466 dit.
2284 4412 2499 4467 Incusat
2548 4414 2775 4481 furorem
2823 4411 2999 4468 διερειιὲ
3034 4412 3259 4481 ejusque
3286 4424 3529 4475 causam,
3555 4409 3743 4462 imma-

2146 4519 2265 4556 nem
2313 4504 2578 4573 pln'tautia:
2608 4503 2820 4568 rabiem,
2867 4503 3009 4558 unde
3058 4516 3311 4571 perversa
3358 4500 3535 4555 studia
3582 4514 3742 4553 novos

2145 4594 2401 4648 scribendi
2451 4594 2626 4660 libros,
2674 4595 2943 4649 ambitiosa
2974 4595 3224 4648 doctrina:
3266 4593 3562 4659 ostentatio,
3604 4606 3741 4660 prte-

442 4692 645 4748 tionem
694 4690 853 4745 nobis
893 4662 1117 4755 exemit,
1166 4662 1368 4758 quippe
1414 4700 1573 4759 quem
1620 4688 1674 4742 in
1711 4686 1855 4754 aliis,
1900 4694 2036 4757 quas
2064 4662 2121 4722 Β
2146 4686 2411 4759 fractaque
2439 4688 2673 4758 quadam
2704 4689 2972 4760 sapientiae
2995 4687 3343 4759 presumptio,
3364 4686 3494 4742 item
3522 4683 3740 4752 eﬂ‘renis

442 4786 575 4843 item
622 4784 928 4840 versavisse
975 4782 1146 4836 videri
1192 4780 1324 4846 vult,
1364 4778 1652 4834 manifesto
1698 4780 1907 4850 lapsum
1940 4780 2036 4834 de-

2141 4780 2305 4835 libido
2353 4783 2767 4837 comminiscendi
2816 4799 2949 4837 nova
3000 4783 3282 4851 dogmata,
3335 4778 3518 4849 quibus
3569 4785 3739 4831 vetera

442 4875 859 4947 prehendimus,
903 4870 1173 4927 laudando
1216 4871 1483 4927 editiones
1531 4869 1739 4926 Lovan.
1798 4870 1935 4927 1566
1980 4884 2033 4927 et
2142 4884 2379 4956 ίαιιεάίνε
2407 4885 2562 4939 simul
2592 4894 2640 4939 ει
2666 4886 2927 4956 umqum-5
2961 4886 3268 4938 documen“,
3297 4882 3569 4950 incipiam,
3597 4887 3740 4932 tam-

440 4970 709 5037 Antuerp.
758 4963 921 5031 1585,
971 4964 1234 5035 quaternis
1279 4977 1529 5018 excusas.
1562 4962 1671 5017 Nec
1701 4977 2032 5033 magnopere

440 5063 599 5109 etiam
648 5060 945 5109 doctrinam
998 5068 1147 5109 suam
1201 5057 1360 5109 nobis
1400 5056 1737 5109 approbavit.
1772 5058 1883 5109 aui.
1916 5057 2029 5109 Ro-

2159 5002 2301 5057 juam
2331 5002 2400 5043 ex
2430 4985 2580 5042 fonte
2605 4988 2869 5042 oriantur.
2901 4985 3004 5039 Per
3032 4986 3126 5039 hos
3153 4985 3359 5038 demum
3406 4998 3494 5036 seu
3542 4980 3735 5051 gradus
3781 4976 3801 5109 Ι

2159 5088 2304 5109 .___-_:_
2337 5088 2612 5109 :mu:-._.:-
2643 5088 2812 5109 :.._--:.
2877 5087 2969 5109 L---
2997 5088 3097 5109 :-...
3318 5084 3551 5109 :..-..I--o
3620 5080 3731 5109 In...

437 5063 600 5119 etiam
648 5060 1147 5173 doetrinamnsuam
1194 5057 1360 5173 pubis
1400 5056 1737 5173 δείριίοθοξγῖιν
1772 5058 1897 5173 qui:
1916 5057 2029 5164 [ἦθ’
2140 5056 2306 5142 omnis
2334 5088 2614 5158 impietatis
2643 5088 2838 5157 inquit,
2871 5087 2969 5140 huc
2984 5088 3140 5157 jam.
3192 5125 3205 5138 .
3258 5124 3270 5137 .
3318 5084 3574 5138 inculcat.
3613 5080 3732 5137 Jam

436 5169 633 5258 malim
654 5155 795 5258 ,111⁵⁸
842 5163 896 5209 et
944 5154 1131 5258 “of”?
1184 5152 1391 5255 egens
1439 5149 1817 5258 COlonie‘nsfm
1870 5152 2031 5223 huius
2138 5188 2377 5245 Leonem
2410 5149 2573 5243 'haud
2624 5149 3000 5258 benigniorem
3045 5185 3183 5257 apud
3217 5185 3383 5239 hosce
3432 5192 3540 5237 tam
3572 5195 3733 5236 reve-

603 5246 896 5302 ed'mm
925 5245 1339 5310 nmmum
1382 5252 1675 5297 “manum
1706 5244 1889 5300 dicere
1933 5260 2028 5315 ω’
2135 5291 2428 5345 randarum
2456 5290 2632 5360 legum
2664 5297 2721 5346 et
2750 5244 3118 5344 institutorum
3163 5286 3431 5357 majorum
3481 5291 3729 5339 contem-

436 5347 669 5489 ωἰῗδδδ,
716 5429 963 5497 Vnum-‘8’
996 5430 1175 5498 θμίοι,
1216 5428 1274 5486 δ,
1324 5428 1522 5485 Leonis
1564 5428 1880 5498 sermones,
1930 5446 2027 5487 eo_
2135 5405 2321 5464 ptores
2369 5347 2640 5448 fortuitam
2686 5392 2994 5447 habiturum
3028 5347 3310 5463 praesagit,
3342 5401 3476 5459 quos
3524 5395 3724 5451 tamen,

2133 5494 2298 5550 modo
2349 5495 2528 5564 legere
2574 5492 2761 5562 velint,
2813 5510 3005 5548 omnes
3052 5493 3119 5548 ad
3166 5488 3570 5563 suspiciendum
3620 5486 3726 5541 viri

431 5526 557 5583 dem
605 5524 877 5597 Ciampino
924 5533 1080 5580 teste.
1129 5524 1185 5579 In
1231 5532 1498 5594 suspenso
1542 5525 1725 5595 itaque
1752 5528 2020 5595 sinamus,
2136 5524 2298 5550 "'"W
2349 5524 2528 5564 “’5‘”
2580 5524 2761 5562 "m'"
2813 5524 3005 5548 ""'"°°
3052 5524 3119 5548 ‘“
3166 5524 3570 5563 °"°"""“"“""'

431 5623 661 5665 mni“,
693 5635 760 5665 ,η
791 5620 843 5665 in
872 5618 1193 5665 ηηηροιίοηε
1220 5617 1395 5665 annm
1423 5618 1554 5665 ράίιί
1585 5630 1731 5665 sum
2131 5595 2368 5650 animum
2399 5605 2452 5650 et
2476 5594 2830 5665 amplexanda
2858 5609 2980 5665 qua:
3006 5594 3298 5649 temerario
3333 5607 3465 5647 ausu
3502 5602 3724 5661 spreve-

430 5623 662 5677 soorsim
693 5635 760 5675 an
791 5620 845 5674 in
872 5618 1193 5675 collectione
1220 5617 1397 5689 aliqua
1423 5618 1555 5673 editi
1585 5630 1731 5674 sunt.

502 5712 663 5770 i555.
706 5708 932 5768 Basileat
976 5724 1071 5783 per
1120 5710 1287 5767 ﬂetur.
1350 5709 1538 5776 Petri,
1588 5712 1767 5784 in-fal.
1818 5711 2021 5771 Leonis
2132 5698 2243 5753 rint
2289 5697 2537 5767 dogmata
2588 5695 2926 5766 compulsum
2992 5696 3056 5751 iri
3103 5703 3305 5767 sperat.
3356 5690 3723 5763 Epistolarum

2130 5802 2268 5858 ordo
2295 5811 2353 5857 ut
2382 5802 2532 5858 nobis
2558 5802 2758 5871 visum,
2792 5815 2858 5857 ex
2889 5800 3036 5856 Petri
3070 5800 3300 5857 Crabbei
3344 5798 3585 5856 editione
3629 5808 3721 5852 re-

430 5816 581 5881 popa
606 5807 764 5878 primi
790 5807 1029 5876 Epistola
1052 5806 1118 5861 ad
1143 5803 1457 5861 Flavianum
1488 5815 1678 5863 contra
1702 5804 2017 5878 Eutychen;

427 5901 483 5963 lu
514 5900 897 5963 Ortho'doxoar.
925 5900 1014 5957 Jo.
1049 5900 1265 5957 Heroldi
1293 5917 1348 5956 η.
1379 5899 1473 5957 37.
2129 5908 2331 5974 petitus
2359 5916 2461 5961 est.
2494 5908 2759 5965 Caeterum
2795 5904 2849 5961 in
2881 5915 3104 5971 utraque
3154 5914 3329 5975 parte,
3360 5902 3429 5961 ad
3475 5899 3711 5973 superio-
