4014 6350
224 390 288 449 π
750 382 1276 446 δωωΝεΜΑΝΜ
1313 378 1590 441 ΝΟΤΙΤΙΑ
1632 375 1824 437 1118Το

1938 372 2449 436 iO-Ll'l‘TERARlA
2490 378 2554 434 ΙΝ
2595 379 2652 437 S.
2698 380 2974 438 LEONEM
3437 387 3505 444 78

222 519 341 564 rum
366 501 669 560 editionum
694 503 1028 572 institutum,
1075 511 1256 561 textus
1286 502 1478 559 Biblici
1516 511 1572 559 et
1595 502 1815 559 'variann
1839 501 2087 573 Agam;
2127 516 2224 573 per
2252 503 2529 557 canonicos
2568 504 2831 576 regulares
2863 504 3047 559 Sancti
3085 503 3303 563 Martini
3327 510 3507 581 oppidi

223 608 306 656 tes
327 597 574 669 quaedam
600 598 656 653 in
686 599 1025 671 marginibus
1052 599 1279 669 adjectae
1304 607 1449 655 sunt.

294 690 456 747 1567.
492 689 727 748 Colunite
751 709 816 748 ea:
844 690 939 761 οΙῙ.
965 691 1055 747 lu.
1083 691 1343 760 Quentel.,
1366 690 1545 760 in-fol.
1563 688 1822 762 Epistula:

222 785 418 842 Leonis
459 800 614 855 papa
656 786 818 856 primi
867 796 922 842 et
973 787 1293 853 Deerctalia,
1340 786 1397 841 in
1422 784 1617 854 Cuncil.
1653 781 1822 840 Colle-

220 881 382 933 αἱου
414 878 671 935 Suriana.

290 970 453 1029 1568.
496 968 725 1025 Parisiis
771 970 914 1042 apud
943 968 1106 1024 licia.
1139 968 1423 1037 Sonnium,
1465 970 1653 1042 iri-(ul.
1686 966 1819 1040 Epi-

219 1065 372 1120 stula
399 1064 605 1119 Leonis
633 1079 809 1134 papae,
836 1078 962 1119 cum
992 1060 1268 1119 Clementis
1289 1062 1515 1120 Romani
1540 1062 1816 1137 Operibus,

220 1160 412 1216 edente
435 1154 647 1213 Joanne
671 1157 953 1213 Sieltardo.

286 1251 445 1306 lianc
494 1250 745 1306 adhibuit
776 1250 1124 1318 Quesnellus,
1172 1262 1333 1322 atque
1382 1250 1499 1306 haec
1545 1249 1615 1306 de
1656 1262 1721 1305 ea
1763 1248 1820 1304 in

220 1342 382 1414 Pref.
412 1360 537 1416 gen.
585 1343 797 1398 monuit
826 1362 841 1397 :
879 1362 899 1396 ι
930 1343 1169 1401 Joannes
1200 1343 1499 1401 Sichardus
1526 1341 1822 1400 Clementis

220 1438 453 1495 Rotuaui
479 1437 658 1507 Opera
701 1438 947 1509 collegit,
982 1439 1179 1508 quibus
1224 1449 1279 1495 et
1309 1449 1552 1495 veterum
1605 1438 1823 1507 pontiﬁ-

219 1547 340 1586 cum
372 1531 897 1601 Pseudool-Spistolas
938 1531 1159 1601 adjecit.
1192 1532 1286 1588 Hm
1316 1539 1438 1603 post
1483 1532 1666 1602 plures
1708 1531 1823 1585 edi-

220 1627 393 1679 tiones
444 1627 501 1679 in
550 1624 842 1681 Germania
892 1626 1119 1679 emissas
1147 1624 1373 1680 Parisiis
1415 1624 1578 1680 etiam
1612 1624 1825 1695 prodie-

222 1724 343 1772 rtmt
395 1716 564 1781 1568,
614 1734 733 1771 sunt
780 1718 1011 1787 plurium
1051 1719 1439 1789 pontiﬁciarum
1469 1717 1824 1790 Epistolarum

223 1811 614 1880 prmtimque
651 1809 839 1865 Leonis
874 1812 1035 1864 nostri
1062 1812 1374 1878 accessione,
1416 1828 1546 1881 quas
1572 1812 1641 1865 ad
1664 1811 1823 1881 [idem

1916 602 1970 669 et
1999 595 2277 649 academite
2306 594 2655 653 Lovaniensis.
2686 597 2946 668 Epistolas
2989 614 3041 654 a.
3092 599 3254 670 1575,
3290 601 3511 660 Sermo-

1921 703 2021 745 nes
2069 705 2121 745 a.
2175 688 2311 745 1577
2360 691 2703 760 prodierunt.
2752 691 2835 747 Ad
2877 709 3095 750 manum
3144 703 3227 751 est
3266 712 3376 754 non
3405 699 3507 757 nisi

1919 780 2177 836 volumen
2206 781 2376 852 prius,
2412 783 2641 838 editioni
2669 782 2816 839 Petri
2842 784 3039 841 Canisii
3066 790 3240 859 quoad
3286 798 3511 847 externa

1920 874 2225 944 persimile.
2272 873 2525 929 Prmlatio
2553 876 2725 931 abest.
2758 878 2893 933 Num
2926 881 3081 936 alteri
3111 882 3371 939 volumini
3412 885 3509 940 ad-

1921 965 2034 1020 dita
2076 967 2169 1034 sit,
2203 965 2408 1021 nescio.
2442 965 2500 1023 In
2540 969 2778 1025 secunda
2824 982 2971 1028 certe
3011 974 3247 1031 editione
3290 976 3514 1034 omnino

1921 1060 2281 1116 desideratur.
2311 1059 2593 1131 Inscripsit
2619 1078 2740 1119 eam
2786 1074 2964 1120 tamen
3003 1066 3234 1123 Joannes
3267 1067 3515 1126 Ulimme-

1920 1152 2030 1206 rius
2078 1152 2224 1221 prior
2250 1150 2311 1209 S.
2344 1154 2593 1224 Martini,
2644 1156 2733 1225 qui
2768 1156 2968 1225 primas
2998 1170 3177 1229 partes
3222 1159 3382 1233 hujus
3429 1178 3515 1218 re-

1922 1245 2195 1301 censionis
2224 1247 2553 1304 sustinuisse
2598 1248 2834 1317 videtur,
2878 1251 3108 1306 Arnoldo
3142 1252 3392 1309 Gantltois
3420 1254 3516 1311 ab-

1923 1336 2033 1394 bati
2066 1338 2387 1394 monasterii
2415 1324 2806 1407 Marcenensis,
2850 1343 3157 1411 praedicans
3204 1346 3256 1399 in
3288 1348 3516 1415 epistola

1923 1434 2048 1491 data
2092 1436 2317 1491 Luvanii
2363 1434 2614 1491 kalendis
2662 1437 2890 1509 Augusti
2940 1436 3078 1494 l575
3107 1455 3121 1492 :
3154 1438 3516 1509 Epistolarum

1923 1529 2122 1584 librum
2170 1544 2274 1584 ms.
2320 1528 2585 1585 Johannis
2615 1527 2899 1596 Wamesii,
2928 1530 3067 1598 juris
3098 1530 3377 1603 utriusque
3418 1533 3519 1588 do-

1924 1622 2111 1686 ctoris,
2141 1630 2195 1676 et
2235 1620 2374 1690 juris
2421 1620 2685 1691 pontiﬁcii
2727 1621 2781 1676 in
2811 1622 3136 1681 Lovaniensi
3168 1625 3521 1684 universitate

1925 1712 2273 1784 professoris.

2002 1807 2161 1865 1578.
2194 1805 2413 1863 Basilete
2442 1824 2506 1863 ex
2540 1807 2633 1873 of.
2686 1807 2850 1864 Henr.
2898 1807 3064 1876 Petri,
3112 1810 3281 1867 ἱηο8ο.
3324 1811 3523 1868 Leonis

221 1916 446 1959 sacrum
490 1904 868 1973 exemplarium
922 1903 1309 1960 Victorinorum
1350 1906 1614 1960 restitutas
1661 1906 1821 1975 fuisse
1848 1890 1897 1953 Β
1923 1903 2098 1974 Magni
2129 1902 2365 1973 Epistula
2397 1902 2464 1957 ad
2510 1902 2822 1957 Flavianum
2867 1902 3057 1959 Grmco
3086 1903 3307 1972 Latina,
3361 1914 3522 1961 rectas

225 2007 445 2053 testatur
470 1998 717 2053 editionis
756 1996 911 2065 hujus
958 2007 1267 2069 procurator
1303 2014 1646 2069 anunymus.»
1684 1996 1821 2053 Cre-

224 2092 459 2146 diderim
487 2090 743 2162 equidem
787 2090 907 2145 haec
936 2090 1055 2160 ejus
1082 2091 1246 2147 verba
1274 2106 1385 2147 non
1431 2092 1503 2145 ita
1532 2106 1655 2147 esse
1680 2092 1825 2147 acci-

224 2184 446 2254 pienda,
478 2193 539 2240 ut
571 2185 712 2239 hanc
736 2181 1099 2240 Parisiensem
1127 2184 1345 2239 demum
1373 2184 1667 2240 editionem
1696 2184 1825 2254 Epi-

223 2277 374 2333 stolis
400 2278 514 2333 illis
542 2278 921 2349 locupletatam
946 2293 1068 2334 esse
1092 2278 1342 2347 voluerit,
1366 2278 1463 2334 sed
1490 2294 1611 2349 qua;
1638 2278 1706 2334 de
1734 2292 1827 2334 ac-

222 2370 472 2427 cessione
496 2370 722 2437 scribit,
768 2370 836 2426 ad
886 2369 1239 2427 Germanicas
1288 2386 1505 2441 quoque
1556 2371 1824 2427 editiones

225 2464 505 2518 traxerim.
540 2463 821 2532 Quatenus
847 2478 977 2519 vero
1008 2464 1110 2519 hoc
1137 2463 1335 2530 valeat,
1370 2464 1423 2519 in
1455 2464 1824 2534 superioribus

223 2558 289 2612 ad
332 2573 385 2612 a.
422 2557 573 2614 1556
607 2559 936 2614 declaratum
964 2566 1068 2615 est.
1101 2558 1244 2625 Quid
1273 2558 1417 2629 quod
1446 2557 1696 2613 iortassis
1724 2572 1825 2615 nec

226 2650 638 2707 Victorinorum
683 2652 931 2707 codicum
975 2652 1449 2707 cmendationihas
1492 2652 1665 2722 prima
1704 2651 1824 2721 glo-

227 2744 348 2798 riari
388 2744 569 2813 possit
606 2742 725 2798 haec
762 2744 964 2799 editio?
1010 2744 1294 2801 Praecessit
1333 2745 1478 2801 enim
1510 2743 1827 2801 Parisiensis

226 2836 360 2905 apud
390 2835 645 2891 Catulum
669 2833 913 2891 Guillard
952 2835 1165 2890 viduam
1213 2835 1389 2905 15M,
1438 2837 1648 2909 in-ful.,
1702 2850 1825 2907 quae

228 2930 409 2983 nescio
440 2944 513 2983 an
544 2927 665 2983 lous
693 2927 838 2983 illius
860 2928 1041 2982 fuerit.
1062 2928 1225 2984 Certe
1244 2929 1514 2998 Epistolas
1529 2929 1826 2987 Clementis

226 3035 295 3075 ea
325 3019 626 3075 Vietorinis
650 3019 931 3075 codicibus
957 3020 1274 3075 emendatas
1301 3022 1486 3076 titulus
1513 3023 1823 3092 proﬁtetur,

227 3129 381 3184 quem
423 3114 481 3167 in
524 3112 804 3169 Addendis
844 3113 911 3169 ad
948 3112 1203 3169 Ruﬁnum
1235 3114 1346 3187 (ad
1374 3130 1426 3185 ρ.
1455 3114 1560 3173 655
1587 3115 1650 3172 Τ.
1680 3115 1743 3188 Ι)
1770 3116 1824 3172 in

228 3214 373 3261 tutuo
396 3205 566 3261 tertio
595 3205 866 3261 dabimus.

1928 1996 2053 2053 ﬁdei
2103 1996 2386 2063 columna;
2434 2012 2555 2050 cum
2587 1995 2867 2068 Legatione
2910 1999 3034 2069 imp.
3088 1998 3215 2054 Cres.
3260 1998 3524 2055 Manuelis

1928 2088 2177 2145 Comneni
2210 2088 2279 2144 ad
2310 2088 2602 2159 Armenius,
2632 2089 2723 2145 ed.
2750 2106 2781 2145 a
2808 2089 3118 2148 Leunclavio
3146 2108 3199 2149 a.
3230 2106 3286 2164 p.
3323 2093 3426 2150 169
3456 2094 3525 2149 ad

1925 2180 2055 2236 227.

2000 2276 2161 2333 1585.
2214 2276 2512 2346 Antuerpiw
2551 2276 2693 2345 apud
2722 2273 3026 2349 Philippum
3067 2277 3311 2347 Nutium,
3344 2280 3525 2350 iit-8°,

1928 2370 2079 2423 tumis
2118 2368 2185 2426 ll.
2220 2371 2394 2439 Opera
2422 2369 2486 2425 D.
2515 2368 2715 2426 Leonis
2758 2368 2830 2425 Μ.
2860 2384 2956 2440 per
2992 2372 3281 2427 canonicos
3316 2388 3430 2443 reg.
3465 2375 3522 2429 S.

1928 2460 2168 2527 Martini,
2212 2470 2345 2527 etc.,
2388 2476 2455 2517 ex
2495 2460 2881 2531 manuscriptis
2922 2462 3202 2519 codicibus
3240 2464 3527 2519 emendata

1928 2570 2052 2611 cum
2090 2554 2365 2612 indicibus
2392 2557 2569 2612 novis.

2000 2646 2100 2702 llic
2120 2656 2203 2703 est
2231 2647 2418 2703 titulus
2440 2648 2571 2703 tomi
2594 2647 2751 2718 primi
2770 2662 2866 2703 seu
2887 2647 3243 2714 Sermonum;
3274 2648 3528 2719 Epistulae

1928 2742 2299 2798 inscribuntur
2314 2753 2371 2797 ut
2390 2743 2443 2798 in
2470 2744 2665 2813 prima.
2689 2742 2761 2799 At
2781 2743 2966 2799 charta
2998 2754 3157 2814 atque
3184 2742 3531 2800 characteres

1928 2834 2217 2891 nitidiores
2235 2845 2365 2891 sunt
2385 2850 2449 2890 ac
2477 2835 2641 2891 illius.

2002 2932 2162 2987 1585.
2221 2916 2442 2986 Venetiis
2481 2932 2622 3001 apud
2668 2930 2929 2987 Dominis.
2966 2931 3305 2999 Nicolinum,
3356 2935 3529 3003 in-fol.

1928 3024 2127 3081 Leonis
2160 3026 2414 3095 Epistolas
2455 3027 2787 3094 decretales;
2831 3028 2885 3083 in
2921 3026 3269 3084 Conciliorum
3301 3031 3529 3084 omnium

1928 3117 2261 3173 Collectione
2312 3134 2412 3188 per
2455 3118 2735 3173 catholicos
2767 3120 3027 3189 quosdam
3095 3120 3357 3195 theologos
3407 3125 3530 3193 (po-

1932 3208 2200 3265 tissimum
2243 3208 2503 3265 Dominis.
2545 3208 2807 3265 Palatium
2862 3212 3054 3268 Venet.
3100 3214 3218 3270 urd.
3254 3214 3528 3286 Praedia).

296 3298 457 3354 1569.
521 3298 753 3353 Colonia
801 3313 898 3368 per
944 3296 1163 3354 Hartin.
1218 3298 1547 3355 Chulimnum
1576 3341 1591 3367 ,
1642 3302 1822 3371 in-ful.
1850 3273 1898 3338 ε
2008 3305 2169 3361 1588.
2215 3304 2461 3379 Lugduni
2502 3323 2564 3362 ea:
2606 3307 2699 3375 οβ’.
2748 3306 3061 3377 lentarum,
3113 3311 3291 3379 in~fol.
3334 3273 3532 3367 Leonis

228 3388 426 3445 leonis
464 3389 764 3446 Sermones
791 3390 986 3459 aliquot
1026 3389 1256 3463 (XXI);
1298 3392 1351 3446 in
1387 3391 1703 3449 Humiliario
1731 3394 1829 3450 du-

229 3492 428 3536 clonus
456 3480 834 3537 catholicorum
866 3483 1086 3538 selectis
1126 3482 1366 3541 homiliis
1398 3496 1557 3544 aucto
1592 3497 1645 3542 et
1678 3488 1825 3543 edito

230 3590 257 3629 a
303 3573 591 3629 Laurentio
622 3574 804 3631 Suria.
839 3573 930 3630 lo.
960 3574 1256 3647 Ciampinus
1282 3576 1481 3634 Leonis
1525 3581 1826 3638 Sermones

235 3666 333 3721 hoe
366 3681 517 3722 anno
558 3676 615 3724 et
646 3668 767 3724 loco
795 3676 851 3723 et
880 3667 981 3723 hac
1004 3667 1178 3723 forma
1218 3668 1426 3736 editos,
1465 3672 1611 3726 nulla
1642 3672 1824 3728 addita

232 3760 609 3829 collectionis,
650 3760 738 3814 cui
788 3760 974 3815 inserti
1025 3771 1244 3829 essent,
1292 3764 1572 3820 mentione
1615 3765 1823 3822 laudat.

229 3850 499 3923 [ntegrum
522 3850 649 3907 ideo
671 3850 968 3908 editionem
988 3853 1219 3909 seorsim
1245 3853 1440 3910 factam
1464 3856 1615 3911 innui
1635 3858 1825 3914 existi-

230 3960 376 4002 mare
431 3945 634 4017 aliquis
688 3956 912 4015 posset,
969 3947 1023 4001 in
1076 3947 1266 4016 primis
1319 3963 1441 4004 cum
1502 3964 1609 4005 non
1659 3964 1829 4006 manu

227 4051 437 4097 tantum
472 4041 735 4105 tenuisse,
770 4042 870 4097 sed
908 4051 1158 4098 accurata
1189 4042 1496 4100 attentione
1534 4044 1731 4114 legisse
1764 4060 1826 4101 se

228 4134 485 4192 afﬁrmet.
522 4133 635 4190 Sed
665 4132 781 4190 haec
811 4142 870 4190 ut
903 4144 1116 4191 cazterte
1143 4135 1246 4192 viri
1271 4136 1415 4194 illius
1441 4138 1827 4207 promissiones

230 4244 382 4285 vano
412 4236 571 4294 sunt,
600 4228 801 4299 quippe
828 4230 920 4299 qui
960 4229 1124 4284 unius
1162 4230 1311 4285 vocis
1338 4244 1469 4287 cura
1509 4240 1823 4303 occupatus,

232 4321 301 4377 ad
329 4323 436 4378 alia
466 4337 581 4378 non
608 4323 708 4377 nisi
735 4321 1031 4379 desultorie
1054 4322 1308 4379 advertit.

300 4415 463 4471 1569.
504 4413 727 4469 Basileat
775 4431 868 4484 per
900 4414 1118 4471 Henric.
1169 4414 1355 4484 Petri,
1399 4417 1579 4487 iri-fol.
1624 4418 1825 4474 Leonis

236 4522 385 4577 papa
417 4507 442 4562 1
474 4506 718 4577 Epistula
766 4507 834 4563 ad
866 4507 1179 4563 Flavianum
1203 4551 1218 4574 ,
1270 4518 1460 4566 contra
1503 4510 1822 4580 Eutychen;

235 4603 282 4655 in
319 4602 558 4657 Renum.
597 4600 953 4672 Orthodozgr.
983 4600 1101 4657 Jac.
1135 4601 1384 4675 σννηαεὶ,
1413 4623 1467 4676 p.
1498 4602 1589 4657 41.

1931 3401 2227 3457 Sermones
2268 3401 2505 3471 aliquot;
2553 3402 2604 3456 in
2638 3401 2954 3458 Bibliotheca
2986 3404 3317 3461 humiliorem
3350 3416 3397 3461 et
3424 3423 3531 3461 ser-

1934 3509 2143 3548 monum
2170 3495 2457 3560 priscorum
2477 3492 2600 3550 PP.
2632 3494 2900 3551 Laurentii
2928 3497 3155 3565 Cumdii,
3190 3497 3279 3554 ed.
3322 3507 3374 3553 et
3403 3513 3529 3567 per-

1932 3587 2075 3643 lecta
2098 3603 2130 3641 a
2157 3587 2253 3644 Ge.
2286 3587 2527 3643 Masone.

2008 3680 2166 3737 1591.
2188 3682 2367 3736 Romae
2385 3699 2450 3737 ea:
2467 3683 2663 3737 (edibus
2677 3683 2812 3755 Pop.
2830 3684 2983 3740 Rom.
3002 3702 3115 3742 exc.
3139 3684 3232 3741 Ge.
3255 3686 3304 3739 F
3306 3689 3524 3755 errario,

1931 3775 2110 3846 ἔνι-[οι.
2153 3776 2213 3831 S.
2264 3776 2460 3831 Leonis
2497 3776 2518 3832 l
2552 3777 2812 3845 Epistula:
2854 3778 3197 3847 decretales;
3244 3782 3296 3837 in
3348 3781 3527 3838 Colle-

1934 3867 2117 3925 ctione
2164 3867 2522 3939 Epistolarum
2561 3871 2895 3927 decretalium
2932 3890 3252 3929 summorum
3291 3876 3526 3946 ροηιὴῖη

1934 3961 2232 4019 adornante
2252 3963 2401 4019 card.
2434 3964 2654 4019 Antonio
2684 3964 2909 4037 (ἔω-αἶα,
2942 3982 3099 4037 quam
3144 3968 3344 4037 publici
3383 3969 3526 4039 juris

1932 4053 2060 4111 fecit
2085 4057 2337 4111 Antonius
2367 4058 2429 4111 de
2447 4058 2667 4129 Aquino.

2035 4148 2316 4216 Splendidi
2348 4148 2507 4219 hujus
2534 4150 2713 4217 aperis
2743 4150 3127 4208 vetustissimis
3153 4163 3209 4209 et
3253 4154 3528 4210 Vaticana:

1932 4238 2316 4307 bibliotheca,
2348 4250 2403 4296 et
2429 4241 2548 4297 aliis
2593 4244 2877 4312 permultis
2923 4259 3054 4299 mss.
3088 4246 3363 4301 codicibus
3402 4261 3527 4314 per-

1932 4329 2085 4397 fecti,
2102 4333 2312 4402 copiam
2328 4333 2484 4388 nobis
2505 4334 2696 4389 deesse
2710 4334 3063 4392 vehementer
3079 4337 3259 4392 doleo.
3275 4338 3382 4393 Sed
3409 4339 3530 4395 vide

1931 4421 2072 4478 intra
2116 4438 2235 4494 quae
2262 4424 2331 4479 ad
2362 4426 2689 4481 mentionem
2720 4425 3047 4483 Collectionis
3091 4427 3367 4483 Bullarum
3398 4429 3529 4485 ϐοσ-

1932 4516 2246 4587 queliniante
2267 4516 2548 4573 docentur.

1950 4652 1957 4661 .
2008 4608 2168 4665 1560.
2199 4608 2378 4664 Romae
2415 4611 2552 4681 typis
2594 4609 2846 4683 Congreg.
2890 4612 3065 4679 0rat.,
3108 4614 3286 4685 in-{uL
3329 4615 3530 4671 Leonis

302 4692 468 4748 £572.
514 4690 717 4765 Tiguri,
748 4664 930 4762 ἐνί-[δι.
959 4691 1155 4749 Leonis
1182 4664 1424 4764 episcopi
1455 4693 1683 4749 Romani
1708 4694 1826 4764 epi-
1848 4664 1911 4731 D
1933 4699 2189 4769 Epistulae
2218 4703 2413 4773 aliquot
2436 4664 2657 4757 antehae
2685 4664 3084 4771 ηῐηΰέάίλωῖἧι
3110 4664 3530 4762 Darunii—Ann—a:

235 4786 386 4840 stole
413 4785 563 4851 dum,
610 4798 716 4840 una
752 4785 822 4840 ad
853 4784 1169 4840 Flavianum
1206 4786 1376 4855 episc.
1412 4786 1821 4857 Constantinop.

237 4888 417 4934 contu
449 4877 768 4951 Eutychen;
809 4879 978 4934 altera
1010 4879 1078 4935 ad
1106 4880 1344 4936 Leonem
1376 4883 1675 4951 Augustum
1704 4895 1829 4937 con-

240 4980 317 5025 tra
341 4970 583 5027 Nestorii
628 4981 685 5027 et
727 4971 1045 5043 Eutychetis
1078 4972 1475 5044 hlaspltemias;
1519 4974 1659 5029 inter
1680 4973 1827 5030 Scri-

239 5073 323 5131 pta
364 5075 591 5119 ueterum
614 5061 805 5120 Latina
828 5066 895 5120 de
917 5082 1023 5120 una
1063 5074 1280 5135 persona
1317 5076 1365 5120 et
1393 5067 1598 5123 duabus
1627 5069 1827 5124 naturis

241 5156 468 5226 Domini,
497 5166 607 5214 etc.
642 5157 730 5213 ed.
763 5173 792 5213 a
819 5156 985 5214 Josua
1016 5157 1264 5227 Simlero,
1295 5176 1350 5229 p.
1382 5158 1471 5215 74.

312 5249 472 5306 1575.
517 5248 748 5304 Venetiis
772 5290 788 5318 ,
818 5249 999 5320 in—ful.
1041 5250 1100 5307 S.
1131 5250 1327 5307 Leonis
1355 5252 1671 5308 Sermones.
1714 5254 1826 5307 An-

242 5352 353 5397 ctor
379 5353 464 5399 est
489 5340 815 5411 Citlmpim,
845 5344 943 5399 sed
974 5359 1081 5400 non
1116 5344 1421 5414 signiﬁcat,
1458 5354 1638 5402 utrum
1673 5359 1826 5403 seor-

243 5436 337 5490 sim
365 5449 437 5491 an
465 5438 519 5491 in
546 5436 877 5492 collectione
900 5437 1081 5508 aliqua
1112 5437 1432 5507 prodierint.

308 5526 566 5585 1575-77.
606 5527 826 5583 Lanuuii
860 5527 1004 5597 apud
1047 5526 1271 5585 Hieron.
1308 5527 1584 5585 Wellcum
1628 5530 1698 5593 ad
1745 5547 1830 5585 tn-

244 5621 456 5692 tersigne
498 5619 818 5687 Diamuntis,
865 5620 1144 5675 uendente
1179 5618 1381 5677 Joanne
1432 5620 1627 5687 Iasio,
1652 5622 1828 5691 its-8°,

246 5715 386 5767 tumis
422 5710 486 5767 IL-
520 5713 585 5768 D.
616 5712 819 5769 bonis
859 5727 1013 5784 papa:
1043 5713 1202 5785 hujus
1239 5713 1473 5770 numinis
1504 5715 1663 5785 primi
1695 5714 1829 5788 Epi-

244 5805 383 5861 stula
400 5804 687 5863 deum
708 5817 760 5863 et
784 5808 1069 5879 tenuiores
1094 5808 1408 5879 (Sermones
1433 5817 1491 5866 et
1518 5807 1572 5863 Η
1576 5809 1826 5882 umilia),

243 5903 507 5962 alendis
530 5914 587 5963 et
618 5902 854 5963 metuis
877 5902 1041 5963 variis
1083 5903 1395 5977 diligentius
1443 5919 1590 5963 nunc
1628 5918 1827 5977 repur-

1934 4792 2064 4849 libus
2093 4791 2159 4847 Τ.
2188 4791 2273 4847 γι.
2307 4792 2569 4849 Nimirum
2595 4795 2656 4850 1ο
2686 4796 2755 4850 ad
2778 4797 3044 4869 episcopos
3062 4814 3153 4869 per
3172 4798 3526 4854 Arelatensem

1933 4882 2123 4941 Galliae
2152 4885 2469 4953 provinciam
2513 4888 2845 4951 constitutos,
2886 4888 2937 4942 in
2972 4890 3323 4959 sequentibus
3351 4891 3439 4948 ed.
3469 4910 3527 4950 η.

1934 4978 2058 5038 106.
2090 4977 2157 5033 ad
2205 4994 2256 5032 a.
2305 4976 2432 5045 449,
2465 4995 2518 5033 n.
2567 4978 2654 5044 16,
2701 4995 2769 5034 ex
2795 4979 3017 5050 antiquo
3042 4981 3230 5037 codice
3272 4982 3531 5040 Ecclesiae

1933 5070 2303 5137 Arelatensis;
2335 5070 2399 5123 2°
2424 5070 2495 5125 ad
2522 5070 2848 5126 Ravenuium
2873 5073 3226 5130 Arelatensem
3251 5078 3435 5148 episc.,
3461 5079 3531 5133 ad

1929 5162 2127 5225 a.it9,
2178 5180 2233 5216 n.
2268 5161 2357 5230 62,
2405 5177 2475 5219 ex
2517 5163 2709 5220 eodem
2758 5164 2944 5221 codice
2992 5164 3127 5233 207;
3172 5169 3234 5225 3°
3282 5167 3523 5241 Epistula

1931 5256 2443 5326 comprovincialium
2461 5257 2823 5329 episcoporum
2861 5260 3159 5329 metropolis
3187 5262 3522 5327 Arelatensis,

1932 5349 2000 5405 ad
2021 5365 2075 5405 a.
2098 5348 2226 5419 150,
2256 5366 2309 5405 n.
2340 5346 2435 5415 52,
2466 5365 2534 5406 ex
2558 5349 2749 5407 eodem
2782 5350 2931 5408 fonte
2964 5352 3147 5424 (l08);
3180 5353 3244 5409 4ο
3293 5352 3530 5424 Epistula

1931 5441 2206 5498 Leonisad
2228 5442 2491 5514 episcopus
2526 5444 2984 5515 comprovinciales
3013 5445 3310 5517 metmpolis
3344 5445 3529 5499 Arela-

1934 5536 2113 5603 tensis,
2160 5537 2228 5593 ad
2274 5551 2326 5591 a.
2376 5534 2506 5602 150,
2557 5553 2613 5593 tt.
2641 5536 2713 5594 57
2754 5535 2941 5609 (109);
2984 5537 3048 5595 5ο
3091 5538 3161 5591 ad
3203 5536 3529 5592 Ravennium

1934 5629 2286 5685 Arelatensem
2330 5628 2774 5702 archiepiscopum
2823 5627 2978 5701 (210)
3002 5668 3019 5694 .
3061 5643 3129 5684 ex
3184 5628 3377 5686 eodem
3420 5646 3529 5687 ms.

1938 5722 2141 5794 pariter
2166 5731 2414 5781 utraque.

2520 5811 2755 5870 Smne
2783 5826 2912 5868 xvn.

2012 5908 2171 5966 1601.
2223 5907 2510 5979 Muguntia
2562 5903 2707 5977 apud
2752 5902 2993 5961 Balthas.
3036 5903 3283 5977 Lippiunt
3334 5910 3530 5976 sumpt.
