4014 6350
471 384 544 446 79
996 364 1517 441 sanosNEiiANNi
1555 375 1837 435 norma
1875 366 2710 439 HlSTORlCO-LITTERARIA
2747 380 2817 439 lN
2854 383 2915 443 s.
2955 374 3254 442 LEONEM.
3689 384 3764 444 so

471 509 595 565 Ant.
620 505 853 571 Heirat.,
875 504 1046 560 iri-4°.
1077 506 1137 562 S.
1170 505 1369 561 Leonis
1396 502 1556 573 Papae
1589 500 1846 572 Epistulae
1865 500 2067 571 aliquot
2091 501 2146 563 Α
2168 498 2267 558 SS.
2320 500 2539 558 Patrum
2591 500 2779 558 Leonis
2822 501 3003 576 Magni
3055 501 3283 558 Romani
3314 496 3614 573 pontiﬁcis,
3642 498 3761 576 eius

469 610 525 658 et
549 602 654 656 alia
694 601 969 670 quasdam;
1020 600 1073 653 in
1120 597 1470 653 illiscellaneis
1518 604 1812 651 sanctorum
1867 592 2064 665 aliquot

468 693 687 749 Patrum
717 692 1013 748 ercorum
1048 700 1095 744 et
1128 688 1433 742 Latinorum
1476 686 1719 742 collectis
1751 686 1983 757 primum
2010 693 2065 741 et

466 788 623 842 editis
658 788 971 857 appendicis
1003 786 1119 837 loco
1162 782 1227 835 ad
1262 781 1496 853 Gregorii
1529 780 1767 835 Neocas.
1814 780 1988 850 Opera
2030 796 2063 834 a

465 880 602 935 doct.
629 880 883 935 Gsnsnoo
916 877 1107 930 Vossw
1138 873 1316 944 Praep.
1350 872 1663 945 Tungrensi.

536 971 722 1025 Insunt
750 984 779 1021 a
809 986 859 1037 p.
900 965 999 1020 144
1029 967 1093 1020 ad
1121 965 1229 1021 238
1261 965 1540 1034 sequentia
1576 982 1587 1016 :
1622 966 1681 1029 1°
1732 962 1971 1033 Epistula
1992 962 2062 1016 ad

464 1061 779 1117 Flavianum
807 1060 902 1116 Gr.
934 1070 988 1115 et
1010 1058 1157 1127 Lat.,
1184 1075 1307 1114 cum
1339 1067 1658 1127 argumento
1687 1067 1740 1111 et
1762 1056 2061 1122 subjunctis

462 1156 682 1211 scholiis
708 1154 993 1219 Vossii;2°
1014 1152 1257 1221 Epistula
1290 1154 1357 1205 ad
1390 1151 1612 1205 Leonem
1628 1150 2063 1221 imp.Augustum

462 1248 555 1303 Gr.
592 1259 644 1303 et
675 1248 817 1313 Lat.,
842 1262 960 1301 cum
986 1262 1191 1315 argum.
1229 1256 1281 1300 et
1332 1243 1586 1308 scholiis;
1636 1242 1697 1295 5ο
1749 1242 2062 1296 Testimonia

462 1340 571 1396 SS.
598 1338 841 1406 Patrum,
870 1350 975 1395 etc.
995 1380 1010 1405 ,
1042 1356 1145 1393 non
1179 1338 1353 1392 solum
1389 1338 1599 1397 Latine.
1640 1346 1700 1391 ut
1729 1346 1887 1391 antea
1917 1336 2057 1390 edita

460 1444 636 1501 erant,
667 1434 759 1489 sed
782 1445 837 1488 et
859 1432 1067 1497 Griece,
1103 1432 1241 1485 sicut
1264 1431 1315 1484 in
1348 1429 1579 1498 antiquis
1612 1444 1742 1483 mss.
1786 1429 2060 1483 invenisse

460 1543 521 1584 se
550 1538 776 1583 testatur
806 1527 1012 1591 editor;
1040 1525 1104 1576 4ο
1140 1522 1379 1592 Epistula
1410 1522 1554 1574 Petri
1601 1523 1756 1592 episc.
1786 1521 2059 1574 Ravenna-

461 1621 526 1675 tis
562 1620 631 1673 ad
663 1618 931 1689 Eutychen
952 1618 1119 1687 presb.
1146 1623 1326 1669 contra
1350 1630 1549 1669 errores
1570 1614 1701 1680 ejus,
1736 1630 1831 1682 pro
1866 1614 2053 1685 Leone,

458 1712 551 1768 Gr.
576 1721 631 1766 et
660 1712 779 1766 Lat.
826 1727 891 1766 ex
924 1710 1051 1764 Mss.
1095 1709 1263 1764 Vatic.
1297 1718 1349 1762 et
1379 1705 1541 1762 Card.
1577 1707 1794 1769 Sirleti;
1832 1707 1895 1761 5°
1928 1705 2057 1759 Tra-

457 1815 624 1859 ctatus
651 1805 712 1859 S.
744 1804 928 1858 Leonis
957 1803 1201 1857 adversus
1224 1818 1419 1854 errores
1454 1800 1749 1871 Eutychetis
1768 1810 1815 1853 et
1832 1800 2056 1854 aliorum

2168 595 2405 650 nominis
2428 595 2607 666 primi,
2640 594 2861 651 Maximi
2887 595 3227 651 Taurinensis
3251 597 3500 668 episcopi,
3530 606 3584 654 et
3613 596 3761 656 Petri

2168 687 2471 762 Chrysologi
2512 688 2827 744 Ravennatis
2874 690 3129 760 episcopi,
3179 689 3352 761 Opera
3408 689 3589 745 omnia
3640 706 3761 762 qua

2166 783 2392 851 reperiri
2420 793 2728 853 potuerunt.
2761 782 2897 839 Vide
2912 782 3166 840 editionis
3196 784 3354 855 hujus
3380 787 3759 856 repetitionem

2166 876 2409 943 proxime
2430 886 2766 943 sequentem.
3792 940 3793 943 η

2239 966 2397 1023 1618.
2449 966 2670 1023 Parisiis
2718 968 3005 1040 sumptibus
3031 967 3328 1025 Sebastiani
3363 969 3649 1045 Crantoisy,
3675 974 3759 1028 in-
3784 956 3801 1033 Ῐ

2165 1058 2259 1125 [οι.
2295 1057 2393 1113 SS.
2425 1058 2640 1140 Patrum
2671 1060 2871 1116 Leonis
2900 1062 2995 1128 M.,
3026 1071 3157 1125 etc.,
3188 1061 3358 1132 Opera
3391 1064 3591 1120 omnia.
3632 1064 3760 1121 Edi-

2164 1152 2235 1205 tio
2266 1168 2417 1219 nova,
2477 1163 2625 1208 aucta
2664 1165 2712 1209 et
2759 1156 3044 1226 recognita.
3086 1157 3175 1213 Sic
3222 1157 3446 1223 titulus;
3484 1159 3759 1216 enimvero

2165 1242 2335 1298 altera
2384 1245 2499 1300 haec
2548 1244 2714 1299 editio
2765 1261 2873 1299 non
2916 1247 3084 1317 magis
3139 1256 3224 1302 est
3275 1249 3549 1318 recognita
3597 1264 3757 1318 quam

2164 1335 2359 1402 prima,
2392 1334 2486 1388 sed
2507 1343 2731 1405 utraque
2751 1335 2818 1390 ad
2837 1336 3058 1391 verbum
3084 1347 3166 1392 est
3197 1338 3467 1409 descripta
3495 1355 3560 1394 ex
3586 1340 3758 1396 Lova—

2164 1426 2358 1480 niensi.
2388 1425 2498 1482 Nec
2527 1428 2683 1483 veriti
2709 1437 2835 1482 sunt
2854 1428 3189 1499 bibliopolae,
3222 1432 3634 1500 quorumsolum
3653 1430 3758 1488 hoc

2162 1526 2245 1573 est
2274 1519 2595 1588 institutum,
2635 1518 2927 1575 Ulinimerii
2957 1521 3241 1591 epistolam
3285 1523 3338 1576 in
3367 1521 3542 1578 fronte
3574 1523 3757 1593 operis

2162 1626 2408 1666 recusem
2446 1613 2596 1667 dare.
2647 1612 2841 1668 Mirum
2872 1629 3000 1668 vero
3037 1615 3125 1683 qui
3154 1614 3477 1682 Quesnellus
3517 1615 3757 1672 scribere

2160 1713 2371 1772 poterat
2390 1704 2591 1775 integra
2620 1704 2805 1760 Leonis
2837 1706 3007 1776 Opera
3037 1717 3161 1762 ante
3208 1723 3405 1762 annum
3451 1708 3589 1764 1614
3611 1706 3755 1764 edita

2158 1810 2218 1852 se
2240 1796 2467 1865 nescire,
2499 1813 2618 1852 cum
2652 1808 2827 1854 tamen
2859 1798 3280 1855 Ulimmerianam
3308 1816 3527 1871 Operam
3573 1800 3749 1872 probe

460 1900 838 1962 haereticorum,
882 1896 1146 1966 incipiens
1182 1914 1193 1947 :
1223 1898 1302 1948 Ad
1335 1894 1581 1947 Ecclesiae
1629 1893 1766 1961 ﬁlios
1794 1893 2055 1947 instruen-
2090 1890 2132 1949 Β
2162 1890 2395 1944 noverit.
2426 1889 2725 1960 Integriora
2754 1891 2862 1945 dici
2894 1902 3165 1961 poterant,
3199 1895 3245 1947 si
3269 1908 3458 1949 verum
3480 1906 3582 1962 est,
3610 1897 3755 1966 quod

458 1991 571 2049 dos.
621 2003 726 2045 etc.
760 1992 845 2059 (ex
880 2005 984 2043 ms.
1030 1989 1203 2042 Vatic.
1238 2004 1290 2040 n.
1322 1985 1463 2041 2546
1493 1984 1533 2055 ).
1564 2001 1722 2055 quem
1753 1986 1967 2054 plenius
1995 1985 2051 2039 iii

456 2083 680 2138 scholiis
703 2083 1001 2152 subjunctis
1023 2097 1090 2135 ex
1120 2081 1240 2150 styli
1273 2082 1773 2149 sententiarumque
1802 2078 2052 2133 similitu-

456 2177 582 2232 dine
604 2176 767 2231 Leoni
811 2174 1004 2229 asserit
1044 2174 1250 2236 editor;
1284 2172 1345 2227 6°
1392 2171 1633 2224 Edictum
1682 2170 1741 2226 S.
1774 2171 1960 2225 Leonis
1981 2171 2050 2224 ad

454 2271 714 2324 universos
747 2270 1012 2340 episcopos
1044 2282 1133 2333 per
1165 2264 1400 2320 Siciliam
1434 2264 1768 2329 constitutos;
1814 2265 1876 2317 7°
1914 2263 2049 2335 Epi-

455 2363 596 2418 stola
617 2365 683 2417 ad
711 2361 987 2416 lulianum
1016 2360 1259 2415 Coensem
1286 2359 1611 2430 episcOpuma
1630 2357 1924 2427 Utramque
1948 2374 2046 2413 an-

454 2456 613 2512 tehac
636 2472 743 2511 non
773 2456 970 2511 editam
1018 2470 1087 2510 ex
1129 2469 1232 2508 ms.
1263 2452 1423 2507 Card.
1479 2452 1663 2507 Sirleti
1685 2452 1970 2522 descripsit
1994 2460 2048 2507 et

454 2562 584 2605 vere
610 2549 806 2604 Leonis
830 2562 953 2602 esse
973 2560 1040 2601 ex
1055 2545 1293 2601 dictione
1312 2553 1366 2599 et
1389 2542 1663 2597 historicis
1682 2543 2046 2597 monumentis

454 2641 830 2695 demonstrare
872 2639 1076 2693 nititur.
1134 2637 1239 2692 Sed
1268 2636 1359 2705 qui
1388 2649 1555 2704 porro
1585 2633 1754 2687 additi
1786 2641 1953 2699 sunt;
1980 2633 2044 2687 8°

454 2733 532 2787 De
574 2732 913 2803 Martyribus,
949 2741 1003 2785 et
1046 2730 1110 2786 9°
1143 2731 1204 2784 de
1227 2729 1482 2783 Absalone
1528 2729 1733 2798 quando
1754 2726 1922 2781 David
1952 2744 2047 2797 pa-

453 2837 585 2881 trem
608 2844 757 2880 suum
794 2825 1209 2897 persequebatur,
1233 2824 1325 2893 qui
1354 2824 1404 2878 in
1436 2823 1670 2894 antiquis
1713 2838 1865 2900 teque
1891 2823 2046 2879 codi-

451 2917 600 2974 cibus
629 2933 695 2976 ac
720 2919 880 2977 editis
911 2917 1283 2990 superioribus
1313 2931 1412 2989 pro
1446 2914 1703 2975 Leuiiinis
1734 2918 2048 2975 vendeban-

452 3028 562 3079 tur,
614 3016 787 3069 eidem
829 3014 1173 3083 abjudicavit.
1226 3018 1402 3083 Atque
1447 3014 1562 3067 haec
1602 3015 1781 3068 omnia
1826 3013 2046 3069 scholiis

452 3107 745 3163 illustravit
778 3107 1020 3161 Vossius.
1050 3153 1064 3165 .

525 3202 685 3257 1606.
714 3201 939 3255 Coloniae
968 3201 1107 3272 apud
1133 3198 1221 3253 Jo.
1255 3196 1565 3270 Gymnicum
1582 3206 1631 3253 et
1658 3198 1779 3252 Ant.
1809 3197 2039 3267 Hierat.,

2160 1978 2377 2046 scribit,
2435 1980 2607 2036 tribus
2656 1981 3010 2037 Sermonibus
3064 1998 3129 2039 ex
3183 1986 3352 2041 veteri
3406 2001 3510 2041 ms.
3550 1986 3754 2047 Nicolai

2156 2070 2314 2126 Fabri
2350 2072 2557 2141 codice,
2604 2073 2658 2127 in
2712 2073 3039 2130 bibliotheca
3086 2076 3434 2133 'l‘huanorum
3482 2091 3609 2138 tunc
3635 2096 3753 2137 ser-

2156 2176 2281 2221 vato
2300 2210 2315 2233 ,
2350 2182 2472 2222 esse
2511 2168 2785 2235 auctiora;
2814 2184 2934 2223 nam
2963 2170 3119 2225 nobis
3149 2181 3368 2242 propter
3389 2174 3581 2230 indicis
3606 2175 3752 2233 defe-

2153 2268 2299 2313 ctum
2327 2258 2659 2314 contendere
2683 2275 2801 2315 eam
2832 2275 2956 2316 cum
2986 2262 3418 2332 praecedentibus
3444 2281 3549 2321 non
3579 2266 3750 2323 licuit.

2154 2350 2426 2419 Epistolas
2476 2354 2639 2408 habet
2696 2353 2799 2411 110
2844 2364 2899 2410 et
2930 2366 3215 2413 tractatum
3262 2374 3292 2413 a
3324 2358 3518 2417 Vossio
3547 2360 3749 2418 editum

2152 2444 2400 2499 adversus
2429 2462 2626 2500 errores
2657 2445 2976 2518 Eutychetis.

2226 2535 2385 2592 1618.
2419 2535 2649 2592 Colonite
2677 2538 2945 2611 Allobrog.
2971 2552 3163 2613 sumpt.
3184 2543 3286 2598 Ant
3319 2542 3546 2613 Hierat.,
3568 2547 3746 2618 in-[ol.

2152 2626 2421 2684 Leonis...
2480 2629 2736 2699 Epistulae
2778 2639 2835 2686 et
2858 2632 3085 2689 Decreta
3113 2633 3301 2710 (110);
3326 2636 3381 2699 in
3411 2638 3627 2713 repetita
3654 2636 3747 2697 Bi-

2152 2721 2311 2775 niana
2333 2719 2585 2775 Concilio:
2599 2739 2683 2776 um
2714 2722 2955 2784 editione.

2226 2812 2385 2873 1618.
2420 2812 2621 2875 Ibidem
2648 2832 2739 2890 per
2768 2821 3028 2889 eumdem,
3074 2823 3255 2894 in-fol.
3286 2824 3486 2881 Leonis
3515 2827 3586 2882 Μ.
3616 2843 3748 2899 pon-

2152 2908 2238 2964 tif.
2270 2909 2563 2966 Sermones
2590 2912 2658 2967 de
2689 2913 2973 2983 praecipuis
2999 2914 3433 2974 solemnitatibus
3461 2919 3673 2975 Domini
3692 2931 3749 2979 et

2152 3014 2496 3072 sanctorum;
2533 3007 2790 3076 Epistolas
2814 3008 3115 3063 decretale‘s
3145 3017 3201 3064 et
3230 3009 3547 3082 familiares,
3575 3031 3639 3070 ex
3663 3016 3748 3072 ed.

2151 3095 2495 3165 Lovaniensi;
2525 3100 2576 3154 in
2608 3098 2746 3155 Bibl.
2781 3100 2899 3156 PP.
2927 3100 2987 3158 Τ.
3026 3102 3094 3169 V,
3120 3112 3257 3173 part.
3283 3121 3343 3160 ll.

2223 3192 2383 3247 1622.
2420 3190 2648 3249 Colonitz
2677 3195 2805 3265 Agr.
2828 3206 3017 3268 sumpt.
3049 3197 3171 3255 Ant.
3198 3198 3428 3267 Hierati,
3481 3203 3660 3274 in-fol.
3684 3204 3745 3262 S.

450 3296 638 3366 in-fot.
673 3294 865 3348 Leonis
895 3308 1044 3363 papa:
1074 3292 1095 3347 1
1126 3291 1381 3360 Epistulae
1411 3301 1465 3346 et
1487 3290 1735 3356 Decreta,
1766 3292 2044 3359 praemissa
2073 3282 2119 3344 C
2152 3287 2352 3344 Leonis
2378 3304 2527 3359 papae
2555 3289 2576 3343 l
2606 3299 2867 3347 tractatus
2896 3291 3155 3349 adversus
3185 3310 3399 3351 errores
3429 3295 3749 3368 Eutychetis

451 3388 575 3445 Vita
621 3387 894 3457 ejusdem;
958 3387 1012 3440 in
1069 3382 1383 3440 Collectione
1436 3383 1769 3438 conciliorum
1811 3383 2045 3439 Severini

450 3481 594 3535 Binii
622 3479 684 3535 T.
717 3479 758 3548 1,
794 3498 848 3551 ρ.
881 3478 1175 3535 935-1009.
1209 3478 1397 3532 Insunt
1439 3476 1686 3546 epistola:
1718 3477 1821 3532 110
1846 3477 2043 3533 additis

449 3575 658 3631 scilicet
708 3589 829 3645 quae
875 3588 906 3629 a
951 3572 1183 3629 Baroniu
1226 3570 1532 3642 Vossioque
1577 3586 1769 3628 recens
1811 3573 2043 3643 vulgatae

449 3679 624 3726 erant.

522 3760 680 3817 1614.
710 3759 1000 3830 Hamburgi
1030 3758 1162 3829 typis
1188 3755 1348 3810 Pauli
1369 3755 1577 3828 Lanyii,
1603 3755 1771 3813 iit-8°.
1798 3756 2041 3827 Epistula

448 3853 645 3908 Leonis
666 3852 840 3921 Magni
857 3850 921 3905 ad
944 3850 1260 3904 Flavianum
1283 3848 1725 3916 Graeco-Latina;
1753 3865 1819 3905 ex
1843 3865 2040 3905 manu-

448 3947 651 4013 scripto
681 3943 871 3998 Graeco
890 3955 1181 4012 anonymo,
1208 3940 1521 4011 Byzantinae
1550 3941 1701 3995 urbis
1750 3941 2039 4011 direptioni

446 4036 741 4101 subtracto,
782 4032 959 4090 Grazce
986 4034 1233 4102 primum,
1258 4031 1449 4087 Latine
1476 4047 1607 4087 vero
1648 4034 1817 4103 ipsius
1842 4033 2041 4088 Leonis

444 4130 626 4186 verbis
668 4128 892 4185 seorsim
940 4127 1120 4192 edita,
1168 4141 1290 4181 cum
1341 4125 1660 4195 praefatione
1704 4127 1782 4181 Μ.
1827 4126 2041 4183 Nicolai

445 4220 667 4277 Glaseri.
720 4219 916 4275 Addita
945 4227 1067 4289 post
1096 4217 1470 4287 praefationem
1521 4234 1589 4274 ex
1627 4220 1818 4275 eodem
1850 4235 2040 4275 manu-

443 4318 649 4387 scripto
701 4312 935 4385 Gregorii
997 4311 1381 4383 Thaumaturgi
1427 4314 1490 4367 de
1548 4323 1728 4368 sancta
1781 4313 2039 4369 Trinitate

443 4414 697 4467 doctrina.

512 4504 719 4569 Editur,
753 4502 950 4556 schola:
990 4509 1121 4556 tunc
1150 4500 1441 4556 Verdensis
1484 4511 1687 4568 rector,
1726 4514 1793 4555 ex
1841 4499 2034 4555 biblio-

440 4596 597 4650 theca
624 4593 857 4663 Philippi
897 4592 1229 4661 Sigismundi
1265 4592 1423 4647 Ducis
1456 4592 1694 4647 Brunov.
1739 4600 1795 4647 et
1817 4590 2029 4646 Luneb.
2060 4664 2063 4665 ν

2058 4661 2111 4719 D
2137 4696 2303 4753 scopo
2338 4691 2469 4737 tunc
2499 4661 2849 4751 Lugdunensi
2890 4683 3177 4739 dedicavit.
3208 4661 3572 4741 'Prtemittitur
3602 4661 3733 4742 Ser-

438 4686 674 4755 episcopi
702 4684 981 4752 Osnabrug
1032 4694 1086 4738 et
1131 4683 1422 4737 Verdensis
1452 4694 1644 4738 nactus
1674 4692 1793 4738 erat
1818 4699 1947 4752 ms.,
1974 4685 2028 4739 in

438 4793 544 4849 quo
584 4776 770 4832 Graeca
815 4775 974 4844 hujus
1001 4774 1250 4844 epistolae
1279 4775 1459 4829 versio
1505 4789 1626 4829 cum
1659 4775 1780 4829 aliis
1808 4774 2029 4845 quibus-

436 4871 558 4923 dam
587 4867 863 4938 opusculis
891 4865 1270 4921 exhibebatur.
1303 4866 1432 4920 Erat
1464 4866 1616 4933 illud,
1642 4875 1701 4921 ut
1727 4866 1935 4934 scribit,
1960 4882 2028 4923 ex

434 4962 675 5033 Byzantii
720 4961 968 5016 incendio
1008 4960 1374 5027 subtractum,
1416 4961 1484 5016 ab
1513 4960 1746 5016 Hebraeo
1790 4963 2026 5032 quodam

431 5056 485 5109 in
532 5053 847 5124 IEgypIum,
901 5052 1028 5106 inde
1059 5053 1112 5106 in
1142 5051 1376 5107 Melitam
1416 5053 1671 5120 insulam,
1736 5054 1966 5125 indeque
1992 5070 2023 5110 a

431 5147 645 5202 Rhodio
674 5147 854 5217 equite
875 5148 928 5201 in
945 5146 1750 5217 Germaniamtransportatum,
1779 5149 2025 5204 tandem-

431 5256 536 5310 que
564 5240 632 5296 ab
675 5239 909 5294 Henrico
951 5238 1244 5294 Schradaeo
1274 5239 1314 5295 Ι.
1358 5240 1424 5294 D.
1453 5240 1758 5313 Osnabrug.
1793 5257 2023 5312 procon-

430 5336 567 5399 sule,
597 5330 937 5388 bibliotheca:
965 5332 1258 5402 episcopali
1286 5333 1568 5389 insertum.
1612 5337 1717 5392 Sed
1760 5352 1883 5392 cum
1916 5338 2023 5407 pri-

429 5439 574 5478 mum
617 5440 736 5480 eam
768 5426 821 5479 in
876 5426 1053 5479 lucem
1085 5425 1381 5481 emissurus
1429 5428 1532 5483 sibi
1580 5430 1728 5484 visus
1758 5439 1922 5497 esset,
1951 5431 2020 5486 ad

426 5519 592 5573 ﬁnem
619 5520 731 5590 jam
775 5519 1031 5589 perducta
1081 5520 1217 5589 preli
1274 5534 1438 5590 upera
1473 5523 1691 5579 rescivit
1720 5524 1959 5591 demum,
1988 5539 2018 5580 a

425 5610 757 5668 Leunclavio
796 5614 935 5668 hunc
964 5613 1227 5669 honorem
1265 5614 1368 5669 sibi
1418 5628 1686 5687 ereptum.
1718 5616 2019 5675 Contentus

424 5703 592 5774 igitur
623 5702 722 5758 fuit
743 5718 811 5759 ex
841 5705 1237 5761 Leunclaviana
1265 5705 1504 5763 editione
1526 5710 1799 5768 variantes
1820 5710 2023 5783 aliquot

424 5794 688 5854 lectiones
711 5807 995 5865 excerptas
1023 5797 1077 5852 in
1110 5798 1260 5854 calce
1288 5797 1507 5856 addere.

496 5886 657 5948 16M.
706 5885 925 5945 Parisiis
965 5891 1105 5958 apud
1147 5889 1424 5947 Claudium
1472 5892 1771 5963 Morellum,
1830 5902 2012 5965 in-fo.,

2149 3391 2203 3436 et
2229 3381 2459 3435 aliorum
2483 3381 2858 3436 haereticorum
2888 3398 2903 3447 ;
2938 3383 3181 3453 ejusdem
3209 3385 3453 3440 Edictum
3484 3386 3551 3441 de
3583 3388 3748 3443 Bonis

2150 3470 2412 3528 Ecclesiae
2462 3488 2568 3529 non
2600 3476 2936 3543 alienandis;
2969 3479 3029 3531 it.
3059 3477 3295 3548 Epistula
3321 3480 3390 3536 de
3419 3482 3747 3539 auctoritate

2150 3566 2363 3621 concilii
2395 3566 2596 3622 Nicaeni
2626 3576 2680 3622 et
2717 3569 2785 3624 de
2815 3585 2921 3624 non
2962 3571 3262 3627 ambiendis
3292 3572 3534 3643 pluribus
3556 3574 3746 3630 Eccle-

2147 3659 2263 3727 siis,
2289 3675 2356 3714 ex
2383 3660 2474 3715 ed.
2506 3671 2558 3715 et
2582 3676 2705 3716 cum
2730 3663 2875 3717 notis
2896 3661 3118 3717 Gerardi
3148 3662 3355 3733 Vossii;
3382 3667 3436 3721 in
3465 3665 3740 3739 Supplem.

2146 3754 2214 3807 ad
2241 3751 2381 3808 Bibl.
2413 3754 2534 3811 PP.
2565 3754 2861 3813 Coloniens.
2888 3774 2939 3825 p.
2974 3757 3100 3812 157.

2242 3847 2402 3902 1625.
2433 3847 2672 3919 Lugduni
2702 3860 2893 3920 sumpt.
2920 3849 3128 3904 Claudii
3162 3851 3390 3923 Landry,
3420 3852 3606 3922 in-fol.
3638 3850 3738 3909 SS.

2144 3939 2250 3993 PP.
2278 3939 2475 3995 Leonis
2502 3941 2673 4010 Magni
2698 3943 2813 4012 ejus
2839 3944 3074 3997 nominis
3099 3945 3276 4013 primi,
3299 3945 3515 3999 Maximi
3546 3944 3743 4001 Tauri-

2146 4033 2329 4087 nensis
2387 4033 2529 4088 Petri
2560 4032 2878 4106 Chrysologi
2924 4037 3276 4103 Ravennatis,
3306 4038 3574 4109 Fulgentii
3598 4040 3742 4096 Rus-

2142 4125 2358 4192 pensis,
2395 4124 2663 4179 Valeriani
2715 4126 3072 4183 Cemeliensis
3119 4138 3175 4184 et
3229 4131 3428 4186 Asterii
3481 4131 3743 4188 Amaseni

2141 4225 2316 4287 Upera
2344 4217 2548 4282 omnia,
2582 4235 2700 4288 quae
2732 4221 2959 4289 reperiri
2996 4233 3305 4291 patuerunt.
3340 4222 3517 4278 Editio
3540 4233 3742 4293 prater

2146 4319 2375 4363 caeteras
2428 4312 2702 4380 recognita
2758 4314 3073 4383 auctiorque
3101 4330 3222 4369 cum
3251 4313 3472 4370 scholiis
3510 4312 3741 4371 Gerardi

2147 4403 2316 4459 Vossii
2345 4404 2411 4458 ad
2439 4403 2496 4461 S.
2528 4406 2795 4473 Leonem,
2829 4416 2936 4462 etc.

2207 4498 2349 4553 Satis
2398 4500 2682 4554 commode
2708 4501 3039 4570 exscriptum
3074 4502 3447 4569 estvolumen,
3479 4502 3620 4572 quod
3651 4502 3738 4559 bi-

2136 4588 2374 4659 bliopola
2428 4590 2686 4662 Dionysio
2711 4590 2919 4647 Simoni
2960 4592 3030 4649 de
3075 4594 3736 4666 Marquemontarchiepi-

2136 4790 2354 4829 monum
2383 4775 2566 4845 index,
2618 4776 2714 4832 sed
2745 4791 2851 4831 non
2898 4777 3288 4847 Epistularum.
3319 4779 3551 4835 Iudicem
3580 4779 3733 4835 loco-

2136 4884 2254 4923 rum
2290 4867 2617 4923 Biblicorum
2642 4867 2753 4923 Leo
2774 4884 2897 4924 cum
2923 4870 3151 4925 Maximo
3172 4886 3513 4926 communem
3545 4870 3726 4927 habet.

2136 4961 2363 5016 Fallitur
2410 4970 2591 5016 autem
2644 4962 2965 5029 Quesiiellus
2994 4963 3121 5018 dum
3173 4963 3309 5018 hanc
3342 4963 3495 5034 quasi
3528 4964 3730 5031 repeti-

2137 5053 2337 5109 tionem
2350 5052 2438 5108 ed.
2474 5051 2611 5108 1618
2635 5063 3045 5109 commemorat.
3074 5052 3338 5109 Videlicet
3351 5054 3493 5125 quod
3521 5064 3727 5109 textum

2133 5149 2346 5217 attinet,
2402 5147 2563 5203 unius
2591 5162 2779 5203 omnes
2804 5157 2931 5203 sunt
2961 5148 3210 5218 familiae,
3242 5159 3297 5203 at
3326 5148 3502 5220 quoad
3532 5148 3728 5204 biblioc

2127 5242 2266 5313 potae
2292 5242 2595 5297 institutum
2625 5242 2782 5298 valde
2808 5240 3085 5296 differunt.

2202 5337 2365 5395 1655.
2405 5337 2793 5408 Lugduni......
2848 5337 3023 5407 in-fol.
3078 5336 3175 5392 SS.
3229 5333 3333 5389 PP.
3392 5335 3580 5389 Leonis
3614 5333 3720 5403 11.,

2126 5429 2342 5485 Maximi
2374 5428 2745 5493 Taurinensis,
2776 5437 2882 5483 etc.
2908 5426 3111 5500 Heptas
3137 5429 3416 5500 praesulum
3439 5428 3723 5482 christiana

2124 5523 2383 5592 sapientia
2405 5530 2453 5575 et
2482 5521 2733 5592 facundia
2758 5519 3189 5589 clarissimorum,
3220 5521 3415 5577 edente
3431 5518 3720 5590 Theophila

2126 5615 2437 5687 Reynaudo,
2462 5630 2575 5669 suc.
2607 5613 2753 5670 Jesu.

2199 5708 2494 5779 Heptadem
2548 5707 2689 5763 hanc
2730 5706 3054 5777 scriptorum
3099 5706 3336 5762 confecit
3379 5705 3723 5762 editorinse~

2122 5803 2294 5860 rendo
2333 5801 2660 5868 collectioni,
2704 5808 2830 5856 ante
2872 5815 3043 5857 annos
3091 5799 3277 5854 decem
3330 5798 3531 5855 ibidem
3574 5797 3718 5869 apud

2122 5898 2397 5963 eumdem,
2418 5906 2477 5953 ut
2505 5898 2718 5965 opinor,
2744 5894 3091 5966 bibliopolatn
3113 5891 3720 5967 publicatae,dem
