4014 6350
275 369 339 427 81
781 365 1310 427 SCHtENEMANNl
1343 362 1624 422 NOTlTlA
1662 360 1862 420 HISTO

1971 358 2482 419 iO-LITTEBABIA
2520 364 2583 419 ΙΝ
2628 364 2685 419 S.
2728 363 3024 419 LEONEM.
3484 366 3558 425 8!

273 486 685 551 meum,
720 486 813 555 qui
859 484 1109 557 proxime
1129 483 1403 540 Asterium
1430 479 1726 537 antecedit.
1749 478 1867 533 Non
1894 480 1948 539 Α
1974 477 2339 549 Ratisponensi
2368 480 2873 550 deprehenderunt;
2907 480 3127 551 primam
3152 488 3330 535 autem
3359 480 3555 539 Arnol-

270 579 432 652 igitur
456 579 522 633 sd
554 577 848 634 editionem
880 594 931 633 a.
958 577 1099 634 1618
1124 575 1457 634 conformata
1479 585 1583 643 est,
1607 584 1668 628 ut
1694 572 1866 640 Ques-

269 672 446 728 nellus
468 672 665 726 innuit.

340 762 499 819 1638.
524 761 750 818 Parisiis
772 779 839 818 ea:
860 762 954 829 οῙῙ.
980 760 1320 827 Morelliana,
1348 760 1521 831 in-fol.
1560 759 1617 815 S.
1659 756 1861 813 Leonis

267 855 407 922 Vita,
434 854 698 924 Epistulae
725 866 782 911 et
815 856 1067 920 Decreta;
1118 855 1170 908 in
1194 851 1476 907 Concilior.
1504 849 1744 908 editione
1768 846 1864 902 Bi-

265 950 447 1016 niana,
478 958 775 1019 postremas
807 946 1167 1017 repetitionis.

337 1039 501 1096 1612.
534 1040 761 1096 Parisiis
788 1050 978 1112 sumpt.
1009 1039 1090 1095 Cl.
1122 1037 1308 1096 Sonnii
1339 1048 1387 1092 et
1418 1037 1487 1090 D.
1529 1034 1737 1103 Bechet,
1777 1033 1862 1087 in-

264 1136 358 1205 fol.
400 1136 463 1192 S.
492 1136 696 1192 Leonis
732 1134 972 1205 Epistola
1025 1133 1093 1189 ad
1140 1132 1561 1197 Theodoretum,
1600 1129 1753 1194 Lat.;
1805 1127 1862 1183 in

260 1228 414 1285 calce
440 1227 679 1296 Operam
708 1228 1034 1284 Theodoreti.
1069 1227 1132 1281 Τ.
1165 1226 1255 1295 νι,
1284 1246 1336 1299 ρ.
1369 1227 1498 1281 724.

332 1321 502 1376 1641.
546 1320 771 1376 Parisiis
796 1338 862 1377 ea:
884 1332 1089 1392 typogr.
1122 1318 1305 1393 Regia,
1334 1320 1517 1390 in-fol.
1546 1317 1742 1373 Leonis
1786 1317 1855 1374 Μ.

260 1410 405 1478 Vita,
439 1411 702 1482 Epistolas
719 1420 775 1466 et
802 1411 1060 1476 Decreta;
1093 1411 1146 1465 in
1176 1408 1525 1465 Conciliorum
1546 1407 1859 1465 Collectione

258 1501 445 1574 Regia.
478 1501 540 1558 Τ.
579 1502 693 1569 vn,
724 1521 778 1574 ρ.
801 1502 872 1558 t9
901 1500 1027 1570 272,
1057 1510 1111 1558 et
1132 1503 1185 1557 in
1213 1500 1278 1556 Τ.
1309 1501 1443 1557 Vlll.

330 1594 498 1650 1651.
541 1594 887 1651 Parisiis.....
917 1596 1095 1665 in-fol.
1119 1595 1315 1651 Leonis
1352 1594 1549 1665 Opera.
1588 1595 1855 1663 Quesnel-

259 1687 342 1743 lus
368 1696 652 1756 tamquam
682 1685 1023 1743 iterationem
1053 1687 1142 1742 ed.
1188 1702 1239 1741 a.
1294 1685 1435 1742 1618
1458 1686 1686 1751 laudat;
1736 1686 1853 1753 sed,

258 1781 306 1837 si
332 1783 563 1837 omnino
586 1790 787 1848 exstat,
812 1790 921 1836 tota
945 1780 1331 1851 Raynaudiana
1356 1780 1498 1836 haud
1522 1781 1683 1837 dubie
1710 1781 1763 1836 in
1789 1796 1855 1837 ea

258 1891 455 1933 recusa
486 1886 576 1934 est
601 1877 872 1933 collectio.

324 1968 492 2025 1661.
520 1968 745 2025 Parisiis
765 1969 905 2039 apud
934 1969 1232 2027 Simeonem
1262 1968 1414 2041 Piget
1442 1968 1748 2040 (Bibliopol.
1763 1972 1858 2042 ju-

254 2072 427 2115 ratum
447 2063 533 2116 vis
559 2059 804 2117 Jacobtea
838 2063 909 2116 ad
936 2064 1139 2134 insigne
1187 2061 1517 2127 Prudentite,
1542 2062 1711 2131 in-fol.
1753 2062 1858 2116 Leo

260 2151 489 2223 Magnus
520 2154 800 2210 Romanus
833 2155 1091 2223 pontifex,
1126 2154 1392 2208 Maximus
1440 2153 1679 2222 Taurin.,
1739 2155 1856 2210 Pet.

258 2245 501 2319 (Ξάνθιοι.
529 2248 791 2316 ﬂaccum,
832 2246 1080 2320 Fulgent.
1125 2247 1408 2321 Ruspens.,
1451 2248 1719 2303 Valerian.
1758 2249 1856 2303 Ce-

259 2342 403 2406 mel.,
456 2341 715 2395 Amedeus
762 2340 1019 2408 Lausan.,
1078 2340 1309 2395 Asterius
1359 2342 1597 2394 Amasen.
1660 2340 1857 2408 Heptas

258 2432 543 2502 prtzsulum
596 2433 893 2488 Christiana
930 2434 1180 2504 sapientia
1219 2444 1266 2487 et
1324 2434 1569 2503 facundia
1628 2432 1861 2486 clarissi—

261 2542 464 2580 marum
471 2566 484 2577 .

326 2618 653 2691 TlteOphilus
680 2619 1004 2691 Raynaudus
1031 2636 1138 2674 soc.
1163 2617 1217 2673 J.
1254 2619 1411 2672 theol.
1459 2618 1694 2686 priorem
1746 2617 1859 2671 edi-

261 2715 487 2780 tionem,
521 2716 693 2769 variis
721 2715 787 2770 ad
817 2715 917 2771 SS.
954 2715 1192 2770 Leonem
1219 2723 1275 2768 et
1310 2710 1646 2783 Fulgentium
1679 2726 1861 2765 acces-

259 2806 501 2863 sionibus
529 2806 875 2875 instructam,
907 2808 1163 2877 octoginta
1213 2802 1484 2875 Futgentii
1526 2802 1859 2857 Sermonibus

261 2917 326 2958 ex
353 2915 462 2955 ms.
494 2901 817 2955 cumulavit.
850 2899 1128 2954 Censuram
1152 2898 1447 2968 inofficiosa:
1467 2912 1697 2949 censura:
1741 2894 1861 2948 libri

264 2996 327 3047 de
354 2992 827 3047 Prcedestinatiane
849 3001 894 3046 et
924 2991 1128 3054 Gratia,
1163 2990 1221 3046 S.
1257 2988 1538 3059 Fulgentio
1577 2986 1856 3054 vindicati,

265 3086 555 3155 apposuit:
593 3083 929 3137 Valerianum
970 3081 1335 3136 Cemelieusem
1376 3089 1627 3135 accurata
1670 3078 1859 3133 delen-

266 3182 416 3237 sione
438 3180 607 3247 texit,
624 3180 881 3234 adversus
912 3196 1123 3249 parcum
1147 3176 1413 3231 charitatis
1434 3175 1854 3231 criminatorem.

1969 568 2070 622 dus
2094 566 2285 626 Graece
2312 572 2565 640 scriptam
2590 572 2644 626 in
2692 570 2987 625 Bodleiano
3016 571 3202 626 codice
3224 573 3446 641 reperit,
3480 573 3555 629 si-

1966 661 2076 716 cuti
2106 661 2379 719 Ballerinii
2411 666 2463 719 in
2485 665 2748 721 Vaticano
2774 666 2965 721 Graeco
2992 667 3149 722 1455.
3193 666 3278 721 Cf.
3329 666 3555 721 Balleri-

1966 757 2171 812 niorum
2210 758 2278 813 de
2323 759 2730 815 collectionibus
2782 762 3143 829 Epistolarum
3175 760 3395 826 Leonis,
3429 774 3550 829 quae

1964 850 2103 906 infra
2128 862 2380 922 excerpta
2410 852 2622 919 damus,
2653 855 2916 908 observata
2945 854 3011 907 ad
3044 851 3247 906 collect.
3277 852 3363 906 16.

2038 944 2196 1000 1670.
2231 944 2451 1019 Cygneaz
2488 946 2622 1017 typis
2672 956 2719 999 et
2739 954 2931 1015 sumpt.
2980 946 3131 1001 Sam.
3162 943 3350 1006 Ebelii,
3383 943 3550 999 iit-8°.

1964 1039 2024 1096 S.
2048 1039 2246 1095 Leonis
2267 1040 2333 1094 Μ.
2359 1040 2521 1095 Rom.
2554 1040 2744 1111 pontii.
2778 1040 2896 1109 eius
2923 1039 3159 1094 nominis
3190 1039 3231 1105 l,
3262 1037 3555 1095 Sermones

1963 1133 2019 1189 in
2047 1134 2392 1190 solemnitate
2413 1133 2715 1189 Nativitatis
2745 1134 2953 1188 Domini
2984 1134 3155 1188 nostri
3182 1132 3309 1187 Jesu
3323 1130 3549 1196 Christi,

1962 1228 2018 1292 Ξ,
2052 1228 2082 1280 7
2110 1236 2165 1282 et
2200 1226 2255 1294 9,
2291 1228 2345 1282 in
2370 1229 2602 1281 divorum
2624 1225 2743 1280 PP.
2774 1235 3092 1293 veterumque
3116 1224 3358 1279 Ecclesia:
3378 1230 3553 1277 docto-

1963 1335 2075 1373 rum
2102 1318 2321 1389 aliquot,
2350 1320 2439 1388 qui
2464 1320 2696 1373 oratione
2720 1318 2893 1372 soluta
2938 1318 3252 1387 scripserunt
3307 1315 3552 1370 Homiliis

1961 1430 2021 1467 ac
2052 1412 2255 1468 Meditt.
2286 1414 2338 1466 in
2366 1414 2551 1485 festum
2571 1411 2751 1467 Natio.
2778 1410 2833 1465 J.
2858 1411 2979 1465 Chr.
3008 1408 3282 1465 ediversis
3311 1408 3551 1477 ipsorum

1961 1506 2214 1574 operibus
2268 1506 2510 1560 collectae
2564 1513 2619 1561 et
2663 1504 3010 1575 peculiariter
3057 1501 3217 1558 editae
3272 1515 3302 1553 a
3356 1499 3547 1555 Christ.

1961 1595 2189 1651 Daumio
2214 1614 2370 1670 pagg.
2398 1597 2657 1652 105-121.

2034 1688 2191 1743 1671.
2220 1686 2439 1742 Parisiis
2467 1696 2658 1758 sumpt.
2705 1685 2851 1740 Petri
2900 1684 3168 1754 Variqucl,
3199 1683 3277 1736 via
3305 1681 3422 1734 Jac.
3456 1681 3550 1734 sub

1959 1783 2107 1852 signo
2131 1780 2405 1834 Craticula
2432 1796 2589 1851 prope
2619 1778 2753 1832 ardes
2785 1777 2846 1832 S.
2886 1776 3174 1835 Benedicti,
3222 1774 3396 1843 in-fol.
3448 1772 3545 1827 SS.

1798 1896 1801 1899 λ
1886 1873 1936 1934 Β
1965 1876 2065 1928 PP.
2100 1873 2297 1928 Leonis
2328 1873 2424 1937 M.,
2454 1870 2777 1941 etc.,0pera
2803 1884 2896 1937 per
2916 1866 3149 1932 TheOph.
3180 1864 3544 1935 Raynnudum.

1964 1966 2243 2020 Accedunt
2275 1963 2401 2018 huic
2424 1973 2729 2032 postremae
2770 1958 2995 2014 editioni
3028 1956 3093 2010 D.
3130 1954 3375 2025 Prosperi
3406 1954 3547 2023 Aqu.
3592 2014 3595 2017 ἤ

1963 2060 2159 2125 Opera,
2189 2070 2294 2115 etc.

2045 2076 2159 2125 era,
2189 2075 2294 2115 etc.

2011 2076 2196 2208 p1675.
2213 2150 2429 2205 Lutetia:
2442 2147 2764 2203 Parisiorum
2790 2144 3073 2216 sumptibus
3094 2140 3218 2195 Joh.
3252 2139 3404 2212 Bapt.
3433 2139 3553 2193 Coi-

1964 2245 2131 2316 gnard
2180 2244 2261 2298 via
2310 2241 2426 2295 Iac.
2457 2241 2551 2295 sub
2591 2238 2776 2293 Bibliis
2826 2237 3020 2299 aureis,
3071 2231 3230 2287 in-L“.
3272 2230 3447 2285 Tomis
3485 2229 3548 2284 ll.

1928 2336 2022 2392 \S.
2054 2335 2250 2390 Leonis
2281 2334 2455 2404 Magni
2489 2347 2638 2400 papa:
2666 2331 2824 2400 primi
2865 2328 3035 2396 Opera
3062 2326 3233 2379 omnia
3270 2338 3413 2377 nunc
3442 2323 3553 2391 pri-

1965 2447 2112 2486 mum
2140 2430 2369 2499 epistolis
2401 2428 2493 2494 '50,
2520 2427 2799 2493 tribusque
2838 2423 2905 2477 de
2934 2420 3118 2477 Gratia
3162 2418 3361 2472 Christi
3412 2431 3553 2485 opu-

1963 2523 2127 2579 sculis
2157 2524 2420 2587 auctiora,
2451 2517 2744 2575 secundum
2772 2526 3014 2570 exactam
3043 2526 3309 2566 annorum
3348 2507 3545 2562 seriem

1964 2626 2211 2671 accurate
2234 2614 2476 2668 ordinata
2508 2656 2520 2677 ,
2552 2626 2581 2663 a
2612 2606 2985 2679 Stlpposililiis,
3017 2598 3551 2669 interpolationibus-

1964 2722 2087 2777 que,
2121 2704 2529 2773 innumerisque
2558 2702 2767 2755 mendis
2790 2705 3110 2767 eXpurgata;
3143 2690 3552 2763 appendit-ibus,

1965 2797 2455 2862 dissertationibus,
2491 2794 2631 2849 notis
2654 2789 3239 2855 observatiombusque
3264 2784 3551 2837 illustrata.

1964 2891 2243 2947 Accedunt
2273 2890 2338 2943 S.
2376 2885 2573 2941 Hilarii
2624 2882 2936 2937 Arelatensis
2986 2876 3212 2949 episc0pi
3263 2872 3552 2942 Opuscula,

1966 2983 2086 3037 Vita
2117 2992 2171 3035 et
2198 2979 2477 3049 Apologia.
2513 2976 2627 3031 Una
2657 2972 2837 3043 prodit
2865 2986 2895 3025 e
2926 2967 3163 3023 tenebris
3188 2965 3433 3034 geminus
3463 2975 3556 3016 co-

1965 3075 2067 3131 dex
2097 3087 2362 3129 canonum
2391 3078 2446 3124 et
2465 3066 2880 3122 constitutorum
2911 3060 3053 3116 sedis
3076 3056 3409 3128 apostolica.

2036 3166 2184 3222 Ordo
2210 3171 2589 3219 contentorum
2622 3158 2708 3212 hic
2742 3165 2846 3211 est.
2878 3156 3084 3224 Agmen
3116 3151 3319 3205 ducunt
3372 3146 3494 3200 libri
3524 3158 3556 3198 a

268 3273 475 3327 Ancaei
501 3272 764 3326 Homilias
794 3236 1208 3326 ﬂorentissimas
1240 3275 1308 3323 de
1356 3268 1585 3337 Deipara
1630 3266 1856 3321 addidit.
1886 3262 1931 3323 C
1965 3256 2529 3337 Quesnelloudemutn,
2550 3261 2616 3337 ut
2666 3262 2828 3337 supra
2860 3246 3114 3334 vidimus,
3175 3239 3343 3330 Leoni
3379 3236 3557 3337 vi‘n‘di:

268 3362 373 3419 Bac
410 3373 690 3434 postrema
721 3362 959 3417 editione
988 3363 1048 3416 D.
1084 3359 1356 3432 Fulgentii
1392 3360 1530 3413 liber
1562 3360 1752 3413 tertius
1795 3360 1862 3413 de

268 3455 507 3511 Veritate
539 3454 1037 3525 praedestinationis
1069 3460 1126 3507 et
1168 3452 1375 3521 gratim,
1410 3461 1569 3505 antea
1618 3450 1860 3517 mutilus,

268 3563 409 3603 nunc
431 3549 669 3617 primum
710 3546 890 3617 prodit
918 3545 1170 3600 omnibus
1201 3544 1313 3597 suis
1352 3541 1617 3610 capitibus
1645 3541 1861 3595 absolu-

269 3648 371 3695 tus.
403 3638 642 3694 Perinde
673 3645 833 3707 atque
898 3637 959 3690 1).
1009 3634 1196 3689 Asterii
1236 3631 1502 3687 Homiliae.
1534 3630 1737 3699 Quibus
1769 3630 1865 3684 ad-

266 3732 437 3800 iuncti
468 3739 599 3787 sunt
623 3728 866 3799 ejusdem
891 3727 1124 3783 auctoris
1144 3724 1415 3782 Sermones
1438 3722 1627 3794 viginti
1646 3720 1863 3777 omnino

272 3824 432 3894 longe
449 3821 865 3893 elegantissimi.

343 3916 589 3971 Titulnm
623 3914 844 3984 plenum
879 3912 981 3966 hoc
1009 3912 1130 3965 loco
1168 3922 1472 3979 proponere
1495 3906 1685 3972 malui,
1714 3920 1782 3960 ne
1810 3907 1864 3960 in

272 4006 631 4078 sequentibus
663 4020 758 4075 per
788 4002 1029 4073 singulos
1058 4008 1307 4055 auctores
1355 3997 1687 4068 discerptum
1735 4010 1865 4051 con-

272 4101 489 4171 quirere
517 4099 757 4156 lectores
778 4104 1071 4167 oporteret.

342 4192 506 4250 1662.
541 4191 765 4247 Parisiis
805 4197 997 4258 sumpt.
1030 4188 1154 4242 Ant.
1184 4185 1402 4253 Bertier,
1431 4183 1611 4255 ἔνι-[οι.
1664 4182 1864 4238 Leonis

272 4288 467 4344 Sermo
523 4288 578 4341 in
631 4283 974 4339 Nativitatem
1015 4280 1257 4345 Domini;
1298 4279 1353 4334 in
1381 4276 1674 4346 Combeﬁsii
1722 4275 1859 4330 Bibl.

273 4381 506 4443 concion.
543 4396 599 4447 p.
623 4378 751 4433 211.

344 4474 509 4529 1662.
532 4472 713 4527 Romi:
726 4471 862 4543 typis
876 4468 1057 4523 Jacobi
1072 4465 1433 4537 Dragondelli,
1448 4464 1618 4519 in-S".
1639 4463 1859 4517 Novem.

278 4566 475 4622 Leonis
496 4576 554 4622 et
568 4565 798 4619 aliorum
828 4563 893 4617 ad
918 4561 1153 4617 Leonem
1171 4557 1425 4629 Epistulae
1449 4572 1515 4612 ex
1538 4556 1724 4611 codice
1755 4570 1855 4610 ms.

1968 3317 2094 3401 dati,
2130 3334 2398 3397 videlicet,
2455 3317 2520 3384 de
2550 3317 2836 3382 Vocatione
2894 3324 3123 3378 omnium
3167 3321 3393 3392 gentium
3432 3317 3555 3371 libri

1967 3431 2104 3493 duo;
2139 3427 2483 3481 Auctoritates
2520 3422 2583 3476 de
2622 3419 2806 3475 Gratia
2829 3428 2879 3473 et
2906 3417 3062 3471 libero
3090 3413 3369 3468 voluntatis
3399 3409 3555 3464 Arbi—

1969 3523 2107 3586 trio;
2139 3518 2364 3573 Libellus
2385 3517 2451 3570 ad
2483 3497 2866 3569 Demetriadem
2920 3507 3209 3579 Virginem.
3262 3504 3372 3559 Hos
3410 3502 3532 3558 exci

1969 3619 2119 3687 piunt
2149 3614 2423 3670 Sermones
2462 3611 2562 3665 sub
2585 3623 2687 3664 una
2714 3618 3066 3661 numerorum
3118 3599 3260 3656 serie
3297 3597 3531 3653 ordinati

1968 3724 2070 3765 nec
2100 3718 2278 3763 tamen
2310 3705 2511 3761 omissa
2539 3704 2687 3773 prius
2732 3701 2927 3755 usitata
2956 3694 3274 3753 numerandi
3323 3692 3553 3747 ratione.

1968 3802 2191 3858 Fatetur
2225 3812 2403 3856 autem
2433 3798 2641 3854 nullum
2665 3798 2783 3850 loco
2832 3809 2931 3849 suo
2957 3802 3161 3848 motum
3182 3804 3321 3851 esse,
3358 3795 3559 3857 praeter

1969 3908 2092 3962 tres,
2110 3897 2314 3954 scilicet
2332 3902 2570 3964 quartum
2589 3893 2645 3945 in
2663 3889 3023 3944 Anniversario
3046 3882 3411 3955 assumptionis
3424 3895 3555 3943 suat,

1966 4003 2165 4050 sextum
2191 3990 2253 4044 de
2278 3987 2520 4046 Collectis
2547 3993 2595 4039 et
2637 3982 3013 4052 Eleemosynis,
3046 3990 3100 4036 et
3129 3992 3324 4031 nonum
3374 3974 3436 4028 de
3475 3974 3558 4045 je-

1968 4087 2117 4158 iunio
2143 4084 2328 4139 decimi
2355 4081 2564 4146 mensis,
2594 4080 2683 4149 qui
2713 4078 2839 4131 olim
2871 4091 2935 4129 ex
2966 4072 3088 4129 cod.
3124 4086 3225 4126 ms.
3257 4069 3373 4124 Nic.
3394 4064 3560 4121 Fabri

1969 4182 2036 4237 ad
2067 4181 2269 4236 calcem
2299 4184 2619 4233 caaterorum
2641 4180 2795 4226 erant
2818 4167 3033 4238 adjecti,
3057 4180 3088 4219 a
3108 4161 3400 4231 Quesnello
3427 4173 3558 4214 vero

1962 4276 2121 4344 justis
2154 4272 2285 4327 locis
2314 4290 2366 4340 p.
2396 4270 2521 4333 110,
2559 4264 2653 4320 121
2682 4272 2738 4319 et
2776 4262 2879 4317 140
2909 4269 3035 4316 sunt
3062 4257 3304 4326 ascripti.
3327 4253 3555 4309 Unicum

1967 4380 2272 4422 sermonem
2306 4362 2379 4418 96
2408 4363 2460 4413 in
2490 4356 2750 4413 Cathedra
2782 4354 2843 4408 S.
2876 4352 3042 4418 Petri,
3077 4348 3270 4417 inquit,
3308 4362 3372 4400 ex
3404 4344 3554 4414 regio

1967 4460 2090 4516 cod.
2122 4457 2451 4526 descriptum
2484 4452 2694 4508 caeteris
2720 4447 3098 4503 accensuimus
3128 4452 3183 4498 et
3212 4441 3555 4497 accensuisse

1970 4554 2218 4624 ptenitet,
2275 4547 2563 4619 quoniam,
2595 4544 2696 4599 etsi
2742 4552 2867 4596 tunc
2894 4536 3155 4607 temporis
3192 4534 3329 4589 ratio
3366 4532 3421 4586 id
3450 4546 3560 4587 non

276 4662 577 4717 Barberino
609 4659 766 4715 edita:
795 4658 937 4713 inter
960 4658 1084 4710 Acta
1107 4625 1298 4726 synodi
1317 4652 1573 4707 Romanae
1598 4651 1699 4704 sub
1713 4650 1875 4703 Boni-
1896 4651 1951 4712 D
1976 4661 2081 4701 una
2104 4640 2387 4705 suadebat,
2418 4636 2580 4692 modo
2608 4645 2786 4689 tamen
2816 4631 2955 4703 stylo
2973 4639 3024 4685 et
3050 4630 3102 4683 in
3128 4626 3343 4697 propria
3362 4625 3558 4679 iterum

278 4757 417 4812 facio
444 4756 519 4820 ll;
545 4756 598 4809 in
630 4752 785 4807 Lucae
808 4750 1070 4806 Holstenii
1093 4747 1403 4803 Collectione
1431 4746 1668 4802 Romana
1692 4744 1868 4815 bipar-

279 4850 369 4901 tita
386 4864 543 4920 pagg.
573 4843 837 4902 105-165.

348 4940 608 5009 Epismlae
640 4951 764 4994 sunt
789 4944 1107 5008 sequentes:
1139 4934 1189 4987 1.
1226 4930 1577 4985 Valentiniani
1624 4939 1671 4983 et
1723 4929 1868 4984 Mar-

279 5035 412 5087 ciani
440 5034 608 5106 Augg.
666 5034 732 5085 ad
760 5030 977 5084 Leonem
1034 5027 1127 5099 (in
1180 5026 1264 5080 ed.
1319 5022 1575 5078 Ballerin.
1610 5023 1773 5091 100).
1808 5022 1865 5076 2.

282 5124 465 5179 Leonis
489 5126 559 5179 ad
592 5124 915 5177 Marcianum
940 5121 1038 5191 (ib.
1076 5118 1223 5187 104).
1249 5118 1299 5171 5.
1336 5115 1415 5169 Ad
1444 5113 1740 5168 Anatolium
1770 5116 1864 5183 (ib.

283 5216 426 5284 106).
449 5218 505 5272 4.
539 5216 620 5270 Ad
652 5215 975 5268 Marcianum
997 5211 1088 5283 (ib.
1126 5210 1271 5278 136).
1309 5210 1362 5263 5.
1393 5208 1621 5261 Anatolii
1649 5207 1714 5259 ad
1733 5205 1865 5259 Leo-

284 5326 387 5362 nem
421 5308 520 5379 (ib.
552 5306 700 5377 132).
733 5305 788 5361 6.
820 5304 1007 5359 Leonis
1046 5303 1115 5355 ad
1159 5302 1453 5355 Anatolium
1498 5300 1671 5369 (155).
1705 5300 1757 5353 7.
1790 5299 1868 5351 Ad

284 5403 610 5457 Anatasiam
638 5399 740 5471 (ib.
773 5397 849 5469 6).
875 5398 927 5451 8.
957 5395 1037 5450 Ad
1066 5394 1484 5461 metropolitanos
1530 5390 1736 5461 Illyrici
1767 5391 1863 5463 (ib.

281 5497 359 5567 5).
388 5496 441 5551 9.
472 5493 557 5549 Ad
585 5492 1003 5564 metropolitanos
1034 5489 1241 5543 Achaiae
1262 5487 1359 5559 (ib.
1394 5486 1505 5556 15).
1537 5485 1613 5538 Ex
1644 5483 1727 5538 bis
1755 5498 1865 5549 sex,

283 5590 529 5644 nimirum
575 5588 769 5657 prima,
821 5594 1030 5655 quarta,
1083 5583 1290 5653 quinta,
1343 5579 1571 5648 septima
1620 5589 1674 5633 et
1723 5591 1864 5631 nona
1928 5618 1931 5619 ν

285 5689 431 5735 antea
459 5679 700 5745 ineditte,
730 5691 989 5746 nusquam
1015 5674 1132 5729 fere
1161 5675 1212 5727 iu
1236 5673 1354 5727 aliis
1377 5685 1508 5725 mss.
1539 5677 1860 5735 occurrunt;

285 5773 323 5826 si
369 5787 401 5827 a
437 5770 651 5826 duabus
681 5769 851 5838 prima
893 5777 947 5821 et
994 5774 1183 5836 quarta
1238 5762 1554 5819 recesseris.
1613 5761 1865 5829 Quartam

285 5866 423 5923 enim
449 5863 763 5927 Onesnellus
785 5861 845 5956 in
873 5859 1193 5927 Grimanico,
1225 5855 1499 5913 Ballerinii
1523 5870 1653 5914 vero
1680 5856 1735 5911 in
1762 5870 1863 5909 ms.

1972 4747 2027 4795 et
2054 4738 2106 4793 in
2136 4736 2311 4790 aliena
2344 4735 2543 4787 trutina
2574 4743 2860 4799 suspenso,
2896 4725 3044 4793 prius
3072 4735 3298 4777 examen
3329 4718 3560 4788 castiga-

1972 4846 2115 4898 mus,
2162 4829 2418 4895 illumque
2475 4823 2641 4877 Leoni
2696 4818 3086 4888 abjudicamus.
3134 4814 3428 4868 Enimvero
3460 4810 3561 4864 hoc

1972 4936 2185 4994 quoque
2211 4916 2476 4989 judicium
2504 4916 2556 4969 in
2588 4912 2838 4982 sequiore
2868 4908 3103 4963 editione
3138 4902 3457 4958 reformavit
3504 4908 3561 4955 et

1974 5017 2029 5070 in
2055 5015 2229 5085 prima
2278 5025 2372 5063 sua
2425 5003 2691 5061 sententia
2743 5017 2801 5055 se
2850 4998 3197 5068 acquiescere
3246 4994 3422 5047 fassus
3450 5000 3554 5046 est.

1974 5083 2111 5162 Huic
2142 5105 2465 5160 Sermonum
2508 5097 2579 5153 96
2599 5094 2759 5150 seriei
2785 5094 2944 5147 ﬁnem
2989 5092 3270 5157 imponunt
3298 5083 3560 5156 prarfatio-

1973 5216 2063 5253 nes
2108 5211 2174 5252 ex
2216 5189 2517 5249 Pontificali
2542 5187 2789 5242 Romano
2839 5184 2908 5238 ob
2965 5179 3277 5236 afﬁnitatem
3307 5172 3560 5230 dictionis

1973 5307 2092 5346 cum
2118 5288 2330 5345 caneris
2351 5283 2547 5339 Leonis
2576 5280 2681 5335 huc
2701 5276 2952 5346 reposita:
2973 5282 3030 5329 et
3049 5270 3400 5342 appendicula
3433 5266 3561 5321 Ser-

1974 5396 2216 5447 monum,
2250 5379 2364 5449 qui,
2401 5385 2456 5430 ut
2485 5374 2587 5439 ipsi
2618 5372 2794 5425 visum
2822 5368 2939 5431 fuit,
2972 5366 3103 5419 falso
3135 5362 3333 5418 Leonis
3364 5372 3560 5413 nomen

1974 5476 2027 5532 in
2053 5475 2213 5532 codd.
2238 5488 2369 5529 mss.
2399 5476 2673 5542 gererent,
2706 5478 2897 5533 nempe
2930 5461 2984 5515 1·
3027 5463 3079 5513 in
3108 5456 3289 5511 Natali
3320 5454 3381 5509 S.
3435 5452 3561 5506 Vin~

1975 5569 2128 5624 centii
2154 5566 2417 5637 martyris,
2444 5565 2508 5618 2°
2535 5563 2597 5615 de
2625 5557 2910 5614 Nativitate
2943 5550 3177 5614 Domini,
3208 5548 3263 5601 3°
3291 5547 3344 5598 in
3370 5546 3563 5598 Ascen-

1970 5666 2111 5721 sione
2134 5636 2363 5726 Domini,
2381 5662 2443 5714 1°
2465 5660 2519 5712 in
2543 5655 2829 5711 Nativitate
2852 5649 2960 5705 SS.
2991 5642 3386 5714 Apostolorum,
3415 5636 3562 5692 Petri

1972 5766 2017 5812 et
2049 5755 2231 5822 Pauli,
2262 5753 2317 5808 5°
2358 5752 2642 5807 Tractatus
2689 5748 2952 5801 adversus
2998 5752 3196 5793 errores
3225 5732 3553 5805 Eutychetis;

1972 5861 2133 5922 atque
2162 5851 2276 5906 haec
2304 5844 2655 5917 appendicula
2683 5839 2878 5899 minori
2909 5849 3072 5907 quam
3114 5832 3321 5907 reliqua
3363 5828 3553 5888 chara‘
