4014 6350
508 355 577 411 85
1029 344 1549 407 SCHCENEMANNI
1587 342 1860 401 ΝΟΤΙΤῙΔ
1902 343 2719 407 HISTOIICO-LlTTEBARIA
2760 352 2825 407 ΙΝ
2862 354 2919 411 8.
2961 356 3262 415 LEDNEM.

3713 360 3785 420 84

504 480 655 529 ctare
678 475 761 523 est
788 481 1065 536 expressa.
1092 466 1326 519 Alteram
1355 460 1505 531 quasi
1536 460 1665 516 tomi
1694 460 1856 530 primi
1886 468 2091 529 partem
2118 460 2171 522 Α
2196 455 2385 515 Gratia
2412 459 2507 516 Dei
2550 470 2598 517 et
2645 462 2831 519 Libero
2861 468 3140 525 voluntatis
3186 470 3409 524 Arbitrio
3444 470 3607 525 eidem
3644 489 3782 529 esse.

506 563 799 621 conficiunt
823 559 1074 634 Epistolas
1102 559 1229 625 Mi,
1254 557 1306 612 in
1344 556 1537 626 quibus
1558 570 1677 623 qua
1706 569 1736 608 ι
1767 568 1826 609 se
1854 553 2091 624 praestita

505 658 614 711 sint
641 658 756 726 ipse
786 654 852 709 ad
879 668 971 709 ser
1003 650 1281 722 sequentia
1310 648 1487 718 capita
1530 646 1735 707 refert:
1773 648 1835 701 I9
1880 645 2093 712 Reiecit

504 749 716 816 spurias
736 754 791 801 et
819 744 1160 806 subdititlas;
1191 739 1250 795 2⁸
1292 755 1319 793 a
1348 738 1620 809 germanis
1669 737 1988 791 mendosum
2034 743 2093 791 et

410 823 421 847 ξ
506 826 979 907 interpolationum
1011 832 1246 888 maculas
1272 831 1557 897 abstersit;
1584 832 1652 886 3°
1685 827 1932 885 ordinem
1957 841 2083 885 mn-

504 933 637 986 tavit
665 940 719 985 et
743 928 809 983 ad
838 930 1127 999 genuinum
1160 925 1462 990 revocavit;
1510 924 1573 979 4°
1626 925 1776 979 auxit
1803 935 2086 981 numerum

500 1027 732 1096 plurium
763 1024 977 1091 triginta
1008 1021 1167 1075 trium
1199 1019 1515 1075 accessione
1540 1033 1559 1078 ς
1591 1015 1649 1071 5'
1678 1031 1829 1075 suam
1859 1015 2087 1085 cuique,

500 1129 557 1173 ut
578 1118 629 1172 in
652 1116 1001 1173 Sermonibus
1022 1129 1255 1185 quoque,
1282 1112 1541 1185 synopsin
1562 1110 1822 1181 praefixit;
1847 1108 1909 1166 6°
1932 1116 2091 1178 quot-

500 1218 633 1280 quot
664 1208 732 1262 ab
763 1207 882 1262 aliis
923 1207 990 1260 ad
1047 1206 1283 1261 Leonem
1337 1203 1476 1259 datas
1507 1210 1631 1257 sunt
1658 1200 1937 1271 Epistolas,
1968 1213 2089 1267 quat

504 1302 675 1373 ipsius
692 1299 1135 1370 responsionibus
1169 1295 1529 1366 intelligendis
1558 1309 1704 1363 saepe
1744 1300 1871 1349 sunt
1900 1306 2088 1349 neces-

500 1395 680 1461 sariae,
714 1393 846 1447 locis
897 1392 1011 1447 suis
1039 1389 1286 1455 inseruit,
1342 1389 1414 1443 ita
1443 1397 1503 1442 ut
1548 1385 1745 1443 minori
1771 1386 2089 1446 charactere

502 1488 705 1543 facilea
737 1485 991 1541 Leoninis
1021 1484 1414 1538 discernantur.
1446 1477 1745 1537 Commode
1774 1492 1903 1535 vero
1937 1478 2084 1543 fecit,

506 1580 648 1650 quod
674 1591 956 1633 numerum
984 1576 1115 1645 ipsis
1148 1589 1252 1627 non
1285 1571 1570 1629 addiderit.
1600 1568 1885 1631 Peccatum
1916 1577 2001 1625 est
2031 1568 2085 1625 in

499 1673 605 1728 hoc
635 1673 703 1726 ab
742 1671 990 1727 omnibus
1044 1668 1156 1723 fere
1193 1666 1577 1735 insignioribus
1611 1663 1829 1721 Patrum
1866 1659 2089 1723 editori-

498 1766 638 1833 bus,
686 1765 1031 1833 maximeque
1080 1759 1480 1825 Benedictinis,
1536 1764 1598 1815 ut
1648 1755 1904 1813 continuo
1960 1768 2083 1810 cum

2195 556 2389 615 rendis.
2430 556 2519 612 IV.
2550 556 2629 612 De
2652 558 2823 614 libelle
2857 562 2923 614 ad
2956 563 3354 632 Demetriadem,
3383 565 3522 631 quod
3546 565 3780 635 ejusdem

2196 644 2386 701 Leonis
2410 649 2495 715 sit,
2529 666 2631 703 non
2663 651 2924 723 Prosperi.
2956 653 3020 708 V.
3051 656 3384 725 Apologetica
3420 666 3495 711 est
3531 675 3626 729 pro
3656 673 3780 714 san-

2195 746 2279 793 ιω
2322 738 2531 797 Hilario
2560 742 2850 799 Arelatensi
2876 746 3133 816 episcOpa.
3180 746 3265 802 VI.
3297 745 3378 802 De
3403 745 3618 817 Ieiunia
3647 749 3780 806 ,ςαδ-

2195 828 2299 884 bati
2319 831 2370 884 in
2406 829 2642 893 Ecclesia
2670 834 2905 890 Romana
2936 846 3162 908 tempore
3206 837 3267 893 S.
3315 836 3501 894 Leonis
3525 842 3777 914 pracipit.

2197 919 2309 975 VII.
2359 921 2435 975 De
2485 921 2654 978 Causa
2706 924 2958 998 Eutycltis
3004 930 3420 989 archimandritas
3452 928 3551 1003 Cp.
3599 933 3780 1004 oppd-

2194 1011 2353 1069 lantis
2374 1030 2407 1069 a
2435 1018 2685 1071 sententia
2717 1016 2934 1075 Concilii
2963 1019 3058 1092 Cp.
3090 1022 3184 1083 sub
3212 1020 3471 1079 Flaviano
3496 1023 3654 1095 episs.
3678 1023 3775 1095 Cp.

2191 1108 2420 1173 exponit.
2450 1107 2509 1163 In
2541 1108 2674 1164 Vlll.
2704 1109 2785 1165 De
2823 1128 2979 1169 causa
3014 1114 3258 1175 Flaviani
3291 1116 3519 1184 episcopi
3556 1115 3652 1187 Cp.
3685 1135 3779 1184 ap-

2194 1197 2439 1273 pellantis
2469 1218 2502 1255 a
2532 1205 2778 1259 sententia
2802 1205 3196 1279 Pseudosynodi
3248 1210 3542 1279 Ephesium.
3594 1208 3651 1266 tu
3679 1210 3774 1269 IX.

2194 1293 2260 1347 de
2286 1309 2441 1349 causa
2488 1294 2696 1351 Domini
2724 1298 2951 1369 episcOpi
2988 1301 3294 1359 Antiocheni
3340 1303 3560 1370 depositi
3596 1304 3654 1359 in
3693 1321 3779 1360 ea-

2194 1382 2309 1439 dem
2335 1382 2760 1456 Pseudosynodo,
2794 1388 2929 1444 etde
2953 1389 3173 1445 Maximi
3211 1394 3263 1446 in
3291 1395 3403 1464 ejus
3432 1394 3607 1455 locum
3638 1396 3778 1451 ordi-

2194 1476 2422 1529 natione.
2456 1475 2512 1531 In
2545 1477 2613 1532 X.
2646 1478 2721 1533 De
2749 1496 2905 1537 causa
2938 1480 3235 1537 Theodoritt
3280 1486 3502 1557 ep,isc0pi
3528 1484 3658 1558 Cyri
3684 1504 3779 1557 ap-

2193 1563 2435 1633 pellautis
2477 1567 2540 1620 ab
2589 1570 2816 1641 ejusdem
2852 1569 3245 1643 Pseudosynodi
3282 1576 3531 1629 sententia
3581 1578 3775 1647 agitur.

2192 1655 2285 1713 XI.
2317 1657 2605 1729 Epistolam
2635 1660 2697 1713 de
2724 1660 3018 1734 Privilegiis
3041 1664 3519 1736 cborepiscoporum
3547 1668 3618 1723 ad
3652 1667 3777 1725 Ger-

2192 1748 2484 1803 maniarum
2512 1757 2559 1803 et
2586 1746 2883 1807 Galliarum
2918 1756 3181 1827 episcopos
3207 1754 3393 1813 Leonis
3430 1758 3634 1815 nomine
3652 1775 3777 1817 son-

499 1858 777 1927 scripmris
821 1856 901 1909 sui
952 1855 1308 1925 Epimolamm
1362 1865 1588 1907 numero
1634 1847 1954 1907 "biberem
1993 1860 2087 1901 eas
2116 1845 2167 1915 Β
2194 1840 2368 1909 ﬁctam
2395 1858 2503 1896 esse
2533 1845 2833 1902 contendit.
2879 1846 3009 1901 Post
3037 1848 3444 1911 dissertationes
3486 1860 3776 1921 notasque,

504 1964 625 2018 qum
656 1949 722 2001 ab
754 1949 872 2002 aliis
903 1947 968 2000 ad
1002 1946 1151 2000 illum
1178 1942 1317 1999 data:
1347 1951 1550 2007 essent,
1583 1940 1725 2011 quod
1763 1954 1907 2010 saepe
1937 1939 2087 1997 evol-

500 2042 643 2096 venti
672 2042 775 2096 ista
802 2040 1077 2095 volumina
1103 2038 1485 2109 permolestum
1534 2033 1747 2099 accidit,
1797 2034 1848 2086 in
1897 2031 2088 2101 primis

506 2148 629 2188 cum
659 2131 921 2187 indicibus
966 2132 1220 2202 prteflxie,
1276 2132 1328 2185 in
1381 2130 1579 2201 quibus
1606 2128 1941 2184 diversarum
1971 2123 2088 2179 edi-

503 2225 711 2279 tionum
742 2223 961 2279 ordines
991 2224 1415 2290 contenduntur,
1459 2237 1568 2276 non
1595 2220 1807 2275 occurri
1843 2218 1969 2273 huic
2005 2217 2089 2271 in-

501 2317 789 2373 commodo
828 2317 1033 2373 videas.
1065 2316 1235 2373 Unam
1284 2332 1351 2372 ex
1398 2327 1523 2369 ante
1566 2313 1727 2369 editis
1766 2310 2082 2382 epistolam,

503 2410 573 2464 ad
612 2409 1009 2465 Germaniarum
1036 2419 1086 2464 et
1117 2408 1406 2464 Galliarum
1429 2408 1692 2477 episwpos
1734 2407 1795 2463 de
1837 2402 2088 2473 Chorepi-

501 2505 691 2576 scopis,
724 2512 996 2574 tamquam
1020 2504 1413 2575 supposititiam
1458 2506 1679 2558 omnino
1699 2500 1887 2570 reiecit
1910 2516 1925 2553 :
1949 2512 2085 2569 prte-

502 2606 759 2667 tereaque
779 2598 1060 2666 septimam
1091 2598 1159 2650 ad
1186 2597 1496 2667 Septimium
1526 2606 1582 2651 et
1606 2594 1872 2650 decimam
1918 2589 2087 2660 septi-

499 2703 645 2743 mam
688 2689 758 2742 ad
799 2690 1060 2745 universos
1092 2688 1291 2745 Sicilire
1342 2688 1607 2759 episcOpos
1646 2702 1718 2741 ex
1754 2684 2088 2751 reliquorum

500 2795 728 2837 numero
761 2780 1144 2851 expungendos
1175 2781 1404 2847 censuit,
1447 2778 1625 2834 locum
1661 2784 1841 2832 tamen
1865 2774 1943 2830 eis
1973 2786 2089 2829 ser-

499 2876 672 2945 vavit,
701 2889 769 2929 ne
808 2874 1087 2929 doctorum
1136 2872 1340 2943 judicio
1392 2870 1747 2942 prmjudicare
1794 2867 2085 2925 videretur.

500 2970 724 3043 Adjecta
752 2978 873 3028 sunt
896 2967 1193 3043 fragmenta
1215 2966 1463 3037 quaedam
1490 2963 1848 3034 Epistolarum
1874 2973 1929 3016 et
1956 2959 2090 3030 Epi-

501 3066 637 3120 stola
686 3063 891 3119 Iuliani
945 3066 1168 3137 eptswpi
1217 3056 1456 3122 Coertsis,
1509 3058 1665 3111 unica
1720 3070 1843 3126 qua:
1896 3061 2085 3109 restat.

501 3155 719 3212 Claudit
744 3157 974 3227 denique
1004 3159 1147 3211 hunc
1176 3166 1377 3210 tomum
1412 3148 1534 3209 Vita
1561 3148 1623 3211 S.
1659 3147 1856 3208 Ililatii
1901 3146 2089 3206 Arela-

2192 1933 2431 1987 addenda
2478 1937 2717 2004 quaedam
2757 1939 2812 1993 in
2851 1948 3069 2012 utroque
3101 1951 3237 1998 torno
3268 1951 3322 1999 et
3370 1946 3555 2007 notitia
3583 1947 3778 2017 aliquot

2190 2022 2547 2095 Epistolarum
2596 2028 2656 2085 S.
2709 2030 2899 2085 Leonis
2958 2042 3005 2087 et
3041 2035 3266 2089 aliorum
3317 2039 3774 2107 monimentorum,

2190 2133 2305 2188 quae
2335 2121 2610 2187 perierunt,
2648 2134 2972 2192 sequuntur.

2268 2212 2568 2284 Descriptio
2600 2217 2762 2271 totius
2811 2219 2992 2287 aperis
3029 2228 3115 2275 est
3154 2220 3579 2291 elegantissima.
3609 2224 3778 2285 Char-

2190 2314 2261 2365 tae
2286 2310 2506 2364 maximi
2548 2310 2773 2378 moduli,
2808 2312 2993 2367 densae
3019 2321 3073 2368 et
3111 2314 3395 2383 pellucidae
3422 2326 3623 2384 tamen,
3646 2318 3779 2374 cha-

2190 2410 2430 2456 racteres
2468 2401 2802 2459 nitidissimi.
2846 2404 3135 2461 Lectorum
3179 2408 3547 2465 commoditati
3584 2411 3781 2481 ubique

2190 2502 2535 2560 prospectum
2583 2503 2687 2559 est,
2722 2496 2775 2549 in
2812 2496 3003 2565 primis
3034 2497 3084 2551 in
3120 2496 3404 2567 Epistolis,
3437 2502 3682 2572 apposita
3726 2504 3779 2559 in

2190 2600 2400 2641 summa
2431 2589 2638 2657 paginae
2662 2605 2758 2646 ora
2787 2590 3156 2662 cbronologia,
3195 2602 3251 2648 et
3276 2594 3473 2664 ubique
3499 2597 3697 2653 ttotatis
3726 2598 3780 2653 in

2192 2680 2437 2747 margine
2462 2679 2725 2749 gravioris
2765 2682 3047 2749 momenti,
3080 2699 3200 2753 qua:
3231 2685 3447 2754 quidem
3484 2687 3782 2746 Pontificiis

2192 2772 2451 2828 aestimari
2500 2775 2695 2840 solent,
2726 2777 3027 2843 sententiis,
3058 2776 3255 2847 quibus
3295 2780 3492 2847 passim
3524 2781 3783 2839 lectiones

2192 2866 2370 2921 varias
2398 2877 2450 2924 et
2482 2867 2597 2924 loca
2627 2868 2823 2925 biblica
2853 2869 3187 2939 ittterSpersa
3233 2872 3493 2931 invenies.
3528 2875 3782 2946 Singu'a-

2192 2957 2270 3015 ris
2299 2960 2531 3028 exempli
2570 2967 2656 3025 est
2679 2960 2949 3017 dedicatio
2978 2964 3179 3032 operis,
3207 2980 3313 3034 qua
3342 2967 3446 3034 ipsi
3474 2968 3641 3027 Leoni
3669 2971 3779 3031 M8-

2192 3064 2299 3118 gno
2330 3050 2459 3106 illud
2501 3061 2877 3117 consecratur,
2908 3062 2962 3108 et
3001 3068 3127 3109 raro
3156 3070 3288 3113 sane
3309 3059 3564 3116 acumine
3590 3070 3780 3117 cuneta

2191 3141 2390 3203 Leonis
2418 3144 2714 3218 prisconia,
2760 3154 2873 3211 tum
2906 3161 2972 3201 ex
3018 3148 3123 3201 vita
3154 3149 3430 3219 gestisque
3466 3160 3524 3213 et
3561 3153 3783 3224 scriptis

426 3320 431 3325 ι
505 3248 661 3303 tensis
691 3224 938 3320 episcopi,
964 3248 1231 3318 scriptore
1276 3248 1334 3305 ὃ.
1362 3249 1637 3303 Honerato
1666 3249 1920 3317 episcopo
1946 3244 2084 3299 Mas-
2115 3224 2164 3294 C
2194 3240 2332 3311 ejus,
2367 3252 2476 3295 tum
2508 3257 2574 3297 ex
2603 3253 2909 3298 cozevorum
2938 3247 2992 3297 et
3018 3240 3194 3301 omnis
3224 3242 3559 3315 posteritatis
3587 3245 3782 3318 ipsius-

504 3340 729 3405 siliensi,
757 3340 897 3396 illius
936 3339 1234 3409 discipulo,
1268 3340 1558 3395 Hilarianae
1603 3339 1881 3408 Apologia:
1927 3350 2091 3391 causa

504 3432 708 3501 addita,
743 3432 830 3488 cui
872 3441 1091 3487 metrum
1136 3430 1337 3486 Hilarii
1383 3431 1437 3485 in
1467 3428 1710 3496 Genesin,
1760 3439 1815 3484 et
1856 3426 2095 3498 Epistula

505 3525 576 3579 ad
616 3522 931 3578 Eucherium
977 3525 1291 3594 episcopum
1336 3523 1750 3594 Lugdunensem
1796 3519 2090 3591 subjiciun-

506 3625 617 3676 tur.
650 3615 707 3671 ln
740 3617 1042 3687 praefatione
1068 3656 1083 3681 ,
1134 3624 1295 3685 quam
1344 3614 1602 3669 Johannis
1646 3613 1882 3669 Cassiani
1912 3613 1979 3666 ad
2026 3611 2091 3666 S.

507 3706 732 3762 Leonem
763 3707 917 3761 Rom.
960 3704 1107 3762 Eccl.
1153 3716 1274 3760 tunc
1300 3708 1723 3761 archidiaconum
1778 3705 1996 3773 epistola
2030 3704 2094 3758 li-

510 3800 720 3855 brorum
748 3815 956 3854 suorum
977 3800 1043 3854 de
1072 3798 1442 3853 Incarnatione
1467 3796 1659 3853 Christi
1687 3806 1867 3852 contra
1898 3796 2094 3851 Nesto-

510 3896 647 3947 rium
676 3894 1076 3964 nuncupatoria,
1100 3902 1154 3947 et
1184 3892 1490 3948 testimonia
1541 3892 1786 3961 quaedam
1817 3891 1886 3944 de
1915 3890 2097 3945 Leone

508 3985 847 4055 prtecedunt,
888 3986 957 4040 de
996 3984 1364 4055 superioribus
1412 3982 1609 4039 Leonis
1654 3982 1996 4047 editionibus,
2040 3991 2099 4037 et

515 4076 584 4131 de
631 4091 725 4130 sua
755 4091 918 4145 Opera
948 4086 1107 4145 atque
1153 4076 1440 4140 subsidiis,
1491 4076 1687 4145 quibus
1710 4074 1957 4129 soﬂ'ukus
1976 4090 2097 4130 eam

513 4182 802 4239 aggressus
826 4170 917 4238 sit,
955 4169 1255 4224 luculenter
1291 4169 1452 4224 verba
1474 4169 1617 4223 fecit.
1644 4168 1949 4224 Praefatioui
1981 4167 2101 4223 διώ·

510 4261 688 4332 junxit
714 4262 911 4317 indices
934 4278 954 4316 :
985 4261 1045 4315 1°
1075 4263 1379 4333 generalem
1402 4273 1778 4320 contentorum
1814 4265 2100 4333 utriusque

510 4355 665 4424 tomi,
724 4356 789 4408 2ο
837 4355 1184 4426 epistularum
1244 4357 1600 4424 cbronicum,
1631 4360 1695 4415 ὅθ
1748 4360 2098 4424 epistolarum

513 4449 812 4506 anteriores
836 4451 1098 4507 editiones
1136 4467 1259 4506 cum
1289 4466 1425 4507 nova
1454 4453 1895 4518 contendentem,
1926 4453 1991 4508 4ο
2020 4452 2101 4507 al-

2196 3352 2301 3408 que
2326 3336 2604 3404 Quesnelli
2642 3338 2706 3393 de
2735 3351 2805 3393 eo
2824 3336 3044 3407 judiciis
3072 3339 3322 3407 collecta,
3350 3340 3417 3395 ad
3444 3340 3674 3397 fortnam
3699 3343 3783 3399 in-

2196 3428 2511 3498 scriptionis
2540 3427 2798 3498 lapidaris
2838 3428 3053 3484 redacta
3094 3439 3239 3485 sunt.
3292 3430 3534 3498 Quatuor
3562 3433 3782 3503 pagina-

2199 3535 2319 3574 rum
2346 3520 2518 3590 spatia
2540 3528 2808 3590 exaequat,
2850 3520 3046 3576 additis
3074 3522 3130 3575 in
3160 3522 3405 3591 margine
3434 3522 3573 3587 locis
3598 3526 3781 3596 sinau-

2197 3611 2289 3677 lis,
2316 3611 2459 3668 unde
2478 3628 2709 3683 quaeque
2729 3614 2839 3669 sint
2858 3613 3045 3684 petita.
3068 3613 3289 3671 Scilicet
3317 3617 3780 3681 Quesnelluscum

2198 3721 2307 3761 non
2347 3715 2528 3775 posset
2578 3722 2683 3761 non
2727 3707 2953 3773 sentire,
2992 3717 3247 3778 quantam
3292 3708 3513 3766 invidiae
3559 3712 3779 3782 nubem,

2199 3812 2538 3869 quantosque
2567 3800 2905 3855 adversarios
2946 3801 2999 3854 in
3045 3816 3104 3855 se
3139 3802 3508 3859 concitaturus
3535 3818 3681 3862 esset
3714 3807 3784 3861 li-

2198 3892 2409 3949 bertate
2450 3909 2547 3949 sua
2584 3893 2861 3964 judicandi
2888 3904 2942 3949 et
2983 3894 3315 3950 inveteratas
3353 3912 3569 3953 errores
3607 3914 3784 3966 oppu-

2198 3988 2397 4058 gnandi
2425 3990 2673 4054 audacia,
2715 3988 2819 4045 hac
2847 3991 2997 4059 quasi
3036 3989 3158 4045 lidei
3203 3990 3430 4045 formula
3456 4003 3642 4048 contra
3668 3993 3784 4049 ltesi

2201 4080 2436 4137 numinis
2478 4081 2732 4152 pontificii
2783 4083 3104 4138 calumniam
3140 4098 3200 4139 se
3243 4085 3383 4140 tueri
3428 4086 3663 4144 voluisse
3701 4089 3787 4144 νὶ-

2199 4172 2379 4231 detur.

2275 4266 2353 4321 Ex
2394 4266 2478 4323 bis
2524 4276 2724 4333 autem,
2748 4283 2868 4336 qua:
2909 4267 3175 4325 hactenus
3217 4269 3284 4323 de
3322 4269 3484 4340 hujus
3526 4270 3787 4327 editionis

2201 4358 2470 4415 contentis
2489 4369 2650 4427 atque
2678 4361 3031 4416 instructione
3060 4362 3449 4428 enarravimus,
3483 4365 3635 4420 facile
3656 4365 3788 4434 qui-

2201 4448 2348 4514 dem,
2390 4450 2555 4504 etiam
2594 4451 2799 4521 absque
2844 4452 3116 4507 monitore
3165 4465 3329 4519 patet,
3365 4462 3567 4524 quanto
3606 4458 3788 4523 spatio

513 4543 858 4612 phabeticum
926 4546 1296 4613 epistolarum.
1337 4544 1535 4600 Rerum
1598 4546 1757 4601 index
1806 4546 1859 4601 in
1900 4546 2098 4602 Leonis
2125 4612 2164 4618 Α
2201 4558 2267 4600 ea
2292 4560 2481 4600 omnes
2508 4547 2817 4613 superiores
2849 4553 2969 4614 post
2997 4561 3055 4601 se
3094 4548 3380 4614 relinquat,
3410 4546 3576 4603 immo
3603 4562 3787 4618 quan-

512 4635 712 4705 scripta
743 4634 809 4689 ad
835 4635 1035 4691 calcem
1065 4645 1248 4691 exstat
1272 4636 1592 4691 uberrimus.

585 4728 731 4782 Alter
758 4740 922 4783 tomus
950 4728 1298 4785 inscribitur:
1347 4730 1429 4784 Ad
1470 4730 1651 4785 Sancti
1681 4728 1870 4783 Leonis
1915 4727 2098 4797 Magni

514 4836 671 4892 Opera
696 4821 972 4892 Appendix
1000 4838 1087 4875 seu
1118 4818 1295 4876 Codex
1322 4820 1591 4877 Cononem
1616 4831 1663 4876 et
1693 4819 2097 4876 Constitutorum

516 4913 669 4970 Sedis
713 4916 1037 4986 Apostolicar.
1089 4913 1508 4982 Dissertationes,
1564 4914 1824 4970 Lectiones
1892 4915 2095 4983 Varia,

516 5003 695 5072 Notte,
750 5006 1167 5073 Observationes,
1222 5005 1449 5065 Indices.
1500 5006 1694 5062 Tomus
1738 5005 1828 5063 11.
1877 5007 2096 5077 Singula

518 5113 585 5154 eo
614 5099 732 5167 ipso
760 5099 969 5165 ordine,
1002 5114 1109 5170 quo
1152 5102 1204 5155 in
1248 5101 1402 5157 titulo
1431 5112 1799 5167 recensentur,
1853 5118 1912 5157 se
1950 5104 2097 5158 exei-

515 5191 691 5261 piunt,
725 5190 827 5244 nisi
868 5192 1008 5259 quod
1052 5192 1314 5247 lectiones
1342 5193 1524 5259 variae,
1561 5202 1704 5248 notae
1743 5202 1799 5248 et
1845 5194 2097 5248 observa-

515 5283 692 5338 tiones
717 5283 984 5352 permistae
1010 5284 1237 5339 invicem
1267 5294 1651 5355 proponantur.
1678 5288 1795 5343 Jam
1823 5286 1891 5341 de
1912 5286 2099 5343 Codice

517 5376 785 5432 Canonum
814 5377 919 5430 alio
943 5378 1059 5431 loco
1077 5377 1308 5433 dicetur.
1345 5378 1756 5434 Dissertationes
1802 5388 1927 5434 sunt
1956 5380 2094 5447 XVI,

517 5483 747 5537 quorum
770 5467 814 5521 ν
848 5470 1176 5537 posteriores
1210 5470 1275 5524 ad
1295 5468 1533 5525 Codicrnt
1549 5472 1811 5526 Canonum
1830 5480 2093 5541 spectant,

517 5559 741 5630 reliqum
782 5558 1018 5615 Leonem
1061 5560 1280 5629 propius
1308 5562 1607 5631 attingunt,
1639 5576 1771 5632 quas
1812 5576 2098 5619 enumera-

517 5654 717 5716 bimus.
763 5654 1073 5724 Disputatur
1099 5654 1259 5723 igitur
1290 5655 1344 5709 in
1389 5655 1515 5711 lDe
1553 5654 1669 5710 Vita
1711 5666 1759 5711 et
1803 5656 1972 5711 Rebus
2010 5674 2100 5729 ge-

523 5748 610 5802 stis
642 5749 832 5808 Leonis
887 5747 950 5803 ll.
989 5748 1061 5803 De
1093 5748 1258 5804 Libris
1288 5750 1351 5803 de
1394 5748 1672 5806 Vacatione
1701 5752 1930 5805 omnium
1977 5768 2097 5822 gen-

525 5843 667 5904 tium,
697 5843 788 5903 qui
813 5842 972 5895 Leoni
999 5843 1341 5898 vindicantur.
1383 5843 1463 5898 lll.
1510 5842 1588 5899 De
1618 5844 2006 5900 auctoritatibus
2034 5847 2099 5900 de

2122 4612 2179 4676 Β
2200 4647 2386 4705 tepere
2403 4651 2589 4689 mnnes
2611 4637 2853 4691 omnium
2886 4637 3099 4691 Patrum
3130 4650 3235 4693 tam
3259 4638 3599 4704 Graecorum,
3619 4656 3789 4708 quam

2198 4729 2537 4793 Latinorum,
2569 4744 2691 4799 quae
2718 4730 2785 4784 ad
2829 4734 2971 4785 hunc
3019 4746 3189 4802 usque
3234 4748 3434 4788 annum
3463 4748 3788 4804 comparue-

2199 4832 2325 4876 runt
2364 4823 2647 4887 editiones,
2684 4823 2879 4890 ingenii
2924 4834 2978 4878 et
3006 4823 3268 4880 doctrinae
3313 4826 3485 4895 copiis
3512 4828 3789 4896 studiique

2192 4915 2440 4983 inpensa
2462 4913 2771 4969 antecellat.
2803 4914 3141 4985 Quapropter
3169 4920 3308 4972 haud
3333 4934 3468 4989 opus
3487 4934 3609 4975 esse
3631 4920 3786 4975 arbi-

2201 5019 2407 5064 tramur
2450 5010 2694 5077 speciosa
2754 5009 2972 5063 testium
3031 5010 3359 5074 inductione,
3414 5020 3471 5065 ut
3525 5012 3787 5080 probetur

2198 5119 2360 5175 quam
2391 5101 2689 5157 honorifice
2734 5102 3014 5170 utriusque
3043 5101 3301 5158 Ecclesia:
3327 5103 3469 5160 docti
3498 5104 3564 5159 de
3587 5105 3786 5161 eadem

2200 5195 2469 5250 senserint
2502 5208 2564 5247 ac
2599 5192 2909 5263 judicarint.
2938 5192 3047 5248 Nec
3076 5208 3209 5249 sane
3239 5194 3521 5249 catholicis
3544 5196 3784 5264 scripto-

2198 5288 2349 5343 ribus
2380 5288 2631 5355 religioni
2660 5300 2784 5340 esse
2815 5286 2993 5353 debet,
3014 5285 3211 5355 justam
3236 5288 3361 5355 ipsi,
3392 5288 3639 5357 quamvis
3661 5299 3785 5344 atro

2201 5380 2255 5435 in
2301 5379 2540 5435 Romana
2579 5378 2727 5433 curia
2754 5378 2990 5432 carbone
3022 5386 3244 5444 notatae,
3274 5378 3486 5435 laudem
3517 5379 3779 5446 tribuere,

2194 5470 2620 5526 novissimorutn
2650 5469 2916 5524 editorum
2953 5470 3224 5539 exemplo,
3254 5471 3344 5541 qui
3369 5471 3530 5542 digna
3557 5471 3781 5533 merito-

2200 5578 2319 5618 rum
2355 5562 2628 5630 Quesnelli
2670 5561 3142 5618 commendatione
3184 5572 3239 5617 et
3286 5563 3424 5633 aequi
3464 5572 3519 5619 et
3558 5562 3780 5633 perfecti

2198 5654 2386 5710 arbitri
2433 5667 2716 5724 personam
2759 5655 3155 5721 sustinuerunt,
3205 5671 3379 5727 neque
3419 5656 3578 5712 aliter
3619 5671 3779 5727 quam

2200 5764 2265 5806 ex
2292 5749 2437 5819 justa
2474 5747 2769 5804 adversarii
2812 5746 3007 5803 virium
3035 5748 3393 5806 aestimatione
3426 5761 3482 5807 et
3511 5753 3777 5820 majorum

2200 5843 2528 5899 conscientia
2574 5842 2856 5899 victoriam
2912 5843 3232 5913 sperandam
3280 5859 3403 5903 esse
3455 5846 3773 5905 docuerunt,
