4014 6350
518 303 590 360 87
1040 303 1566 361 SCHCENEMANNI
1606 299 1883 356 NOTI'I‘IA
1922 292 2741 352 HISTORICO-LITTERARIA
2780 293 2849 349 IN
2887 292 2949 353 S.
2988 290 3294 348 LEONEM.
3730 293 3805 351 88

589 422 747 478 I700.
780 421 1021 493 Lugduni
1061 424 1203 493 apud
1229 422 1485 478 Joannem
1521 417 1668 473 Certe
1693 414 1903 485 bibliop.
1930 413 1983 467 in
2005 411 2101 464 vici
2134 414 2179 471 Α
2208 408 2403 465 Leonis
2435 410 2607 480 Magni
2639 408 2907 477 pontificis
2935 409 3107 478 Opera
3152 408 3332 463 omnia
3367 407 3433 463 ad
3478 422 3611 464 mss.
3653 408 3803 465 cedi.

514 516 826 571 Mercatorio
852 514 944 568 sub
965 515 1112 587 signo
1142 514 1433 577 Trinitatis,
1467 509 1646 579 in-fol.
1677 506 1742 561 Τ.
1776 506 1838 563 ll.
1872 504 1929 560 S.
1959 503 2097 558 Leo-

512 609 599 664 nis
622 609 689 663 Μ.
727 624 876 679 papa:
904 608 924 662 Ι
955 607 1129 677 Opera
1160 606 1363 671 omnia,
1396 596 1540 658 nunc
1566 603 1797 671 primum
1844 596 2098 667 Epistolis

514 702 730 773 triginta
775 701 1048 772 tribusque
1098 699 1167 756 de
1208 700 1394 755 Gratia
1435 694 1634 752 Christi
1685 692 1963 765 cpusculis
2002 705 2099 746 au-

510 796 703 861 ctiora,
732 804 836 851 etc.

580 886 797 941 lteratio
824 882 1219 953 Quesnellianas
1263 880 1619 937 recensionis.
1666 878 1890 933 Mutavit
1926 876 1983 930 in
2020 875 2099 931 le-

508 979 753 1034 vioribus
806 977 1122 1046 quibusdam
1172 986 1362 1030 auctor
1403 972 1729 1044 sententiam
1774 984 1952 1035 suam,
2000 966 2097 1022 sed

506 1090 616 1131 non
648 1075 702 1129 in
739 1075 802 1127 iis
842 1088 963 1143 quae
994 1072 1160 1141 impio
1191 1073 1375 1127 furore
1405 1082 1593 1127 contra
1620 1068 1803 1123 sedem
1832 1063 2095 1136 apostoli-

504 1181 623 1223 cam
650 1166 1010 1221 debacchatus
1036 1180 1156 1221 esse
1177 1163 1589 1220 criminabatur.
1614 1162 1659 1216 A
1687 1160 1875 1231 pagina
1900 1157 2003 1214 I95
2028 1155 2094 1211 ad

503 1257 612 1313 202
642 1259 772 1312 tonti
819 1258 983 1328 primi
1032 1257 1291 1311 insertum
1327 1265 1409 1311 est
1440 1274 1453 1308 :
1481 1253 1809 1323 Upnsculum
1849 1251 1918 1306 de
1960 1250 2095 1305 vocis

501 1352 817 1405 correctione
845 1350 898 1405 in
930 1367 1164 1406 sermone
1185 1352 1216 1405 7
1250 1350 1416 1405 sancti
1440 1349 1624 1402 Leonis
1652 1346 1833 1419 Magni
1858 1348 1920 1401 de
1942 1344 2095 1400 Nati-

499 1445 655 1499 vitate
693 1443 901 1499 Domini
938 1447 1273 1519 Γραμματίου
1324 1444 1649 1517 Δωρημάτιον
1700 1438 1844 1511 (sic)
1884 1440 1987 1494 sive
2015 1439 2095 1492 lit-

498 1538 675 1591 terula:
706 1538 1083 1599 munusculum,
1118 1534 1255 1606 quod
1294 1534 1704 1587 reverentissimo
1758 1533 1893 1603 patri
1954 1530 2089 1587 Era—

496 1646 609 1684 smo
658 1630 869 1684 Gattola
914 1647 948 1683 a
997 1629 1193 1697 Caieta,
1242 1628 1422 1698 inclyti
1468 1626 1764 1681 monasterii
1800 1624 2092 1681 Casinensis

497 1721 768 1789 monacho,
804 1738 864 1775 ac
894 1721 1105 1775 Decano
1135 1730 1181 1775 et
1228 1719 1343 1773 Vic.
1387 1718 1495 1772 Gen
1550 1734 1640 1773 nec
1683 1734 1785 1770 non
1824 1734 1857 1771 a
1894 1714 2092 1770 Biblio-

2176 494 2323 556 ‘cum
2356 501 2513 557 fidem
2547 502 2851 557 emendata.
2885 502 3164 557 Accedunt
3190 501 3364 572 Opera
3396 500 3616 555 Maximi
3654 501 3802 559 Tuit-

2198 610 2434 652 rmensts.

2273 689 2466 743 Parum
2495 690 2707 759 cognita
2734 687 2925 753 editio,
2951 696 3007 743 et
3029 687 3183 757 cujus
3212 687 3303 741 vix
3329 700 3495 742 unum
3518 687 3801 758 exemplar

2202 789 2349 838 trans
2372 784 2536 852 Alpes
2557 783 2826 853 migravit.
2851 781 3041 836 Merito
3062 781 3279 851 quidem
3307 794 3427 847 suo,
3452 781 3497 835 si
3529 790 3801 839 nostrates

2201 884 2413 930 mutare
2438 875 2745 946 bibliopola)
2770 876 3036 945 nequitias
3057 873 3364 940 olfecerint,
3391 875 3479 943 qui
3503 874 3718 930 codices
3739 876 3796 931 in

2200 967 2359 1022 titulo
2385 969 2678 1023 venditavit
2704 968 2771 1023 ad
2795 978 3067 1038 emptores
3096 967 3405 1038 frequenter
3440 968 3755 1024 alliciendos
3779 985 3798 1037 ;

2198 1077 2385 1117 revera
2407 1063 2582 1131 Opera
2607 1062 2824 1127 Leonis,
2848 1078 2966 1134 qua:
2989 1063 3042 1118 in
3068 1060 3359 1130 Quesnello
3384 1062 3629 1117 exhibita
3650 1071 3797 1129 sunt,

2198 1155 2393 1211 additis
2423 1156 2665 1225 ejusdem
2710 1172 2871 1224 super
2921 1156 3091 1211 tribus
3136 1156 3299 1210 Leoni
3352 1156 3581 1225 primum
3622 1156 3691 1209 ab
3729 1170 3800 1210 eo

2195 1246 2481 1301 vindicatis
2520 1248 2793 1317 opusculis
2836 1248 3305 1304 dissertationibus
3326 1289 3343 1315 ,
3391 1248 3620 1311 retudit,
3647 1259 3721 1315 et,
3748 1248 3798 1306 si

2196 1339 2459 1395 Caeciart'o
2492 1341 2621 1396 fides
2652 1342 2750 1407 sit,
2780 1358 2899 1411 quas
2940 1342 3093 1397 nobis
3131 1357 3237 1397 non
3280 1342 3495 1397 videtur
3533 1341 3583 1397 ei
3625 1342 3797 1397 dene-

2193 1434 2389 1505 ganda,
2418 1435 2711 1490 innumeris
2741 1451 3024 1505 operarum
3058 1436 3201 1491 vitiis
3232 1434 3473 1490 ftedavit.
3514 1434 3626 1490 Nec
3667 1449 3798 1491 vero

2195 1531 2370 1601 palam
2397 1547 2519 1585 eum
2548 1530 2693 1587 ferre
2723 1541 2877 1600 putes
2903 1530 3179 1597 Quesnelli
3222 1529 3579 1601 diligentiam.
3627 1530 3797 1586 Immo

2194 1622 2312 1693 ipse
2341 1637 2691 1679 contemnens
2720 1625 2978 1680 lectorum
2999 1623 3259 1695 judicium
3300 1624 3573 1691 Quesnelli
3612 1639 3797 1692 perso-

2195 1731 2320 1769 nam
2352 1715 2545 1781 iudttit,
2574 1724 2630 1770 et
2658 1731 2775 1786 quas
2806 1716 2897 1771 ille
2926 1718 3219 1786 scripserat
3243 1732 3275 1768 a
3302 1732 3356 1769 se
3387 1717 3593 1769 demum
3634 1714 3797 1771 Leoni

497 1815 665 1879 theca,
697 1817 832 1869 dono
854 1816 941 1869 dat
963 1824 1009 1868 et
1033 1812 1183 1882 olTert
1210 1816 1446 1869 Joannes
1474 1809 1789 1881 Clatnpinus
1820 1811 2087 1866 Romanus
2119 1802 2164 1862 Β
2191 1808 2471 1873 vindicata,
2498 1810 2651 1880 quasi
2680 1825 2776 1863 sua
2811 1808 3154 1880 (bibliopola:
3181 1809 3417 1879 scilicet)
3448 1824 3609 1877 opera
3654 1825 3795 1864 nunc

495 1910 739 1979 magister
766 1911 991 1964 brevium
1019 1908 1200 1978 gratia:
1245 1924 1303 1960 ac
1332 1908 1387 1960 in
1414 1918 1631 1974 utraque
1656 1906 1926 1977 signatura
1952 1904 2087 1972 refe-

494 2002 766 2056 rendarius
799 2002 972 2056 Romae
1011 2000 1088 2054 Μ.
1125 1998 1233 2054 DC.
1259 1996 1479 2053 XCIII.
1513 2015 1576 2053 ea:
1614 2008 1814 2070 typogr.
1846 1995 1937 2051 Io.
1964 1996 2083 2057 Jac.

492 2093 753 2149 Komarelt
782 2093 959 2149 Boemi
986 2095 1128 2161 apud
1174 2092 1236 2148 S.
1276 2093 1529 2165 Angelum
1559 2092 1860 2158 custodem;
1892 2091 1943 2144 in
1978 2105 2085 2161 quo

492 2196 683 2240 auctor
733 2201 919 2240 vocem
972 2201 1079 2240 arte
1118 2186 1169 2239 in
1220 2185 1436 2240 laudato
1483 2200 1737 2239 sermone
1776 2194 2084 2252 corruptam

491 2292 611 2333 esse
640 2278 945 2347 contendit,
974 2289 1028 2333 et
1063 2293 1127 2332 ex
1172 2278 1452 2333 codicibus
1502 2291 1636 2331 mss.
1666 2274 1946 2346 legendum
1986 2276 2085 2330 de-

492 2381 761 2425 monstrat
803 2386 939 2424 area:
966 2371 1031 2424 ad
1077 2369 1433 2440 significanda
1474 2371 1648 2437 Spatia
1673 2369 1869 2439 quibus
1915 2367 2087 2421 scala-

492 2474 610 2518 rum
643 2477 737 2531 per
764 2477 898 2529 quas
936 2476 1193 2516 aSCensus
1234 2463 1290 2516 in
1324 2461 1599 2516 basilicam
1624 2462 1684 2515 D.
1715 2462 1861 2516 Petri
1903 2460 2081 2528 detur,

492 2552 716 2609 ordines
748 2554 1169 2625 distinguantur.
1205 2554 1526 2609 Emendatio
1561 2569 1692 2608 sane
1742 2554 2082 2619 certissima;

494 2656 825 2719 quapropter
855 2663 884 2701 a
916 2647 1207 2715 Quesnello
1245 2648 1451 2717 absque
1482 2647 1589 2702 ulla
1640 2647 1984 2701 haesitatione
2030 2647 2086 2699 in

492 2749 700 2796 textum
732 2756 854 2811 pag.
882 2744 973 2807 81,
1003 2741 1186 2795 addito
1218 2743 1454 2795 auctoris
1493 2740 1691 2809 elogio,
1718 2752 1802 2794 est
1842 2746 2082 2807 recepta.

490 2834 575 2890 Ex
610 2835 707 2889 hac
741 2834 967 2903 epistola
1020 2849 1180 2903 porro
1224 2835 1499 2888 hausimus
1552 2834 1793 2887 notitiam
1833 2848 2085 2903 quarum-

492 2926 615 2981 dam
644 2926 968 2982 Sermonum
998 2925 1195 2980 Leonis
1214 2925 1535 2988 editionum,
1559 2940 1693 2993 quas
1717 2922 1933 2978 aliunde
1956 2923 2085 2977 mihi

491 3016 840 3072 innotescere
881 3015 1023 3070 haud
1070 3016 1314 3070 memini.
1364 3014 1470 3070 Sed
1511 3014 1743 3068 lectores
1772 3028 1877 3067 non
1908 3014 2087 3068 celare

490 3114 685 3176 debeo,
712 3112 763 3167 id
793 3112 936 3183 quod
961 3112 1185 3182 singulis
1208 3112 1259 3165 in
1293 3111 1427 3164 locis
1456 3110 1622 3164 etiam
1655 3109 1743 3163 ubi
1766 3125 1858 3163 eas
1882 3124 2085 3179 propo-

2190 1904 2415 1974 primum
2460 1904 2723 1957 vindicata
2767 1913 2815 1959 et
2857 1903 2926 1956 ad
2973 1903 3351 1969 manuscriptos
3400 1901 3598 1956 codices
3626 1903 3794 1959 denuo

2189 1999 2461 2052 emendata
2492 2000 2713 2067 profert.
2747 1998 2857 2053 Hac
2897 1998 3012 2066 ipsa
3056 1998 3284 2066 denique
3324 1997 3653 2066 impudentia
3695 2011 3793 2054 sua

2191 2090 2491 2159 legentibus
2534 2091 2717 2159 jocum
2762 2090 2944 2157 dedit,
2984 2090 3110 2145 dum
3137 2090 3314 2161 elogio
3339 2088 3535 2144 Leonis
3562 2104 3591 2143 a
3617 2089 3793 2157 Ques-

2190 2182 2333 2235 nello
2360 2182 2575 2236 condito
2602 2193 2657 2238 et
2686 2182 2773 2238 hic
2801 2184 3004 2252 pariter
3035 2183 3223 2237 eadem
3260 2198 3454 2253 pompa
3500 2197 3694 2237 recuso
3734 2183 3791 2238 in

2190 2273 2365 2329 locum
2398 2276 2630 2330 nominis
2659 2276 2938 2344 Quesnelli
2969 2276 3285 2330 substituit:
3328 2275 3694 2330 Derotissimus
3736 2285 3792 2333 et

2189 2368 2667 2437 obsequentissimus
2702 2367 2861 2423 cliens
2892 2368 3209 2440 Augustinus
3254 2367 3475 2424 Savioli.
3522 2369 3790 2425 Caeterum

2189 2459 2533 2515 meminerint
2560 2461 2791 2515 lectores
2820 2461 2889 2515 ab
2916 2460 3107 2515 eodem
3133 2460 3425 2531 bibliopola
3451 2459 3597 2515 Petri
3625 2460 3788 2533 Chry-

2188 2552 2354 2625 sologi
2380 2555 2551 2618 Opera
2579 2552 2731 2622 juxta
2761 2553 3053 2608 editionem
3103 2553 3333 2623 priscam
3381 2568 3504 2609 esse
3549 2568 3740 2609 recusa
3763 2595 3784 2622 ,

2189 2644 2333 2713 quod
2400 2642 2679 2716 Futgentio
2748 2647 2955 2715 pariter
3018 2646 3279 2702 accidisse
3324 2646 3380 2700 in
3442 2645 3790 2717 sequentibus

2189 2737 2420 2794 discent.

2264 2832 2423 2887 I748.
2462 2832 2688 2887 Venetiis
2716 2832 2859 2903 apud
2889 2832 3151 2889 Andream
3171 2833 3384 2899 Poletti,
3416 2835 3595 2906 in-fol.
3626 2834 3686 2889 Τ.
3719 2835 3786 2893 II.

2190 2923 2250 2979 S.
2275 2923 2475 2979 Leonis
2501 2927 2697 2993 Opera.
2727 2927 3003 2981 Accedunt
3026 2926 3207 2981 Codex
3230 2926 3511 2982 Canonum
3532 2927 3791 2984 Ecclesia

2190 3015 2468 3079 Romanae,
2497 3028 2551 3072 et
2583 3017 2855 3072 Sermones
2880 3027 2936 3073 et
2958 3016 3207 3072 Homilitz
3231 3018 3292 3075 S.
3323 3018 3545 3073 Maximi
3563 3020 3790 3092 episcopi

2195 3108 2533 3165 Taurenensis
2557 3110 2621 3164 ad
2654 3126 2787 3165 mss.
2812 3111 3028 3165 codices
3057 3111 3237 3165 denuo
3265 3111 3508 3179 castigati
3541 3122 3596 3168 et
3621 3109 3789 3166 aucti.

490 3206 671 3260 nimus
702 3204 909 3269 monui,
942 3202 1103 3257 ﬁdem
1133 3202 1235 3256 viri
1283 3202 1335 3255 in
1370 3200 1473 3255 hoc
1504 3216 1607 3254 non
1641 3201 1771 3253 satis
1801 3200 1931 3254 mihi
1963 3215 2085 3255 esse
2110 3190 2159 3253 C
2260 3203 2488 3258 Curator
2520 3204 2675 3272 hujus
2705 3204 2954 3258 editionis
2980 3204 3077 3259 fuit
3109 3206 3339 3259 Andreas
3371 3203 3636 3272 Polettus,
3681 3205 3789 3261 Ve-

489 3298 847 3365 exploratam.
895 3296 1049 3361 Quod
1085 3296 1319 3365 reliquas
1366 3294 1523 3361 hujus
1568 3294 1901 3362 repetitionis
1929 3294 2084 3350 dotes

489 3394 701 3457 attinet,
749 3390 957 3445 indices
998 3390 1157 3459 paulo
1202 3390 1534 3458 copiosiores
1581 3398 1733 3442 nacta
1781 3398 1886 3453 est,
1920 3388 2084 3458 inque

487 3485 575 3540 Itis
624 3501 819 3538 novum
850 3488 1125 3553 librorum,
1172 3502 1446 3557 eorumque
1490 3486 1735 3556 capitum,
1768 3501 2078 3553 sermonum,

492 3582 889 3654 Epistolarum,
930 3598 1205 3652 earumque
1252 3596 1570 3652 synopsemn,
1614 3589 1669 3635 et
1713 3580 1937 3633 aliorum
1970 3594 2083 3631 om-

490 3677 634 3731 nium
666 3678 788 3732 tomi
812 3677 963 3747 primi
992 3676 1278 3741 titulorum,
1320 3690 1430 3745 quo
1459 3673 1605 3743 prior
1632 3672 1796 3727 editio
1823 3688 1966 3740 aegre
1992 3687 2086 3727 ca-

488 3776 592 3824 ret.
627 3770 919 3823 Enimvero
959 3767 1231 3836 displicet,
1265 3765 1508 3832 eosdem,
1558 3764 1646 3833 qui
1684 3772 1859 3819 tamen
1890 3779 1956 3819 ex
1988 3780 2081 3820 su-

490 3860 709 3928 periore
735 3860 1028 3914 maximam
1060 3867 1265 3926 partem
1293 3867 1420 3912 sunt
1441 3856 1676 3926 repetiti,
1710 3857 1761 3909 in
1804 3862 2083 3927 utriusque

491 3952 624 4005 tomi
675 3953 829 4008 titulo
876 3967 1067 4021 magna
1108 3966 1230 4006 cum
1269 3964 1463 4019 pompa
1514 3949 1796 4003 ostentari.
1839 3948 2083 4018 Denique

488 4042 785 4114 descriptio
810 4044 994 4114 operis
1025 4044 1163 4097 facta
1194 4052 1279 4098 est
1322 4043 1596 4097 luculento
1636 4042 1973 4108 charactere,
2001 4042 2082 4097 bi-

486 4135 572 4190 nis
603 4150 697 4203 per
716 4136 962 4206 paginam
990 4136 1283 4199 columnis,
1309 4136 1365 4189 in
1391 4136 1578 4190 charta
1608 4135 1925 4205 neutiquam
1952 4149 2083 4191 con-

486 4229 796 4286 temnenda.

1077 4320 1304 4377 δεωιο
1340 4335 1490 4375 xvnt.

557 4415 717 4471 1759.
749 4414 931 4469 Romae
960 4415 1092 4485 typis
1124 4414 1187 4470 S.
1228 4413 1501 4467 Michaelis
1530 4413 1598 4467 ad
1645 4413 1837 4481 Ripam
1878 4423 2081 4485 sumpt.

2190 3308 2344 3353 netns
2396 3300 2521 3353 item
2571 3300 2951 3369 typographus.
3012 3300 3087 3354 Ex
3133 3315 3198 3355 eo
3248 3301 3478 3369 primum
3527 3300 3788 3356 discimus

2190 3394 2427 3464 priorem
2456 3394 2736 3463 Attgttstint
2760 3392 2957 3450 Savioli
2981 3394 3297 3459 editionem,
3322 3395 3567 3463 quamvis
3588 3394 3785 3451 misere

2189 3487 2635 3550 consarcinatam,
2668 3496 2775 3540 tam
2810 3487 3078 3555 frequenti
3112 3496 3289 3541 tamen
3320 3495 3622 3555 emptorttnt
3652 3500 3788 3542 con-

2187 3594 2347 3634 cursu
2380 3596 2502 3635 esse
2532 3580 2838 3633 distractam
2860 3621 2873 3645 ,
2910 3589 2968 3634 ut
2996 3578 3324 3649 exemplaria
3364 3578 3475 3648 jatn
3516 3578 3790 3635 desidera-

2186 3684 2395 3729 rentur.
2429 3674 2692 3741 Qoocirca
2716 3689 2838 3727 cum
2869 3689 2935 3727 ex
2975 3688 3033 3728 re
3080 3687 3177 3728 sua
3228 3672 3561 3727 exi~titnaret
3607 3672 3787 3727 denuo

2186 3764 2383 3821 Leonis
2429 3768 2601 3837 Opera
2647 3767 2795 3835 prelo
2837 3767 3208 3828 committere,
3262 3765 3380 3835 ipse
3425 3774 3605 3821 tamen
3635 3764 3788 3821 nefas

2187 3877 2309 3918 esse
2334 3873 2636 3930 reputasset
2668 3861 2870 3915 Savioli
2893 3863 3168 3929 exemplar
3198 3868 3404 3915 temere
3432 3858 3742 3915 exscribere
3764 3901 3782 3929 ,

2186 3956 2466 4011 doctorum
2506 3956 2741 4009 virorum
2779 3956 3019 4009 consiliis
3058 3954 3275 4009 ductum
3314 3968 3373 4007 se
3400 3961 3694 4017 asseverat,
3727 3961 3786 4009 ut

2184 4048 2330 4102 aliud
2362 4048 2599 4102 melioris
2641 4061 2781 4102 natae
2808 4057 2863 4101 et
2902 4047 3301 4102 accessionibus
3344 4057 3556 4102 auctum
3598 4062 3785 4102 exem-

2185 4142 2303 4211 plar
2345 4141 2721 4210 reprtesentari
2768 4150 3014 4201 curaret,
3060 4140 3111 4194 id
3139 4139 3279 4209 quod
3310 4154 3415 4193 non
3445 4138 3592 4194 aliud
3623 4154 3783 4209 quam

2184 4233 2353 4304 ipsius
2374 4232 2647 4301 Quesnelli
2670 4232 2836 4288 editio
2863 4231 3179 4286 Parisiensis
3204 4230 3323 4297 fuit,
3348 4230 3580 4299 demptis
3602 4237 3782 4286 tamen

2184 4329 2453 4399 aliquibus
2493 4338 2547 4383 et
2570 4327 2767 4383 additis
2798 4325 3025 4382 invicem
3053 4341 3174 4397 quas
3204 4326 3257 4379 in
3291 4324 3446 4378 titulo
3475 4324 3784 4394 significan-

2188 4432 2294 4476 tur.
2326 4421 2459 4476 lilud
2490 4429 2669 4475 tamen
2696 4420 2857 4487 scias,
2887 4435 2993 4473 non
3025 4418 3401 4485 Quesnellum,
3434 4417 3529 4471 sed
3574 4426 3780 4473 tantum

482 4508 705 4564 Hieron.
741 4509 1030 4575 Mainardi,
1057 4510 1233 4580 in-fol.
1266 4508 1325 4564 S.
1358 4509 1555 4563 Leonis
1596 4508 1851 4578 Epistolas
1890 4509 2085 4564 decre-
2109 4571 2155 4581 __
2190 4513 2545 4568 Parisiensem
2573 4512 2864 4567 editionem
2892 4526 3015 4566 eum
3045 4510 3367 4581 appellasse,
3390 4509 3606 4580 justone
3636 4520 3784 4567 metu

483 4600 648 4665 tales;
671 4602 723 4655 in
745 4598 1055 4656 Collectione
1074 4602 1393 4669 amplissima
1414 4601 1686 4655 Bullarum
1708 4603 1897 4673 ponti].
1921 4600 2074 4658 Rom.

481 4692 566 4746 ed.
597 4692 783 4745 Carolo
812 4689 1162 4763 Cocquelines.
1201 4691 1261 4745 T.
1294 4691 1336 4756 Ι,
1366 4707 1395 4745 a
1425 4709 1544 4762 pag.
1574 4689 1644 4744 25
1673 4692 1739 4745 ad
1764 4690 1855 4744 47.

550 4783 815 4839 Numerus
836 4794 1211 4840 contentorum
1240 4792 1319 4839 est
1349 4783 1490 4837 XIX.
1534 4784 1668 4837 Sunt
1713 4798 1880 4849 vero,
1926 4784 2080 4852 juxta

479 4875 749 4940 Quesnelli
779 4877 1044 4940 ordinem,
1078 4875 1163 4929 hae
1188 4893 1200 4927 :
1230 4876 1270 4941 Ι,
1302 4874 1363 4936 Il,
1398 4874 1485 4939 Ill,
1520 4874 1582 4940 V,
1625 4873 1757 4939 VIII,
1800 4874 1914 4941 XII,
1958 4875 2074 4942 XV,

479 4965 620 5031 XVI,
654 4966 822 5031 XVII,
851 4967 990 5029 XIV,
1020 4966 1223 5032 XCVII,
1252 4965 1446 5032 XXIX,
1476 4965 1679 5031 XLVII,
1712 4965 1773 5033 L,
1806 4965 2073 5035 CXXXV,

476 5060 734 5123 LXXVII.
765 5060 1075 5127 LXXXVII,
1108 5058 1349 5127 CXXIX,
1376 5058 1661 5115 CXXXVI.
1688 5060 1771 5115 Ab
1793 5063 1943 5115 initio
1964 5072 2073 5117 sta-

477 5152 572 5207 tim
603 5151 778 5207 editor
804 5152 1041 5221 subjecta
1071 5150 1138 5205 ad
1171 5150 1397 5220 primam
1429 5150 1714 5219 epistolam
1745 5152 1925 5206 notula
1958 5168 2073 5207 mo-

475 5253 591 5311 net,
619 5258 680 5299 se
705 5259 892 5300 omnes
917 5260 981 5299 ex
1008 5244 1219 5297 Antonii
1253 5244 1399 5297 card.
1448 5241 1651 5314 Carafaz
1696 5242 1943 5311 Epistolis
1985 5247 2074 5299 de-

476 5346 599 5393 cret.
643 5352 889 5390 summor.
931 5335 1113 5406 pontii.
1158 5346 1294 5389 tomo
1320 5336 1340 5390 I
1368 5336 1785 5406 deprompsisse,
1820 5338 2074 5409 additque

475 5429 653 5484 studio
684 5428 843 5499 hujus
878 5427 1198 5494 cardinalis,
1230 5428 1319 5497 qui
1364 5430 1568 5484 scilicet
1611 5430 1887 5487 codicibus
1926 5431 2074 5485 Vati-

478 5521 631 5576 canis
656 5520 869 5589 adjutus
898 5521 1016 5587 luit,
1045 5520 1336 5575 admodum
1364 5521 1653 5577 dissimiles
1678 5537 1799 5579 esse
1836 5524 2072 5579 redditas

478 5613 543 5668 iis
570 5629 703 5683 quas
732 5613 1025 5668 canonistae
1055 5623 1109 5669 et
1135 5612 1371 5683 Operum
1398 5613 1472 5681 ,S.
1520 5614 1714 5671 Leonis
1750 5616 2069 5674 collectores

478 5707 766 5762 ediderint.

548 5798 706 5858 ΠΗ.
746 5801 973 5860 Venetiis
1004 5804 1141 5871 apud
1170 5804 1513 5873 Augustinum
1546 5805 1765 5872 Savioli,
1799 5807 1979 5875 in-IOl.
2008 5808 2066 5865 S.

2106 4571 2161 4630 D

2185 4619 2255 4659 an
2286 4616 2343 4658 ut
2368 4604 2617 4659 homines
2640 4618 2801 4674 parce
2831 4604 3047 4669 doctos,
3097 4602 3191 4657 sed
3238 4611 3388 4657 tanto
3436 4601 3785 4671 religiosores

2183 4696 2523 4751 simulatione
2555 4696 2655 4750 hac
2684 4695 2924 4761 falleret,
2958 4711 3064 4750 non
3113 4694 3551 4763 disceptaverim.
3588 4692 3782 4749 Tomus

2183 4793 2402 4861 primus,
2439 4790 2639 4859 pariter
2668 4804 2730 4844 ac
2758 4788 3151 4856 Quesnellianas
3189 4788 3454 4843 editiones
3481 4828 3495 4852 ,
3540 4787 3785 4843 continet

2182 4884 2472 4940 Sermones
2508 4886 2560 4938 in
2585 4884 2730 4938 varia
2762 4884 2937 4951 capita
2965 4882 3269 4943 distinctos,
3302 4882 3518 4950 prastixa
3550 4879 3781 4950 singulis

2178 4976 2399 5047 synopsi
2426 4991 2527 5044 qua
2548 4992 2579 5029 a
2605 4975 2846 5030 Parisiuo
2868 4973 3077 5029 editore
3102 4974 3330 5042 primum
3356 4972 3600 5027 instructi
3630 4981 3777 5038 sunt;

2180 5067 2449 5137 Epistolas
2475 5067 2672 5122 deinde
2698 5067 2945 5136 totidem,
2972 5067 3271 5135 eodemque
3293 5064 3483 5119 ordine
3508 5079 3573 5119 ac
3598 5064 3785 5121 distri-

2177 5160 2421 5228 butione,
2456 5160 2692 5215 fontibus
2721 5161 2861 5216 unde
2890 5176 3044 5215 novae
3071 5162 3175 5215 illae
3203 5160 3377 5215 ductae
3404 5168 3586 5215 essent
3610 5159 3783 5228 Ques-

2179 5254 2303 5308 nelli
2329 5253 2507 5309 verbis
2530 5253 2797 5309 indicatis.
2833 5252 2941 5308 Nec
2968 5253 3069 5308 tria
3112 5252 3202 5307 illa
3246 5251 3532 5322 opuscula,
3560 5265 3683 5321 quae
3724 5250 3781 5305 in

2178 5344 2417 5400 Parisina
2449 5345 2685 5401 editione
2713 5346 2879 5401 Leoni
2908 5346 3139 5416 primum
3172 5344 3370 5399 tributa
3410 5351 3565 5415 sunt,
3616 5357 3784 5412 repu-

2178 5436 2345 5492 diavit
2370 5479 2385 5504 ,
2434 5438 2486 5491 in
2532 5438 2637 5492 hoc
2680 5438 2857 5493 solum
2900 5437 2969 5491 ab
3006 5452 3066 5493 ea
3099 5436 3382 5501 recedens,
3411 5435 3553 5506 quod
3585 5449 3691 5490 non
3722 5434 3782 5492 in

2177 5529 2356 5585 fronte
2383 5531 2737 5601 reliquorum,
2771 5530 2865 5585 sed
2896 5530 2962 5584 ad
2994 5531 3196 5586 calcem
3241 5529 3419 5600 potius
3462 5526 3776 5596 addiderit,

2176 5623 2434 5694 subjectis
2462 5626 2641 5680 statim
2673 5624 2844 5679 tribus
2868 5638 2988 5694 qua:
3017 5624 3083 5678 ad
3129 5622 3320 5679 eadem
3368 5631 3617 5693 spectant
3658 5620 3779 5677 dis-

2174 5717 2577 5772 sertationibus.
2608 5717 2807 5772 Contra
2833 5732 2951 5786 quas
2980 5716 3046 5771 ad
3074 5716 3303 5787 primum
3344 5725 3545 5772 tomum
3586 5728 3747 5771 acces

2174 5818 2356 5867 serant
2386 5809 2439 5864 in
2469 5808 2734 5876 Parisina,
2776 5808 2899 5863 Vita
2934 5808 3127 5865 Hilarii
3156 5819 3363 5866 auctore
3393 5806 3689 5877 Honorato,
3716 5810 3780 5864 et
