4014 6350
828 274 1354 337 SCHGJNEMANNI
1392 272 1671 331 NOTITIA
1712 268 2529 330 HlSTORlCO—LI'I‘TERARIA
2565 272 2636 329 1N
2675 274 2733 331 S.
2776 276 3076 335 LEONEM.

3529 289 3604 347 90

291 403 525 471 reliqua,
558 397 649 453 hic
676 396 731 453 in
764 406 910 452 tomo
957 396 1128 451 altero
1174 402 1299 465 post
1348 391 1582 447 Codicem
1630 390 1897 445 Canonum
1923 389 1976 447 A
2002 387 2291 445 admodum
2324 401 2498 460 turpe,
2532 407 2727 463 nempe
2758 393 3055 452 Tractatum
3086 397 3148 454 S.
3190 400 3378 458 Leonis
3415 407 3601 462 adver-

288 493 641 557 exhibentur,
674 492 849 562 iisque
874 489 1108 561 denique
1130 488 1199 543 ad
1227 486 1510 541 voluminis
1534 482 1899 554 complemen-

288 596 424 653 tum,
448 587 707 656 quoniam
734 586 958 653 reliquae
977 582 1249 652 Quesnelli
1281 579 1693 637 dissertationes
1733 577 1893 633 omis-

286 695 365 736 κε
390 689 535 742 sunt,
572 679 795 733 Maximi
825 678 1099 733 Sermones
1125 674 1436 730 succedunt.

353 772 476 827 Jam
509 774 555 827 si
585 784 863 840 quaeratur
902 770 1062 841 quale
1110 783 1306 823 nomen
1346 765 1682 837 pretiumque
1715 776 1897 833 operm

282 862 409 917 huic
442 864 641 918 Poletti
672 863 1015 918 statuendum
1046 862 1136 927 sit,
1168 868 1227 914 ut
1258 860 1400 914 lubet
1428 864 1765 928 expurgatam
1799 868 1897 909 seu

280 956 580 1011 mutatam
605 954 869 1024 Quesnelli
890 954 1167 1009 editionem
1191 961 1338 1007 recte
1359 947 1737 1021 appellaveris.
1761 946 1895 1000 Nam

280 1062 484 1103 nonea
527 1048 707 1102 solum
758 1062 877 1116 qua:
927 1045 1086 1101 modo
1136 1043 1490 1099 indicavimus
1534 1040 1602 1095 de
1651 1037 1896 1093 Parisina

281 1143 509 1209 dempta
534 1150 685 1205 sunt,
712 1141 806 1194 sed
839 1139 1005 1194 multa
1038 1139 1200 1193 etiam
1232 1152 1296 1192 ex
1330 1131 1892 1189 animadversionibus

278 1243 336 1291 et
363 1234 827 1289 admonitionibus
856 1234 1021 1303 ipsius
1049 1233 1245 1286 frustra
1274 1230 1360 1283 hic
1384 1235 1692 1297 exspectes.
1723 1228 1896 1293 Atque

279 1329 385 1385 hoc
414 1332 752 1398 praecipuum
782 1338 887 1394 est,
916 1327 1056 1399 quod
1085 1327 1137 1380 in
1169 1324 1415 1379 laudibus
1443 1322 1588 1378 illius
1616 1320 1764 1392 ponit
1793 1318 1897 1373 Pe-

277 1433 387 1477 trus
419 1422 654 1477 Thomas
683 1422 953 1486 Caeciari,
1000 1420 1272 1490 sequentis
1317 1426 1545 1482 auctor,
1599 1413 1685 1469 cui
1736 1412 1894 1483 hujus

275 1530 432 1585 teque
449 1531 520 1570 ac
543 1516 902 1585 praecedentis
924 1514 1141 1569 Veneta:
1160 1511 1405 1566 nOtitiam
1428 1510 1585 1563 unice
1606 1507 1890 1562 debemus.

274 1610 330 1666 Is
357 1612 620 1666 universe
648 1611 864 1681 quidem
893 1607 1314 1677 reprehensione
1343 1619 1551 1659 summa
1584 1612 1638 1657 et
1664 1601 1891 1655 dixerim

274 1720 411 1775 pene
443 1705 814 1759 detestatione
853 1703 1073 1773 dignum
1097 1715 1345 1765 censetis,
1376 1698 1519 1769 quod
1545 1713 1575 1752 e
1601 1694 1892 1763 Quesnello

2000 498 2090 536 sus
2118 499 2314 538 errores
2342 484 2643 557 Eutychetis
2671 488 2991 562 aliorumque
3014 491 3367 552 htereticorum
3393 498 3478 556 bis
3509 502 3601 558 iis~

2001 574 2125 631 dem
2156 578 2334 633 verbis
2364 588 2419 633 et
2456 580 2642 635 eadem
2682 582 2977 655 epigraphe
3014 586 3186 643 semel
3230 590 3426 660 pagina
3469 593 3596 660 102,

2000 668 2305 741 iterumque
2334 673 2524 743 pagina
2550 674 2656 731 509
2679 692 2954 733 excusum.

2078 762 2240 819 1751.
2290 764 2541 823 Bononia:
2591 772 2734 839 apud
2781 771 3003 830 Hieron.
3043 773 3334 833 Corciolani
3362 788 3407 834 et
3438 779 3596 838 11.11.

2003 853 2161 923 Colli,
2205 857 2374 912 iii-4°.
2410 857 2602 916 Sermo
2632 861 2691 918 S.
2720 862 2917 921 Leonis
2948 866 3017 923 de
3046 867 3492 942 Quadragesima,
3523 874 3600 932 in-

2006 947 2213 1019 cipiens
2239 966 2255 1006 :
2304 951 2640 1009 Dilectissimi
2661 957 2828 1025 nobis,
2860 959 2988 1027 ﬁdes
3012 973 3188 1018 nostra
3210 980 3303 1020 nos
3329 966 3595 1036 admonet,

2001 1061 2126 1102 cum
2177 1048 2616 1106 annotationibus
2641 1049 2727 1107 Jo.
2764 1052 2949 1126 Chrys.
2991 1055 3288 1127 Trombelli,
3321 1076 3444 1118 cum
3474 1063 3598 1121 aliis

2002 1140 2176 1196 tribus
2199 1142 2263 1195 de
2286 1142 2676 1199 Resurrectione
2703 1143 2936 1213 Domini,
2969 1149 3020 1204 in
3046 1151 3318 1221 festivitate
3353 1154 3416 1209 S.
3450 1152 3596 1213 Pau-

2002 1236 2060 1300 li,
2088 1235 2220 1290 falso
2241 1236 2415 1293 eidem
2440 1240 2711 1309 ascriptis,
2731 1250 2786 1296 et
2811 1257 2920 1297 uno
2942 1244 3006 1297 de
3028 1245 3249 1301 Abraha:
3268 1247 3378 1317 ﬁlio
3398 1249 3592 1307 incerti

2000 1332 2277 1398 auctoris,
2311 1332 2450 1388 forte
2498 1333 2696 1391 Leonis
2748 1335 2992 1405 ejusdem
3021 1384 3035 1408 ,
3067 1354 3136 1395 ex
3182 1341 3372 1397 codice
3417 1343 3595 1400 Bono-

2000 1419 2176 1475 niensi
2204 1438 2219 1487 ;
2256 1426 2307 1477 in
2339 1423 2612 1494 Opusculis
2642 1436 2740 1481 vet.
2765 1428 2885 1483 PP.
2917 1412 3039 1485 Lat.
3067 1448 3111 1487 s.
3142 1433 3418 1490 Anecdotis
3446 1454 3477 1491 a
3507 1452 3594 1491 ca-
3627 1435 3646 1500 ζ

2001 1514 2204 1568 nonicis
2230 1532 2343 1587 reg.
2378 1516 2441 1571 S.
2477 1517 2765 1576 Saluatoris
2812 1520 3064 1577 Bononia
3112 1526 3384 1596 evulgatis.
3415 1525 3480 1581 Τ.
3512 1527 3590 1595 ll,

2000 1614 2138 1673 part.
2172 1620 2212 1669 1,
2245 1624 2400 1677 pagg.
2431 1608 2695 1665 εδδ-255.
2728 1610 2915 1667 Nullus
2940 1616 3185 1683 omnino,
3210 1632 3313 1673 nec
3334 1618 3482 1688 prior
3502 1619 3593 1678 ille

2000 1699 2065 1752 de
2089 1699 2517 1773 Quadragesima,
2553 1714 2613 1760 ut
2662 1707 3005 1765 Trombellus
3048 1711 3343 1782 inscripsit,
3396 1716 3591 1775 Leonis

270 1798 480 1867 aliquid
510 1800 565 1853 in
593 1812 747 1852 suam
779 1797 1026 1852 derivare
1056 1793 1349 1848 instituerit
1380 1792 1640 1849 Polettus.
1679 1798 1789 1842 tum
1824 1803 1889 1842 eo
1927 1787 1973 1847 B
2000 1805 2083 1850 est
2107 1835 2123 1861 ,
2176 1796 2499 1853 docentibus
2546 1799 2846 1857 Balleriniis
2890 1803 2944 1858 in
2975 1802 3107 1859 diss,
3146 1805 3211 1859 de
3257 1805 3589 1867 ,ςεηηοηίιηη

269 1893 441 1961 magis
472 1892 530 1947 ei
560 1890 997 1947 succensendum
1028 1888 1340 1954 arbitratur,
1376 1886 1515 1956 quod
1550 1884 1736 1943 famae.
1770 1898 1891 1952 quas

268 1985 335 2039 de
362 2000 469 2038 suo
503 1982 832 2053 (Cacciarii)
882 1983 1161 2037 molimine
1208 1996 1362 2035 nova:
1408 1979 1661 2035 editionis
1708 1976 1889 2047 spargi

265 2080 551 2145 cepisset,
580 2077 787 2131 nullam
815 2077 1078 2131 rationem
1110 2075 1391 2138 habuerit;
1425 2082 1584 2142 atque
1614 2086 1675 2125 ea
1712 2069 1887 2124 solum

267 2172 321 2227 in
350 2172 568 2225 meritis
596 2172 719 2240 ejus
744 2172 914 2239 ponit,
947 2171 1143 2237 quibus
1178 2183 1206 2222 a
1241 2168 1483 2221 Parisiua
1528 2164 1766 2219 editione
1805 2178 1889 2218 re-

267 2268 457 2321 cessit.
497 2284 517 2317 t
546 2264 606 2318 1n
635 2265 822 2335 primis
866 2264 997 2319 illud
1039 2262 1261 2317 minime
1304 2276 1589 2331 possumus
1633 2259 1890 2313 dissimu-

266 2356 415 2421 lare,
463 2357 675 2428 inquit,
729 2356 1118 2428 typographum
1166 2355 1433 2410 Polettnm
1462 2353 1694 2421 aliquam
1723 2365 1787 2406 ex
1820 2364 1886 2405 eo

268 2449 485 2505 laudem
527 2452 633 2505 sibi
665 2464 1033 2520 comparasse,
1057 2449 1200 2519 quod
1224 2463 1330 2503 non
1358 2446 1754 2518 praecedentem
1787 2443 1888 2499 Sa-

270 2544 396 2600 violi
426 2546 730 2601 editionem
761 2544 1139 2615 exscripserit,
1178 2558 1340 2614 quam
1389 2541 1688 2597 innumeris
1734 2548 1887 2610 typo-

268 2639 511 2707 graphiae
542 2638 755 2694 mendis
786 2646 998 2694 scatere
1026 2637 1150 2706 ipsi,
1177 2645 1233 2691 et
1259 2643 1521 2706 quotquot
1548 2649 1665 2689 eam
1689 2633 1886 2687 lustra-

270 2743 415 2799 runt,
442 2734 573 2801 jure
605 2733 910 2803 meritoque
941 2731 1223 2800 conquesti
1253 2740 1394 2784 sunt.
1429 2728 1546 2783 Alia
1580 2740 1740 2795 porro
1770 2726 1886 2779 laus

266 2841 425 2896 quam
459 2825 705 2880 Polettus
732 2825 1067 2893 comparavit
1096 2824 1221 2887 sibi,
1255 2838 1316 2877 ea
1348 2828 1458 2888 est,
1498 2819 1639 2890 quod
1679 2819 1887 2873 scilicet

265 2916 317 2971 in
350 2932 515 2971 suam
551 2916 813 2971 Venetam
862 2915 1157 2970 editionem
1205 2929 1365 2985 quam
1412 2912 1669 2978 plurimas
1713 2910 1884 2977 Ques-

263 3010 533 3064 nellianas
557 3008 1060 3063 animadversiones
1088 3006 1309 3061 minime
1332 3004 1595 3068 intulerit,
1621 3012 1674 3057 et
1698 3002 1884 3056 admo—

2004 1890 2168 1947 Leoni
2198 1893 2253 1947 Μ
2264 1936 2274 1945 .
2306 1897 2600 1966 suppositis.

2070 1984 2227 2041 1751.
2264 1986 2444 2043 Romae
2470 2005 2534 2043 ea:
2557 1991 2900 2063 typographia
2937 1992 3149 2048 Antonii
3170 1993 3422 2068 Fulgonii
3445 1999 3589 2070 apud

1995 2076 2056 2133 S.
2109 2076 2482 2146 Eustachium,
2533 2082 2718 2152 iri-fol.
2766 2083 3195 2142 Exercitationes
3238 2088 3295 2143 in
3336 2090 3588 2147 universa

1996 2167 2056 2224 S.
2090 2168 2287 2225 Leonis
2313 2172 2484 2242 Magni
2524 2172 2699 2243 Opera
2734 2178 3070 2244 pertinentes
3098 2178 3167 2234 ad
3193 2178 3450 2237 historias
3476 2182 3588 2240 ha-

1995 2259 2198 2315 resium
2252 2264 2696 2333 Manichaeorum,
2738 2267 3306 2341 Priscillianistarum,
3347 2274 3587 2347 Pelagia-

1994 2369 2188 2408 norum
2222 2366 2383 2427 atque
2414 2358 2897 2430 Eutychianorum,
2919 2378 3053 2433 quas
3079 2380 3294 2423 summo
3320 2368 3499 2427 studio
3523 2384 3586 2427 ac

1991 2446 2175 2504 labore
2195 2449 2291 2505 SS.
2334 2452 2573 2521 pontifex
2607 2456 2799 2511 evertit
2826 2466 2987 2528 atque
3032 2459 3325 2529 damnavit,
3358 2472 3413 2518 et
3437 2464 3585 2521 dica-

1992 2547 2059 2595 ta:
2089 2544 2430 2599 sanctissimo
2478 2547 2613 2614 patri
2654 2547 2945 2605 Benedicto
2975 2550 3117 2620 XIV,
3146 2553 3387 2623 pontiﬁci
3412 2556 3584 2614 maxi-

1990 2648 2080 2689 mo
2108 2651 2138 2689 a
2180 2637 2339 2704 fratre
2368 2637 2549 2693 Psrno
2597 2639 2787 2696 Tuom
2834 2642 3122 2713 CACCIARI,
3174 2643 3485 2714 Carmelita,
3527 2648 3583 2703 in

1989 2726 2203 2798 collegio
2240 2727 2449 2783 Urbano
2499 2730 2865 2802 Propagandi:
2913 2734 3065 2789 Fidei
3106 2752 3268 2791 sacra:
3308 2738 3585 2811 theologia

1987 2820 2252 2891 polemica:
2273 2822 2480 2889 lectore,
2512 2832 2559 2877 et
2585 2825 2810 2879 Romani
2838 2827 2959 2881 cleri
2989 2828 3338 2886 examinatore
3364 2843 3578 2902 aposto-

1989 2908 2110 2965 lico.

2060 3002 2257 3057 Leonis
2311 3003 2549 3073 Operum
2610 3006 2905 3063 editionem
2963 3008 3577 3079 Anti-Quesnellianam

263 3101 498 3155 uitiaties
526 3116 650 3170 quae
676 3110 732 3154 ut
762 3100 1078 3169 plurimum,
1112 3109 1204 3152 aut
1234 3096 1493 3152 Leoniuis
1537 3094 1741 3158 sensis,
1793 3102 1882 3149 aut
1982 3092 2307 3162 jampridem
2331 3109 2436 3148 non
2461 3094 2601 3149 intra
2634 3097 2873 3151 animum
2905 3099 3081 3154 solum
3111 3102 3353 3158 volverat
3370 3100 3579 3158 Caecia-

262 3191 524 3248 Ecclesiae
553 3192 783 3259 ritibus,
820 3200 911 3245 aut
943 3190 1325 3245 ecclesiasticae
1367 3187 1686 3243 hierarchim
1727 3184 1877 3240 ordi-
1909 3176 1954 3238 C
1986 3186 2113 3253 rius,
2157 3186 2251 3240 sed
2281 3188 2583 3256 exspectari
2615 3189 2777 3243 etiam
2807 3204 2873 3245 ex
2904 3191 3087 3261 aliquo
3118 3200 3366 3263 tempore
3390 3196 3575 3264 jusse-

260 3286 440 3349 nibus,
475 3286 562 3340 vel
594 3285 811 3339 demum
844 3284 1004 3338 etiam
1037 3281 1317 3336 catholicae
1348 3278 1472 3332 ﬁdei
1496 3277 1694 3347 regulis
1719 3291 1877 3345 repu-

260 3391 447 3452 gnant,
478 3380 766 3447 resecarit;
802 3380 955 3450 cujus
982 3379 1198 3450 quidem
1229 3378 1445 3447 generis
1466 3376 1878 3431 observationes

261 3482 314 3530 et
335 3476 575 3538 monita,
606 3489 728 3544 qua:
757 3475 807 3527 in
841 3482 1067 3544 utraque
1094 3472 1297 3528 Gallica
1327 3469 1601 3539 Quesnelli
1636 3468 1877 3524 editione

260 3566 481 3638 legenda
510 3577 830 3633 occurrunt,
861 3581 1081 3635 prorsus
1115 3565 1169 3620 in
1202 3565 1289 3619 illa
1313 3563 1693 3619 desiderantur
1714 3577 1874 3632 quam

261 3658 502 3715 Polettus
532 3659 812 3729 vulgavit;
844 3660 932 3727 qui
978 3658 1035 3712 in
1070 3658 1183 3713 suis
1227 3657 1381 3711 novis
1427 3658 1567 3727 typis
1611 3663 1666 3709 et
1705 3654 1877 3723 Ques-

258 3752 526 3807 nellianas
553 3751 837 3805 dumtaxat
866 3764 1130 3821 synopses
1159 3759 1214 3805 et
1245 3748 1441 3804 Leonis
1466 3758 1673 3803 textum
1700 3754 1875 3801 atten-

262 3847 419 3913 dens,
452 3854 619 3915 prout
648 3847 740 3901 ille
770 3848 824 3900 in
851 3845 1039 3902 Galliis
1065 3846 1241 3901 lucem
1267 3845 1499 3913 aspexit,
1532 3851 1731 3896 tantam
1770 3841 1874 3896 sibi

258 3940 532 3997 blanditus
557 3955 671 4009 prae
695 3954 754 3995 se
777 3939 922 3995 ferre
948 3939 1255 4009 puritatem,
1289 3949 1345 3994 ut
1371 3937 1687 4008 castigatior
1711 3946 1873 4005 atque

256 4033 494 4089 limatior
518 4034 740 4103 prodire
762 4034 983 4088 minime
1013 4028 1202 4103 possit.
1238 4052 1256 4086 ι
1289 4033 1368 4088 0b
1393 4043 1680 4100 utrumque
1711 4046 1873 4099 porro

261 4128 438 4181 acrius
469 4128 523 4181 in
554 4128 731 4197 ipsum
758 4126 1023 4181 calamum
1070 4125 1263 4179 diffusa
1306 4124 1582 4190 Quesnelli
1623 4123 1871 4178 confuta-

267 4222 413 4276 tione
444 4221 670 4291 stringit
694 4219 1020 4276 Cacciarius.
1053 4219 1160 4275 Sed
1192 4218 1331 4288 quod
1361 4234 1427 4272 ex
1459 4219 1675 4287 proprio
1701 4217 1869 4287 magis

254 4315 500 4370 instituto
528 4313 636 4368 hoc
663 4313 809 4383 facit,
838 4312 907 4368 de
942 4327 1009 4367 eo
1044 4322 1163 4380 post
1204 4310 1523 4365 videbimus.
1556 4308 1691 4365 Illud
1735 4324 1866 4363 vero

255 4406 367 4477 ejus
396 4408 467 4462 de
498 4407 714 4461 Poletto
731 4406 992 4476 judicium
1043 4405 1308 4459 incautius
1351 4404 1511 4458 nobis
1556 4404 1729 4457 visum
1757 4412 1862 4468 est,

255 4517 357 4570 quo
388 4500 745 4570 reprehendit
773 4499 919 4571 quod
948 4508 1057 4556 tres
1081 4499 1324 4553 laudatas
1352 4498 1631 4565 Quesnelli
1662 4496 1862 4550 disser-

258 4595 485 4647 tationes
508 4593 788 4662 suscipere
816 4607 919 4647 nan
950 4601 1199 4661 gravatus
1230 4590 1389 4644 fuerit
1410 4631 1423 4654 ,
1467 4589 1611 4643 nulla
1657 4588 1859 4642 interim

258 4687 509 4738 mentione
530 4683 671 4755 facta
691 4684 995 4753 scriptorum
1016 4682 1226 4735 illorum
1247 4680 1334 4747 qui
1358 4680 1475 4734 totis
1506 4680 1673 4733 nervis
1698 4678 1862 4745 Ques-

258 4777 385 4831 nello
412 4792 523 4830 sese
552 4783 903 4847 apposueram
923 4775 991 4827 ad
1016 4774 1381 4845 prwjudicatas
1409 4771 1638 4841 ejusdem
1660 4770 1860 4840 opinio-

257 4885 337 4922 nes
360 4868 695 4938 refellendas,
725 4875 780 4922 et
810 4881 972 4936 porro
999 4865 1136 4934 quod
1167 4861 1371 4918 Codicis
1397 4861 1661 4916 Canonum
1682 4871 1859 4914 aucto-

258 4962 453 5013 ritatem
481 4960 547 5014 ab
572 4959 691 5012 aliis
714 4956 1043 5026 scriptoribus
1066 4956 1313 5010 eleuatum
1339 4954 1509 5024 magni
1536 4953 1650 5023 ﬁeri
1672 4953 1859 5007 dixerit

256 5068 284 5103 a
311 5053 466 5107 Petro
494 5051 798 5106 Coustantio
830 5053 883 5105 in
916 5050 1216 5120 prwfatione
1241 5049 1310 5102 ad
1344 5047 1603 5118 Epistolas
1648 5047 1859 5119 pontiﬁ-

256 5162 365 5198 cum
386 5143 767 5209 Romanorum,
792 5158 944 5212 seque
965 5144 1213 5196 lectorum
1242 5142 1368 5194 votis
1400 5140 1716 5194 consuluisse
1738 5154 1859 5208 pro-

257 5239 411 5307 fessus
440 5239 531 5305 sit,
558 5247 616 5292 ut
647 5254 771 5309 Opus
798 5236 930 5290 illud
955 5236 1324 5305 qualecumque
1353 5234 1477 5289 alibi
1507 5250 1734 5305 querere
1754 5250 1855 5289 non
1884 5242 1887 5243 ⁷

256 5342 567 5402 cogerentur.
600 5330 830 5400 Egregie
857 5329 1067 5384 scilicet
1105 5329 1182 5384 rei
1218 5343 1329 5383 suae
1368 5327 1731 5383 consuluisset
1770 5327 1854 5381 bi-

256 5423 503 5497 bliopola,
535 5424 584 5480 si
614 5424 790 5479 litium
819 5424 1045 5479 istarum
1074 5423 1593 5479 commemoratione
1628 5437 1853 5493 scrupu-

200 5536 212 5569 :
259 5517 358 5573 lum
390 5518 702 5574 hominibus
722 5517 1116 5587 superstitiosis
1143 5516 1436 5585 injecisset.
1464 5515 1689 5572 Gravior
1710 5516 1852 5572 haud

198 5621 209 5629 ‘
258 5610 406 5669 dubie
431 5612 789 5683 reprehensio
832 5626 896 5665 ea
939 5620 1060 5678 cst,
1110 5610 1253 5682 quod
1303 5609 1550 5680 plurimis
1599 5620 1850 5682 typorum

257 5707 435 5764 erratis
463 5723 628 5779 opera
658 5707 857 5764 Poletti
888 5706 1115 5772 laboret,
1150 5715 1204 5762 et
1233 5704 1513 5761 inanil‘esta
1554 5705 1733 5760 nimiae
1773 5701 1853 5761 le-

254 5805 548 5862 stinationis
577 5804 806 5871 vestigia
835 5801 1101 5870 ostendat,
1138 5802 1291 5871 cujus
1322 5801 1630 5871 exemplum
1668 5800 1850 5871 prodit

1892 4557 1942 4617 Ι)

1984 3285 2087 3331 rat.
2123 3280 2374 3333 Attamen
2405 3295 2527 3335 cum
2580 3281 2787 3337 diutius
2837 3286 3081 3353 protrahi
3128 3286 3221 3341 illa
3263 3287 3572 3357 videretur,

1981 3371 2124 3441 quod
2154 3373 2269 3441 ipse
2287 3373 2451 3443 justis
2481 3375 2680 3442 causis,
2714 3379 2959 3434 muneris
2987 3380 3199 3437 scilicet
3227 3384 3534 3439 avocationi
3553 3421 3572 3453 ,

1981 3476 2034 3521 et
2066 3468 2233 3537 ipsius
2267 3469 2465 3539 negotii
2496 3471 2750 3539 gravitati
2797 3472 3007 3542 tribuit,
3038 3483 3093 3530 et
3116 3476 3226 3545 jam
3274 3476 3575 3535 cavillatio.

1980 3562 2136 3617 nibus
2166 3563 2234 3617 ab
2263 3564 2328 3619 iis
2374 3564 2572 3633 quibus
2602 3565 2689 3621 vel
2736 3566 2910 3635 impar
2954 3568 3078 3623 huic
3114 3579 3314 3640 spartae
3340 3572 3575 3628 aestima-

1979 3665 2151 3721 retur,
2204 3656 2285 3711 vel
2311 3664 2484 3711 totum
2516 3658 2803 3714 consilium
2853 3660 3185 3729 displiceret,
3216 3665 3326 3732 peti
3360 3673 3573 3732 cceptus

1978 3756 2152 3813 esset;
2185 3746 2334 3802 hisce
2360 3748 2580 3804 tandem
2605 3749 2765 3805 editis
2787 3751 3261 3809 dissertationibus
3278 3764 3333 3810 et
3361 3754 3571 3811 invidos

1977 3854 2224 3893 rumores
2252 3838 2541 3909 dispellere
2572 3852 2625 3897 et
2649 3845 2788 3896 viam
2821 3844 2961 3912 apud
2989 3846 3260 3912 aequiores
3300 3846 3401 3902 sibi
3432 3860 3570 3915 pm-

1977 3932 2191 3987 munire
2219 3932 2450 3988 Studuit.
2474 3934 2585 3989 Hoc
2610 3948 2740 4004 ergo
2770 3950 2882 4005 prae
2907 3938 3120 3992 caeteris
3150 3939 3290 3992 ratio
3311 3939 3566 4006 postulat,

1973 4034 2033 4081 ut
2061 4041 2170 4097 quo
2197 4026 2249 4080 in
2270 4026 2624 4095 Quesnellum
2651 4027 2876 4084 aﬂectus
2897 4030 2968 4085 sit
2988 4030 3169 4085 animo
3198 4031 3563 4089 ostendamus.

1974 4117 2101 4173 Tria
2156 4128 2333 4174 autem
2391 4120 2731 4189 potissimum
2774 4121 2844 4176 ab
2885 4136 2952 4177 eo
2993 4122 3280 4180 commissa
3328 4126 3567 4195 graviter

1972 4221 2301 4282 conquestus
2322 4223 2438 4269 est:
2468 4215 2725 4284 primum,
2754 4215 2899 4285 quod
2920 4216 3077 4285 plura
3095 4233 3127 4271 a
3151 4217 3384 4285 genuino
3413 4225 3562 4275 textu

1970 4305 2319 4362 abhorrentia
2348 4305 2626 4373 intulerit;
2657 4307 2873 4375 deinde,
2904 4308 3049 4377 quod
3072 4309 3239 4364 multa
3260 4309 3565 4368 admiscue-

1970 4398 2042 4453 rit
2067 4398 2441 4454 ecclesiastico
2471 4399 2665 4469 agendi
2706 4400 2881 4454 ordini
2914 4414 2976 4454 ac
3006 4401 3204 4456 rationi
3230 4401 3409 4457 minus
3432 4416 3563 4460 conc

1967 4506 2127 4559 sona,
2150 4502 2226 4558 et,
2256 4491 2399 4563 quod
2426 4492 2665 4563 gravius,
2690 4508 2720 4547 a
2743 4492 3017 4548 catholica
3043 4494 3227 4564 regula
3248 4493 3409 4565 plane
3431 4496 3562 4554 alie-

1969 4599 2074 4650 na;
2125 4584 2267 4641 adeo
2296 4592 2356 4639 ut
2386 4600 2492 4640 non
2543 4594 2651 4639 tam
2699 4584 2966 4640 medelam
3010 4586 3298 4655 pontiﬁciis
3342 4589 3560 4660 scriptis

1969 4675 2284 4733 adhibuisse
2312 4719 2329 4745 ,
2382 4676 2482 4733 sed
2528 4691 2594 4732 ea
2633 4678 2871 4747 graviter
2923 4678 3235 4736 vulnerasse
3276 4680 3558 4749 videatur;

1970 4770 2185 4826 tandem
2214 4810 2229 4835 ,
2282 4770 2427 4840 quod
2467 4785 2573 4825 non
2618 4770 2792 4826 solum
2844 4771 3026 4826 omnia
3062 4783 3415 4831 monumenta
3448 4789 3558 4832 non
3602 4806 3607 4811 ι

1967 4864 2281 4935 collegerit,
2316 4865 2412 4920 sed
2439 4866 2544 4919 alia
2574 4865 2640 4920 de
2670 4866 2934 4920 industria
2963 4869 3405 4938 praetermiserit,
3453 4869 3558 4929 alia

1967 4974 2117 5024 vero,
2149 4968 2335 5029 utpote
2379 4959 2613 5013 adversa
2641 4973 2806 5029 scopo
2832 4975 2993 5031 quem
3038 4961 3175 5017 forte
3218 4962 3323 5018 sibi
3354 4979 3557 5035 propo-
3608 4972 3622 5005 ν

1965 5061 2167 5119 suerat,
2204 5059 2476 5121 tamquam
2514 5052 2735 5105 omnino
2764 5052 3130 5121 supposititia,
3159 5054 3245 5109 vel
3286 5064 3456 5123 certe,
3498 5065 3558 5111 ut

1963 5145 2427 5215 suppositionibus
2456 5146 2656 5200 referta
2688 5145 2940 5214 rejeccrit
2971 5146 3053 5200 vel
3082 5148 3436 5204 mutilaverit.
3478 5150 3553 5204 Ita

1963 5239 2273 5293 summatim
2296 5253 2419 5294 sese
2450 5238 2652 5293 habent
2671 5236 2939 5292 Cacciarii
2965 5237 3017 5293 in
3044 5238 3337 5305 Quesnello
3364 5254 3554 5309 repre-

1962 5330 2154 5396 hensa,
2182 5329 2489 5385 distinctius
2513 5340 2691 5386 autem
2721 5332 2800 5386 sic
2824 5331 3197 5403 persequitur:
3226 5322 3549 5398 Quesnellus,

1959 5422 2153 5493 inquit,
2187 5424 2439 5477 acerrimo
2469 5422 2668 5492 pollens
2699 5424 2924 5495 ingenio,
2962 5425 3109 5480 valde
3130 5423 3298 5495 facilis
3326 5422 3395 5476 ad
3426 5438 3552 5477 con-

1957 5516 2206 5570 tentiones
2243 5524 2292 5569 et
2329 5515 2515 5586 jurgia
2544 5517 2854 5585 excitanda,
2906 5518 3111 5571 omnino
3165 5524 3432 5586 promptus
3478 5515 3549 5570 ad

1957 5609 2377 5678 tequioocaliones
2429 5617 2479 5663 et
2520 5608 2758 5680 fallacias
2809 5606 3210 5675 construendas,
3242 5607 3403 5663 alium
3450 5608 3549 5666 sibi

1956 5720 2167 5775 scapum
2195 5704 2484 5773 praposuit,
2516 5712 2703 5775 prwter
2723 5703 2871 5756 illum
2901 5716 3048 5773 quem
3081 5699 3323 5756 catholici
3351 5704 3543 5771 cuncti,

1956 5806 2002 5852 et
2028 5798 2285 5869 pracipue
2323 5813 2428 5853 suae
2446 5798 2616 5869 gentis
2668 5796 2894 5851 homines
2944 5794 3268 5867 habuerunt,
3303 5797 3360 5853 in
3389 5797 3542 5854 ador-
