4014 6350
470 5429 483 5455 3

434 5607 473 5662 ll

981 301 1504 363 SCBGNEMANNI
1543 299 1819 358 NOTITIA
1860 299 2094 357 HISTOE

2198 301 2682 362 D-LITTERARIA
2723 304 2790 361 IN
2830 305 2888 362 S.
2929 304 3230 363 LEONEM.

3705 307 3779 364 92

482 419 669 478 laudis
698 419 1110 492 esstigandisque
1136 426 1359 474 veterum
1387 416 1504 472 PP.
1537 414 1899 475 voluminibus.
1948 413 2071 484 Ipse
2096 418 2153 481 Α
2176 418 2322 472 dium
2365 417 2651 481 adhibitum
2686 419 2737 473 in
2767 422 3129 493 exaggeranda
3170 440 3264 476 sua
3303 439 3426 496 erga
3459 422 3520 482 S.
3553 412 3775 477 Leonem

484 530 706 582 stantque
744 516 1052 586 quandoque
1090 513 1314 569 clariora
1355 512 1520 567 sancti
1566 511 1823 582 pontificis
1851 512 1964 565 loca
1988 511 2079 567 ob-

485 609 674 675 scuris,
690 611 983 681 cquivoeis,
1006 610 1256 681 falsisque
1270 605 1688 663 cunctationibus
1704 605 1949 675 fmdavit;
1972 607 2079 663 alia

484 705 553 759 ad
582 719 795 775 prorsus
815 705 1060 759 violentas
1082 701 1523 771 interpretationes
1544 700 1794 767 detorsit;
1816 701 2079 765 veritatem

482 798 714 869 fallaciis
739 797 982 863 occuluit,
1014 796 1306 867 oppressit,
1359 804 1510 864 atque
1540 806 1786 866 perpetuo
1828 804 2081 864 pratextu

482 892 814 963 antiquitatis
858 889 1186 961 inquirenda:
1232 897 1278 942 et
1326 888 1655 945 illustrandm
1699 905 1759 943 ea
1804 898 2082 959 systematu

484 985 734 1038 sensisset
754 983 939 1053 ubique
957 982 1190 1037 stabilire
1214 982 1415 1051 sategit,
1439 998 1554 1050 qute
1579 981 1933 1036 litoreticorum
1956 996 2079 1052 par-

487 1079 621 1133 tibus
649 1080 841 1149 favent,
872 1086 922 1133 et
944 1092 1109 1131 sacrte
1136 1076 1495 1133 ecclesiastica:
1529 1074 1831 1129 ltierarcltiaz
1860 1076 2081 1145 regimen

487 1171 779 1241 deficiunt;
822 1186 950 1241 pene
978 1170 1282 1239 quandoque
1329 1170 1485 1223 etiam
1525 1166 1749 1234 abolita,
1782 1176 1871 1222 aut
1898 1168 2083 1223 saltem

489 1267 768 1321 imminuta
798 1267 1148 1321 Romanorum
1180 1266 1479 1335 pontiﬁcum
1504 1279 1625 1317 vera
1669 1270 1715 1317 et
1745 1263 1972 1334 legitima
1986 1265 2083 1333 ju-

488 1361 793 1415 risdictione
814 1376 969 1432 super
986 1375 1159 1421 omnes
1185 1358 1315 1412 alias
1340 1357 1621 1420 Ecclesias,
1654 1356 1809 1409 etiam
1834 1354 2081 1409 Orientis.

490 1456 671 1511 Alium
698 1456 905 1510 interim
937 1464 1104 1508 tamen
1130 1469 1186 1507 se
1214 1468 1323 1507 esse
1345 1450 1624 1507 simulavit.
1653 1449 2087 1517 Quandoquidem

489 1547 546 1602 in
570 1548 679 1601 suis
710 1545 992 1601 scribendis
1030 1544 1287 1613 operibus,
1318 1551 1368 1597 et
1404 1544 1459 1596 in
1484 1541 1727 1597 Leoniuis
1769 1542 2088 1597 adornandt's

486 1638 721 1705 scriptis,
750 1637 915 1691 stulto
943 1636 1227 1705 artificioso
1248 1646 1435 1689 conatu
1460 1650 1583 1687 usus
1610 1643 1705 1699 est,
1729 1634 2085 1700 reverentiam,

490 1730 753 1802 pietatem,
781 1731 1077 1798 cultumque
1125 1746 1248 1798 erga
1296 1727 1561 1783 Romanos
1591 1728 1856 1797 pontifices
1886 1737 1932 1781 et
1960 1742 2091 1797 apo-

2182 522 2232 566 et
2258 512 2597 581 apostolicam
2614 513 2788 566 sedem
2812 513 3077 569 devotione
3105 516 3363 586 animique
3389 516 3597 586 pietate,
3622 532 3777 586 quam

2184 610 2359 665 testari
2380 625 2432 663 se
2458 609 2665 662 simulat
2698 619 2883 665 ornata
2919 612 3144 680 quadam
3175 613 3405 666 oratione
3434 610 3511 667 vel
3540 612 3593 664 in
3621 612 3779 682 hujus

2184 700 2365 755 laudes
2406 702 2722 757 excurrendo
2748 745 2763 770 ,
2808 704 2885 757 vel
2936 702 3165 758 Leonina
3212 714 3353 787 gesta
3391 712 3541 777 atque
3588 713 3776 758 statuta

2182 810 2300 849 cum
2322 795 2547 851 aliorum
2576 796 2929 867 episcoporum
2976 798 3232 862 doctrina,
3270 797 3462 867 pietate
3488 838 3500 861 ,
3533 796 3778 867 religione

2183 889 2594 945 clarissimorum
2616 892 2853 960 operibus
2875 891 3027 947 simul
3055 890 3428 961 comparando,
3476 891 3551 944 vel
3585 891 3638 945 in
3670 907 3777 944 me-

2184 982 2330 1035 dium
2386 984 2591 1037 interim
2646 984 2947 1040 adducenda
2996 983 3343 1056 quarumdam
3389 984 3786 1055 particularium

2182 1077 2505 1147 synodorum
2525 1076 2755 1151 regulas,
2786 1095 2901 1149 qua:
2926 1088 3044 1134 ante
3074 1078 3262 1133 Leonis
3291 1094 3451 1132 avum
3486 1077 3678 1131 alicubi
3701 1077 3787 1131 ob-

2187 1172 2480 1236 tinuerunt,
2522 1172 2705 1239 quibus
2738 1172 2940 1231 subesse
2965 1183 3011 1227 et
3040 1173 3273 1227 insistere
3294 1189 3546 1226 summum
3574 1171 3789 1243 pontiﬁ-

2186 1280 2298 1318 cem
2315 1264 2560 1339 debuisse
2586 1274 2858 1319 asseverat.
2896 1264 3033 1331 Quid
3063 1265 3233 1317 enim?
3272 1263 3563 1330 Aliquando
3602 1264 3783 1331 talem,

2188 1364 2489 1425 tantumque
2516 1356 2819 1411 eruditionis
2847 1366 3154 1429 apparatum
3190 1355 3256 1409 ad
3285 1370 3406 1409 suos
3436 1354 3647 1409 lectores
3695 1355 3791 1409 de—

2186 1449 2455 1503 lectandos
2498 1450 2820 1518 construxit,
2870 1450 3054 1504 sensim
3102 1464 3283 1518 susque
3341 1447 3503 1518 deque
3550 1449 3792 1517 antiquas

2190 1542 2437 1599 Ecclesiae
2460 1560 2540 1598 res
2571 1545 2735 1611 vertit,
2768 1543 3103 1617 perturbavit,
3137 1541 3362 1609 miscuit,
3397 1552 3452 1594 ut
3481 1557 3543 1595 ne
3574 1541 3659 1594 via:
3673 1536 3793 1611 qui-

2191 1640 2308 1694 dem
2333 1650 2622 1708 appareant
2642 1638 2801 1692 illicia
2828 1638 3009 1708 quibus
3046 1655 3168 1690 usus
3200 1651 3270 1691 est
3302 1637 3369 1691 ad
3400 1652 3555 1705 prava
3580 1652 3671 1688 sua
3699 1652 3793 1706 sg-

2193 1740 2410 1785 stemata
2462 1731 2774 1785 insinuanda
2824 1740 2978 1801 atque
3009 1730 3303 1800 firmanda;
3338 1728 3434 1783 sibi
3487 1729 3618 1798 forte
3647 1726 3797 1780 blan-

488 1824 729 1881 stolicam
780 1826 948 1881 sedem
992 1824 1317 1893 affectando,
1346 1831 1401 1877 ut
1429 1824 1660 1877 incautos
1708 1824 1989 1894 deciperet,
2041 1830 2088 1877 et
2120 1815 2169 1876 Β
2196 1827 2408 1892 dienda,
2438 1827 2491 1881 in
2519 1827 2681 1880 sacris
2728 1836 2774 1880 et
2818 1825 3173 1880 ecclesiasticis
3224 1822 3370 1876 rebus
3417 1820 3797 1891 pertractandis

492 1916 683 1970 occulti
732 1917 893 1971 hostis
940 1933 1094 1985 quam
1135 1916 1419 1986 stepissime
1471 1924 1643 1985 partes
1689 1914 1893 1987 agendo
1920 1955 1933 1976 ,
1972 1924 2087 1984 post

488 2010 820 2078 splendidum
840 2010 1108 2067 verborum
1138 2018 1466 2077 apparatum,
1492 2008 1612 2060 illas
1638 2024 1827 2061 veneno
1855 2023 2090 2077 aspersas

493 2102 875 2174 propositiones
902 2110 1124 2166 eructat,
1151 2117 1267 2170 quas
1293 2116 1510 2155 erronea
1535 2109 1580 2153 et
1608 2100 1659 2151 in
1682 2100 1915 2152 omnibus
1946 2115 2088 2153 cam-

493 2195 726 2250 snentitia
754 2198 866 2267 ejus
884 2201 1162 2266 systemata
1204 2195 1339 2264 falso
1368 2193 1545 2264 aliquo
1569 2192 1793 2248 veritatis
1822 2192 1993 2246 colore
2010 2192 2092 2246 in-

492 2286 653 2345 duere
674 2303 823 2359 posse
856 2288 1177 2342 arbitrantur
1204 2285 1306 2357 (a).

564 2379 625 2436 In
659 2379 763 2435 hac
780 2395 908 2450 ergo
932 2396 1112 2435 rerum
1142 2378 1455 2435 conditione
1482 2394 1603 2433 cum
1634 2379 1823 2449 ingens
1846 2377 2089 2432 laborum

490 2487 635 2530 onus
664 2473 905 2531 humeris
926 2474 1038 2529 suis
1067 2474 1378 2541 impositum
1402 2471 1765 2536 existimaret,
1791 2486 1911 2525 cum
1945 2479 2092 2525 textu

488 2578 529 2627 ,θ
557 2565 710 2621 falsis
732 2576 786 2621 et
814 2566 1087 2634 corruptis
1126 2565 1451 2621 lectionibus
1492 2563 1771 2634 purgando
1802 2572 1859 2618 et
1887 2563 1953 2619 ad
1983 2563 2094 2632 pri-

493 2656 695 2715 stinam
736 2657 1106 2729 integritatem
1152 2658 1518 2722 restituendo,
1558 2657 1609 2711 id
1641 2657 1783 2727 quod
1826 2671 2092 2727 synopses

490 2750 663 2805 etiam
689 2765 720 2807 α
744 2750 1037 2815 Quesnello
1060 2751 1305 2807 studiose
1352 2760 1643 2807 temeratus
1682 2750 1960 2819 postulare
1996 2748 2093 2809 af-

496 2841 681 2901 ﬁrmat
704 2861 718 2911 ;
738 2854 859 2901 tum
890 2845 1137 2915 augendo
1163 2846 1341 2915 aliqua
1369 2846 1726 2913 genuinoruni
1748 2860 1971 2913 operum
2003 2859 2093 2899 ac—

497 2934 743 2989 cessione
773 2952 949 3007 eaque
975 2952 1095 3005 quze
1124 2952 1232 2989 non
1282 2935 1385 2990 nisi
1414 2953 1575 3005 prava
1604 2947 1653 2991 et
1689 2936 1915 2989 subdola
1942 2952 2090 2991 men-

499 3035 556 3083 to
576 3028 645 3082 ab
673 3042 739 3083 eo
768 3028 1029 3093 muttinis
1070 3028 1272 3083 inserta
1312 3038 1495 3084 essent
1530 3028 1807 3097 (intelligit
1832 3028 2002 3082 libros
2028 3029 2091 3081 de

505 3116 785 3175 Vocatione
830 3121 1059 3192 gentium
1082 3161 1097 3185 ,
1138 3120 1465 3175 auctoritates
1503 3120 1641 3174 sedis
1686 3120 1984 3188 apostolij
2026 3120 2090 3172 de

2195 1922 2463 1975 hominum
2490 1920 2715 1990 ingenia,
2754 1928 2799 1972 et
2826 1918 3025 1983 dicendi
3056 1926 3166 1969 arte
3189 1926 3232 1970 et
3264 1913 3631 1985 philosophicis
3670 1930 3799 1967 con-

2192 2013 2404 2081 iecturis
2422 2012 2588 2081 potius
2610 2028 2760 2080 quam
2784 2028 2954 2064 rerum
2977 2011 3189 2065 veritate
3211 2020 3258 2063 et
3284 2009 3541 2061 rationum
3568 2007 3799 2075 pondere

2194 2103 2495 2173 persuaderi
2522 2118 2688 2175 posse.
2723 2100 2904 2167 Qualis
2947 2111 3116 2154 autent
3164 2110 3455 2169 quantaque
3492 2097 3798 2168 diligentia,

2192 2207 2244 2253 et
2272 2199 2431 2251 animi
2460 2198 2692 2260 attentio,
2727 2214 2791 2251 ne
2823 2197 3105 2265 deciperer,
3136 2195 3428 2250 adhibenda
3476 2194 3604 2247 mihi
3644 2193 3803 2265 fuerit

2192 2294 2247 2346 in
2279 2292 2626 2360 percurrendo
2656 2292 2752 2344 hac
2778 2290 2994 2359 aliisque
3023 2289 3286 2355 Quesnelli
3327 2288 3796 2354 dissertationibus,

2195 2402 2342 2438 nemo
2373 2386 2525 2456 facile
2554 2385 2737 2453 poterit
2780 2382 3084 2454 intelligere,
3120 2383 3216 2435 nisi
3243 2383 3281 2435 ii
3307 2383 3439 2454 forte
3466 2381 3555 2449 qui
3591 2382 3642 2435 in
3672 2396 3803 2435 con-

2192 2478 2478 2533 scribendis
2510 2477 2869 2531 eruditissimis
2898 2474 3310 2537 Commentariis,
3340 2475 3409 2528 ad
3431 2474 3803 2529 ecclesiasticas

2194 2586 2275 2623 res
2321 2569 2721 2639 pertinentibus,
2777 2584 2856 2620 me
2899 2575 3285 2634 prtecesserunt.
3340 2565 3803 2633 Quemadmodum

2195 2662 2467 2715 novissime
2484 2661 2671 2730 factum
2700 2661 2861 2728 fuisse
2887 2675 2917 2710 a
2939 2656 3006 2711 cl.
3033 2660 3138 2710 viro
3161 2655 3363 2710 Joanne
3386 2657 3608 2711 Antonio
3634 2656 3801 2711 Biano

2196 2755 2356 2808 chinii
2385 2762 2573 2807 norunt
2619 2754 2705 2821 qui
2750 2751 2977 2821 ejusdem
3025 2768 3113 2804 ses:
3161 2751 3421 2803 volumina
3452 2750 3516 2803 de
3551 2747 3804 2804 Ecclesitz

2195 2856 2440 2917 potestate
2466 2844 2799 2899 wstimorunt.
2819 2840 2875 2895 Is
2899 2843 3031 2895 enim
3062 2843 3113 2894 in
3142 2841 3485 2910 familiaribus
3515 2841 3793 2910 colloquiis

2192 2942 2327 2995 inter
2353 2956 2442 2993 nos
2465 2938 2673 3003 habitis,
2703 2952 2806 2990 non
2832 2936 2987 2989 semel
3005 2944 3217 2987 testatus
3240 2945 3311 2989 est
3328 2935 3489 2988 alium
3513 2949 3798 3002 numquam

2190 3034 2491 3099 scriptorem
2545 3030 2726 3102 legisse
2770 3029 2857 3098 qui
2905 3038 2977 3081 tot
3025 3011 3437 3081 simulationibus
3480 3036 3529 3081 et
3556 3026 3799 3095 artiﬁciis

2192 3134 2422 3177 uteretur
2453 3131 2636 3192 printer
2660 3117 3033 3189 Quesnellium.
3066 3120 3265 3191 Quippe
3285 3119 3373 3190 qui
3399 3135 3517 3173 cum
3548 3120 3791 3190 aliquan-

497 3207 714 3275 Gratia,
740 3220 788 3265 et
827 3210 1121 3283 Epistolam
1144 3212 1210 3266 ad
1254 3209 1655 3277 Demetriadem,
1684 3211 1814 3266 item
1852 3196 2167 3264 CodicemC
2200 3217 2268 3271 do
2296 3232 2349 3269 se
2379 3214 2531 3285 facile
2558 3213 2833 3283 purslringi
2863 3222 2910 3265 et
2927 3211 3164 3283 jugulari
3192 3228 3341 3282 posse
3365 3212 3655 3282 persensit,
3690 3220 3801 3265 sta-

499 3299 769 3359 Cauanum
799 3300 1049 3359 Ecclesiae
1078 3301 1349 3373 Romanis)
1378 3303 1747 3369 eliminando;
1796 3318 1971 3373 neque
2013 3313 2095 3357 ta-

494 3410 629 3451 men
659 3398 820 3467 plene
841 3412 902 3453 se
930 3405 1352 3454 consecuturum
1380 3406 1630 3467 speraret
1654 3396 1794 3467 quod
1823 3396 2093 3465 cupiebat,

498 3502 698 3557 nempe
718 3497 779 3547 ut
798 3504 991 3553 omnes
1014 3489 1294 3558 Quesnelli
1335 3498 1631 3545 venenatos
1666 3491 1883 3545 aculeos
1914 3499 2099 3545 retun-

501 3579 675 3645 deret,
705 3596 934 3651 quorum
979 3582 1239 3650 plurimos
1269 3588 1323 3635 et
1352 3582 1705 3651 gravissimos
1752 3582 1803 3635 in
1846 3580 1963 3652 ejus
1991 3580 2099 3635 dis-

499 3673 884 3737 sertationede
922 3670 1040 3727 Vita
1080 3681 1125 3729 et
1162 3672 1323 3729 Rebus
1355 3675 1511 3744 gestis
1555 3672 1743 3728 Leonis
1782 3672 1860 3728 Μ.
1909 3688 2103 3737 super-

501 3780 627 3823 esse
653 3766 759 3823 sibi
806 3779 1185 3838 persuaserat;
1236 3769 1337 3822 huc
1388 3767 2100 3837 praesertimselectissimas

504 3858 767 3915 doctrinae
794 3875 907 3917 suae
930 3860 1119 3929 copias
1147 3868 1466 3915 convertere
1494 3870 1549 3915 et
1578 3860 1778 3930 ingenii
1808 3861 1991 3916 nervis
2022 3861 2102 3915 in-

502 3952 823 4008 tentissimis
844 3962 1035 4009 contra
1067 3954 1239 4022 ipsum
1267 3955 1318 4008 in
1355 3954 1458 4007 hoc
1489 3954 1926 4009 exercitatiorum
1949 3970 2099 4010 cam-

503 4058 575 4114 po
605 4043 911 4114 deprailiari
939 4044 1207 4100 decrevit.
1234 4045 1341 4100 Sed
1367 4045 1490 4109 audi
1534 4045 1744 4114 ipsum:
1795 4045 1942 4099 Inter
1981 4046 2101 4100 illas

503 4136 893 4193 dissertationes
915 4139 1089 4210 fucata
1115 4136 1290 4195 colore
1340 4137 1700 4193 ecclesiastica:
1730 4139 2023 4197 traditionis
2053 4147 2103 4193 et

503 4228 749 4287 Leontina
775 4231 1031 4286 doctrinis
1073 4230 1426 4299 illustrandte,
1455 4248 1486 4285 a
1518 4230 1801 4299 Paschasia
1828 4230 2103 4299 Quesnello

503 4324 819 4396 conscriptas
838 4364 853 4389 ,
883 4325 1169 4394 principem
1216 4325 1387 4379 locum
1430 4325 1579 4383 liabet
1624 4326 1715 4380 illa
1736 4343 1755 4379 :
1796 4326 1874 4382 De
1905 4326 2022 4381 Vita
2048 4336 2103 4381 et

504 4415 686 4473 Rebus
715 4417 881 4487 gestis
905 4417 963 4473 S.
989 4416 1188 4473 Leonis
1218 4417 1417 4487 Magni.
1448 4418 1633 4474 Multis
1668 4422 1939 4486 fraudibus
1967 4422 2101 4476 enim

504 4512 675 4583 magis
709 4520 859 4581 atque
902 4513 1199 4565 commentis
1241 4521 1401 4577 totam
1444 4512 1578 4566 hanc
1622 4514 2028 4573 dissertationem
2055 4524 2103 4569 et

2200 3310 2292 3363 tim
2320 3309 2463 3378 quasi
2485 3307 2670 3379 anguis
2692 3306 2934 3369 elabitur,
2958 3315 3002 3359 et
3029 3321 3093 3359 ea:
3116 3321 3216 3358 una
3238 3304 3306 3357 ad
3335 3305 3489 3357 aliam
3521 3304 3599 3357 vel
3628 3304 3808 3371 plures

2200 3402 2509 3474 quazstiones
2539 3399 2874 3471 progrediens
2898 3441 2914 3467 ,
2946 3415 3065 3454 vera
3093 3397 3298 3452 incertis
3324 3405 3371 3451 et
3409 3396 3683 3466 tequivocis
3710 3397 3809 3449 ad-

2200 3494 2440 3559 miscuit;
2470 3502 2516 3545 et
2547 3508 2725 3545 rursus
2755 3489 2891 3563 falsa
2915 3498 2964 3544 et
3001 3506 3217 3543 erronea
3247 3488 3413 3542 dubiis
3444 3497 3493 3542 et
3522 3488 3810 3558 probabili-

2202 3586 2296 3641 bus
2322 3587 2579 3641 interserit
2612 3594 2657 3640 et
2688 3586 2940 3657 implicat,
2973 3592 3030 3638 ut
3061 3584 3132 3636 ad
3157 3582 3253 3637 sibi
3291 3583 3562 3653 praeﬁxum
3590 3598 3808 3651 scopum

2200 3680 2481 3750 perveniat.
2515 3677 2637 3732 Non
2669 3678 2828 3751 igitur
2871 3676 2941 3730 ad
2985 3674 3304 3730 eliminanda
3341 3674 3511 3728 solum
3547 3688 3575 3728 e
3615 3672 3807 3728 Leonis

2207 3769 2459 3841 Operibus
2486 3780 2558 3825 tot
2588 3780 2896 3835 commenta,
2930 3768 3169 3840 fallacias
3218 3778 3369 3833 atque
3418 3782 3581 3839 nugas
3607 3808 3621 3832 ,
3658 3774 3705 3819 et
3734 3767 3809 3819 ad

2204 3862 2479 3915 asserenda
2521 3862 2632 3915 sedi
2659 3861 2961 3928 apostolica:
3007 3876 3103 3914 sua
3144 3860 3374 3930 legitima
3401 3859 3531 3924 jura
3577 3857 3808 3929 sufficere

2203 3963 2403 4025 poterat
2429 3952 2639 4006 illorum
2670 3964 2860 4006 textum
2892 3952 3086 4007 nudum
3115 3962 3164 4005 et
3186 3953 3441 4005 sincerum
3470 3950 3809 4021 undequaqtte

2203 4046 2267 4099 ab
2300 4046 2531 4098 anmibus
2560 4046 2780 4105 mendis.
2825 4045 3094 4118 a'quivocis
3118 4054 3165 4098 et
3194 4044 3340 4114 falsis
3365 4044 3809 4115 interpretationi-

2206 4136 2297 4191 bus
2326 4146 2670 4206 expurgatum
2702 4136 2958 4203 exhibere,
2984 4152 3155 4190 verum
3187 4138 3340 4189 etiam
3368 4151 3498 4204 apus
3529 4142 3636 4189 erat
3658 4136 3809 4189 ordi-

2205 4240 2327 4285 nata
2356 4230 2590 4285 met/todo
2620 4231 2873 4302 quasdam
2905 4231 3292 4286 exercitationes
3317 4228 3655 4292 conscribere,
3686 4228 3810 4298 qui-

2207 4325 2303 4379 bus
2328 4324 2470 4379 haud
2509 4324 2751 4395 exiguum
2798 4322 2972 4377 lumen
3033 4321 3221 4375 Leonis
3275 4322 3456 4391 gestis,
3506 4318 3808 4391 apostolica:

2205 4418 2340 4471 sedis
2361 4416 2569 4488 juribus
2592 4426 2639 4469 et
2661 4416 3020 4470 ecclesiastica:
3059 4415 3323 4485 regiminis
3354 4415 3536 4485 fornice
3559 4420 3609 4466 et
3633 4412 3811 4466 ordini

2206 4509 2386 4577 afferri
2416 4524 2698 4578 possemus.

506 4614 718 4660 ceteras
741 4604 1101 4675 subsequentes
1129 4620 1241 4658 esse
1265 4607 1510 4673 refertas,
1557 4606 1644 4661 vix
1688 4606 1975 4676 intelligere
2010 4622 2104 4673 po-
2130 4594 2184 4667 D
2282 4601 2502 4658 Scilicet
2521 4599 2880 4655 enarrandam
2905 4598 3006 4654 sibi
3032 4600 3262 4668 sumpsit
3283 4612 3467 4653 earum
3490 4596 3807 4661 haeresium,

508 4699 740 4766 luissem,
766 4698 813 4753 si
836 4698 891 4751 in
928 4697 1034 4755 illis
1070 4698 1428 4768 Percurrendis
1457 4713 1655 4766 seraper
1676 4696 1744 4750 ad
1774 4699 1943 4765 ipsum
1965 4696 2102 4752 Leo-

507 4790 690 4845 ninum
733 4798 930 4846 tantum
970 4805 1072 4844 non
1115 4804 1494 4859 provocassem,
1529 4799 1585 4843 ut
1628 4806 1801 4845 rerum
1844 4790 2104 4855 veritatem

507 4881 831 4949 inspicerem.
862 4881 927 4937 At
978 4898 1097 4935 cum
1135 4890 1279 4935 tanta
1300 4882 1527 4950 artificio
1567 4883 1675 4951 ipse
1714 4882 1790 4937 uti
1832 4882 2021 4950 soleat,
2047 4893 2104 4936 ut

507 4976 695 5031 sensim
723 4976 938 5030 lectores
968 4975 1126 5029 etiam
1156 4976 1340 5046 probos
1360 4984 1407 5029 et
1431 4976 1648 5047 optimos
1690 4978 1741 5031 in
1773 4994 1958 5047 pravas
1982 4995 2104 5033 suas

510 5066 779 5139 opiniones
807 5064 1102 5137 pertrahere
1130 5068 1313 5137 possit,
1343 5068 1535 5136 hosque
1574 5068 1754 5122 multis
1784 5069 2103 5139 prtejudiciis

510 5157 764 5229 imbuere,
792 5160 1077 5232 plurimum
1124 5160 1249 5212 mihi
1297 5159 1639 5214 laborandum
1681 5160 1842 5231 fuisse
1880 5178 2104 5231 prtesens

512 5255 610 5310 ltoc
652 5269 783 5327 opus
824 5252 1091 5309 indicabit.
1127 5252 1233 5307 Via:
1270 5254 1407 5309 enim
1443 5269 1687 5309 enarrare
1725 5270 1966 5326 possum,
1996 5264 2107 5319 stu-

466 5458 487 5479 ‘
586 5460 662 5532 (a)
694 5475 748 5514 in
767 5458 1084 5530 praefatione
1101 5460 1235 5532 ipsis
1257 5461 1526 5530 Oper-ibus
1545 5460 1822 5532 {immissa
1853 5458 2105 5532 eamdem

435 5548 451 5569 -ν
514 5530 791 5603 querelam
814 5532 896 5587 sic
916 5532 1073 5587 edert
1089 5550 1101 5583 :
1119 5531 1343 5589 Tantum
1370 5534 1509 5591 abest
1536 5539 1591 5587 ut
1610 5530 1922 5603 ,Quesnellut
1944 5534 2108 5586 eccle-

514 5602 738 5658 siastictz
761 5610 809 5657 et
832 5603 1100 5660 litterariaz
1134 5606 1429 5674 reipublicae
1460 5606 1567 5659 haec
1598 5602 1847 5673 beneficia
1872 5604 2106 5656 contule-

516 5676 584 5729 rit
614 5676 697 5743 (ut
721 5674 932 5731 scilicet
976 5675 1173 5731 Leonis
1218 5677 1431 5745 scriptis
1476 5676 1843 5745 primigeniam
1888 5674 2110 5743 integri-

517 5753 685 5801 tatem
734 5748 1092 5817 etnitorem,
1148 5749 1599 5817 quemadmodum
1656 5746 1935 5816 professus
1981 5754 2104 5811 est,

517 5816 855 5879 redonarot).
906 5829 961 5873 ut
1013 5816 1185 5880 ipsum
1215 5821 1392 5880 potius
1437 5828 1631 5875 textum
1677 5816 2021 5881 compluribus
2054 5818 2109 5872 in

2208 4697 2290 4751 vel
2322 4695 2715 4767 principuarum
2747 4702 2896 4749 certe
2940 4693 3223 4749 historiam
3251 4734 3266 4759 ,
3298 4707 3413 4761 qua:
3450 4699 3673 4761 tempore
3700 4705 3808 4759 quo

2208 4788 2271 4843 S.
2312 4787 2415 4841 Leo
2444 4787 2514 4839 ad
2542 4802 2798 4841 summum
2828 4786 3185 4858 pontificatum
3225 4786 3327 4855 fuit
3369 4793 3664 4854 assumptus
3688 4823 3704 4847 ,
3735 4781 3813 4835 ad

2210 4880 2324 4936 vitte
2350 4880 2509 4952 ipsius
2540 4880 2736 4934 exitum
2764 4896 2924 4950 usque
2971 4879 3241 4934 catholica:
3268 4877 3505 4949 religioni
3538 4877 3637 4930 vim
3664 4876 3813 4928 intu-

2210 4974 2399 5039 lerunt,
2429 4982 2477 5028 et
2508 4972 2833 5027 Occidentem
2851 4984 3003 5043 atque
3027 4971 3290 5027 Orientem
3310 4972 3642 5044 infestarunt.
3672 4966 3815 5021 Pro-

2212 5076 2406 5138 pterea,
2440 5067 2629 5135 inquit.
2655 5077 2708 5119 ut
2732 5083 2945 5121 suorum
2976 5084 3245 5121 munerum
3276 5076 3445 5138 partes
3474 5066 3724 5133 impleret,
3757 5071 3817 5118 et

2216 5160 2565 5218 Christianam
2592 5160 2748 5229 ﬁdem
2792 5161 3102 5230 custodiret,
3139 5176 3289 5213 onme
3314 5160 3543 5213 studium
3568 5174 3628 5211 ac
3658 5156 3811 5211 labo-

2215 5273 2324 5312 rem
2370 5272 2485 5312 eum
2530 5256 2827 5326 impendere
2853 5256 3080 5326 oportuit
3108 5257 3175 5311 ad
3204 5256 3458 5310 sedandae
3503 5255 3816 5309 stevissimas

2212 5462 2339 5518 locis
2370 5461 2576 5531 gravius
2604 5459 2965 5529 vulneraverit,
2995 5462 3050 5517 in
3085 5459 3205 5516 aliis
3232 5461 3301 5515 ad
3322 5461 3567 5517 violentas
3598 5460 3814 5516 omnino

2212 5532 2659 5605 interpretationes
2680 5532 2989 5605 distorserit,
3010 5533 3121 5586 etin
3148 5532 3411 5587 nonnullis
3435 5534 3651 5602 denique
3665 5548 3815 5585 eum-

2214 5604 2328 5658 dem
2346 5602 2527 5656 minus
2557 5602 2806 5656 catholice
2836 5604 3201 5671 explicaverit;
3235 5606 3308 5657 ita
3338 5612 3390 5657 ut
3418 5606 3529 5671 eius
3556 5604 3730 5657 studia
3762 5613 3818 5658 st

2216 5676 2414 5747 labores
2444 5675 2656 5747 nonnisi
2692 5674 2743 5726 in
2776 5674 2843 5747 S.
2879 5674 3076 5731 Leonis
3118 5677 3365 5747 injuriam
3390 5717 3403 5740 ,
3447 5676 3693 5731 Ecclesia
3722 5691 3817 5728 ca-

2216 5746 2421 5800 tholica:
2448 5744 2727 5819 perniciem
2755 5757 2798 5799 et
2830 5746 2880 5800 in
2910 5744 3307 5804 aeatliolicorum
3338 5748 3635 5819 prtesidium
3661 5754 3817 5817 atque

2208 5823 2440 5883 favorem
2471 5816 2891 5872 redundaverint.
