4014 6350
262 260 325 318 83
766 257 1295 326 SCHt'ENEMANNI
1331 256 1607 315 NOTITIA
1649 257 2468 323 HISTORICO-LITTERARIA
2504 258 2575 315 IN
2613 259 2671 316 S.
2710 258 3016 318 LEONEM.
3166 219 3170 223 i
3456 261 3535 323 .94

596 392 714 457 qua
728 376 989 443 diabolica
1014 374 1195 448 furore
1210 374 1548 441 debacchante
1576 374 1699 446 ﬁdei
1721 376 1835 431 exi-
1863 378 1919 438 Α
1938 376 2104 441 etiam
2132 377 2200 433 ad
2222 386 2508 439 consuetas
2531 387 2586 436 et
2614 380 2741 436 satis
2759 380 3048 436 familiares
3066 380 3236 436 sancti
3258 381 3530 452 pontiﬁcis

401 470 788 544 promovebant,
818 470 1010 537 Christi
1050 471 1321 549 imperium
1348 480 1397 535 et
1428 469 1716 525 Romanam
1742 468 1845 523 Ec-

261 566 453 631 clesium
481 566 761 635 uexauerit,
789 566 855 625 de
888 566 1072 638 quibus
1098 564 1333 631 omnibus
1361 580 1447 627 ea:
1468 563 1706 619 victorias
1735 562 1845 631 ipse

258 674 476 723 summa;
500 660 748 731 pontifea:
784 658 1083 730 reportavit,
1107 672 1237 728 quos
1264 655 1379 719 diuo
1409 654 1564 719 Petro
1590 655 1845 725 hujusque

256 734 629 815 successoribus
658 746 892 815 Christus
921 748 1173 815 Dominus
1196 748 1251 803 in
1280 746 1563 817 Scripturis
1595 746 1846 817 promise-

255 855 344 909 rat.
386 843 562 915 Igitur
609 844 823 912 duobus
854 843 1009 911 libris
1038 843 1102 909 de
1145 840 1552 909 Manichaeorum
1575 880 1592 908 ,
1642 853 1751 907 uno
1775 838 1845 895 de

256 920 801 1005 Priscillianisuu’um,
827 937 963 1003 libro
992 951 1098 999 uno
1133 934 1196 989 de
1226 932 1537 1007 Pelagiana,
1562 932 1717 989 libris
1750 929 1842 987 iti-

254 1032 367 1099 dem
394 1030 617 1097 duobus
646 1031 710 1097 de
736 1029 1061 1103 Eutychiana
1084 1029 1279 1097 haeresi
1304 1040 1359 1083 et
1389 1027 1632 1094 historia,
1660 1026 1849 1097 copio-

250 1138 363 1189 sum
394 1137 713 1189 sermonem
744 1122 994 1193 histum.
1023 1120 1102 1181 Ac
1130 1120 1515 1187 Manichaeismi
1558 1120 1842 1179 historiam

249 1216 313 1281 ab
338 1229 450 1277 ovo
482 1215 612 1281 inde
652 1224 938 1285 pertexere
958 1216 1143 1285 coepit,
1174 1216 1406 1275 fortasse
1435 1228 1539 1279 non
1565 1229 1632 1269 ex
1665 1212 1840 1282 primo

252 1308 499 1371 consilio.
532 1307 751 1373 Etenim
771 1306 885 1377 jam
914 1307 1219 1371 absolutum
1243 1306 1345 1363 sibi
1388 1306 1551 1367 fuisse
1582 1307 1683 1360 hoc
1708 1319 1844 1375 pen-

250 1414 364 1465 sum
397 1398 618 1469 scribit,
648 1414 771 1461 eum
794 1400 862 1455 ab
892 1400 1067 1455 amico
1092 1400 1349 1468 monitus,
1400 1398 1661 1455 Belsobrii
1691 1397 1845 1453 libel-

252 1491 356 1555 lum
383 1490 442 1555 in
482 1506 682 1555 manus
711 1500 951 1549 sumeret
974 1491 1243 1562 telamque
1266 1492 1378 1560 jam
1406 1499 1721 1561 praetextam
1745 1489 1843 1547 de-

252 1598 355 1641 nuo
375 1583 483 1639 sibi
510 1584 913 1646 retractandum
947 1598 1069 1639 esse
1103 1583 1449 1654 intelligeret.
1486 1583 1618 1637 Hinc
1659 1581 1846 1637 Belso-

252 1676 419 1741 brium
448 1679 629 1751 magis
651 1692 811 1748 quam
835 1677 1181 1745 Quesnellum
1204 1675 1259 1733 in
1293 1676 1376 1733 bis
1396 1676 1553 1732 libris
1582 1675 1836 1733 debellat.

1947 469 2197 537 loquendi
2226 469 2483 533 formulas
2514 471 2636 528 alibi
2674 487 2958 543 expressas
2988 474 3345 539 attendentes,
3379 489 3530 545 qure-

1945 559 2067 629 dam
2110 570 2361 631 corrupta
2394 564 2506 619 loca
2531 579 2596 621 ex
2638 564 2835 620 alicubi
2866 566 3111 636 repetitis
3130 567 3525 637 supplevimus,

1945 653 2234 717 admonitis
2282 665 2458 710 tamen
2504 658 2703 713 nostris
2742 656 3034 723 lectoribus
3078 658 3145 713 de
3182 657 3363 717 causis
3411 672 3530 729 qua:

1944 744 2143 815 Leonis
2168 747 2392 802 obscura
2417 756 2472 803 et
2497 747 2797 805 difficiliora
2820 749 3063 820 quaedam
3090 765 3248 819 sensa
3273 751 3394 806 aliis
3417 764 3531 806 ma-

1945 837 2026 908 gis
2051 839 2350 908 perspicuis
2382 848 2436 895 et
2465 840 2626 895 certis
2658 856 2756 896 nos
2794 842 3057 909 docebant
3086 850 3342 911 oportere
3366 843 3532 913 inter-

1944 930 2174 997 pretari.
2196 929 2325 996 Quae
2348 929 2560 1001 quidem
2583 930 2760 985 omnia
2787 948 2891 989 non
2917 933 3086 1005 magis
3105 934 3347 995 veritatis
3369 950 3531 992 causa

1946 1038 2106 1094 quam
2140 1033 2194 1078 ut
2225 1026 2431 1081 artibus
2470 1025 2759 1081 adversarii
2802 1026 2883 1080 sui
2908 1027 3205 1095 Quesnelli,
3235 1042 3392 1099 quam
3423 1042 3529 1083 sa:-

1946 1114 2168 1184 pissime
2204 1117 2285 1170 vel
2318 1117 2555 1177 Leonem
2608 1117 2931 1187 accusantis,
2980 1130 3070 1173 aut
3122 1121 3172 1187 iu
3210 1120 3527 1191 praesidium

1947 1223 2164 1264 suorum
2189 1220 2519 1277 assertorum
2550 1209 2900 1277 traduceutis,
2932 1219 3265 1276 occurreret,
3298 1211 3411 1267 fieri
3439 1210 3531 1267 de-

1946 1300 2128 1356 buisse
2154 1302 2437 1372 signiﬁcat.
2459 1301 2627 1373 Hujus
2649 1302 2808 1358 etiam
2834 1317 2993 1359 causa
3018 1318 3078 1360 se
3100 1312 3343 1367 coactum
3365 1303 3533 1359 fuisse

1946 1393 2153 1459 scribit,
2179 1404 2378 1449 textum
2404 1395 2647 1459 codicum
2681 1412 2808 1450 mss.
2839 1396 3082 1453 subsidio
3100 1397 3175 1463 ita
3199 1397 3528 1465 restitutum,

1948 1488 2113 1553 notis,
2142 1488 2611 1547 observationibus
2633 1499 2686 1545 et
2718 1490 3219 1558 prmmonitionibus
3240 1490 3526 1559 adornare,

1948 1597 2015 1637 ne
2046 1580 2185 1635 forte
2227 1590 2393 1637 totum
2435 1581 2588 1648 illud,
2621 1593 2883 1652 quantum
2925 1592 3091 1647 esset,
3138 1584 3278 1653 quod
3330 1597 3397 1647 ex
3439 1582 3529 1639 illa

1948 1674 2296 1742 castigatione
2321 1674 2610 1749 provenire
2651 1683 2833 1742 posset
2878 1674 3139 1743 utilitatis,
3185 1684 3279 1739 aut
3316 1675 3529 1746 penitus

250 1768 444 1825 Contra
478 1770 533 1825 in
569 1769 852 1841 Pelagiana
884 1769 1109 1827 historia
1139 1785 1202 1825 ea
1243 1770 1419 1826 solum
1450 1785 1568 1841 quae
1600 1769 1839 1825 Leonem
1869 1759 1919 1835 Β
1946 1766 2212 1831 interiret,
2238 1776 2328 1819 aut
2355 1766 2543 1833 saltem
2568 1768 2953 1833 occultaretur,
2980 1766 3223 1837 adeoque
3245 1767 3532 1823 nonnullos

249 1862 583 1934 attingerent
633 1862 917 1933 spectavit,
960 1863 1289 1934 omninoque
1336 1864 1390 1918 in
1440 1864 1668 1934 singulis
1720 1876 1839 1933 quae

249 1954 442 2011 Leonis
474 1966 659 2027 partes
690 1960 775 2013 vel
805 1959 1020 2028 scriptis
1062 1959 1150 2014 vel
1205 1958 1359 2015 factis
1388 1960 1606 2027 fuerint,
1641 1959 1840 2031 insigni

250 2051 296 2104 in
318 2049 443 2104 loco
468 2052 647 2120 ponit.
676 2050 792 2111 lam
815 2066 941 2119 cum
975 2051 1104 2115 satis
1136 2050 1410 2123 ingenium
1444 2052 1841 2120 consiliumque

249 2142 339 2196 viri
370 2142 527 2198 hisce
560 2142 946 2212 speciminibus
966 2142 1235 2199 declarata
1257 2158 1379 2199 esse
1406 2159 1552 2213 reor,
1574 2143 1640 2199 ad
1665 2144 1837 2213 ipsam

247 2232 484 2303 Operum
514 2233 718 2299 Leonis
744 2234 1039 2297 editionem
1072 2237 1498 2308 progrediamur.

318 2413 589 2471 1753-55.
612 2414 792 2470 Romae
805 2417 951 2485 apud
962 2415 993 2469 .l
1001 2416 1244 2487 osephum
1261 2417 1469 2484 Collini,
1494 2418 1671 2490 in-fol.
1699 2418 1837 2474 T.ll.

247 2506 302 2564 S.
325 2506 532 2564 Leonis
562 2508 736 2581 Magni
769 2523 921 2579 papae
956 2510 1114 2579 primi
1142 2510 1314 2581 Opera
1344 2513 1524 2567 omnia
1551 2513 1617 2569 ad
1645 2529 1839 2569 manu-

249 2600 478 2670 scriptos
505 2601 725 2658 codices
752 2602 1061 2670 emendata,
1086 2605 1240 2661 novis
1266 2608 1631 2662 monumentis
1660 2619 1834 2675 aucta,

248 2697 386 2750 notis
426 2707 487 2752 et
530 2696 1004 2763 observationibus
1041 2698 1301 2765 adornata
1348 2700 1527 2758 studio
1568 2701 1636 2756 F.
1672 2702 1839 2758 Periit

250 2785 453 2844 Tuom:
479 2788 761 2857 Caecum,
792 2789 1098 2846 Carmelitae.

315 2880 589 2938 Nimirum
631 2883 733 2945 tria
761 2880 855 2939 illa
886 2898 1004 2944 ante
1034 2882 1086 2937 in
1118 2883 1329 2949 editore
1358 2884 1638 2955 requirunt
1670 2886 1833 2942 Balle-

248 2974 387 3043 rinii,
432 2974 595 3045 juxta
624 2976 786 3037 verba
820 2989 1005 3043 eorum
1041 2989 1202 3046 supra
1242 2976 1524 3047 producta,
1559 2986 1616 3032 ut
1646 2978 1839 3035 editio-

248 3081 368 3124 nem
403 3076 632 3137 prgstet
671 3067 1049 3133 emaculatam,
1099 3070 1252 3127 novis
1296 3069 1509 3139 scriptis
1548 3077 1759 3131 auctam
1786 3080 1839 3125 et

1945 1872 2063 1919 rum
2105 1855 2286 1925 opinio
2328 1856 2394 1910 de
2433 1856 2823 1922 Quesncllianm
2872 1858 3126 1915 editionis
3170 1873 3278 1926 prae
3320 1858 3529 1913 cieteris

1944 1948 2192 2004 omnibus
2222 1947 2529 2018 praestantia
2563 1959 2826 2016 maneret,
2856 1957 2949 2004 aut
2976 1950 3137 2005 etiam
3165 1960 3307 2006 notat
3331 1949 3447 2023 ejus
3475 1958 3530 2007 et

1943 2039 2355 2096 observationes
2408 2050 2614 2096 tantum
2672 2041 2881 2112 pondus
2940 2042 3138 2098 habere
3195 2043 3529 2107 viderentur,

1944 2135 2094 2203 quasi
2127 2148 2155 2188 a
2181 2134 2391 2190 nemine
2421 2134 2488 2191 de
2516 2150 2704 2191 errore
2730 2136 2907 2190 notari
2937 2145 3031 2191 aut
3062 2137 3131 2192 de
3152 2137 3388 2197 falsitate
3404 2153 3535 2207 pos-

1942 2236 2061 2283 sent
2090 2228 2357 2284 convinci.
2398 2249 2417 2282 ί
2447 2230 2679 2286 Necesse
2700 2244 2829 2301 ergo
2853 2231 2969 2295 fuit,
3000 2231 3185 2298 inquit,
3210 2230 3358 2289 hisce
3375 2231 3534 2298 Ques-

1943 2322 2190 2385 ncllianis
2234 2322 2377 2377 uotis
2417 2331 2472 2378 et
2515 2322 3004 2388 observationibus,
3050 2337 3235 2394 novas,
3286 2323 3534 2381 veriores

1942 2426 2103 2486 atque
2150 2419 2319 2488 magis
2368 2418 2693 2472 sinceriores
2733 2432 3026 2486 Opponere,
3079 2430 3278 2487 easque
3316 2431 3426 2472 nou
3458 2416 3529 2475 ad

1942 2516 2145 2579 calcem
2175 2514 2331 2584 hujus
2363 2514 2535 2569 nostri
2556 2512 2845 2569 voluminis
2876 2526 3178 2577 reservare,
3208 2521 3267 2577 ut
3287 2510 3531 2582 quando-

1942 2624 2046 2679 que
2072 2609 2169 2663 viri
2199 2609 2333 2665 alias
2360 2607 2663 2663 doctissimi
2710 2609 2972 2671 iecerunt,
3017 2606 3113 2661 sed
3141 2606 3359 2669 easdem
3402 2620 3534 2663 con-.-

1943 2703 2281 2758 venicntibus
2306 2702 2520 2772 sibique
2548 2701 2689 2770 aptis
2720 2700 2855 2755 locis
2887 2699 3236 2765 distribuere,
3278 2708 3336 2755 ut
3366 2700 3534 2755 lector

1939 2796 2145 2853 nullum
2178 2776 2397 2866 prorsus
2435 2794 2673 2849 laborem
2716 2795 2769 2849 in
2810 2793 3121 2849 evolvendis
3151 2792 3275 2849 libri
3319 2793 3531 2864 paginis

1940 2888 2169 2951 subiret,
2202 2886 2268 2942 ad
2297 2902 2357 2940 ea
2384 2885 2723 2955 intelligenda
2756 2900 2876 2956 quae
2905 2885 3003 2940 hac
3027 2884 3269 2941 Romana
3289 2884 3532 2941 editione

1941 2988 2127 3033 contra
2152 2978 2589 3046 Quesnelliannm
2619 2978 3062 3046 conscripsimus.
3090 2977 3224 3043 Quia
3252 2991 3380 3033 vero
3404 2986 3530 3035 tau-

1944 3070 2067 3125 dem
2095 3070 2173 3140 (ut
2195 3068 2450 3139 diximus)
2482 3069 2533 3124 in
2561 3084 2777 3124 suarum
2804 3069 3058 3125 falsarum
3096 3069 3532 3139 propositionum

246 3164 600 3233 illustratum,
638 3161 947 3220 Caeciarius
975 3179 1187 3235 quoque
1226 3165 1277 3219 in
1309 3137 1458 3220 hisce
1485 3166 1843 3223 voluminibus
1862 3137 1914 3207 Ὀ
1948 3137 2279 3237 praesidium,
2326 3137 2627 3220 Leoninum
2657 3173 2890 3228 textum,
2923 3137 3214 3233 perperam
3232 3172 3287 3219 et
3316 3162 3533 3219 violen-

248 3256 501 3319 eﬂecisse
529 3255 635 3311 sibi
667 3256 813 3311 visus
838 3270 900 3311 ac
920 3256 1189 3326 pollicitus
1216 3267 1318 3317 est.
1346 3258 1556 3327 Quippe
1576 3261 1843 3316 macula-

251 3358 356 3407 tam
383 3358 440 3403 et
476 3346 863 3421 locupletatam
892 3347 1037 3411 dedit
1064 3363 1131 3411 ex
1174 3349 1451 3405 codicibus
1481 3353 1711 3407 maxime
1738 3352 1843 3407 Va-

249 3442 466 3507 ticanis,
512 3450 843 3511 quaprOpter
878 3440 1169 3503 Romanam
1212 3444 1467 3512 appellari
1513 3446 1680 3514 cupit,
1722 3446 1844 3501 illu-

248 3542 477 3597 stratum
510 3540 692 3599 autem
722 3542 1075 3604 praeterquam
1102 3535 1583 3595 exercitationibus
1606 3541 1842 3608 prieviis,

248 3625 301 3680 in
330 3625 479 3691 notis
515 3624 738 3695 iamjam
770 3628 937 3687 textui
968 3626 1246 3697 subjectis,
1289 3645 1408 3697 quae
1436 3647 1556 3687 cum
1590 3632 1702 3687 fere
1729 3649 1847 3697 om-

248 3732 345 3781 nes
366 3726 567 3783 contra
582 3715 858 3785 Quesnelli
887 3718 1170 3788 opiniones
1193 3728 1356 3789 atque
1382 3732 1584 3778 asserta
1607 3724 1847 3794 dirigun-

247 3821 353 3876 tur,
388 3812 608 3873 idcirco
635 3812 1211 3887 Ami-Qusweilianam
1250 3830 1361 3877 non
1402 3815 1672 3879 imnterito
1690 3832 1845 3872 suam

248 3903 551 3967 editionem
564 3902 763 3969 ,audire
790 3903 1342 3972 prmdicat.Rescissis
1364 3906 1526 3978 igitur
1548 3909 1696 3963 libris
1713 3924 1847 3977 quos

244 4010 389 4057 novo
431 3995 692 4069 exemplo
718 3994 885 4059 Leoni
924 3997 1248 4057 vindicatum
1295 4000 1465 4056 iverat
1506 4003 1844 4069 Quesnellus,

247 4088 493 4147 rescisso
520 4101 745 4163 quoque
771 4085 966 4143 Codice
996 4088 1270 4153 Canonum
1310 4101 1364 4148 et
1392 4091 1845 4151 Constitutionum

248 4178 397 4237 sedis
425 4179 768 4248 apostolicae,
812 4180 980 4248 primo
1020 4190 1155 4237 tanta
1192 4182 1505 4249 Sermones,
1554 4201 1674 4241 cum
1709 4202 1847 4243 non-

1947 3273 2031 3319 ter
2058 3263 2489 3331 interpretatum,
2538 3258 2807 3317 adducere
2850 3259 3154 3317 consuevit.
3208 3257 3533 3314 allaboravi-

1946 3370 2087 3417 mus.
2120 3366 2175 3408 ut
2209 3355 2259 3408 in
2291 3354 2375 3409 his
2401 3353 2541 3425 typis
2570 3351 2886 3423 maiusculis
2906 3351 3306 3408 characteribus
3326 3366 3388 3406 ea
3412 3350 3533 3407 ioca

1946 3446 2368 3511 excuderetuur,
2417 3461 2540 3514 quae
2576 3445 2748 3516 magis
2775 3453 2897 3514 apta
2945 3456 3071 3500 sunt
3101 3445 3168 3503 ad
3202 3442 3532 3511 arguendam

1946 3541 2188 3609 ejusdem
2227 3539 2393 3595 nostri
2424 3539 2719 3595 adversarii
2750 3538 3039 3595 falsitatem
3065 3548 3119 3595 et
3148 3538 3216 3594 ad
3244 3537 3535 3595 evertenda

1948 3642 2027 3689 tot
2056 3641 2260 3687 asserta
2290 3633 2468 3687 minus
2494 3632 2782 3695 catholica,
2816 3640 2908 3685 aut
2929 3632 3167 3691 maxime
3195 3631 3536 3699 impudenter

1947 3727 2016 3787 ab
2046 3726 2236 3782 endem
2287 3724 2651 3795 pronuntiata.
2682 3744 2702 3777 ι
2742 3723 2858 3781 iam
2897 3723 3040 3794 quod
3088 3724 3328 3783 ultimam
3376 3722 3537 3793 hujus

1940 3819 2203 3883 editionis
2231 3818 2436 3882 dotem,
2466 3827 2753 3888 augmenta
2784 3816 2838 3872 in
2863 3817 2965 3872 hoc
2988 3826 3134 3871 tomo
3154 3816 3292 3875 facta
3319 3817 3533 3881 attinet,

1946 3912 2133 3981 plures
2164 3912 2218 3965 in
2241 3918 2322 3966 tot
2349 3910 2600 3974 diversis,
2637 3918 2769 3979 quot
2793 3925 2955 3965 manu
2987 3910 3256 3975 versabat,
3291 3923 3537 3975 mss.,coo

1949 4006 2155 4062 dit-ibus
2184 4004 2479 4062 Sermones
2506 4005 2704 4060 Leonis
2736 4005 2958 4061 nomine
2998 4004 3283 4073 inscriptos
3307 4004 3536 4070 invenit,

1946 4114 2173 4168 quorum
2199 4097 2290 4152 alii
2318 4098 2506 4168 magis,
2532 4097 2627 4152 alii
2654 4097 2834 4153 minus
2854 4098 3049 4152 sinceri
3079 4097 3414 4159 videbantur,
3445 4096 3537 4154 alii

1949 4189 2233 4245 manifesto
2264 4172 2481 4245 tneniiri
2508 4205 2570 4244 se
2601 4189 2704 4244 hoc
2735 4203 2929 4245 nomen
2961 4188 3337 4254 ostendebant,
3384 4197 3441 4241 et
3467 4202 3534 4255 ex

246 4272 414 4329 nullis
445 4272 575 4335 aliis
603 4274 964 4331 monumentis
1001 4272 1069 4333 de
1097 4288 1155 4330 re
1188 4274 1430 4346 liturgica
1466 4292 1533 4332 ex
1558 4278 1761 4333 Missali
1794 4287 1850 4341 ot
1948 4284 2220 4341 sexcentis
2265 4283 2494 4341 aliorum
2548 4283 2742 4352 pannis
2786 4284 2995 4343 consuti
3036 4291 3216 4349 erant,
3262 4283 3315 4337 in
3341 4281 3537 4351 quibus

244 4362 457 4422 Ordine
483 4361 733 4421 Romano
761 4374 820 4431 et
841 4363 1039 4420 Codice
1067 4366 1495 4425 Sacramentario
1527 4368 1846 4438 desumptis,

247 4458 417 4512 altera
442 4457 721 4526 Epistolas
748 4457 892 4519 solas
921 4458 1234 4527 complexus
1263 4468 1365 4523 est.
1396 4460 1475 4519 Ac
1498 4462 1548 4514 in
1572 4460 1847 4516 Sermoni-

1946 4380 2198 4441 onmibus
2219 4382 2323 4435 rite
2343 4392 2398 4436 et
2417 4388 2541 4449 apte
2561 4378 2937 4436 discernendis
2954 4378 3100 4435 baud
3122 4378 3292 4433 levem
3312 4392 3535 4446 operam

1953 4482 2009 4527 et
2035 4473 2336 4541 plusculum
2366 4473 2627 4542 temporis
2657 4473 2908 4539 perdidit,
2938 4486 3207 4543 unumque
3234 4486 3302 4528 ex
3332 4480 3412 4527 tot
3428 4470 3537 4527 im-

498 4521 512 4526 -
1043 4521 1059 4527 -
1958 4521 2008 4527 _-
2036 4521 2336 4541 r._-,-__,---
2368 4521 2625 4542 πων-.-
2657 4521 2908 4539 τ-,,,,,-,
2941 4521 3206 4543 --η-Ὺ--
3238 4521 3302 4528 _-_

244 4549 354 4607 ³⁵⁸³⁵
382 4548 611 4619 quidem
652 4564 757 4604 "0"
802 4565 904 4603 υηδ
953 4552 1197 4620 Ρτοίθειο
1245 4554 1455 4613 Γειίοῐιε
1499 4554 1847 4621 Ουεδηειιιιιι)
1874 4521 1928 4595 D
1950 4566 2280 4634 pedimentis
2330 4565 2497 4623 fuisse
2542 4566 2909 4634 conqueritur,
2959 4580 3059 4625 cur
3105 4565 3324 4634 opinato
3361 4563 3538 4619 serius

247 4642 521 4709 deseruit,
571 4643 906 4698 restituendo
936 4659 1043 4699 non
1087 4646 1260 4711 solum
1290 4648 1637 4715 superiorum
1675 4648 1850 4711 edito.-

248 4752 373 4795 rum
400 4737 621 4804 ordine,
645 4753 803 4808 quem
832 4754 859 4791 a
892 4740 1161 4802 veteribus
1189 4756 1403 4813 quoque
1424 4744 1844 4810 .Collectoribus,

248 4828 306 4884 in
340 4844 508 4883 manu
532 4830 769 4889 exaratis
796 4828 1124 4901 archetypis,
1145 4844 1415 4887 servatum
1438 4834 1771 4900 observarat,
1792 4847 1847 4893 et

246 4934 525 4994 synopses
548 4936 685 4989 quas
711 4922 785 4979 illi
817 4924 1291 4994 concinnaverant,
1328 4926 1422 4983 sed
1469 4935 1615 4984 textu
1647 4931 1846 4999 passim

246 5015 319 5069 ad
342 5030 474 5070 mss.
504 5014 665 5073 ﬁdem
689 5016 989 5083 immutate,
1013 5025 1089 5086 et,
1118 5030 1175 5073 ut
1195 5020 1295 5076 sibi
1318 5021 1530 5091 quidem
1557 5025 1846 5093 persuasit,

250 5107 570 5163 emendato.
602 5108 669 5161 Et
690 5108 837 5178 quod
867 5110 1044 5175 varias
1081 5111 1340 5167 lectiones
1375 5117 1563 5175 attinet
1592 5117 1646 5173 in
1687 5119 1848 5176 editis

252 5210 309 5255 et
343 5215 476 5256 mss.
503 5200 657 5263 libris
681 5200 1067 5274 deprehensas,
1095 5220 1357 5274 nusquam
1381 5209 1618 5279 volgatas
1641 5212 1709 5266 ab
1727 5212 1847 5268 aliis

251 5294 563 5351 editoribus
599 5295 920 5353 subduxisse
946 5306 1001 5352 et
1034 5313 1203 5355 novas
1232 5300 1476 5359 intulisse
1504 5317 1562 5358 se
1588 5304 1840 5373 affirmat,

249 5384 367 5442 nisi
397 5393 511 5440 tum
537 5399 661 5442 eum
694 5385 933 5456 ipsorum
962 5388 1207 5451 codicum
1238 5405 1448 5449 summa
1480 5397 1764 5451 consensio
1792 5406 1848 5453 ct

249 5474 519 5539 Leoninze
556 5478 825 5537 orationis
854 5481 989 5536 ratio
1030 5480 1083 5537 id
1121 5484 1393 5553 postulare
1432 5486 1723 5554 videretur,
1758 5490 1844 5547 vel

249 5571 474 5642 quando
498 5569 793 5631 manifesto
815 5573 1157 5643 antiquorum
1184 5592 1371 5633 errore
1410 5590 1692 5651 perspecto
1716 5581 1846 5640 duo-

252 5676 378 5727 rum
403 5666 599 5724 saltem
622 5666 873 5723 codicum
904 5667 1144 5733 subsidio
1167 5672 1382 5728 easdem
1413 5674 1660 5744 castigari
1687 5691 1845 5745 posse

254 5765 315 5819 et
342 5759 537 5818 debere
564 5761 929 5819 existimaret.
979 5761 1036 5817 In
1063 5776 1170 5831 qua
1198 5780 1278 5832 re,
1327 5766 1509 5835 inquit,
1542 5771 1841 5835 praesertim

1950 4657 2094 4721 itane
2143 4658 2437 4714 editionem
2485 4658 2732 4713 emittere
2780 4658 3042 4726 potuerit.
3096 4656 3318 4713 Addidit
3356 4665 3536 4712 autem

1948 4751 2202 4819 genuinis
2232 4750 2425 4805 Leonis
2455 4749 2832 4815 Sermonibus,
2855 4750 3094 4818 quinque
3117 4762 3289 4805 novos
3308 4762 3375 4803 ex
3392 4746 3538 4803 Vatic

1952 4843 2106 4899 canis
2145 4853 2201 4899 et
2233 4844 2629 4899 Vallicellaneis
2673 4843 2795 4898 cod.
2830 4846 3075 4908 haustos,
3124 4849 3179 4898 et
3208 4850 3537 4910 postremam

1954 4948 2163 5008 partem
2209 4937 2472 4993 sermonis
2511 4936 2579 4992 de
2620 4936 2758 4993 festo
2783 4934 3063 4992 Catltedrte
3091 4934 3149 4992 S.
3179 4934 3347 5001 Petri,
3373 4950 3536 5005 quem

1954 5030 2198 5087 mutilum
2235 5038 2289 5083 et
2325 5028 2700 5098 imperfectum
2742 5030 2946 5098 primus
2990 5028 3537 5098 evulgaveratQues-

1951 5124 2147 5181 uellus.
2192 5125 2331 5178 Sunt
2369 5133 2544 5177 autem
2582 5123 2666 5176 :il.
2700 5122 2775 5177 De
2815 5122 3085 5177 Domini“
3118 5122 3533 5190 Rammium,

1949 5217 2115 5281 idem,
2144 5231 2306 5285 quem
2343 5214 2659 5271 Trombellus
2685 5215 2909 5271 dederat
2933 5216 3086 5284 cujus
3121 5216 3191 5272 de
3222 5217 3534 5279 sinceritate

1950 5308 2068 5379 ejus
2099 5309 2259 5364 dubia
2283 5309 2484 5376 prolixa
2514 5309 2923 5378 prmmonitione
2949 5318 3397 5367 everterenoster
3421 5317 3533 5364 stu—

1948 5401 2084 5458 duit.
2124 5402 2192 5457 ll.
2222 5399 2302 5457 De
2343 5404 2471 5473 festo
2500 5402 2828 5461 Ascensionis
2858 5403 3154 5463 Dominicis.
3208 5404 3296 5468 ιιι,
3333 5405 3419 5459 ιν.
3460 5404 3532 5458 In

1948 5497 2136 5564 factum
2196 5492 2304 5550 SS.
2349 5494 2571 5564 fratrum
2618 5493 3053 5562 Machabaorum,
3091 5495 3271 5550 Rome
3323 5493 3532 5550 kalend.

1947 5586 2168 5657 Augusti
2197 5587 2249 5642 in
2270 5585 2507 5649 Ecclesia
2534 5585 2597 5643 S.
2628 5585 2774 5643 Petri
2795 5588 2863 5644 ad
2886 5589 3103 5643 Vincula
3132 5589 3380 5644 θετέοὸτωὶ
3416 5592 3534 5646 soli-

1948 5688 2079 5737 tum.
2112 5679 2447 5737 Posteriores
2473 5681 2581 5737 duo
2602 5681 2656 5737 in
2679 5684 2905 5737 vetustis
2933 5680 3091 5736 codd.
3119 5684 3203 5737 vel
3234 5698 3533 5756 anonymos

1944 5772 2032 5830 vel
2063 5772 2164 5828 sub
2200 5774 2484 5840 Augustini
2515 5774 2734 5830 nomine
2761 5773 3000 5839 offendit,
3032 5775 3129 5835 sed
3155 5791 3253 5833 suo
3276 5778 3533 5834 aliorum-
