4014 6350
515 337 586 395 95
1031 333 1562 393 SCHG‘INEMANNI
1602 331 1881 388 NOTITIA
1919 328 2747 389 HlSTORlCO-LITTERARIA
2788 335 2855 392 IN
2892 337 2953 394 S.
2994 335 3299 393 LEONEM.
3730 364 3804 428 96

510 465 618 523 que
646 449 925 505 doctorum
975 451 1210 505 virorum
1244 462 1373 519 post
1410 464 1635 503 examen
1688 449 1988 503 institutum
2020 463 2107 502 ar-
2134 449 2185 507 A
2210 445 2463 517 denique,
2489 450 2691 505 monita
2713 465 2777 506 ac
2801 453 3111 521 marginalia
3138 450 3358 523 adjecit,
3382 451 3578 523 quibus
3602 454 3803 524 partim

512 543 675 601 bitrio
704 543 869 599 Leoni
899 545 1245 614 adjudicavit.
1300 543 1363 597 V.
1411 541 1489 596 De
1525 541 1713 597 Natali
1750 544 1914 596 sancti
1948 541 2107 597 Pauli

509 639 765 711 Apostoli,
798 637 981 693 itidem
1007 654 1036 691 a
1066 635 1355 692 Trombello
1396 644 1672 705 tamquam
1704 636 1843 690 alius
1870 650 1899 689 a
1932 635 2108 704 ponti-

509 734 611 789 fice
652 733 849 788 Leonis
890 732 1100 791 editus,
1150 745 1292 784 nunc
1329 738 1513 785 autem
1562 728 1628 783 ad
1673 728 2105 799 antiquissimum

508 827 632 882 eod.
654 827 773 882 Vat.
804 841 951 881 num.
972 824 1115 879 5835
1138 832 1558 892 reprasentatus
1586 832 1637 877 et
1657 821 1821 876 Leoni
1841 822 1911 877 Μ.
1928 836 2108 877 asser-

512 927 616 975 tus.
649 918 853 973 Dubios
884 914 1079 971 deinde
1108 916 1429 986 spuriosque
1456 922 1514 969 et
1556 930 1622 969 ex
1649 914 1882 968 diversis
1907 912 2106 969 Leonis

512 1011 829 1082 fragmentis
872 1010 1276 1066 consnrcinatos
1318 1007 1710 1078 appendicibus
1737 1006 2015 1075 Quesuelli
2052 1015 2108 1062 et

510 1104 615 1161 PP.
639 1104 1025 1168 Maurinorum,
1055 1105 1143 1172 qui
1165 1102 1452 1173 Augustini
1492 1114 1777 1158 sermones
1798 1099 2102 1166 ediderunt,

509 1212 662 1253 more
692 1198 942 1263 secrevit,
976 1213 1038 1252 ac
1074 1196 1127 1252 in
1160 1198 1382 1265 primam
1414 1192 1635 1265 quidem
1662 1208 1757 1248 eos
1794 1192 1941 1248 solos
1970 1207 2105 1263 quos

511 1290 783 1360 Quesnelli
821 1290 1172 1361 appendienla
1213 1288 1477 1354 continet,
1508 1289 1805 1357 compegit,
1853 1287 1906 1341 in
1936 1287 2105 1342 altera

513 1397 667 1450 vero,
697 1398 855 1453 quam
880 1399 1062 1438 novam
1083 1382 1429 1453 Appendicem
1453 1380 1746 1449 inscripsit,
1780 1394 1969 1435 novem
1992 1395 2106 1434 ser-

509 1490 698 1532 mones
731 1478 951 1531 mutilos
980 1487 1033 1531 et
1060 1473 1426 1544 imperfectos,
1445 1474 1644 1529 dubios
1665 1482 1719 1528 et
1744 1474 2101 1544 apocryphos,

509 1568 599 1637 qui
623 1567 675 1621 in
704 1568 866 1622 variis
894 1583 1022 1621 mss.
1054 1566 1252 1622 Leonis
1280 1581 1474 1621 nomen
1512 1566 1797 1637 gerebant.
1837 1564 2101 1633 exhibuit,

508 1669 891 1731 postremoque
931 1661 1049 1716 loco
1076 1661 1252 1729 posuit
1288 1659 1607 1713 Breviarium
1634 1669 1815 1712 contra
1838 1658 2105 1713 hwreticos

508 1750 927 1807 etschismaticos
969 1766 998 1805 a
1042 1751 1324 1807 Sirmondo
1372 1760 1429 1806 et
1474 1752 1525 1805 in
1569 1749 1705 1804 Bibl.
1746 1748 1863 1803 PP.
1894 1749 2103 1819 pridem

2210 540 2278 595 de
2322 541 2652 596 variantibus
2694 552 2749 598 et
2791 546 3258 601 emendationibus
3304 547 3569 601 rationem
3599 547 3803 614 reddit,

2209 632 2403 703 partim
2430 646 2482 689 et
2515 633 2951 703 frequentissime
2980 638 3197 708 quidem
3229 639 3281 692 in
3310 637 3658 703 Quesnellum
3688 638 3806 709 gla-

2208 725 2355 780 dium
2379 728 2616 797 stringit.
2647 728 2780 784 Nam
2808 744 2929 785 cum
2959 731 3011 785 in
3042 731 3160 802 ejus
3178 732 3634 799 annotationibus,
3666 748 3804 802 quas

2208 833 2404 889 magno
2452 819 2715 875 lectorum
2763 822 3106 878 incommodo
3144 824 3212 879 ad
3255 825 3457 879 calcem
3501 824 3569 880 ab
3606 839 3673 880 eo
3712 838 3806 881 re-

2203 909 2377 980 jeCtas
2407 910 2577 967 fuisse
2605 924 2816 982 censet,
2864 930 2966 971 nee
2996 931 3176 971 veram
3215 931 3451 986 semper,
3487 932 3588 973 nec
3611 930 3802 973 sanam

2208 1002 2507 1058 doctrinam
2538 1006 2820 1061 continere
2849 1007 3226 1073 observasset,
3269 1009 3365 1064 sed
3404 1023 3563 1079 quam
3607 1007 3806 1080 saepis-

2208 1096 2345 1151 sime
2384 1096 2652 1167 fraudem,
2700 1099 2961 1171 fallacias,
2987 1102 3182 1157 malam
3213 1100 3374 1157 ﬁdem
3402 1102 3600 1157 sensim
3625 1102 3678 1157 in
3708 1101 3804 1157 iis-

2209 1188 2331 1244 dem
2364 1188 2547 1245 baberi
2581 1190 2896 1261 detexisset,
2937 1209 3029 1249 eas
3069 1208 3260 1251 omnes
3294 1194 3588 1266 (loquimur
3617 1193 3805 1249 verbis

2208 1279 2346 1349 ejus)
2379 1283 2831 1339 convenientibus
2857 1284 2970 1339 suis
3005 1283 3140 1339 locis
3176 1284 3244 1339 ad
3275 1286 3517 1340 veritatis
3545 1285 3803 1340 trutinam

2208 1373 2508 1438 revocavit,
2553 1383 2609 1428 et
2642 1375 2975 1445 gravissimis
3018 1376 3317 1433 rationibus
3360 1376 3644 1444 insistens,
3672 1391 3802 1431 eum

2208 1477 2303 1521 aut
2343 1468 2765 1526 hallucinatione
2808 1470 3105 1538 defecisse,
3158 1480 3251 1527 aut
3287 1471 3531 1528 incautos
3566 1473 3804 1528 lectores

2207 1560 2395 1619 fallere
2441 1564 2757 1634 quaesivisse
2811 1565 3227 1621 demonstravit.
3280 1565 3339 1620 In
3376 1580 3484 1636 quo
3529 1565 3804 1637 fungendo

2210 1671 2459 1724 munere,
2486 1658 2675 1726 inquit,
2702 1672 2807 1713 non
2827 1673 3041 1729 semper
3063 1658 3313 1715 brevitati
3330 1657 3651 1724 studuimus,
3676 1672 3803 1713 cum

2209 1748 2373 1802 multa
2404 1748 2728 1819 quandoque
2752 1758 2808 1805 et
2844 1750 2993 1805 varie
3033 1749 3177 1805 inter
3206 1765 3265 1805 se
3300 1750 3588 1805 admodum
3618 1750 3805 1821 dispa-

507 1841 835 1911 evulgatum,
878 1857 1070 1897 recens
1100 1851 1279 1897 autem
1312 1843 1365 1896 in
1398 1841 1722 1896 bibliotheca
1757 1839 1864 1895 FF.
1894 1840 2107 1896 Eremi-
2134 1841 2183 1902 B
2209 1848 2325 1894 rata
2352 1840 2717 1911 objicerentur
2738 1857 2857 1911 qua:
2888 1843 3073 1913 paucis
3097 1843 3277 1898 verbis
3304 1842 3561 1910 indicare,
3586 1844 3803 1913 eripere

508 1940 682 1988 tarum
711 1934 766 1989 S.
802 1935 1087 2005 Augustini
1116 1934 1317 1989 Patavii
1366 1935 1421 1989 in
1453 1950 1553 1989 ms.
1584 1933 1776 1989 codice
1815 1950 1889 1989 vu
1920 1935 2101 1989 smculi

506 2026 609 2081 sub
640 2026 839 2083 Leonis
890 2012 1109 2083 nomine
1153 2031 1453 2083 inventum.
1508 2030 1780 2085 Hactenus
1822 2027 1891 2083 de
1933 2028 2101 2100 primo

510 2117 668 2189 hujus
694 2119 947 2175 editionis
978 2130 1135 2174 tomo.
1161 2121 1305 2176 Alter
1333 2131 1496 2175 tomus
1526 2121 1798 2190 Epistolas
1828 2120 2104 2191 complec-

507 2210 659 2278 titur,
694 2212 747 2265 in
773 2228 877 2281 quo
906 2228 1010 2267 non
1042 2213 1234 2267 minori
1262 2213 1508 2268 codicum
1542 2228 1673 2267 mss.
1704 2212 1968 2282 imprimis
1997 2212 2103 2267 Va-

504 2304 807 2358 ticanorum
828 2304 1046 2373 adjutus
1068 2305 1167 2360 fuit
1194 2306 1415 2370 auxilio,
1443 2313 1756 2376 tantamque
1782 2308 1839 2360 iu
1865 2308 1930 2360 iis
1954 2321 2101 2361 mes-

506 2410 623 2453 sem
654 2398 756 2453 sibi
798 2398 991 2454 fecisse
1026 2402 1176 2455 visus
1210 2411 1313 2465 est,
1348 2409 1407 2455 ut
1448 2400 1615 2455 libere
1646 2399 1801 2455 fateri
1838 2415 2003 2455 ausus
2033 2400 2104 2455 sit

505 2485 644 2544 hanc
673 2489 963 2545 editionem
1000 2506 1221 2561 prorsus
1262 2508 1455 2547 novam
1485 2507 1606 2547 esse
1636 2507 1699 2547 ac
1727 2508 1797 2547 ex
1824 2506 1957 2546 mss.
1996 2491 2103 2547 fide

504 2582 666 2636 unice
711 2582 983 2638 eductam.
1034 2584 1099 2639 Et
1135 2599 1257 2639 cum
1284 2585 1489 2640 Graecis
1524 2585 1674 2654 juxta
1707 2600 1867 2655 quam
1895 2584 2102 2640 Latinis

506 2671 786 2728 codicibus
817 2689 947 2729 mss.
981 2674 1304 2730 bibliotheca
1327 2674 1584 2731 Vaticana
1612 2677 1935 2744 abundaret,
1961 2690 2098 2731 nova

503 2763 747 2833 quaedam
762 2779 1107 2822 monumenta
1120 2766 1302 2823 Graeca
1319 2767 1595 2824 offendere
1607 2769 1851 2839 contigit,
1869 2785 2099 2841 quorum

503 2851 609 2907 alia
638 2854 854 2924 quidem
875 2857 987 2927 jam
1013 2858 1063 2911 in
1088 2857 1448 2913 Conciliorum
1470 2859 1800 2915 Collectione
1822 2860 1967 2915 edita
1990 2876 2103 2915 me-

504 2942 679 3000 dicam
737 2963 956 3003 manum
1004 2950 1279 3018 postulare
1335 2952 1683 3017 videbantur;
1738 2951 1874 3018 alia,
1908 2950 2101 3007 Graece

505 3053 796 3109 nusquam,
818 3039 1009 3095 Latine
1039 3050 1244 3095 tantum
1267 3042 1534 3111 evulgata,
1557 3044 1609 3095 in
1637 3042 1896 3111 majorem
1932 3042 2102 3097 histo-

503 3133 602 3190 ria:
624 3132 1006 3188 ecclesiasticae
1037 3134 1218 3199 fidem,
1243 3135 1345 3188 alia
1368 3134 1621 3204 denique,
1647 3149 1746 3189 uec
1766 3134 1975 3204 Graece,
2001 3149 2100 3189 nec

2206 1943 2369 2005 atque
2415 1934 2663 1991 refellere
2706 1936 2901 2006 cuique
2953 1950 3175 2006 prorsus
3232 1936 3567 2007 impossibile
3612 1936 3805 1995 crede-

2205 2026 2381 2081 batur.

2280 2119 2467 2176 Restat
2496 2135 2637 2176 nunc
2661 2128 2719 2175 ut
2738 2135 2905 2191 pauca
2936 2120 3005 2176 de
3022 2120 3203 2188 operis
3229 2121 3392 2175 totius
3412 2120 3802 2191 descriptione,

2204 2214 2387 2282 specie
2432 2229 2495 2268 ac
2536 2229 2724 2270 norma
2764 2213 3101 2284 adjiciamus.
3144 2213 3381 2283 Singulis
3419 2213 3600 2283 itaque
3639 2213 3804 2268 tomis

2205 2315 2329 2375 post
2378 2306 2771 2361 dedicationem
2828 2306 3002 2377 (prior
3057 2306 3347 2375 inscriptus
3404 2313 3492 2361 est
3541 2304 3805 2361 cardinali

2207 2397 2260 2452 Ν
2264 2399 2369 2453 erio
2397 2397 2653 2465 Corsinio,
2684 2399 2821 2453 alter
2843 2397 3120 2453 Benedicto
3142 2397 3194 2452 Χ
3202 2397 3270 2468 ιτ,
3309 2398 3372 2454 Ρ.
3411 2398 3493 2469 S.)
3517 2398 3804 2469 subjicitur

2206 2490 2454 2559 praefatio
2486 2491 2537 2544 in
2562 2505 2669 2561 qua
2699 2491 2768 2545 de
2794 2490 3049 2546 editionis
3077 2492 3327 2561 consilio,
3353 2490 3683 2547 editionibus
3704 2508 3803 2548 su-

2204 2584 2527 2652 perioribus,
2559 2583 2613 2638 in
2656 2584 2846 2653 primis
2874 2585 3252 2650 Quesnelliana
3286 2584 3510 2655 ejusque
3536 2584 3801 2641 methodo

2202 2686 2259 2731 et
2288 2677 2442 2730 malis
2470 2676 2697 2746 artibus,
2748 2683 2953 2746 suoque
2979 2676 3213 2747 denique
3253 2676 3430 2731 studio
3464 2684 3519 2732 et
3545 2676 3804 2732 subsidiis

2205 2768 2482 2823 verbosius
2513 2768 2627 2824 fere
2666 2770 2923 2839 disputat,
2956 2780 3012 2825 et
3056 2779 3340 2840 utramque
3370 2769 3546 2825 indice
3573 2783 3696 2824 mss.
3737 2770 3804 2826 li-

2205 2862 2448 2925 brorum,
2472 2862 2665 2932 quibus
2698 2878 2825 2917 usus
2854 2862 2975 2930 fuit,
3008 2863 3228 2918 claudit.
3268 2863 3327 2917 In
3356 2861 3595 2917 secundo
3627 2871 3798 2929 tomo,

2203 2963 2494 3024 antequam
2525 2955 2590 3009 ad
2619 2955 2799 3010 hrecce
2829 2966 3145 3024 argumenta
3174 2954 3410 3020 devenit,
3439 2953 3701 3024 prolixam
3725 2952 3803 3009 de

2204 3046 2291 3110 iis,
2322 3048 2555 3101 maxime
2577 3047 2853 3101 catholica:
2879 3045 3135 3101 Ecclesiae
3155 3045 3455 3111 doctrinis;
3479 3058 3613 3115 quas
3631 3043 3801 3111 Ques-

2206 3138 2377 3192 nellus
2408 3137 2737 3193 labefactare
2764 3138 3069 3202 studuerat,
3098 3137 3605 3193 sermocinationem
3637 3150 3801 3192 orsus

506 3224 697 3280 Latine
713 3227 943 3281 antehac
967 3227 1202 3296 cognita,
1228 3236 1497 3296 tamquam
1525 3226 1778 3281 editionis
1802 3242 1915 3281 suae
1938 3243 2101 3282 orna-
2128 3227 2173 3291 C
2205 3239 2309 3299 est,
2329 3232 2413 3285 cui
2434 3232 2519 3285 vix
2549 3239 2673 3299 post
2693 3231 3049 3302 quadraginta
3069 3240 3123 3286 et
3144 3230 3374 3301 amplius
3392 3230 3614 3301 paginas
3634 3229 3798 3285 tinent

507 3329 686 3373 menta
719 3319 954 3388 adjicere
981 3320 1261 3374 con~tituit
1291 3335 1306 3373 :
1342 3320 1397 3372 ln
1430 3334 1535 3386 quo
1568 3321 1805 3389 negotio,
1841 3318 2094 3389 quoniam

505 3410 621 3482 ipse
649 3426 749 3466 nec
780 3412 833 3466 in
864 3412 1067 3467 Grarcis
1097 3411 1450 3480 scriptoribus
1476 3412 1607 3465 satis
1638 3423 1905 3477 versatus,
1931 3412 2098 3466 multo

506 3507 686 3562 minus
714 3506 1126 3578 compendiosas
1148 3522 1307 3561 manu
1337 3514 1676 3561 exaratorum
1710 3505 1969 3559 librorum
2001 3520 2098 3560 no-

506 3607 589 3654 tas
613 3601 789 3669 legere
808 3611 1014 3671 posset,
1039 3614 1167 3654 usus
1185 3609 1268 3654 est
1283 3615 1446 3668 opera
1471 3599 1615 3654 docti
1631 3599 2098 3669 cujusdamGrreci

509 3692 796 3763 Raphaelis
839 3694 1130 3761 Vernazza,
1178 3694 1314 3748 Citio
1360 3694 1597 3759 oriundi,
1651 3695 1949 3765 presbyteri
1984 3693 2096 3749 Ro-

508 3789 676 3851 mani,
718 3788 810 3858 qui
841 3787 1188 3855 quadraginta
1229 3795 1434 3854 septem
1466 3786 1723 3855 epistolas
1750 3787 1966 3842 Graecas
2002 3803 2097 3841 ex-

504 3878 742 3947 scripsit,
776 3880 1105 3949 easdemque
1135 3879 1199 3932 ad
1232 3880 1333 3933 alia
1364 3879 1700 3948 exemplaria
1733 3880 1926 3934 iterum
1959 3880 2098 3935 rele-

504 3972 601 4042 git,
617 3980 851 4025 autcum
871 3972 1031 4026 editis
1058 3973 1143 4027 ubi
1166 3972 1523 4043 suppetebant
1542 3971 1825 4043 diligenter
1847 3973 2095 4028 contulit.

507 4065 613 4122 Sed
636 4066 848 4135 singula
881 4066 967 4119 bic
995 4082 1316 4121 enumerare
1340 4084 1444 4120 non
1470 4066 1928 4133 refert;'snfficiet
1957 4067 2099 4123 iudi-

502 4172 657 4215 casse
687 4169 920 4229 quatuor
948 4158 1222 4229 epislolas,
1255 4160 1412 4228 plane
1438 4176 1628 4224 novas,
1653 4161 1847 4229 quibus
1893 4161 2098 4229 primus

501 4248 1003 4317 Quesnellianarum
1047 4267 1326 4305 numerum
1358 4252 1453 4305 Nl
1490 4250 1556 4305 ad
1590 4252 1693 4306 145
1723 4251 2093 4320 amplificavit.

501 4342 641 4400 Sunt
670 4344 776 4399 illm
812 4363 825 4399 :
860 4346 920 4399 1°
946 4362 1089 4400 num.
1110 4346 1179 4399 Ἦ
1212 4363 1224 4398 :
1260 4345 1447 4400 Leonis
1473 4345 1540 4397 ad
1566 4343 1913 4399 Theodosium
1934 4346 2099 4415 impe-

500 4446 737 4492 ratorum
779 4438 842 4491 de
875 4437 1030 4492 Verbi
1076 4438 1236 4493 divini
1286 4438 1656 4493 lncarnatione
1705 4439 1952 4507 epistola,
2001 4453 2097 4494 seu

500 4526 858 4598 fragmentum
886 4531 1065 4597 potius
1087 4529 1328 4595 epistolae
1357 4529 1453 4585 Gr.
1480 4529 1726 4583 Latinum
1752 4545 1815 4584 ex
1840 4530 2091 4585 eod.Vat.

2204 3325 2449 3395 imponit.
2483 3327 2793 3395 Sequuntur
2818 3325 3014 3380 deinde
3045 3325 3365 3381 Sermonum
3398 3322 3802 3392 Epistolarum-

2203 3434 2270 3473 ve
2300 3427 2677 3473 contentorum
2728 3416 2935 3472 indices
2968 3431 3073 3470 una
3109 3432 3233 3472 cum
3279 3415 3623 3488 synopsibus,
3674 3431 3800 3486 qua:

2203 3513 2490 3583 dupliciter
2506 3512 2642 3568 adeo
2663 3513 2945 3582 impressa:
2966 3523 3115 3577 sunt,
3142 3512 3464 3581 tandemque
3482 3510 3601 3581 ipse
3617 3518 3802 3566 textus

2202 3605 2345 3660 binis
2373 3604 2639 3660 columnis
2666 3604 2985 3673 impressus,
3029 3604 3115 3659 cui
3157 3613 3299 3658 nota:
3333 3605 3385 3658 in
3416 3604 3521 3657 ima
3549 3618 3642 3657 ora
3672 3602 3805 3658 latis

2205 3699 2359 3753 lineis
2377 3699 2664 3767 exscripta:
2685 3697 2933 3752 subsunt.
2949 3695 3032 3752 Ab
3050 3698 3228 3750 intttio
3244 3695 3505 3765 cujusque
3528 3695 3803 3753 sermonis

2203 3799 2296 3845 aut
2318 3788 2560 3859 epistolae
2574 3789 2641 3843 ad
2663 3791 2961 3858 marginem
2987 3787 3183 3842 litteris
3205 3785 3520 3841 minusculis
3533 3786 3803 3843 editiones

2201 3890 2257 3936 et
2284 3880 2497 3937 codices
2527 3894 2658 3935 mss.
2683 3894 2752 3935 ex
2778 3879 2970 3949 quibus
2990 3878 3290 3948 desumpta:
3313 3887 3367 3934 et
3385 3877 3659 3949 castigatae
3680 3876 3803 3934 fue-

2202 3974 2331 4039 rint,
2356 3973 2500 4028 sicut
2528 3973 2579 4027 in
2607 3971 2824 4027 caeteris
2851 3971 3232 4042 marginalibus
3257 3980 3570 4042 argumenta
3597 3979 3653 4026 et
3672 3985 3803 4027 sen-

2202 4065 2387 4121 tentia:
2424 4066 2661 4135 p0tiores
2690 4064 3017 4119 indicantur.
3050 4064 3254 4119 Monita
3279 4063 3365 4118 vel
3396 4063 3802 4120 admonitiones

2204 4157 2365 4212 modo
2390 4157 2807 4224 praemittuntur,
2834 4155 2994 4212 modo
3014 4156 3081 4210 ad
3102 4157 3305 4211 calcem
3331 4154 3594 4225 subjecta,
3621 4155 3800 4211 inter-

2203 4249 2329 4304 dum
2359 4248 2534 4304 media
2567 4248 2708 4303 inter
2736 4247 2865 4317 duo,
2896 4248 2964 4303 ad
2986 4264 3105 4318 qua:
3130 4249 3404 4319 pertinent
3432 4248 3651 4319 scripta,
3682 4248 3804 4304 col-

2203 4342 2379 4397 locata
2423 4350 2569 4397 sunt.
2602 4342 2840 4398 Tandem
2873 4344 3069 4413 cuique
3114 4343 3372 4397 volumini
3405 4342 3564 4398 index
3609 4358 3802 4400 rerum

2202 4445 2257 4487 et
2277 4436 2550 4488 nominum
2574 4434 3003 4490 memorabilium
3027 4434 3159 4489 satis
3181 4437 3431 4503 copiosus
3451 4434 3664 4490 additus
3684 4442 3798 4491 est.

2203 4527 2555 4583 Cbaracteres
2581 4536 2641 4583 ut
2663 4529 2953 4598 plurimum
2983 4529 3199 4585 rotundi
3226 4537 3371 4593 sunt,
3404 4527 3800 4599 grandiusculi,

501 4635 646 4673 num.
701 4618 826 4685 720,
860 4638 910 4688 p.
947 4619 1037 4683 Ἡ,
1062 4634 1305 4675 erutum:
1336 4620 1400 4672 2°
1429 4636 1574 4673 num.
1594 4620 1663 4674 85
1690 4638 1702 4671 :
1729 4620 2097 4674 AdJutianum
2126 4626 2177 4685 1)
2203 4622 2295 4674 sed
2327 4622 2434 4689 apti
2465 4619 2693 4674 invicem
2736 4636 2831 4690 pro
2865 4621 2984 4675 loco
3023 4636 3121 4676 suo
3153 4629 3207 4676 et
3251 4621 3528 4688 luculenti,
3580 4630 3636 4677 et
3663 4633 3800 4677 raro

501 4713 797 4782 episc0pum
843 4711 906 4765 de
952 4710 1224 4764 Monachis
1265 4708 1540 4780 Eutycheti
1577 4711 1987 4776 adhwrentibus;
2028 4713 2091 4766 5°

502 4821 644 4859 num.
681 4805 782 4859 H7
803 4823 816 4857 :
839 4806 918 4857 Ad
947 4806 1173 4859 eumdem
1197 4804 1260 4856 de
1288 4804 1515 4873 ejusdem
1543 4814 1723 4855 contra
1742 4801 2094 4873 Eulychianos

502 4896 791 4960 industria;
847 4895 909 4948 40
942 4912 1085 4949 num.
1139 4894 1239 4951 1‘26
1282 4912 1293 4946 :
1338 4894 1419 4947 Ad
1459 4895 1753 4948 Anatolium
1797 4894 2092 4963 episcopum

500 5006 656 5060 super
688 4990 855 5044 Attico
881 5007 965 5059 ep.
997 4988 1088 5057 Cp.
1131 5006 1142 5041 :
1172 5003 1360 5042 omnes
1387 5004 1454 5043 ex
1490 4989 1672 5042 codice
1715 5002 1816 5041 ms.
1848 4987 2093 5041 Ratisbo-

500 5082 654 5137 nensi
678 5083 987 5136 monasterii
1030 5082 1089 5138 S.
1123 5081 1394 5146 Emerani,
1447 5082 1514 5135 de
1551 5097 1656 5150 quo
1698 5080 1835 5135 infra
1874 5080 2087 5135 dicendi

499 5173 651 5231 locus
671 5175 796 5229 erit.
824 5175 929 5228 llas
948 5176 1106 5243 igitur
1133 5175 1262 5228 locis
1284 5175 1481 5228 notatis
1504 5173 1767 5238 inseruit;
1800 5173 1852 5225 in
1874 5174 2088 5229 ozeteris

500 5266 742 5338 sequitur
766 5265 1040 5333 Quesuelli
1069 5266 1334 5331 ordinem,
1376 5266 1709 5335 aliorumque
1753 5264 1820 5319 ad
1850 5264 2085 5321 Leonem

501 5357 780 5428 Epistolis,
808 5356 953 5411 illius
984 5372 1152 5422 more,
1184 5358 1359 5412 nullos
1400 5372 1651 5412 numeros
1686 5356 1952 5427 ascripsit.
1988 5358 2090 5428 Sy-

501 5466 700 5520 nopses
730 5465 943 5520 quoque
973 5449 1247 5516 Quesnelli
1288 5452 1531 5519 retinuit,
1574 5468 1635 5508 ea
1666 5452 1877 5507 licentia
1908 5463 1965 5507 ut
1994 5453 2087 5507 ubi

500 5543 749 5598 sensibus
762 5542 959 5599 Leonis
988 5541 1205 5596 easdem
1238 5558 1343 5597 non
1373 5546 1593 5599 omnino
1610 5542 1939 5612 respondere
1967 5544 2085 5598 exi-

500 5633 767 5702 stimaret,
799 5636 1105 5706 castigaret,
1137 5636 1430 5706 suppleret,
1465 5644 1557 5691 aut
1586 5637 1748 5708 plane
1777 5650 1943 5691 novas
1970 5650 2093 5692 eon-

502 5728 767 5795 cinnaret,
818 5737 875 5784 et
901 5729 969 5785 ad
1000 5729 1207 5786 calcem
1232 5730 1561 5801 singularum
1592 5729 1703 5786 fere
1740 5730 2090 5800 epistolarum

502 5819 796 5878 discrimen
815 5820 956 5878 inter
966 5821 1244 5891 Quesnelli
1262 5823 1423 5880 verba
1444 5837 1650 5894 suaque
1674 5831 1906 5880 notaret.
1926 5822 2092 5880 Notas

2198 4714 2601 4783 typothetarum
2628 4713 2754 4766 vitia
2782 4723 3095 4768 occurrunt.

2270 4805 2386 4859 Jam
2410 4806 2453 4858 si
2473 4806 2538 4858 de
2556 4805 2761 4859 editore
2786 4804 3007 4875 ejusque
3031 4805 3237 4861 meritis
3262 4806 3584 4861 sententiam
3609 4809 3800 4875 requi-

2196 4912 2306 4965 ras,
2337 4897 2504 4951 satius
2527 4896 2627 4967 ipsi
2653 4898 2863 4962 fuisset,
2891 4898 3211 4967 putaverim,
3239 4898 3285 4953 si
3308 4900 3449 4952 vires
3475 4897 3797 4953 considera-

2198 4991 2306 5047 tius
2336 4993 2709 5063 ponderasset,
2766 5004 3050 5061 antequam
3103 4995 3208 5049 tale
3252 5009 3387 5061 Opus
3428 4994 3798 5051 Leoninarum

2197 5084 2628 5139 lucubrationum
2670 5086 2719 5137 in
2762 5086 3057 5156 primisque
3100 5086 3462 5153 Epistolarum
3496 5086 3799 5142 editionem

2198 5187 2318 5245 post
2347 5175 2725 5243 Quesnellum,
2751 5179 2947 5232 nedum
2980 5186 3165 5232 contra
3198 5177 3566 5245 Quesnellum,
3594 5192 3799 5247 aggre-

2196 5268 2435 5323 deretur.
2483 5268 2776 5325 Enimvero
2823 5270 2940 5324 sine
2981 5270 3085 5324 ulla
3127 5267 3464 5323 litesitatione
3494 5276 3643 5323 tanto
3684 5268 3794 5322 im-

2197 5360 2382 5414 mersit
2430 5374 2488 5414 se
2539 5374 2766 5427 oceano,
2815 5360 2915 5414 etsi
2964 5363 3167 5414 sentire
3214 5359 3405 5414 debeat
3452 5358 3554 5413 sibi
3616 5351 3791 5415 multa

2198 5466 2381 5507 eorum
2405 5466 2529 5522 quae
2556 5455 2607 5505 in
2643 5466 2965 5522 unoquoque
2994 5453 3205 5508 editore
3234 5451 3560 5517 necessaria,
3586 5452 3793 5510 nedum

2196 5554 2515 5598 ornamento
2551 5552 2697 5612 sunt,
2735 5544 2947 5599 deesse.
2990 5544 3206 5599 Etenim
3255 5552 3454 5611 praeter
3482 5542 3795 5602 doctrinam

2194 5636 2427 5705 aliquam
2451 5635 2504 5690 in
2530 5636 2798 5705 theologia
2822 5636 3109 5706 polemica,
3143 5651 3250 5691 non
3282 5636 3585 5706 elegantem
3612 5635 3793 5707 illam,

2194 5729 2289 5784 sed
2315 5729 2477 5784 talem
2500 5743 2618 5797 quae
2639 5727 2870 5783 fortasse
2922 5728 3129 5783 muneri
3159 5726 3539 5783 examinatoris
3570 5734 3792 5796 aposto-

2194 5822 2283 5880 lici
2315 5822 2447 5878 cleri
2467 5820 2697 5879 Romani
2719 5821 3015 5889 sufficeret,
3033 5820 3210 5877 omnis
3221 5820 3267 5888 ej
3278 5833 3342 5875 us
3357 5817 3613 5889 eruditio,
3636 5833 3785 5889 prae-
