4014 6350
194 434 256 493 η
719 426 1243 491 SCHCENEMANNI
1280 422 1563 491 ΝΟΤῘΤΙΑ
1604 426 2430 491 HISTORICO—LITTERARIA
2467 432 2536 491 IN
2575 434 2634 492 S.
2676 426 2983 493 LEONEM.

3418 432 3492 497 98

192 551 372 610 sertim
401 550 458 606 in
488 548 724 607 historia
753 563 810 609 et
832 554 958 623 jure
985 553 1377 621 ecclesiastico,
1406 568 1515 609 non
1536 552 1786 608 diuturna
1813 553 1871 612 Α
1894 550 2263 622 inveniuntur,
2296 567 2465 621 eaque
2485 552 2551 607 ad
2579 553 2743 607 crisin
2766 559 3122 620 revocantur;
3168 554 3487 613 curantibus

190 646 423 701 lectione
458 651 518 698 et
554 644 743 699 studio
785 646 1045 717 acquisita
1069 688 1085 713 ,
1128 645 1227 702 sed
1268 661 1367 717 pro
1412 653 1677 715 praesente
1706 645 1786 701 rei

189 735 513 792 necessitate
541 734 869 793 festinanter
892 749 1073 793 coacta
1096 737 1219 805 fuit,
1246 738 1385 793 adeo
1406 746 1463 793 ut
1485 753 1607 810 quae
1628 737 1788 793 modo

187 831 452 885 immenso
476 829 673 885 labore
698 831 769 884 ab
803 830 920 885 aliis
951 832 1238 898 addidicit,
1273 833 1371 887 nisi
1407 848 1437 887 a
1475 847 1638 888 sensu
1670 832 1788 901 ejus

183 932 335 988 atque
365 921 740 991 intelligentia
773 923 933 978 nimis
973 924 1237 992 disjuncta
1264 924 1482 989 fuerint,
1515 931 1785 995 tamquam

183 1027 269 1065 sua
299 1013 490 1068 statim
513 1025 680 1085 atque
708 1016 849 1070 intra
883 1017 1121 1071 animum
1150 1026 1307 1073 enata
1353 1017 1596 1087 proferre
1627 1028 1789 1088 atque

182 1103 307 1159 alios
333 1105 548 1162 docere
575 1108 804 1171 audeat;
838 1109 889 1163 id
913 1110 1055 1180 quod
1085 1126 1194 1165 non
1222 1111 1396 1165 solum
1418 1127 1483 1165 ex
1513 1110 1788 1166 Exercita-

184 1198 418 1253 tionibus
464 1200 590 1268 ejus
619 1202 961 1257 manifestum
986 1202 1045 1257 fit
1069 1245 1083 1267 ,
1117 1202 1213 1273 sed
1250 1204 1591 1273 pmissimum
1623 1205 1786 1260 etiam

180 1289 227 1343 in
256 1288 323 1342 iis
352 1304 485 1359 quas
533 1291 605 1346 de
652 1291 944 1360 Quesnello
997 1295 1181 1361 sentit,
1214 1294 1562 1349 declaratur:
1590 1296 1788 1365 quippe

179 1396 331 1451 quem
368 1384 467 1437 vix
508 1384 687 1439 semel
721 1384 1044 1441 laudabilem
1080 1387 1316 1455 aliquam
1356 1388 1407 1441 in
1451 1387 1645 1441 Leonis
1672 1386 1789 1443 edi-

180 1476 323 1529 tione
345 1491 589 1546 operam
612 1476 804 1533 fecisse
836 1479 1081 1549 agnoscit
1106 1478 1209 1550 (a),
1242 1478 1460 1534 doctum
1491 1495 1785 1548 numquam

179 1568 406 1634 fatetur,
450 1570 553 1625 sed
586 1570 865 1627 hominum
896 1572 1211 1642 ignavorum
1238 1589 1388 1629 more
1418 1573 1785 1629 adversarium

180 1676 330 1731 quem
360 1660 687 1718 inconsulto
716 1663 1092 1718 lacessendum
1130 1664 1233 1719 sibi
1265 1666 1512 1734 sumpsit,
1539 1680 1644 1719 non
1674 1666 1786 1719 vir-

184 1761 287 1807 tute
320 1767 449 1821 sua,
485 1754 587 1809 sed
618 1754 807 1809 fraude
834 1763 891 1810 et
922 1757 1115 1809 astutia
1146 1756 1497 1811 metuendum
1526 1758 1784 1812 clamitat.

183 1845 353 1911 Certe,
377 1847 427 1900 si
462 1847 762 1917 quidquam
790 1848 935 1903 aliud
979 1857 1055 1903 tot
1081 1849 1275 1919 lepida:
1299 1848 1367 1904 de
1394 1850 1667 1917 Quesnelli
1700 1866 1788 1904 ar-

1893 642 2080 697 Ptt'rtto
2100 650 2149 697 et
2177 641 2491 699 HIEBONYIO
2535 643 2837 700 Fttnmnus
2866 643 3230 712 BALLEBINIIS,
3272 647 3483 717 presby-

1894 740 2032 793 teriis
2062 737 2456 793 Veronensibus.
2490 737 2681 793 Tomus
2712 742 2940 809 primus,
2974 740 3185 796 sincera
3215 740 3272 795 S.
3307 741 3485 809 ponti-

1892 828 2008 884 flcis
2036 829 2209 901 Opera
2239 830 2554 895 continens,
2588 831 2639 885 id
2665 842 2779 897 est,
2815 831 3107 887 Sermones
3129 842 3186 888 et
3215 831 3486 902 Epistolas

1891 936 2012 978 cum
2043 926 2155 978 suis
2182 924 2591 993 appendicibus.

1966 1014 2151 1070 Tantus
2175 1017 2452 1079 secundus,
2478 1017 2765 1071 continens
2793 1016 2965 1085 Opera
3006 1017 3063 1073 S.
3114 1016 3283 1073 Leoni
3333 1019 3487 1074 attri-

1888 1106 2038 1174 buta,
2084 1124 2203 1176 quae
2236 1124 2333 1163 nec
2381 1109 2446 1163 ad
2476 1110 2769 1163 Sermones
2799 1125 2898 1164 nec
2926 1110 2991 1162 ad
3027 1111 3290 1181 lpistolas
3322 1110 3488 1181 perti-

1890 1212 2038 1256 nent.
2070 1200 2350 1256 Accedtmt
2374 1201 2432 1257 S.
2481 1202 2665 1255 Hilarii
2695 1202 2930 1270 epist'opi
2975 1201 3309 1259 Arelatensis
3341 1207 3487 1275 Opu-

1890 1293 2067 1360 scnla,
2094 1293 2159 1346 ad
2182 1293 2341 1347 codd.
2365 1302 2549 1347 exacta
2583 1304 2636 1347 et
2664 1303 2841 1347 aucta.
2887 1291 3257 1362 Sulijiciuntur
3283 1297 3485 1352 disser-

1892 1386 2121 1439 tationes
2170 1385 2415 1440 undecim
2457 1385 2732 1451 Quesnelli
2782 1384 2835 1439 itt
2885 1385 2943 1441 S.
2974 1386 3243 1456 pontificis
3274 1388 3484 1455 Opera,

1891 1476 2115 1546 ejusque
2161 1489 2301 1533 notae
2329 1478 2383 1533 in
2425 1480 2737 1548 EPiSluiaS,
2779 1479 2983 1535 criticis
3015 1482 3488 1538 observationibus

1893 1570 2175 1639 appositis.
3194 1584 3198 1589 '

1962 1660 2155 1715 Tomus
2200 1663 2407 1727 tertius,
2469 1679 2564 1717 seu
2610 1664 2895 1734 Appendix
2933 1665 3001 1720 ad
3059 1666 3230 1721 sancti
3286 1664 3488 1723 Leonis

1892 1756 2069 1828 Magni
2112 1757 2319 1827 Opera,
2371 1775 2467 1815 seu
2523 1760 2925 1816 vetuStissimus
2970 1760 3157 1815 Codex
3204 1760 3485 1817 Canonum

1891 1851 2382 1907 ecclesiasticorum
2408 1860 2464 1908 et
2491 1854 2922 1909 Constitutorum
2953 1862 3153 1908 sanctae
3183 1852 3327 1909 sedis
3350 1868 3484 1923 apo-

185 1936 337 2001 tibus,
388 1937 655 2005 fallaciis,
705 1939 1143 1995 simulationibus
1200 1940 1348 1995 falsis
1398 1948 1453 1994 et
1498 1939 1865 2010 aequivocisB
1895 1944 2133 2013 stnlicae,
2186 1961 2216 2001 a
2262 1946 2558 2013 Quesnello
2604 1949 2848 2017 ejusdem
2902 1946 3170 2014 pontiﬁcis
3220 1947 3487 2017 Operibus

186 2029 733 2097 interpretationibus
762 2029 1185 2086 exclamationes
1208 2041 1260 2085 et
1287 2032 1555 2100 querelae,
1591 2032 1641 2085 in
1678 2033 1789 2087 sin-

186 2118 313 2189 gulis
366 2135 517 2188 pene
572 2122 781 2191 paginis
833 2122 1100 2191 repetitae,
1148 2121 1545 2189 demonstrant,
1586 2134 1786 2193 quanta

188 2213 277 2267 viri
321 2214 755 2284 ingeniosissimi
802 2215 1037 2271 eruditio
1081 2215 1358 2271 Cacciario
1399 2216 1545 2285 inopi
1574 2218 1785 2287 negotia

188 2307 544 2374 facessiverit,
579 2309 887 2378 praesertim
912 2308 1040 2363 dum
1072 2309 1189 2379 ipse
1217 2323 1429 2378 semper
1456 2308 1787 2378 cireumspe-

188 2408 330 2453 ctans
357 2414 435 2455 ne
456 2400 652 2471 anguis
681 2401 733 2455 in
754 2400 920 2456 herba
948 2402 1131 2465 lateat,
1157 2401 1451 2456 lectoribus
1475 2400 1787 2469 frequenter

189 2492 453 2547 aeclamat
476 2509 547 2549 ne
572 2495 745 2564 ipsum
770 2494 1017 2549 timidum
1034 2504 1306 2563 reputent,
1322 2502 1414 2549 aut
1434 2495 1784 2562 Quesnellum

188 2584 314 2638 vinci
343 2599 464 2640 non
509 2600 675 2655 posse
701 2586 947 2642 credant.
999 2586 1134 2641 Hinc
1173 2587 1232 2641 ﬁt
1260 2596 1317 2641 ut
1348 2586 1472 2641 huic
1502 2589 1786 2643 certamini

189 2675 336 2744 plane
358 2678 566 2748 impar,
611 2680 853 2734 incertus
876 2670 1036 2733 etia—m
1063 2689 1324 2748 apertone
1350 2693 1544 2749 campo
1565 2681 1785 2751 aggredi

187 2768 397 2835 debeat,
435 2784 506 2825 an
536 2770 629 2825 ubi
651 2772 865 2827 occasio
894 2772 1018 2826 data
1046 2770 1209 2827 fuerit
1245 2771 1455 2828 hostem
1495 2774 1779 2839 vellicare,

186 2876 355 2932 neque
402 2872 667 2919 conserto
716 2873 1157 2933 argumentorum
1202 2865 1401 2921 robore
1450 2875 1618 2920 totum
1664 2867 1784 2936 ejus

186 2962 421 3025 systema
456 2954 717 3009 falsarum
751 2954 1124 3010 doctrinarum
1149 2965 1442 3025 Oppugnet,
1470 2972 1643 3027 neque
1672 2958 1783 3013 sin-

186 3046 315 3115 gulis
338 3061 571 3115 semper
598 3047 878 3117 aptissima
921 3064 1150 3120 qumque
1182 3058 1438 3119 opponat,
1481 3050 1576 3105 sed
1602 3051 1782 3107 decla-

184 3141 511 3196 mationibus
532 3140 650 3196 fere
672 3151 872 3212 utatur,
899 3152 952 3198 et
979 3157 1089 3197 non
1111 3157 1235 3197 raro
1258 3157 1357 3213 pro
1380 3143 1704 3200 refutatione
1720 3158 1782 3201 se

184 3233 325 3288 illum
354 3249 470 3289 non
495 3232 803 3304 intelligere
824 3233 1064 3302 objiciat.
1114 3234 1383 3290 Caeterum
1416 3236 1618 3291 hancce
1644 3251 1778 3292 cen-

182 3339 356 3380 suram
406 3326 811 3396 unusquisque,
852 3326 939 3381 cui
988 3326 1280 3382 editionem
1326 3325 1589 3384 Cacciarii
1618 3344 1778 3384 manu
1806 3317 1853 3379 C

184 3418 430 3474 versandi
460 3418 606 3473 facta
631 3417 984 3488 fueritc0pia,
1016 3434 1290 3489 quemque
1317 3436 1497 3491 operae
1528 3436 1641 3476 suae
1669 3438 1780 3478 non

184 3513 463 3579 pcniteat,
497 3527 685 3567 veram
706 3520 867 3583 atque
885 3511 1086 3581 justam
1113 3528 1236 3569 esse
1258 3513 1648 3583 deprehendet.
1672 3515 1780 3571 Sed

184 3602 281 3669 iam
329 3613 631 3674 antequam
682 3605 973 3660 moliminis
1019 3604 1181 3675 hujus
1219 3620 1503 3661 successus
1546 3607 1780 3664 hominis

184 3694 455 3762 'mgeuium
482 3696 857 3753 manifestaret
878 3738 894 3765 ,
928 3698 1130 3753 nemini
1157 3699 1329 3769 magis
1359 3714 1516 3769 quam
1545 3701 1646 3755 sibi
1676 3700 1780 3770 ipsi

182 3785 608 3842 imbecillitatem
632 3788 825 3843 virium
850 3791 1176 3860 incognitam
1203 3791 1369 3846 fuisse
1393 3832 1408 3856 ,
1442 3791 1509 3846 ab
1536 3791 1654 3862 ipso
1680 3792 1781 3849 ite-

183 3891 291 3930 rum
314 3877 644 3933 edocemur.
661 3878 739 3933 Eo
760 3880 965 3935 scilicet
991 3882 1220 3936 tendunt
1241 3881 1345 3936 illa:
1357 3882 1474 3951 ejus
1495 3884 1562 3937 de
1584 3882 1780 3939 invidis

180 3982 228 4025 et
248 3973 739 4039 obtrectatoribus,
756 3989 983 4044 quorum
1005 3976 1285 4031 irrisiones
1315 3983 1371 4031 et
1398 3975 1621 4031 adversa
1647 3978 1697 4031 in
1721 3991 1781 4032 se

184 4064 351 4118 studia
378 4065 636 4135 quotidie
666 4081 771 4119 non
791 4066 1780 4138 sineeditionisitnpedimentoexper-

183 4168 258 4211 tus
277 4158 373 4223 sit,
412 4158 797 4227 querimonia,
824 4174 1051 4229 quarum
1080 4160 1189 4227 jam
1217 4159 1283 4213 ad
1317 4158 1780 4215 Exercitationum

182 4250 289 4320 ejus
309 4250 899 4305 commemorationem
931 4251 1134 4306 mentio
1160 4250 1353 4320 injecta
1383 4262 1505 4317 est,
1539 4266 1779 4322 quasque

184 4345 230 4397 in
260 4345 558 4415 utriusque
598 4345 727 4398 torni
756 4346 1066 4414 praefatione
1106 4345 1421 4415 ingeminat.
1472 4345 1572 4412 Qui
1597 4356 1775 4399 autem

185 4438 400 4505 propius
437 4437 809 4505 intuebantur,
859 4452 1019 4493 nosse
1050 4446 1299 4508 poterant
1332 4454 1551 4507 Operam
1594 4440 1645 4492 in
1674 4438 1780 4493 alio

185 4530 367 4599 quovis
412 4532 791 4585 ecclesiastico
815 4532 1080 4601 scriptore
1109 4532 1248 4586 bene
1270 4532 1337 4587 ab
1366 4548 1432 4587 eo
1461 4533 1777 4587 collocatam

186 4621 232 4675 in
262 4621 453 4677 Leone
474 4623 745 4691 perditum
776 4624 864 4690 iri,
896 4624 1037 4678 unde
1069 4633 1317 4693 poterant
1352 4640 1455 4679 non
1488 4634 1577 4679 aut
1601 4626 1775 4695 palam

1888 2038 2154 2105 adjectus,
2181 2055 2323 2095 nunc
2351 2049 2529 2096 autem
2561 2041 2628 2095 ad
2662 2040 3109 2110 praestantissima
3136 2054 3267 2095 mss.
3300 2054 3486 2095 exem-

1888 2131 2055 2200 plaria
2078 2135 2390 2204 recognitus
2412 2176 2427 2200 ,
2461 2144 2513 2189 et
2544 2135 2596 2189 in
2628 2135 2910 2190 meliorem
2938 2134 3105 2187 multo
3145 2132 3375 2188 formam
3400 2148 3486 2189 re-

1888 2226 2146 2293 stitutus;
2178 2229 2266 2282 cui
2297 2229 2399 2282 alia
2434 2229 2799 2298 subjiciuntur
2827 2229 3134 2295 rarissima,
3170 2238 3222 2283 et
3249 2230 3486 2299 quinque

1888 2316 2299 2374 dissertationes
2340 2320 2620 2388 Quesnelli
2653 2323 2704 2376 in
2735 2322 2983 2377 eumdem
3013 2320 3293 2377 Canonum
3323 2318 3485 2377 Codi-

1888 2424 2005 2471 cem
2031 2411 2098 2465 ad
2130 2411 2355 2467 criticen
2387 2424 2675 2469 revocatze.
2720 2412 3076 2467 Praemittitur
3120 2423 3379 2467 tractatus
3416 2411 3485 2469 de

1888 2502 2144 2574 antiquis,
2168 2514 2278 2559 tum
2300 2505 2480 2572 editis,
2508 2515 2619 2561 tum
2644 2506 2857 2561 ineditis
2873 2504 3283 2563 collectionibus
3299 2516 3353 2563 et
3373 2504 3484 2562 col-

1889 2593 2185 2650 lectoribus
2216 2611 2484 2653 canonum
2510 2598 2578 2653 ad
2610 2598 2927 2654 Gratianum
2954 2614 3150 2669 usque.

1958 2688 2036 2743 Ita
2078 2689 2389 2746 inscribitur
2424 2692 2590 2747 editio
2616 2734 2631 2757 ,
2679 2709 2907 2763 quacum
2949 2705 3143 2764 praeter
3180 2690 3482 2751 Constantii

1887 2782 2210 2852 praeclaram
2235 2785 2303 2840 de
2324 2785 2584 2855 Epistolis
2614 2785 2980 2841 Romanorum
3012 2787 3325 2857 pontificum
3354 2802 3482 2858 ope-

1886 2890 2000 2929 ram
2016 2877 2104 2930 vix
2125 2876 2229 2931 alia
2252 2878 2306 2932 in
2326 2886 2433 2931 tota
2458 2878 2830 2933 ecclesiastica
2854 2878 3159 2934 litteratura
3178 2878 3483 2950 comparari

1887 2976 2102 3037 potest,
2145 2987 2374 3041 quaeque
2408 2971 2708 3027 editoribus
2736 2972 2849 3028 suis
2870 2974 3085 3028 tertium
3126 2972 3322 3029 merito
3342 2973 3482 3029 inter

1886 3062 2048 3116 studii
2096 3062 2254 3133 hujus
2284 3064 2634 3136 coryphaeos,
2686 3066 2965 3121 Baluzium
3005 3077 3063 3123 et
3101 3066 3481 3123 Coustantium

1886 3152 2047 3221 dico,
2094 3156 2273 3209 locum
2312 3156 2572 3227 assignat.
2608 3156 2955 3225 Quesnellutn
2993 3174 3127 3215 sane
3168 3175 3275 3214 non
3307 3158 3482 3215 solum

1886 3246 2289 3314 subsidiorum,
2334 3248 2385 3303 id
2428 3259 2530 3316 est,
2574 3264 2704 3303 mss.
2750 3250 3013 3305 librorum
3055 3251 3206 3321 copia
3248 3265 3312 3307 ac
3339 3265 3479 3323 prae-

1887 3341 2082 3395 stantia
2106 3384 2121 3409 ,
2152 3342 2249 3396 sed
2276 3341 2446 3395 multo
2477 3342 2645 3410 magis
2673 3342 2837 3397 etiam
2861 3344 3056 3411 peritia
3080 3358 3267 3399 eorum
3295 3352 3351 3399 et
3380 3359 3482 3400 usu

1887 3434 2153 3505 diligenti,
2197 3444 2306 3489 tum
2349 3451 2478 3491 vero
2510 3436 2814 3491 eruditione
2842 3445 3086 3508 prompta
3127 3444 3287 3507 atque
3322 3452 3480 3494 accu-

1885 3536 2001 3582 rata
2029 3536 2304 3597 superant.
2348 3528 2607 3585 Nimirum
2652 3530 2866 3584 codices
2896 3546 3029 3585 mss.
3060 3547 3165 3585 non
3203 3531 3378 3587 solum
3410 3547 3479 3588 ex

1887 3618 2142 3675 Vaticana
2182 3621 2443 3690 plurimos
2484 3632 2538 3676 et
2575 3621 3080 3691 prtestantissimos,
3116 3623 3212 3679 sed
3254 3639 3324 3680 ex
3352 3624 3477 3679 aliis

1885 3714 2047 3768 etiam
2078 3714 2216 3768 intra
2244 3724 2299 3770 et
2328 3722 2480 3769 extra
2521 3712 2721 3770 Urbem
2765 3725 2819 3770 et
2859 3715 2914 3770 in
2942 3716 3089 3771 omni
3119 3731 3276 3785 pmne
3320 3716 3473 3773 Italia

1886 3804 2259 3872 Bibliomecis,
2310 3808 2399 3877 qui
2448 3807 2500 3860 in
2547 3806 2833 3862 Germania
2882 3808 3043 3863 etiam
3091 3823 3158 3863 ex
3202 3807 3477 3865 Vindoho-

1886 3900 2064 3967 nensi,
2101 3900 2348 3956 Caesarea
2380 3911 2433 3955 et
2465 3900 2844 3956 Ratisbonensi
2886 3901 2942 3957 S.
2992 3901 3265 3959 Emerami
3293 3902 3481 3959 admo-

1886 3991 2012 4047 dum
2041 3993 2279 4063 insignes
2307 3992 2513 4047 habuit.
2547 3993 2625 4047 Ex
2655 3995 2740 4048 bis
2765 3994 3105 4050 sermonibus
3126 3995 3481 4053 emendandis

1888 4085 2227 4152 potissimum
2258 4084 2576 4153 profuerunt
2598 4086 2928 4155 exemplaria
2959 4085 3221 4155 Romana,
3251 4102 3476 4157 quorum

1885 4177 2146 4231 nonnulla
2194 4177 2259 4231 ad
2311 4179 2563 4233 basilicas
2613 4177 2774 4236 Urbis
2822 4180 3168 4248 pertinuisse,
3221 4190 3477 4251 certoque

1888 4267 2126 4323 Romana
2152 4283 2273 4323 esse
2301 4282 2691 4339 cognoverunt,
2726 4286 3019 4338 eorumque
3052 4270 3313 4325 lectiones
3342 4280 3476 4327 tam-

1884 4376 2045 4431 quam
2074 4364 2323 4431 pnriores
2350 4364 2547 4432 saepius
2569 4363 2820 4433 vulgatis,
2850 4379 2969 4432 qua:
2997 4378 3026 4416 a
3054 4363 3347 4431 Quesnello
3367 4378 3473 4419 non

1884 4454 2186 4509 emendata:
2218 4462 2395 4519 erant,
2423 4465 2515 4509 aut
2546 4470 2573 4509 a
2606 4456 2895 4522 Quesnello
2924 4470 3031 4509 non
3063 4466 3187 4525 apte
3215 4458 3350 4513 satis
3387 4456 3475 4513 vel

1887 4561 2171 4616 perperam
2198 4547 2415 4601 mutatis
2438 4548 2849 4601 substituerunt.
2875 4547 3085 4617 Quippe
3112 4559 3348 4604 tercenta
3370 4549 3477 4606 cir-

1889 4638 2025 4692 citer
2066 4638 2181 4692 loca
2210 4640 2291 4693 vel
2331 4651 2477 4693 certa
2516 4640 2897 4694 emendatione
2938 4641 3266 4709 resutuisse,
3298 4641 3380 4697 vel
3407 4642 3476 4698 ad

186 4716 803 4770 autoccultoconsilium
830 4716 959 4771 illud
984 4717 1384 4786 improbare,et
1410 4732 1529 4771 cum
1555 4718 1777 4773 nintium
1809 4707 2173 4788 Dmeliorem
2220 4732 2506 4787 lectionem
2560 4747 2844 4788 revocasse
2890 4747 2949 4787 se
2996 4707 3284 4789 afﬁrmant.
3331 4734 3477 4791 pm.

185 4807 265 4861 diu
290 4807 725 4877 protraheretur,
751 4810 956 4879 opinari
986 4824 1110 4864 eum
1140 4809 1195 4863 in
1225 4808 1405 4864 medio
1430 4824 1598 4879 opere
1626 4809 1779 4866 defe-

186 4914 332 4957 CISSC.

250 5103 515 5160 l755—o..
576 5106 790 5159 venetiis
839 5106 978 5179 apud
1032 5104 1296 5162 Simonem
1352 5104 1545 5171 Occhi,
1596 5103 1775 5175 iri-fol.

185 5195 352 5252 Tomis
397 5197 491 5253 Ill.
544 5197 731 5253 Sancti
776 5197 973 5255 Leonis
1018 5200 1189 5271 Magni
1237 5199 1464 5256 Romani
1506 5198 1772 5268 pontiﬁcis

186 5303 338 5357 opera
368 5298 498 5360 post
528 5287 806 5345 Paschasii
836 5290 1097 5357 Quesnelli
1126 5293 1497 5346 recensionem
1531 5290 1597 5345 ad
1627 5305 1776 5345 com-

185 5382 359 5451 plures
400 5393 457 5439 et
497 5384 979 5454 praestantissimos
1019 5399 1150 5439 mss.
1179 5385 1395 5439 codices
1428 5385 1620 5440 abillo
1666 5400 1772 5439 non

185 5479 457 5535 consultos
476 5490 691 5546 exacta,
716 5479 1021 5547 emendata,
1046 5488 1102 5535 et
1126 5480 1343 5534 ineditis
1364 5488 1549 5546 aucta;
1583 5480 1777 5548 pra-fa-

188 5571 896 5638 tionibus,annotationibus
912 5582 965 5627 et
991 5570 1451 5626 admonitionibus
1478 5570 1771 5629 illustrata.

188 5662 465 5722 Adduntur
485 5665 654 5721 etiam
678 5679 1030 5736 quaecumque
1048 5667 1103 5719 in
1123 5663 1509 5732 Quesnelliana
1537 5663 1773 5720 editione

246 5855 322 5929 (α)
353 5856 525 5936 Piger,
557 5853 801 5936 ad__1'._l,
831 5871 884 5936 p.
918 5852 1012 5936 2|,
1033 5853 1126 5909 ubi
1153 5853 1224 5936 de
1269 5853 1474 5936 ordine.
1498 5850 1771 5936 Epistola-

192 5926 311 5993 nn
336 5944 371 5988 a
412 5926 707 5993 Quesnello
735 5927 1004 5991 instituto.
1038 5935 1227 5984 contra
1270 5940 1427 5989 quem
1452 5926 1776 5989 justissimis

1886 4835 2034 4881 terea
2061 4843 2129 4882 ex
2162 4836 2238 4880 tot
2267 4827 2496 4881 diversae
2525 4827 2746 4895 originis
2774 4826 3051 4881 codicibus
3074 4828 3235 4881 simul
3261 4826 3477 4885 collatis

1882 4917 2130 4973 ordinem
2161 4919 2212 4971 in
2254 4918 2526 4972 nonnullis
2569 4918 2943 4987 perturbatum
2994 4933 3117 4973 esse
3146 4918 3477 4975 detexerunt

1883 5020 1938 5065 et
1966 5020 2350 5076 correxerunt,
2385 5011 2519 5064 duos
2549 5026 2831 5066 sermones
2862 5012 2951 5080 qui
2985 5015 3036 5066 in
3070 5028 3234 5067 unum
3259 5013 3475 5070 coalue-

1882 5113 2025 5168 rant,
2057 5103 2379 5168 diviserunt,
2424 5117 2731 5157 sermonem
2771 5102 2939 5157 Leoni
2978 5118 3261 5173 perperam
3305 5104 3475 5159 tribu-

1885 5206 2020 5261 tum,
2054 5196 2326 5265 aliumque
2354 5194 2528 5250 eidem
2559 5210 2587 5248 a
2623 5194 2918 5262 Quesnello
2956 5211 3026 5250 ex
3055 5211 3154 5251 suo
3183 5195 3370 5252 codice
3396 5197 3474 5250 af-

1882 5290 2066 5345 ﬁctunt
2096 5299 2466 5354 removerunt,
2509 5289 2674 5343 alium
2716 5290 2948 5359 denique
2978 5306 3137 5360 quem
3184 5291 3275 5345 ille
3303 5289 3471 5346 Leoni

1883 5382 2192 5438 detraxerat
2217 5382 2591 5447 restituerunt,
2619 5380 2878 5451 pluraque
2903 5381 2953 5436 id
2976 5396 3167 5451 genus,
3189 5380 3256 5435 de
3279 5380 3473 5450 quibus

1884 5479 2082 5548 passim
2116 5477 2168 5530 in
2216 5475 2655 5530 annotationibus
2686 5484 2929 5543 monent,
2973 5476 3355 5544 prazstiterunt.
3388 5473 3473 5531 Si-

1885 5569 2088 5625 militer
2132 5568 2184 5622 in
2220 5568 2478 5636 Epistolis
2510 5583 2607 5622 nec
2641 5582 2839 5636 paucas
2866 5583 2966 5622 nec
2996 5568 3142 5621 leves
3170 5565 3472 5623 correctio-

1885 5679 1984 5720 nes
2024 5662 2339 5731 intulerunt,
2370 5661 2777 5732 chronologiam
2824 5662 2881 5716 in
2923 5658 3192 5730 aliquibus
3220 5656 3472 5716 restitue-

1880 5851 1949 5906 de
1980 5851 2155 5906 causis
2184 5849 2313 5905 nihil
2343 5849 2519 5903 moliri
2548 5846 2799 5914 audebat,
2830 5851 2906 5903 alt
2938 5860 3048 5905 non
3073 5844 3346 5913 modicam
3375 5856 3466 5906 δυο

1884 5932 2090 5982 ctorem
2116 5926 2311 5979 exinde
2336 5921 2549 5977 laudem
2580 5918 2850 5979 retulisse.
