4014 6350
480 391 546 451 99
1000 382 1519 446 SCBCENEMANNI
1554 380 1839 439 ΝΟἸῚΤΙΑ
1880 377 2696 439 lllSTORICO-LITTERABIA
2738 376 2803 434 IN
2843 375 2902 435 S.
2943 371 3249 432 LEONEM.

3676 371 3783 424 £00

478 513 606 563 runt
633 511 911 574 totumque
950 502 1195 559 ordinem
1229 502 1602 567 immutarunt,
1648 499 1776 554 item
1805 496 2068 568 quasdam
2097 498 2154 563 Α
2176 499 2333 568 dunt,
2360 506 2414 554 et
2435 498 2704 553 variantes
2731 494 3013 562 lectiones,
3035 503 3146 548 tum
3175 492 3438 563 ipsorum,
3461 496 3580 555 tum
3598 484 3781 555 Ques-

477 612 507 651 a
531 594 824 665 Quesnello
852 594 903 648 itt
932 593 1154 649 dubium
1183 602 1400 647 vocatas
1428 601 1481 645 et
1508 590 1761 645 nonnulla
1791 589 1858 645 ab
1879 589 2068 644 eodem

476 699 744 760 expuncta
774 686 1150 758 adjuvantibus
1178 702 1307 739 mss.
1336 684 1489 740 libris
1520 684 1887 739 vindicarunt.
1918 680 2074 751 Quod

475 780 675 839 inedita
710 776 924 847 attinet,
970 779 1291 847 adjecerunt
1336 776 1466 831 huic
1492 776 1717 831 editioni
1756 776 1868 830 tres
1908 788 2075 828 novas

476 873 677 930 Leonis
699 872 953 944 epistolas
978 888 1044 926 ex
1070 871 1258 925 t-ndice
1288 870 1670 926 Ratisbonensi
1704 869 1803 941 (a),
1831 879 1886 923 et
1911 884 2073 923 unam

474 967 718 1024 Gra‘cam
778 964 1010 1019 Anatolii
1065 962 1651 1035 Constantinopolitani
1711 962 1951 1033 episcopi
2004 959 2075 1015 ad

473 1058 747 1122 Leonem;
780 1059 907 1111 item
946 1046 1216 1126 Epistolas
1256 1057 1465 1126 aliquot
1512 1055 1716 1111 Graecae
1750 1056 2076 1123 interpreta-

475 1152 637 1208 tionis
674 1153 912 1221 antiqute
949 1168 1014 1205 ex
1046 1150 1238 1204 eodem
1266 1148 1555 1213 Vaticano;
1583 1164 1746 1218 porro
1776 1163 1843 1201 ex
1887 1146 2076 1202 codice

474 1244 682 1300 Veneto
710 1240 769 1299 S.
804 1242 968 1299 Marci
996 1244 1260 1314 integram
1294 1246 1561 1297 actionem
1596 1242 1809 1296 concilii
1844 1238 2071 1295 Chalce-

473 1337 729 1393 donensis
761 1340 811 1392 in
840 1339 1065 1407 gratiam
1093 1336 1342 1406 epistolae
1365 1334 1435 1391 95
1458 1334 1654 1390 Leonis
1680 1334 1942 1399 habitam,
1977 1348 2077 1388 nec

474 1451 583 1491 non
622 1435 779 1489 aliam
809 1434 1073 1488 actionem
1106 1432 1349 1502 ejusdem
1392 1430 1610 1484 concilii
1665 1429 1718 1483 in
1766 1444 1925 1484 eausa
1969 1427 2075 1482 Do-

474 1527 587 1583 mni
631 1524 977 1587 Antioclteni,
1012 1525 1064 1577 iu
1105 1539 1206 1593 qua
1240 1520 1514 1591 pontiﬁcia
1545 1519 1745 1575 Leonis
1782 1519 2077 1575 auctoritas

473 1622 886 1680 commendatur
935 1636 1000 1674 ex
1053 1635 1155 1673 ms.
1206 1618 1334 1672 olim
1383 1617 1704 1683 Veronensi,
1754 1632 1897 1671 nunc
1928 1614 2079 1671 Vati-

474 1732 635 1785 cano,
668 1724 814 1770 tonio
845 1714 1115 1778 secundo;
1149 1711 1383 1781 denique
1431 1711 1725 1766 Sermones
1768 1709 2077 1777 complures

476 1808 648 1866 Leoni
698 1809 749 1863 in
793 1822 922 1861 mss.
969 1806 1220 1873 tributos,
1270 1805 1322 1858 itt
1354 1802 1676 1874 appendice.
1733 1802 1829 1857 llic
1870 1803 2076 1872 primus

2176 593 2305 650 uelli
2366 592 2611 649 codicum
2664 590 2973 662 designant,
3034 591 3224 660 partim
3283 584 3453 656 ipsius
3509 578 3784 653 pontificis

2178 684 2403 755 textum,
2423 687 2515 744 ubi
2539 686 2783 757 indigere
2812 683 2965 739 visus
2997 692 3099 739 est.
3130 674 3426 733 iitustrant.
3456 675 3515 731 In
3540 674 3624 730 his
3658 671 3784 729 Bal-

2178 780 2496 837 leriniornm
2541 775 2995 834 annotationibus
3041 772 3203 827 etiam
3235 771 3411 827 locum
3442 768 3643 825 habent
3672 765 3785 820 illa:

2178 883 2315 929 notte
2384 888 2518 945 quas
2572 870 2902 941 Quesnellus
2966 864 3324 923 Sermonibus
3376 862 3463 917 vel
3519 858 3785 928 Epistolis

2178 966 2312 1035 ipsis
2342 966 2665 1036 quandoque
2712 962 2987 1032 apposuit,
3038 975 3104 1014 ne
3151 958 3352 1012 scilicet
3381 952 3675 1026 quidquam
3716 948 3785 1003 il-

2178 1058 2281 1113 lius
2317 1058 2738 1113 desideraretur.
2785 1055 3050 1122 Quoniam
3092 1061 3269 1105 autem
3305 1047 3393 1102 ille
3423 1043 3785 1103 Sertttonibus

2178 1152 2435 1223 quasdam
2466 1151 2775 1205 notationes
2806 1159 2899 1202 aut
2926 1146 3175 1218 postillas
3205 1138 3401 1206 afﬁxit,
3430 1155 3549 1211 quae
3582 1136 3787 1209 longio-

2179 1261 2295 1300 rem
2325 1242 2751 1311 disputationem
2786 1239 3143 1311 postularent,
3177 1233 3382 1290 idcirco
3415 1239 3535 1303 post
3561 1228 3789 1285 Sermo-

2180 1354 2279 1393 nes
2326 1336 2616 1391 ediderunt
2656 1334 3035 1389 observationes
3090 1331 3145 1385 in
3188 1318 3434 1398 quaedam
3488 1321 3785 1395 peculiaria

2181 1431 2299 1487 loca
2330 1430 2669 1498 eoruntdem,
2702 1430 2873 1499 iisque
2898 1423 3176 1495 Quesnelli
3204 1423 3323 1478 illas
3350 1422 3659 1476 notationes
3689 1424 3785 1471 aut

2180 1524 2453 1595 postillas,
2503 1525 2645 1578 sicut
2695 1530 2750 1575 et
2794 1518 3049 1592 (.‘iampini
3090 1517 3157 1572 de
3196 1515 3345 1570 vocis
3388 1528 3521 1567 area:
3568 1510 3621 1564 in
3665 1522 3786 1563 ser-

2182 1633 2344 1673 ntone
2387 1616 2451 1670 27
2504 1612 2883 1671 emendatione
2925 1608 3361 1666 dissertationem
3414 1605 3781 1658 inseruerunt.

2180 1709 2495 1781 Op'averim
2551 1722 2681 1763 vero
2726 1716 2783 1761 ut
2837 1704 2999 1759 simili
3044 1702 3294 1757 instituto
3340 1704 3462 1769 post
3510 1684 3787 1767 Epistolas

2180 1805 2365 1859 statim
2424 1801 2761 1857 addidissent
2805 1798 3079 1869 longiores
3130 1791 3413 1864 Quesnelli
3458 1790 3511 1845 itt
3564 1786 3788 1844 easdem

475 1902 745 1959 editorum
797 1900 948 1954 labor
995 1897 1114 1965 fuit,
1161 1912 1354 1965 nempe
1413 1907 1470 1950 ut
1514 1905 1695 1951 textus
1738 1897 2075 1949 emendatior
2105 1886 2154 1947 B
2180 1896 2610 1960 observationes,
2638 1908 2745 1963 quo
2767 1888 3084 1947 concinuius
3112 1885 3289 1943 omnia
3314 1898 3437 1955 qua:
3466 1881 3533 1937 ad
3562 1878 3790 1939 Sermo-

476 2011 635 2067 quam
666 1994 722 2049 in
765 1991 1141 2061 Quesnelliana
1175 1988 1414 2059 prodiret
1457 1997 1511 2043 et
1556 1992 1808 2054 auctior;
1848 1986 2071 2041 alteram

476 2106 662 2146 curam
694 2103 819 2143 esse
851 2088 1155 2151 voluerunt,
1198 2096 1255 2138 ut
1290 2084 1467 2155 quoad
1512 2085 1629 2154 ipsa
1674 2083 1870 2138 Leonis
1900 2082 2071 2152 Opera

477 2183 633 2240 fieret
671 2180 961 2245 sincerior,
993 2178 1333 2233 secernendo
1360 2179 1590 2247 genuina
1630 2192 1659 2230 a
1690 2175 2073 2245 supposititiis,

476 2280 777 2350 pricsertim
810 2275 915 2328 illis
941 2290 1061 2344 quze
1093 2272 1383 2326 arbitrario
1411 2270 1739 2338 Quesnellus
1778 2269 1951 2323 eidem
1981 2268 2079 2320 tri-

476 2368 688 2427 buerat.
728 2356 912 2435 Neque
959 2365 1103 2419 enim
1152 2362 1447 2418 omittenda
1481 2362 1763 2419 duxerunt,
1799 2374 2075 2430 quacum-

479 2476 584 2532 que
611 2452 678 2515 ab
718 2474 783 2513 eo
824 2456 931 2511 ltuc
958 2454 1126 2509 semel
1165 2456 1361 2509 collata
1408 2463 1612 2520 essent,
1659 2453 1751 2507 sed
1790 2465 2080 2520 segregare

479 2553 810 2615 maluerunt,
850 2548 1149 2618 iisdemque
1195 2564 1324 2602 mss.
1361 2547 1624 2600 librorum
1673 2542 1937 2598 medelam
1987 2540 2081 2594 ubi

479 2646 633 2716 copia
664 2643 806 2698 facta
838 2651 1003 2706 esset,
1032 2640 1310 2695 adhibere.
1340 2637 1602 2693 Restabat
1635 2638 1875 2704 tertium,
1905 2646 2082 2689 textus

481 2738 859 2809 intelligentia,
910 2751 1201 2804 rerumque
1246 2750 1275 2788 a
1323 2732 1505 2789 Leone
1536 2743 1808 2802 gestarum
1840 2741 1931 2784 aut
1959 2745 2081 2784 eunt

480 2832 829 2886 attinentium
854 2830 996 2899 justa
1045 2828 1359 2898 explicatio,
1400 2824 1451 2882 id
1483 2826 1627 2899 quod
1654 2830 1861 2895 absque
1890 2837 2085 2879 severo

482 2924 725 2980 omnium
768 2921 1048 2991 Qucsnelli
1087 2920 1499 2975 annotationum
1544 2931 1599 2975 et
1636 2920 2084 2975 dissertationum

483 3016 733 3073 examine
763 3006 880 3071 fieri
915 3015 1193 3086 nequibat.
1228 3014 1518 3069 Enimvero
1549 3015 1648 3069 etsi
1682 3015 1737 3068 in
1768 3014 1962 3084 quibus
1994 3012 2085 3066 ille

484 3106 742 3163 offensam
786 3102 955 3173 dedit,
996 3106 1063 3161 ad
1096 3105 1204 3161 duo
1254 3106 1526 3176 pratcipue
1569 3106 1765 3175 capita,
1806 3104 1873 3159 de
1914 3104 2085 3174 gratia

484 3199 664 3257 divina
699 3200 906 3255 scilicet
947 3210 1003 3254 et
1033 3199 1179 3252 sedis
1211 3196 1470 3253 Romana:
1510 3198 1830 3269 quibusdam
1884 3212 2088 3266 praero-

2181 2005 2314 2045 num
2364 1988 2838 2058 Epistolarumque
2890 1982 3307 2041 elucidationem
3359 1981 3627 2049 spectant,
3678 1986 3790 2028 uno

2183 2082 2465 2138 volumine
2491 2080 2723 2136 fuissent
2751 2078 3169 2147 comprehensa.
3214 2070 3323 2130 Sed
3368 2080 3516 2126 torno
3544 2063 3791 2154 secundo

2184 2177 2307 2231 illas
2338 2181 2693 2230 reservarunt
2721 2172 2916 2228 eodem
2951 2168 3143 2224 ordine
3172 2180 3235 2221 ac
3261 2164 3401 2233 apud
3433 2158 3789 2230 Quesnellum

2184 2279 2310 2341 post
2337 2269 2753 2324 dissertationes
2790 2264 3048 2330 edendas,
3103 2259 3245 2316 haud
3284 2258 3449 2314 dubio
3479 2270 3584 2310 non
3622 2252 3789 2308 aliam

2184 2364 2257 2418 ob
2282 2378 2500 2418 causam
2544 2377 2704 2430 quam
2734 2368 2793 2415 ut
2837 2357 3060 2429 mqualis
3102 2354 3434 2409 voluminum
3475 2345 3794 2416 magnitudo

2186 2457 2464 2512 evaderet.
2515 2455 2775 2510 Proxime
2820 2460 3000 2506 autem
3047 2456 3169 2520 post
3200 2446 3491 2504 Sermones
3547 2440 3796 2496 sinceros

2185 2550 2431 2617 sequitur
2479 2544 2741 2618 appendix
2784 2542 3057 2597 dubiorum
3097 2547 3191 2593 aut
3240 2534 3373 2590 male
3421 2533 3524 2606 ipsi
3568 2526 3795 2584 tributo-

2186 2655 2325 2705 rum,
2359 2639 2646 2693 maximam
2680 2647 2886 2706 partem
2922 2632 3276 2689 ineditorum.
3304 2624 3659 2683 Praemittitur
3692 2636 3797 2691 per

2188 2732 2560 2804 praefationem
2588 2728 2779 2783 notitia
2824 2726 3078 2787 aliorum.
3108 2726 3201 2792 qui
3252 2720 3306 2775 in
3351 2715 3626 2773 nonnullis
3651 2729 3791 2769 mss.

2189 2822 2596 2893 exemplaribus
2636 2820 2804 2875 Leoni
2836 2832 3118 2888 perperam
3148 2813 3388 2882 ascripti,
3439 2811 3492 2865 itt
3535 2808 3657 2864 aliis
3691 2823 3796 2861 au-

2191 2927 2303 2971 tem
2336 2915 2617 2971 codicibus
2645 2912 2769 2967 aliis
2811 2909 3121 2965 auctoribus
3151 2904 3361 2973 tributi,
3396 2912 3451 2958 et
3480 2900 3604 2973 quia
3646 2900 3801 2954 inter

2191 3010 2420 3064 aliorum
2449 3008 2670 3062 Patrum
2700 3005 2872 3075 Opera
2897 3003 3007 3073 jam
3044 2999 3228 3055 excusi
3262 3003 3467 3058 essent,
3500 3008 3606 3047 nou
3638 3006 3800 3061 repe-

2193 3109 2350 3165 tendi
2380 3108 2724 3163 videbantur.
2759 3103 3029 3171 Epistolas
3056 3114 3220 3170 porro
3251 3093 3455 3164 excipit
3482 3087 3801 3145 dissertatio
3832 3168 3838 3173 .

2196 3203 2261 3257 de
2304 3200 2555 3274 Epistolis
2606 3196 2887 3267 deperdilis
2916 3204 3024 3247 tum
3066 3192 3124 3247 S.
3164 3188 3348 3244 Leonis
3379 3188 3445 3239 ad
3493 3182 3645 3247 alios,

486 3294 680 3367 gativis
704 3293 954 3358 redeant,
978 3291 1348 3360 intelligebant
1371 3301 1577 3359 tamen,
1605 3292 1856 3347 universe
1883 3290 1947 3345 iis
1978 3306 2083 3345 non
2112 3274 2163 3339 (Σ
2192 3266 2420 3353 αιίοηξηι
2442 3294 2510 3348 ad
2539 3292 2599 3350 ε,
2627 3266 2871 3355 nonem,
2906 3305 2966 3341 αο
2992 3287 3054 3340 de
3073 3286 3190 3339 αιξξε
3210 3279 3545 3336 manumanu;
3572 3276 3639 3330 ad
3663 3266 3801 3344 Ερξ-

487 3401 556 3443 eo
586 3400 845 3441 successu
863 3384 1076 3440 obviam
1109 3383 1175 3439 iri
1213 3400 1392 3456 posse,
1424 3396 1483 3439 ut
1507 3400 1697 3440 omnes
1728 3384 1845 3455 ejus
1871 3398 2087 3439 errores

490 3484 744 3551 paterent
774 3486 827 3533 et
864 3478 1341 3545 convincerentur,
1376 3478 1471 3533 sed
1508 3477 1838 3548 pedetentim
1871 3491 1931 3531 se
1962 3492 2085 3532 eum

494 3574 649 3646 sequi
675 3582 954 3643 oportere,
985 3584 1283 3643 omnesque
1312 3587 1375 3627 ac
1411 3573 1649 3643 singulas
1686 3570 1804 3642 ejus
1831 3572 2092 3627 assertio-
2136 3613 2153 3628 .

491 3682 591 3725 nes
618 3677 673 3723 et
704 3675 1007 3722 commenta
1039 3666 1104 3722 ad
1136 3667 1316 3721 vivum
1348 3681 1619 3722 resecare.
1654 3666 1969 3723 Statuerunt
1991 3666 2093 3721 ita-

492 3779 598 3835 que
640 3762 785 3834 ipsas
832 3762 1075 3834 ejusdem
1126 3762 1529 3818 lucubrationes
1575 3763 1816 3832 integras
1866 3760 2091 3817 editioni

494 3873 607 3915 sua:
649 3857 914 3922 inserere,
963 3866 1018 3912 et
1058 3871 1185 3912 suas
1234 3856 1431 3927 cuique
1481 3856 1896 3911 observationes
1925 3854 2093 3924 subji-

494 3965 640 4018 cere,
670 3949 864 4021 quibus
896 3964 959 4003 ea
987 3966 1106 4020 quat
1147 3950 1517 4005 confutatione
1558 3949 1872 4005 viderentur
1900 3948 2088 4019 digna,

496 4044 879 4115 impugnarent
920 4051 1014 4097 aut
1037 4045 1392 4113 corrigerent.
1433 4042 1552 4110 Quo
1593 4043 1753 4097 simul
1796 4041 1925 4096 illud
1971 4055 2093 4097 sese

499 4147 889 4195 consecuturos
944 4152 1065 4193 esse
1109 4140 1419 4207 sperabant,
1479 4147 1539 4192 ut
1576 4136 1852 4205 Quesnelli
1900 4135 2091 4202 editio,

500 4247 622 4302 qua:
645 4228 771 4285 huic
796 4230 1036 4300 ipsorum
1066 4229 1118 4284 in
1148 4238 1319 4285 totum
1353 4230 1555 4285 inserta
1589 4230 1951 4297 inveniretur,
1986 4242 2093 4284 non

502 4324 732 4395 amplius
780 4331 925 4380 esset
971 4322 1299 4390 necessaria,
1352 4332 1407 4378 et
1454 4321 1854 4379 lucubrationes
1902 4321 2093 4391 ipsius,

503 4431 624 4487 qua:
653 4416 709 4471 in
740 4414 1068 4470 editionibus
1108 4414 1225 4484 ejus
1256 4413 1556 4471 interdictae
1595 4424 1799 4477 essent,
1830 4412 1885 4467 in
1917 4412 2015 4467 hac
2044 4406 2099 4466 et

503 4524 628 4565 cum
657 4508 1217 4565 animadversionibus
1256 4519 1308 4561 et
1332 4509 1581 4561 censuris
1611 4522 1799 4562 eorum
1830 4507 2009 4575 legere
2036 4504 2100 4559 li-

506 4608 676 4657 ceret.
704 4599 908 4668 Quibus
952 4600 1023 4653 ita
1050 4614 1149 4670 pro
1186 4600 1413 4654 consilio
1443 4598 1624 4669 operis
1651 4598 1938 4666 descriptis
1965 4600 2102 4652 ordo

506 4700 671 4762 atque
692 4690 998 4747 distributio
1021 4690 1184 4745 totius
1206 4689 1322 4745 haec
1341 4689 1493 4745 exiit.
1519 4688 1729 4744 Primus
1757 4700 1923 4744 tomus
1945 4689 2105 4745 exhi—

470 4862 471 4865 η
509 4780 823 4869 δειμρωηίε
852 4781 1074 4853 genuina
1104 4780 1304 4836 Leonis
1345 4782 1541 4849 Opera,
1587 4782 1640 4837 id
1686 4791 1791 4848 est,
1823 4782 2103 4837 Sermones

462 4950 471 4967 ᾖ
508 4887 564 4934 et
590 4876 852 4949 Epistolas
878 4877 1144 4946 sinceras,
1178 4878 1229 4932 in
1259 4877 1451 4948 quibus
1480 4878 1832 4934 emendandis
1860 4888 1967 4933 tam
1988 4879 2106 4936 suis

461 4973 471 5052 ξ
509 4970 791 5028 codicibus
824 4984 956 5025 mss.
997 4984 1159 5040 quam
1185 4968 1459 5036 Quesnelli
1483 4969 1817 5026 variantibus
1843 4970 1926 5025 usi
1953 4979 2101 5025 sunt.

504 5063 733 5135 Constat
786 5076 915 5133 ergo
960 5060 1048 5116 hic
1099 5071 1275 5116 tonius
1320 5061 1530 5117 duabus
1570 5063 1833 5132 partibus,
1876 5078 2104 5133 quarum

504 5158 703 5234 cuique
749 5153 1061 5227 peculiaris,
1112 5152 1181 5209 de
1220 5154 1459 5210 fontibus
1508 5169 1639 5209 mss.
1687 5154 1829 5210 unde
1875 5156 2097 5209 omnino

505 5232 617 5303 |tam
664 5232 954 5305 Sermones
997 5261 1155 5317 quam
1202 5244 1460 5316 Epistulae
1506 5246 1819 5314 prodierint,
1854 5244 2105 5316 praefatio

512 5338 576 5394 ad
606 5338 908 5394 universam
940 5336 1099 5407 bnjus
1126 5337 1450 5406 scriptorum
1482 5340 1697 5408 generis
1728 5340 2099 5394 tractationem

512 5435 751 5488 criticam
784 5431 1024 5507 apprime
1047 5431 1193 5485 utilis
1218 5430 1581 5501 praemittitur.
1622 5431 1755 5502 Ipsis
1786 5445 1948 5499 porro
1974 5430 2103 5487 Ser-
2150 5422 2154 5427 ’

513 5514 762 5585 monibus
790 5533 952 5605 atque
985 5522 1239 5591 Epistolis
1277 5524 1606 5596 prtefationes
1646 5535 1700 5579 et
1726 5524 2110 5578 admonitiones

514 5618 607 5675 ubi
643 5634 785 5701 Opus,
805 5606 910 5675 fuit
930 5618 1307 5690 praemiserunt
1326 5635 1341 5685 ;
1360 5618 1715 5673 annotationes
1751 5630 1930 5674 autem
1949 5619 2107 5674 utris-

515 5728 618 5786 que
661 5714 918 5785 subjectae
948 5718 1146 5785 partim
1195 5714 1635 5769 emendatiouunt
1678 5716 1944 5769 rationem
1977 5712 2107 5769 red-

2193 3389 2355 3447 stolas
2407 3385 2801 3456 pertinentibus,
2855 3379 3118 3451 dispositis
3165 3376 3344 3430 ordine
3390 3367 3795 3438 chronologico;

2200 3487 2295 3542 ubi
2336 3483 2497 3538 simul
2532 3481 2835 3550 fragmenta
2882 3473 3119 3529 Leonina
3161 3483 3280 3538 qua
3323 3471 3610 3535 supersunt
3652 3459 3802 3514 inse-

2200 3586 2420 3633 runtur.
2454 3573 2710 3642 Sequitur
2759 3583 2879 3623 eam
2917 3564 3099 3618 notitia
3126 3562 3445 3615 decretorum
3480 3569 3599 3626 qua:
3627 3550 3801 3608 Leoni

2198 3672 2257 3728 in
2288 3671 2426 3724 libro
2452 3662 2761 3722 Pontiﬁcali
2797 3660 3129 3721 tribuuntur,
3160 3668 3224 3709 ac
3270 3650 3503 3719 denique
3540 3642 3807 3719 appendix

2200 3761 2565 3832 Epistolarum
2596 3757 2659 3812 S.
2688 3755 2900 3823 Leonis,
2941 3751 3147 3819 aliquot
3188 3748 3396 3802 litteras
3428 3737 3807 3832 supposititias

2202 3827 2422 3923 aliaque
2449 3852 2776 3907 documenta
2798 3846 2866 3900 ad
2891 3842 3164 3914 Epistolas
3186 3835 3532 3911 pertinentia,
3560 3846 3679 3913 quae
3718 3827 3809 3883 in-

2201 3958 2288 4005 ter
2319 3920 2592 4016 Epistolas
2618 3957 2725 3996 non
2751 3935 3068 3995 collocanda
3094 3940 3271 3999 erant,
3302 3920 3805 3997 comprehenderis.

2274 4042 2471 4097 Tomus
2507 4036 2761 4093 secundus
2805 4030 3025 4089 exhibet
3054 4024 3403 4097 appendicem
3448 4017 3812 4090 prolixiorem

2204 4137 2444 4207 Operam
2485 4147 2608 4203 quae
2655 4128 2822 4185 Leoni
2868 4123 3099 4194 ascripta
3151 4121 3324 4184 fuere,
3357 4128 3421 4170 ac
3467 4112 3643 4207 primo
3687 4106 3815 4179 qui-

2205 4202 2332 4286 dem
2359 4202 2537 4284 editur
2565 4219 3045 4281 Sacramentarium
3084 4211 3326 4268 omniu
3354 4202 3812 4267 vetustissimum,

2206 4323 2500 4377 Leoninunt
2520 4319 2573 4374 in
2599 4313 2832 4385 vulgatis
2858 4307 3186 4380 appellatum
3215 4303 3495 4373 ipsiusque
3516 4294 3814 4385 creditum.

2210 4414 2318 4471 Sed
2345 4412 2598 4484 quoniam
2625 4422 2726 4463 nec
2752 4402 2932 4460 omnia
2969 4415 3089 4472 qua:
3116 4398 3169 4452 in
3201 4411 3267 4450 eo
3297 4392 3645 4449 continentur
3670 4369 3821 4443 Leo-

2209 4506 2298 4561 nis
2327 4479 2475 4570 sunt,
2505 4516 2609 4557 nec
2637 4499 2809 4567 ipsius
2831 4489 3207 4563 compingendi
3238 4498 3428 4541 auctor
3458 4484 3599 4539 idem
3632 4479 3821 4552 ponti-

2212 4599 2297 4656 fex
2328 4607 2481 4655 certo
2499 4594 2759 4666 appellari
2783 4598 2981 4660 potest,
3012 4586 3257 4659 quazdam
3288 4583 3529 4639 Leonina
3551 4587 3732 4657 tamen
3754 4574 3824 4631 in

2131 4667 2190 4730 Β
2214 4708 2282 4749 eo
2306 4688 2806 4763 deprehenduntur,
2855 4700 2923 4739 ex
2949 4681 3144 4754 quibus
3173 4677 3348 4733 eidem
3380 4676 3434 4730 in
3473 4671 3632 4728 editis
3660 4667 3823 4763 adju-

2212 4759 2449 4841 dicatum
2479 4789 2583 4846 est.
2607 4779 2730 4850 iure
2758 4791 2859 4834 suo
2890 4776 2944 4831 in
2989 4769 3287 4842 appendice
3317 4767 3494 4822 locum
3536 4759 3821 4834 postulare

2213 4879 2389 4935 visum
2417 4884 2524 4933 est.
2556 4874 2723 4942 quue
2750 4888 2816 4927 eo
2851 4869 3023 4939 magis
3045 4863 3349 4920 faciendum
3382 4860 3548 4915 fuisse
3573 4856 3823 4939 editores

2215 4980 2461 5037 monent,
2486 4967 2627 5038 quod
2647 4962 2972 5033 Quesnellus
2996 4971 3105 5014 tres
3128 4955 3472 5027 praefationes
3496 4949 3661 5006 veluti
3678 4944 3823 5002 Leo-

2217 5064 2375 5120 ninas
2406 5063 2459 5116 in
2483 5061 2630 5116 calce
2659 5058 2980 5113 Sermonum
3023 5050 3301 5117 edidisset,
3341 5060 3569 5119 quarum
3600 5042 3722 5099 dum
3759 5039 3825 5094 in

2219 5171 2284 5212 ea
2314 5152 2554 5224 ejusdem
2587 5144 3004 5208 Sacramentarii
3048 5142 3200 5212 parte
3225 5155 3343 5209 quae
3375 5135 3625 5207 superest
3669 5130 3826 5187 inve-

2217 5222 2462 5313 nianﬁtur,
2488 5244 2700 5301 tertiam
2726 5256 2858 5297 vero
2880 5238 2932 5293 in
2959 5252 3022 5293 ea
3046 5250 3164 5307 quae
3187 5229 3462 5289 intercidit
3482 5228 3632 5299 parte
3652 5222 3828 5282 exsti-

2220 5341 2354 5397 tisse
2389 5338 2667 5411 probabile
2714 5336 2806 5391 sit.
2849 5328 3344 5388 Sacramentarium
3377 5319 3657 5393 excipiunt
3701 5312 3828 5370 libri

2221 5434 2329 5488 duo
2350 5410 2413 5486 de
2442 5416 2722 5486 Vocatione
2742 5425 2969 5481 omnium
2987 5421 3235 5496 gentium,
3254 5415 3496 5491 Capitula
3520 5412 3615 5467 seu
3638 5410 3828 5463 attth-

2223 5526 2401 5579 ritates
2422 5522 2485 5575 de
2506 5520 2689 5577 Gratia
2713 5526 2769 5574 et
2791 5515 2980 5572 Libero
3009 5510 3254 5577 Arbitrio,
3280 5514 3334 5564 et
3359 5499 3601 5583 Epistula
3621 5499 3689 5555 ad
3720 5496 3831 5552 itir-

2224 5618 2394 5691 ginem
2434 5612 2833 5678 Demetriadem,
2864 5624 2951 5663 seu
2975 5614 3219 5660 tractatus
3250 5600 3313 5656 de
3336 5596 3681 5691 Huntiiitf‘le';
3704 5590 3831 5691 qu?

2225 5672 2407 5767 omnia
2428 5708 2627 5764 Leonis
2654 5672 2873 5761 nomine
2901 5690 3227 5771 Quesnellus
3252 5682 3524 5762 ediderat,
3552 5672 3834 5747 Balleiinﬂ

588 5895 668 5961 (al
698 5880 955 5965 Easdem,
999 5914 1133 5968 quas
1176 5897 1275 5953 hoc
1305 5896 1425 5966 ipso
1455 5893 1569 5951 fere
1599 5901 1847 5964 tempore
1886 5891 2204 5955 Cacciarius
2229 5887 2527 5965 evolgavit.
