4014 6350
485 418 593 480 105

984 386 1535 472 ’δρηοεΝεΜΑΝΝι
1568 404 1851 465 norma
1890 404 2091 463 Βιδτο

2199 402 2711 463 iO-LITTEBARIA
2750 403 2818 464 IN
2856 406 2913 464 S.
2952 404 3260 464 LEONEM.

3678 406 3783 467 108

482 545 698 610 ptorum
726 531 983 604 operibus
1011 532 1233 590 evenire
1261 531 1431 588 soleat
1452 538 1513 585 ut
1534 543 1635 585 usu
1662 536 1823 599 atque
1843 540 2072 583 consueo
2097 527 2152 587 Α
2177 532 2322 580 tanta
2350 541 2383 579 a
2410 526 2521 580 loco
2562 525 2647 580 ubi
2679 526 2833 580 editio
2858 526 3194 595 praslabatur
3218 520 3532 597 (Venetiis),
3571 522 3781 577 distan-

484 629 670 687 tudine
703 627 1031 684 diuturniori
1062 627 1245 696 opinio
1284 625 1355 681 ab
1390 624 1545 680 initio
1570 633 1833 693 concepta
1860 621 2077 678 minua-

483 733 590 794 tur,
642 733 734 777 aut
781 722 944 778 etiam
975 726 1197 790 peccata
1238 724 1295 773 et
1336 731 1555 773 errores
1603 716 1839 771 auctoris
1878 713 2079 786 passim

482 816 656 873 oculis
672 823 1006 885 retegantur,
1025 811 1131 865 hoc
1152 825 1287 879 opus
1307 818 1519 877 contra,
1541 824 1647 878 quo
1672 807 1841 879 magis
1862 805 2080 861 assiduo

482 907 661 964 studio
687 906 1013 970 versaveris,
1043 911 1198 957 tanto
1227 902 1526 972 impensius
1556 898 1826 955 admirere
1858 912 2081 953 necesse

484 1011 589 1056 est.
632 997 893 1068 Exemplo
934 996 1024 1063 sit,
1069 995 1155 1051 cui
1187 994 1437 1063 exempla
1468 991 1764 1058 sufﬁciunt,
1798 989 2081 1044 admonitio

485 1094 652 1164 prima
678 1100 725 1144 et
751 1090 975 1145 secunda
1005 1088 1253 1159 Epistolte
1280 1086 1348 1142 ad
1378 1086 1750 1157 Aquileiensem
1783 1084 2083 1155 episcopum

485 1193 532 1238 et
577 1184 865 1256 Septimum
901 1182 1182 1237 Altinatem
1235 1181 1489 1253 (quacum
1520 1177 1731 1233 decima
1778 1188 1967 1232 octava
2012 1175 2083 1229 ad

483 1273 800 1330 Ianuarium
847 1276 1222 1347 Aquileiensem
1268 1272 1557 1343 conjuncta
1600 1271 1727 1339 est),
1780 1269 2082 1335 praemissa,

484 1385 589 1427 nec
615 1385 719 1425 non
744 1370 834 1424 illa
877 1371 929 1424 in
956 1370 1226 1438 epistolam
1249 1366 1547 1437 vigesimum
1582 1374 1813 1418 octavam
1850 1363 1918 1417 ad
1947 1360 2083 1417 Fla-

484 1464 707 1518 vianum.
741 1462 817 1518 Ne
846 1471 1029 1517 autem
1058 1462 1290 1515 alterum
1321 1458 1487 1527 hujus
1511 1466 1619 1510 tam
1644 1456 1873 1510 laudatae
1903 1469 2085 1524 operte

484 1564 819 1612 momentum
847 1564 1075 1619 taceam,
1108 1554 1163 1608 in
1194 1568 1299 1622 quo
1330 1562 1435 1605 tam
1467 1550 1536 1604 ob
1566 1549 1905 1614 diuturnum,
1941 1547 2083 1619 quod

485 1647 744 1704 Romanae
767 1646 913 1703 sedis
941 1647 1191 1716 episcopi
1218 1658 1518 1713 eorumque
1538 1641 1744 1711 jurium
1775 1653 1829 1697 et
1849 1650 2088 1712 potesta-

486 1741 558 1798 tis
603 1741 890 1812 rigidiores
933 1740 1251 1797 defensores
1291 1741 1565 1807 aluerunt,
1600 1738 1865 1811 ejusmodi
1896 1737 2089 1793 editio-

486 1831 575 1889 nis
615 1832 966 1897 desiderium,
1024 1847 1183 1903 quam
1233 1832 1304 1888 ob
1353 1834 1592 1903 speciale
1641 1830 1921 1887 Benedicti
1968 1828 2085 1884 XIV

2182 618 2254 673 tia
2290 618 2376 673 vix
2419 619 2652 673 succurri
2691 619 2959 689 potuisset,
3000 619 3078 673 vel
3124 624 3275 689 fucus
3300 616 3489 686 aliquis
3514 615 3658 687 ﬁeret
3694 626 3787 688 ty-

2182 710 2483 784 pographis,
2516 721 2570 765 ut
2612 710 2759 766 aliud
2783 727 2877 783 pro
2905 709 3011 765 alio
3044 709 3230 782 folium
3255 719 3569 764 assumerent
3591 720 3639 763 et
3669 710 3786 765 loco

2181 824 2283 863 non
2307 824 2401 863 suo
2430 809 2682 863 nonnulla
2709 808 3052 881 assignarent,
3086 806 3489 862 Balleriniorum
3524 824 3618 873 pro
3640 805 3789 862 Lab-

2184 900 2348 956 beaua
2392 901 2759 956 assumendum
2797 900 3080 972 judicavit.
3135 899 3289 954 Hanc
3331 912 3525 967 autem,
3575 899 3786 970 inquit,

2183 996 2337 1063 quasi
2370 997 2576 1051 veritus
2606 1010 2674 1050 ne
2719 996 2851 1050 satis
2896 995 3169 1065 ingenium
3202 995 3557 1063 declarasset,
3598 996 3790 1065 prtere-

2184 1089 2402 1143 rendam
2440 1090 2638 1144 ceteris
2685 1089 2989 1155 existimavi,
3047 1106 3148 1144 non
3188 1091 3326 1160 quod
3373 1090 3788 1163 praestantiorem

2187 1183 2418 1236 duxerim
2446 1199 2510 1237 ea
2552 1198 2709 1254 quam
2736 1195 2882 1253 pater
2908 1178 3142 1236 Cacciari
3171 1181 3445 1236 Curmelita
3471 1182 3649 1235 eodem
3678 1181 3788 1249 fere

2188 1286 2411 1348 tempore
2432 1293 2534 1347 quo
2562 1276 2833 1331 Ballerinii
2862 1292 3011 1330 suam
3037 1277 3310 1330 adornavit
3337 1285 3387 1330 et
3421 1274 3666 1329 Romanis
3710 1285 3793 1345 ty-

2188 1372 2268 1441 pis
2298 1372 2564 1440 produxit,
2598 1370 2689 1424 sed
2710 1370 2848 1438 quod
2880 1369 3107 1424 Venetiis
3137 1385 3386 1423 excusum
3406 1385 3558 1440 opus,
3600 1366 3792 1421 Veneto

2189 1462 2511 1535 tgpogrnpho
2543 1463 2775 1534 paratior
2802 1470 2909 1516 erat
2933 1471 2979 1516 et
3004 1463 3073 1515 ad
3109 1478 3311 1517 manus.
3355 1461 3447 1517 Sic
3491 1471 3596 1513 tota
3631 1460 3794 1529 hujus

2190 1557 2464 1612 immerito
2516 1557 2713 1611 laudati
2761 1557 2999 1612 hominis
3049 1557 3367 1624 compilatio
3398 1573 3467 1610 ne
3512 1555 3793 1609 minimam

2191 1632 2406 1718 quidem
2436 1648 2777 1704 liberalitatis
2797 1650 3033 1718 speciem
3064 1664 3177 1719 pne
3206 1665 3265 1704 se
3290 1649 3419 1703 fert!
3448 1647 3697 1703 Servavit
3723 1661 3795 1702 ex

2192 1740 2607 1796 Balleriniorum
2667 1728 3233 1797 anitnabversionibus
3290 1756 3381 1795 eas
3432 1752 3567 1809 quas
3620 1736 3795 1794 teXIui

2193 1832 2375 1888 statim
2426 1832 2796 1903 subjecerant,
2826 1833 3044 1887 criticas
3076 1832 3186 1887 fere
3234 1840 3292 1887 et
3319 1832 3603 1888 breviores
3636 1847 3651 1896 ;
3709 1828 3796 1885 fu-

486 1927 822 1996 mandatum,
847 1942 973 1996 pars
991 1926 1147 1997 longe
1169 1926 1567 1997 gloriosissima
1594 1926 1792 1980 laboris
1817 1924 2085 1979 editorum
2118 1914 2166 1974 B
2194 1927 2370 1981 siores
2395 1936 2599 1992 autem,
2641 1925 2805 1981 veluti
2852 1923 3253 1979 admonitiones
3282 1932 3336 1979 et
3381 1922 3795 1978 di~sertationes

488 2022 663 2093 posita
681 2035 805 2077 esse
828 2019 1085 2085 debebat,
1107 2019 1367 2085 Quesnelli
1394 2020 1757 2090 refutationem
1770 2019 1891 2073 dico
1911 2034 1925 2071 :
1949 2016 2086 2071 illud

490 2114 707 2187 quidem
728 2113 872 2169 haud
890 2112 1040 2168 inviti
1064 2113 1323 2179 fatemur,
1347 2113 1651 2168 doctrinam
1674 2121 1727 2168 et
1749 2109 2085 2175 methodum,

490 2221 594 2278 qua
616 2206 841 2277 singulis
871 2205 1169 2261 adversarii
1193 2206 1273 2259 sui
1293 2204 1695 2260 assertionibus
1721 2214 1776 2259 et
1801 2216 2088 2271 argumen-

490 2299 788 2355 tationibus
820 2298 981 2354 modo
1011 2299 1215 2368 apertis
1248 2298 1410 2352 modo
1440 2298 1598 2353 tectis
1629 2309 1938 2359 occurrere,
1968 2309 2089 2348 eas-

490 2407 596 2464 que
642 2392 944 2448 innumeris
983 2392 1038 2447 in
1074 2391 1209 2447 locis
1251 2401 1307 2444 et
1338 2396 1547 2443 tantum
1598 2404 1705 2443 non
1756 2388 1811 2442 iu
1856 2385 2089 2456 singulis

490 2485 700 2558 paginis
722 2485 959 2541 levitatis
988 2493 1082 2539 aut
1102 2484 1372 2539 manifesti
1405 2483 1635 2551 erroris,
1666 2493 1780 2548 aut,
1809 2480 1950 2551 quod
1976 2495 2089 2534 ma-

489 2578 573 2647 gis
613 2585 719 2644 est,
757 2576 985 2632 fallaciae
1017 2590 1071 2632 et
1110 2576 1315 2632 fraudis
1343 2590 1577 2647 arguere
1616 2575 1943 2639 calluerunt,
1981 2582 2090 2627 tam

493 2679 637 2725 arcte
665 2685 786 2724 cum
820 2668 1077 2724 universa
1124 2668 1327 2738 ingenii
1357 2678 1520 2738 atque
1545 2668 1872 2722 eruditionis
1902 2679 2089 2719 eorum

493 2760 653 2816 laude
680 2775 802 2816 esse
828 2761 1168 2829 conjunctae,
1198 2768 1256 2813 ut
1298 2759 1366 2813 ab
1407 2774 1470 2813 ea
1517 2760 1739 2812 omnino
1782 2755 1965 2812 divelli
1998 2770 2093 2811 ne-

492 2864 713 2927 queant,
764 2870 867 2910 nec
909 2855 1106 2910 crebro
1145 2854 1397 2909 accidere
1425 2854 1597 2923 possit
1633 2864 1693 2909 ut
1728 2853 1970 2908 criticam
1999 2866 2093 2905 eo-

493 2964 615 3005 rum
648 2949 959 3005 facultatem
1002 2958 1057 3002 et
1088 2948 1391 3014 explicandi
1438 2958 1609 3004 artem
1644 2947 1914 3002 laudando
1954 2944 2093 3002 hanc

495 3041 549 3097 in
585 3039 861 3109 Quesnelli
892 3040 1167 3110 disputata
1191 3041 1357 3094 crisin
1400 3039 1791 3110 reprehendas,
1819 3037 1961 3108 quod
1992 3050 2090 3089 au-

496 3141 606 3191 tem
637 3134 946 3189 universam
987 3133 1347 3203 quaestionum
1393 3132 1456 3186 de
1482 3134 1732 3204 primatus
1761 3130 2016 3203 pontiﬁcii
2045 3128 2095 3183 vi

497 3242 559 3281 ac
582 3233 827 3296 potestate
852 3225 1235 3280 enodationem
1268 3225 1484 3291 attinet,
1513 3224 1582 3280 de
1612 3225 1806 3279 horum
1847 3225 2090 3278 virorum

498 3318 717 3386 haeresi,
746 3319 951 3388 paucis,
975 3325 1034 3373 ut
1053 3318 1306 3389 equidem
1326 3316 1589 3383 arbitror,
1617 3317 1798 3388 ignota
1820 3314 1921 3387 (a),
1947 3331 1975 3369 a
1999 3331 2092 3371 uo-
2121 3298 2169 3362 ε

502 3410 586 3468 his
613 3411 715 3466 hoc
730 3411 851 3466 loco
880 3409 1023 3466 haud
1047 3412 1215 3466 refert
1231 3409 1497 3480 judicium
1526 3409 1675 3475 ferri,
1697 3410 1837 3481 quod
1854 3410 1939 3465 vel
1964 3408 2097 3463 alie-

500 3504 763 3561 nissimus
807 3519 837 3558 a
866 3506 1097 3575 partium
1141 3504 1323 3559 studio
1352 3512 1575 3574 propter
1606 3515 1887 3559 auctorum
1927 3502 2097 3557 artifi-

500 3598 643 3654 cium
674 3595 1036 3668 periclitetur.
1084 3595 1323 3665 Diligens
1355 3596 1514 3666 hujus
1548 3596 1807 3652 editionis
1848 3595 2095 3652 recensio

501 3690 761 3745 exslatin
806 3688 1124 3743 Bibliotheca
1174 3689 1459 3761 theolOgica
1504 3688 1818 3762 (vernacule
1866 3687 2094 3762 scripta)

502 3782 589 3837 Jo.
642 3782 777 3854 Aug.
828 3781 1068 3849 Ernesti,
1118 3780 1182 3836 T.
1227 3780 1316 3849 IV,
1362 3781 1492 3852 fasc.
1535 3798 1610 3838 vn
1659 3784 1883 3855 (1765),
1934 3800 2092 3855 pagg.

503 3874 765 3930 579-014.

577 4047 734 4102 1761.
776 4047 1059 4105 Florentia:
1077 4051 1324 4121 impensis
1355 4053 1565 4108 Antonii
1590 4053 1746 4109 Zatta
1781 4055 1985 4122 Veneti,
2016 4058 2098 4112 in-

504 4142 597 4210 [οι.
640 4140 784 4207 Vita,
815 4142 1073 4210 Epistolas
1101 4152 1158 4200 et
1182 4144 1408 4200 Decreta
1439 4145 1636 4201 Leonis
1665 4148 1887 4217 papael;
1924 4148 1977 4203 in
2004 4145 2093 4204 Jo.

503 4231 762 4287 Dominici
794 4231 966 4288 Μαγιδὶ
997 4250 1127 4288 nova
1153 4244 1197 4288 et
1241 4236 1474 4308 ampliss.
1508 4255 1708 4292 sacror.
1748 4238 2097 4295 Conciliorum

503 4322 836 4393 Collectione,
868 4324 930 4379 T.
964 4325 1030 4392 V,
1064 4318 1164 4381 col.
1191 4327 1527 4395 i2034430;
1564 4329 1623 4384 Τ.
1665 4330 1745 4397 Vl,
1770 4332 1871 4386 col.
1902 4333 2095 4391 1-152.

576 4417 691 4471 Etsi
736 4417 825 4473 hic
870 4418 1057 4473 titulus
1101 4419 1447 4475 Labbeauam
1490 4431 1545 4476 et
1598 4423 1873 4479 Binianam
1906 4424 2100 4482 editio—

508 4523 630 4564 nem
652 4509 814 4579 sapit,
845 4524 948 4564 nec
979 4526 1231 4581 umquam
1275 4511 1385 4568 fere
1415 4512 1673 4583 Mansius,
1703 4525 1760 4570 et
1785 4530 1854 4572 ne
1880 4517 2099 4587 quidem

506 4603 561 4658 in
606 4602 909 4657 Constantii
960 4607 1187 4671 gratiam
1238 4620 1269 4658 a
1317 4605 1535 4661 Labbeo
1582 4607 1751 4662 veluti
1791 4609 1847 4663 in
1897 4609 2100 4665 Veneta

506 4693 785 4751 Coletiana
814 4708 1254 4765 repraesentatur,
1286 4700 1544 4755 recedere
1571 4716 1735 4755 ausus
1760 4712 1867 4768 est,
1894 4703 1996 4760 hoc
2018 4705 2097 4761 lo-
2122 4693 2179 4755 D

504 4801 571 4843 co
602 4796 779 4842 tamen
813 4802 1207 4856 praecessorum
1231 4804 1453 4844 suorum
1485 4793 1734 4863 exempla
1762 4794 2006 4852 deseruit
2043 4809 2099 4855 et

508 4879 924 4934 Balleriniorum
947 4879 1240 4937 editionem
1270 4883 1576 4950 exprimere
1598 4888 1833 4954 curavit,
1858 4902 1964 4943 non
1987 4898 2099 4947 tam

510 4970 581 5025 ob
632 4970 905 5041 insignem
950 4970 1110 5041 hujus
1156 4990 1337 5042 opera:
1366 4978 1756 5046 praestantiam,
1787 4995 1947 5050 quam
1974 4985 2099 5052 quia

508 5064 721 5120 facilius
752 5066 829 5121 sic
859 5067 1135 5137 negotium
1163 5070 1407 5138 expediri
1440 5086 1600 5141 posse
1630 5074 2101 5133 videreturJutel-

506 5158 703 5229 ligabat
745 5160 912 5228 enim,
946 5171 1060 5231 post
1088 5161 1370 5229 Quesnelli,
1415 5165 1666 5221 Caeciarii
1696 5176 1744 5223 et
1788 5168 2105 5226 Ballerinio-

507 5267 624 5306 rum
644 5251 911 5321 editiones,
953 5254 1116 5307 multa
1143 5256 1239 5309 sibi
1268 5256 1320 5309 in
1348 5255 1550 5313 Labbeo
1588 5262 1857 5316 sarcienda
1884 5280 1946 5317 ac
1975 5281 2101 5331 sup-

508 5342 700 5416 plenda
754 5347 888 5415 fore,
937 5355 993 5399 et
1039 5348 1164 5416 quia
1214 5349 1494 5405 metuebat
1541 5369 1602 5405 ne
1644 5354 1701 5407 in
1755 5356 2104 5411 auditionibus

508 5436 648 5492 hisce
684 5438 812 5493 locis
848 5440 957 5493 suis
982 5440 1267 5495 inserendis
1298 5444 1405 5497 sine
1434 5446 1533 5511 ipsi
1561 5447 1821 5503 interdum
1864 5451 2104 5505 oscitanti

509 5532 707 5605 aliquid
743 5534 915 5587 mandi
942 5533 1020 5589 vel
1062 5536 1431 5607 transpositum
1457 5538 1736 5607 obreperet,
1765 5541 1849 5593 cui
1878 5544 2013 5597 malo
2043 5543 2099 5598 in

582 5694 659 5821 Ἅι)
698 5696 868 5753 Notus
906 5704 990 5753 est
1013 5696 1153 5753 alter
1182 5712 1248 5751 ex
1295 5696 1545 5751 fratribus
1572 5697 1711 5751 inter
1748 5699 2089 5758 adversarios

582 5785 588 5820 ι
629 5769 792 5821 ronii.
824 5770 969 5821 edito
988 5785 1151 5821 «tuere
1190 5768 1407 5821 Verona:
1430 5769 1567 5821 1768
1599 5767 1745 5821 itu-4°
1776 5771 1878 5821 hoc
1909 5775 2089 5821 titnln:

511 5763 792 5839 Eebronii,
824 5770 1151 5839 etlilnupert'
1190 5768 1407 5822 Verona:
1430 5769 1567 5823 1768
1599 5767 1745 5821 itu-4°
1776 5771 1878 5826 hoc
1909 5775 2097 5832 titulo:

512 5837 593 5893 De
623 5838 880 5917 Potestate
915 5837 1562 5917 summorumpontiﬁcnm
1585 5850 1630 5893 et
1657 5843 1989 5917 conciliorum
2011 5863 2098 5917 ge-

512 5912 766 5969 neralium
782 5911 1046 5977 liber,una
1073 5929 1189 5967 cum
1209 5911 1443 5968 vindiciis
1472 5913 1793 5972 auctoritatis
1810 5911 2099 5981 pontiﬁcii:

2194 2038 2292 2092 pro
2319 2022 2531 2078 consilii
2549 2023 2632 2076 sui
2660 2036 2691 2076 a
2714 2019 3122 2076 Bolleriniorum
3154 2021 3261 2073 line
3285 2018 3641 2086 discrepantia
3666 2015 3798 2071 sub.

2191 2116 2365 2184 duxit,
2392 2126 2485 2172 aut
2513 2114 2745 2171 subinde
2762 2114 3110 2185 paucioribus
3140 2112 3317 2168 verbis
3338 2109 3627 2167 contraxit.
3644 2109 3800 2165 Inse-

2192 2209 2303 2263 ruit
2325 2208 2487 2262 etiam
2518 2205 2782 2262 Caeciarii
2824 2205 3221 2269 additamenta,
3254 2220 3376 2275 qua:
3403 2202 3545 2270 apud
3570 2200 3804 2256 Balleri-

2193 2300 2314 2355 nios
2326 2300 2665 2355 desideraret
2689 2310 2741 2353 et
2763 2298 3041 2354 Sirmoudi
3067 2305 3224 2351 notas
3246 2298 3480 2351 rariores
3502 2310 3567 2350 ex
3592 2308 3805 2363 appen-

2192 2393 2314 2449 dice
2354 2395 2473 2457 eius
2503 2394 2554 2446 in
2603 2390 2871 2456 Concilia,
2922 2389 3378 2459 quemadmodum
3414 2390 3466 2443 in
3512 2386 3801 2442 Coletiana

2193 2483 2564 2541 Coliciliorum
2596 2483 2836 2539 editione
2874 2493 3028 2538 erant
3056 2482 3314 2538 exhibita.
3348 2483 3422 2535 De
3462 2494 3563 2535 suo
3590 2476 3806 2533 addidit

2194 2579 2443 2651 synopsin
2472 2577 2816 2648 quarumdam
2858 2577 3209 2648 epistularum
3256 2575 3454 2630 Leonis
3484 2572 3805 2628 vetuSIissi-

2196 2687 2337 2727 mam
2360 2688 2427 2726 ex
2445 2671 2633 2727 codice
2660 2670 2889 2725 Lucensi
2921 2669 3046 2733 190,
3081 2669 3386 2724 llallet‘iniis
3418 2681 3524 2722 non
3550 2662 3804 2735 incogni-

2194 2774 2328 2834 tam,
2358 2776 2413 2821 et
2455 2782 2522 2822 ne
2548 2765 2676 2837 quid
2705 2780 2775 2819 ex
2800 2763 3175 2835 superioribus
3210 2763 3431 2831 periret,
3465 2759 3628 2815 vitam
3658 2756 3809 2813 Leo-

2196 2860 2283 2915 nis
2307 2876 2371 2914 ea:
2397 2859 2530 2913 libro
2561 2857 2866 2928 Pontiﬁculi
2894 2872 3016 2909 eum
3048 2855 3187 2909 Binii
3220 2852 3362 2908 notis
3395 2851 3680 2917 praemisit.
3700 2850 3809 2906 Hic

2194 2969 2327 3009 vero
2353 2952 2484 3007 mihi
2511 2952 2704 3022 aliquis
2727 2950 2951 3019 objiciet
2978 2949 3095 3024 fieri
3127 2948 3258 3002 illud
3287 2946 3545 3002 debuisse
3572 2954 3809 3014 propter

2198 3046 2457 3115 majorem
2486 3060 2607 3099 eum
2635 3045 2847 3099 caeteris
2875 3044 3123 3112 partibus
3151 3040 3584 3095 consonantiam.
3619 3034 3810 3093 Audio

2197 3138 2472 3208 equidem,
2507 3152 2678 3206 neqtte
2722 3135 2776 3190 id
2827 3149 3155 3204 magnopere
3193 3130 3554 3202 reprehendo,
3589 3130 3683 3186 sed
3712 3139 3810 3185 to-

2199 3240 2306 3283 tam
2332 3241 2551 3299 operam
2591 3227 2892 3295 improbam
2927 3236 2983 3279 et
3027 3225 3165 3280 fama
3199 3225 3358 3294 hujus
3385 3224 3483 3278 viri
3525 3224 3810 3294 indignam

2200 3335 2420 3376 censeo.
2456 3320 2595 3388 Quid
2625 3320 2769 3374 enim
2800 3318 3067 3374 referebat
3096 3327 3243 3371 tanta
3271 3332 3393 3373 cum
3421 3332 3613 3389 pompa
3643 3331 3811 3385 repe-

2204 3425 2316 3470 tere
2342 3430 2461 3485 qme
2485 3422 2611 3468 ante
2634 3423 2850 3468 centum
2878 3424 2933 3466 et
2962 3410 3193 3480 amplius
3232 3425 3404 3465 annos
3442 3410 3574 3464 satis
3604 3407 3806 3464 lauda-

2200 3505 2385 3561 biliter
2410 3506 2626 3574 quidem
2651 3516 2957 3573 conscripta
2988 3511 3191 3563 essent.
3218 3513 3273 3558 et
3302 3501 3434 3556 alias
3473 3512 3635 3571 atque
3660 3499 3809 3557 alias

2200 3598 2534 3653 eruditorum
2570 3596 2849 3651 hominum
2894 3598 3277 3651 annomriones
3308 3602 3363 3650 et
3391 3593 3813 3651 emendatione:

2203 3701 2309 3747 tam
2338 3693 2494 3747 anxia
2524 3691 2886 3747 sollicitudine
2922 3706 3165 3759 assuere,
3191 3706 3311 3744 cum
3356 3690 3516 3761 longe
3559 3690 3813 3747 fructuo-

2200 3785 2317 3842 sius
2346 3786 2463 3856 ipse
2499 3787 2734 3840 studium
2764 3800 2919 3840 suum
2957 3786 3046 3839 tali
3079 3785 3227 3854 operi
3256 3792 3649 3840 consecrassct.
3677 3783 3811 3840 Cas-

2201 3889 2375 3935 terum
2406 3881 2613 3934 monitu
2656 3894 2763 3935 non
2792 3886 2914 3949 eget
2933 3879 3192 3948 epistolas
3222 3876 3288 3933 ad
3316 3876 3605 3933 concilium
3633 3875 3812 3933 Chal-

2202 3974 2514 4029 cedonense
2545 3975 2881 4043 pertinentes
2914 3986 3021 4027 non
3054 3975 3247 4027 iterum
3286 3972 3339 4025 in
3369 3971 3503 4026 actis
3525 3969 3673 4025 illius
3700 3983 3808 4024 ex-

2202 4080 2419 4135 pressas
2455 4080 2577 4121 esse
2598 4106 2612 4130 ,
2656 4064 2753 4121 sed
2790 4065 3023 4121 lectores
3051 4064 3120 4120 ad
3153 4065 3289 4119 hanc
3316 4062 3581 4133 integram
3632 4060 3809 4117 colle-

2209 4156 2446 4212 ctionem
2476 4157 2703 4214 remitti.

2276 4250 2438 4305 1780.
2482 4249 2794 4305 Helmstadii
2841 4250 3023 4304 litteris
3076 4249 3245 4303 vidua:
3298 4246 3574 4315 Schnorri,
3623 4245 3807 4302 in-L'.

2206 4343 2404 4399 Leonis
2445 4342 2623 4413 Magni
2672 4342 2911 4411 episcopi
2944 4342 3172 4396 Romani
3215 4339 3444 4410 epistola
3471 4345 3658 4394 contra
3685 4336 3809 4393 Eu-

2206 4435 2401 4508 tychen
2424 4436 2492 4490 de
2532 4450 2657 4491 vera
2696 4435 3071 4491 incarnatione
3116 4434 3326 4491 Domini
3368 4434 3437 4489 ad
3484 4433 3811 4489 Flavianum

2208 4529 2520 4597 episcopum
2551 4527 3234 4596 ConstantinOpolitanum.
3266 4528 3305 4580 E
3331 4526 3650 4581 recensione
3677 4523 3811 4580 Bal-

2207 4620 2521 4677 leriniorum
2551 4635 2675 4675 cum
2704 4621 2975 4691 praecipua
3005 4622 3273 4677 varietate
3304 4619 3572 4687 lectionis,
3602 4618 3811 4676 notulis

2203 4723 2257 4770 et
2307 4714 2673 4769 admonitione
2722 4714 3000 4769 historica.
3037 4714 3256 4769 Civibus
3306 4713 3599 4769 academim
3643 4712 3811 4768 Julia

2205 4805 2474 4863 Carolina:
2502 4808 2553 4861 in
2584 4807 2845 4878 religione
2891 4808 3119 4864 solemni
3152 4806 3369 4863 Christo
3399 4809 3679 4863 iucarnato
3708 4820 3810 4861 sa-

2206 4902 2405 4956 cranda
2435 4914 2465 4953 a
2513 4900 2652 4956 i780
2688 4918 2702 4967 ;
2733 4902 3111 4956 commendata
3145 4900 3235 4972 (ab
3286 4900 3511 4955 Henrico
3553 4899 3809 4972 Philippa

2209 4990 2446 5047 Conrado
2474 4992 2684 5048 Hencke
2706 4992 2960 5063 theologo
2992 4994 3453 5064 Helmstadivnsi).

2282 5083 2549 5140 Praeclare
2598 5086 2773 5140 editor
2802 5087 3195 5142 celeberrimus
3224 5085 3323 5139 hac
3373 5086 3606 5142 solemni
3644 5099 3811 5141 occa-
3840 5130 3846 5147 π

2208 5176 2362 5232 sione
2400 5192 2527 5231 usus
2557 5186 2659 5241 est,
2707 5186 2764 5232 ut
2807 5178 3097 5247 juvenibus
3136 5178 3325 5233 sedqu
3357 5178 3643 5248 theologia
3669 5192 3810 5248 ope-

2207 5286 2325 5325 ram
2350 5270 2668 5324 uavantibus
2690 5270 2855 5325 libelli
2887 5281 2991 5324 tam
3017 5270 3243 5325 illustris
3263 5272 3563 5340 argumenti
3586 5272 3806 5337 copiam

2208 5362 2432 5418 faceret.
2460 5363 2800 5431 Quapropter
2827 5364 2878 5417 in
2911 5364 3189 5432 praemissa
3217 5363 3319 5433 ipsi
3348 5364 3594 5433 epistola:
3609 5363 3811 5419 admo-

2209 5456 2414 5510 nitione
2444 5456 2696 5509 historica
2728 5456 2899 5524 primo
2944 5457 3085 5523 loco,
3127 5457 3315 5525 quanti
3344 5457 3436 5512 illa
3468 5458 3521 5512 in
3571 5456 3804 5515 historia

2212 5550 2474 5621 dogmatis
2496 5549 2561 5604 de
2582 5547 2799 5604 Christo
2820 5551 3079 5605 momenti
3111 5549 3201 5619 sit,
3225 5550 3485 5617 ostendit,
3515 5549 3713 5607 deinde
3732 5548 3808 5608 de

2201 5717 2379 5765 contra
2410 5727 2537 5777 Opus
2566 5710 2765 5765 Justini
2788 5708 3052 5777 Febronii,
3081 5722 3288 5767 auctore
3318 5714 3509 5769 Ptt'l'tto
3538 5713 3808 5770 8“.th

2206 5796 2313 5847 tuo,
2347 5785 2516 5855 presb.
2558 5782 2746 5836 Veron.
2797 5784 2999 5837 Accedit
3030 5787 3303 5851 Appendix
3331 5786 3395 5839 de
3436 5785 3808 5855 infallibilitalc

2207 5854 2503 5909 earumdem
2530 5856 2833 5927 pontiﬁcum
2852 5856 2904 5911 in
2931 5856 3311 5929 deﬁnitionibus
3337 5856 3484 5927 fidei.
