4014 6350
201 318 291 375 105

699 311 1232 372 SCHOENEMANNI
1268 308 1550 366 NOTITIA
1589 302 2409 364 HISTORICO—LIT'I‘ERARIA
2447 303 2514 358 IN
2553 303 2613 359 S.
2654 302 2963 359 LEONEM.‘

3376 305 3479 362 106

198 439 423 493 auctore,
455 426 769 495 occasione,
792 425 1043 491 consilio,
1076 423 1400 480 auctoritate
1432 431 1487 478 et
1510 421 1788 478 existima-
1814 422 1863 479 A
1893 419 2189 475 editoribus
2224 419 2421 474 Leonis
2469 434 2599 474 mss.
2642 421 2969 490 exemplaria
3007 420 3144 475 haud
3176 436 3356 490 operae
3396 438 3483 476 ar-

198 526 345 587 li0ne,
377 523 596 593 qualem
624 525 694 576 ab
737 522 889 579 initio
916 522 1098 575 statim
1130 528 1185 576 et
1217 530 1401 587 postea
1433 531 1649 584 semper
1693 530 1788 568 au-

198 620 409 672 ctiorem
441 625 599 671 nacta
632 616 819 681 fuerit,
848 614 1109 684 disputat.
1159 613 1217 667 In
1270 610 1568 667 subsidium
1614 608 1786 663 stabi-

1894 513 2159 568 bitramnr
2189 514 2422 570 sollicite
2467 516 2912 584 circumspicere.
2974 516 3102 570 Post
3129 516 3484 584 ansnellnm

1894 605 2189 660 Caceiarius
2217 608 2399 677 plures
2434 609 2505 662 illi
2530 608 2671 663 haud
2699 610 2843 663 visos
2876 610 3091 664 codices
3117 612 3360 671 Contulit.
3387 612 3481 667 sed

198 712 377 767 lie-udae
428 712 677 779 genuina
727 709 977 765 lectionis
1004 709 1174 775 ipsius
1218 708 1468 775 epistolae
1518 702 1789 760 revocavit
1891 700 2053 770 longe
2099 702 2360 770 plurimos
2397 714 2451 756 et
2494 704 2682 772 majori
2722 704 2943 758 solertia
2985 703 3291 772 Ballerinii,
3342 706 3485 775 iique

196 803 339 858 etiam
387 804 698 857 versionem
732 802 1007 871 antiquam
1049 798 1637 866 Graccam,eademquc
1663 810 1789 849 usus

194 907 265 950 est
308 895 376 949 ad
422 894 769 948 difﬁciliores
815 891 1073 963 quasdam
1107 890 1340 961 phrases
1370 890 1591 945 Latinas
1619 888 1788 958 expli-

195 990 403 1046 caudas.
437 989 525 1042 Cf.
558 988 923 1043 Commentarii
958 985 1256 1041 Helmstad.
1308 985 1373 1039 de
1411 984 1517 1038 reb.
1548 1000 1664 1037 nov.
1706 982 1788 1035 lit.

197 1082 339 1136 I78l.
374 1082 513 1151 fasc.
546 1097 586 1147 ι,
613 1096 685 1134 se.
720 1081 772 1147 5,
806 1098 859 1151 p.
892 1080 962 1134 58
993 1095 1068 1148 sq.

256 1176 421 1231 1759.
469 1172 694 1228 Parisiis
722 1171 1010 1243 sumptibus
1066 1170 1209 1224 Petri
1243 1169 1399 1223 υἱάσι
1442 1168 1541 1237 ﬁlii
1570 1168 1791 1239 primog.

194 1268 364 1339 iii-fol.
392 1270 455 1325 S.
489 1268 693 1324 Leonis
724 1283 875 1337 papa:
908 1266 926 1320 I
963 1264 1218 1333 Epistolte
1248 1263 1344 1318 XII
1375 1263 1440 1318 ad
1474 1263 1661 1319 Gallia:
1682 1262 1797 1331 epi-

198 1376 381 1431 scopos
404 1373 459 1415 et
483 1360 725 1431 Epistula
749 1360 813 1413 ad
839 1358 1153 1412 Flavianum
1181 1355 1505 1427 (dogmatica
1529 1353 1795 1424 XXVIII),

199 1469 290 1508 una
320 1454 391 1508 ad
429 1453 773 1508 Bai-ennium
804 1451 989 1515 missa,
1031 1464 1155 1503 cum
1187 1445 1362 1516 notis,
1405 1445 1801 1500 observationi—

200 1551 286 1602 bus
325 1557 385 1601 et
415 1546 873 1601 annotationibus
914 1549 1090 1598 denuo
1139 1542 1421 1595 illustrata:
1467 1556 1496 1594 a
1538 1538 1800 1592 monachis

203 1638 452 1711 Cougreg.
499 1638 566 1692 S.
602 1635 821 1701 Mauri;
859 1635 912 1688 in
945 1632 1260 1688 Colleclione
1301 1630 1569 1685 concilior.
1617 1628 1804 1684 Galliae

203 1745 362 1798 nuper
389 1730 461 1782 ab
494 1728 630 1797 ipsis
662 1727 936 1790 inchoata,
962 1734 1000 1778 ι.
1030 1723 1071 1787 1,
1100 1740 1256 1793 pagg.
1282 1721 1557 1776 Διὶ-508.

1893 793 1946 848 in
1988 794 2178 849 iisdem
2210 795 2602 863 examinandis,
2652 795 2967 851 ordinandis
3011 807 3066 852 et
3111 798 3485 853 describendis

1895 895 2002 940 tam
2032 888 2302 956 egregiam
2336 896 2631 954 posuerunt
2658 903 2902 957 operam,
2933 898 2989 943 ut
3018 905 3083 945 ex
3116 889 3215 947 hac
3247 892 3313 945 de
3348 892 3486 946 Leo-

1896 977 1981 1033 nis
2004 993 2137 1034 mss.
2167 978 2450 1033 codicibus
2480 979 2668 1033 notitia
2701 982 2864 1034 etiam
2895 982 2961 1034 ad
2988 981 3216 1037 aliorum
3250 984 3483 1049 scripto-

1898 1089 2016 1127 rum
2050 1074 2569 1141 ecclesiasticorum,
2597 1076 2648 1129 in
2680 1074 2867 1145 primis
2890 1092 3023 1131 vero
3051 1078 3358 1147 pontiﬁcmn
3385 1078 3491 1131 R0—

1898 1182 2182 1221 manorum
2208 1183 2395 1236 Opera,
2432 1184 2537 1221 non
2572 1183 2761 1237 parum
2788 1168 3037 1224 utilitatis
3070 1171 3334 1237 proﬁcisci
3369 1186 3493 1239 pos-

1900 1256 2002 1323 sit;
2054 1270 2385 1329 quapropter
2430 1259 2692 1328 peculiari
2737 1260 3015 1330 diligentia
3057 1263 3213 1318 nobis
3246 1265 3347 1317 hoc
3374 1264 3492 1319 loco

1903 1367 2011 1407 non
2042 1353 2262 1422 indigna
2293 1356 2407 1407 visa
2436 1351 2556 1407 fuit.

2370 1448 2411 1501 I.
2450 1461 2672 1502 comcas
2711 1462 3026 1509 quassum.

2467 1538 2548 1608 A)
2593 1538 2925 1594 Sermonum.

1979 1630 2033 1683 1.
2076 1627 2414 1685 Corbeiensis.
2444 1628 2673 1685 Codices
2707 1648 2837 1686 mss.
2868 1642 2979 1686 tres
3010 1632 3137 1687 olim
3180 1637 3501 1692 monasterii

1910 1717 1970 1772 8.
2001 1718 2151 1773 Petri
2194 1720 2541 1774 Corbeiensis
2577 1720 2687 1789 jam
2734 1720 2871 1774 Bibl.
2901 1735 3119 1776 monasl.
3163 1725 3220 1779 S.
3263 1727 3501 1781 Germani

264 1824 547 1880 Sirmondi
579 1822 749 1877 editio
777 1836 875 1891 pro
916 1818 1269 1873 fnttdamento
1297 1815 1416 1869 l'nit.
1444 1816 1504 1870 In
1540 1814 1801 1870 emenda-
1833 1808 1884 1870 Β
1908 1828 1940 1865 a
1968 1810 2163 1880 Pratis,
2193 1813 2245 1866 in
2276 1814 2471 1883 quibus
2498 1814 2794 1869 Sermones
2827 1813 2916 1869 LX
2940 1826 2993 1869 et
3021 1817 3271 1886 amplius.

206 1920 435 1973 tionibus
466 1926 656 1970 autem
703 1914 1053 1982 Quesnellutn
1087 1913 1157 1967 ita
1190 1909 1363 1966 secuti
1407 1920 1554 1973 sunt,
1598 1920 1657 1963 ut
1702 1907 1805 1978 ipsi

206 2026 301 2064 non
334 2010 685 2079 negligerent
704 2007 884 2061 denuo
918 2021 1049 2061 mss.
1094 2003 1312 2059 codices
1338 2001 1628 2073 inspicere.
1670 2001 1805 2069 Stip-

208 2104 457 2174 petebant
486 2114 755 2173 praeterea
776 2098 1074 2155 Constantii
1102 2096 1343 2163 schedae,
1367 2112 1431 2151 ex
1450 2096 1643 2166 quibus
1665 2094 1807 2149 haud

210 2211 366 2268 pauca
395 2193 882 2252 observationibus
912 2193 1026 2247 suis
1054 2191 1374 2245 intulerunt.

779 2286 809 2357 ς
848 2285 911 2340 Il.
962 2283 1250 2339 Versiones.

272 2386 579 2442 Sermones
606 2382 809 2438 Leonis
829 2380 967 2436 adeo
996 2379 1123 2435 oliin
1148 2379 1199 2433 iu
1233 2377 1443 2432 deliciis
1469 2376 1684 2431 habitos
1716 2390 1813 2430 no-

212 2482 401 2545 rimus,
442 2488 501 2532 ut
529 2478 675 2532 haud
705 2475 874 2531 semel
898 2474 951 2528 in
977 2474 1214 2543 linguam
1259 2470 1503 2526 Italicam
1537 2469 1814 2524 transfun-

213 2572 489 2627 derentur.
543 2569 804 2625 Gallicam
850 2567 1156 2622 versionem
1208 2580 1315 2619 non
1361 2564 1465 2618 nisi
1509 2578 1669 2617 unam
1719 2562 1814 2615 de-

214 2664 563 2735 prehendere
592 2662 761 2727 licuit,
794 2660 898 2715 hoc
919 2659 1157 2714 indiculo
1188 2666 1344 2713 teste.

282 2757 444 2813 H85.
489 2754 738 2817 Firenze,
771 2753 951 2823 iit-fol.
989 2752 1007 2806 Ι
1038 2750 1285 2806 Sermoni
1317 2749 1369 2803 di
1401 2748 1460 2805 S.
1493 2746 1661 2801 Leoni
1708 2754 1813 2800 trao

212 2851 337 2906 dotti
368 2852 444 2903 da
490 2846 711 2917 Filippo
739 2847 794 2899 di
826 2845 1155 2899 Bartolomeo
1204 2843 1431 2909 Corsini,
1478 2843 1530 2897 in
1578 2841 1682 2895 line
1707 2857 1721 2895 :
1748 2837 1813 2892 In

213 2940 431 2997 Pinnae
463 2959 496 2994 a
520 2942 579 2993 di
604 2940 669 2995 21
715 2941 770 2992 di
798 2938 1010 3011 Maggio
1041 2938 1205 2994 1485.
1241 2938 1509 3005 Expressa
1540 2945 1625 2989 est
1649 2933 1815 2989 editio

210 3035 446 3089 Andreae
493 3031 813 3097 Aleriensis,
850 3032 1088 3084 traducta
1132 3029 1289 3083 simul
1333 3028 1449 3096 eius
1486 3027 1553 3082 ad
1592 3028 1813 3082 Paulum

212 3126 253 3182 ll
280 3127 341 3183 8.
393 3126 462 3179 Ρ.
510 3125 775 3194 Epistola,
815 3138 974 3193 quam
1020 3123 1221 3192 excipit
1276 3121 1454 3177 brevis
1492 3120 1815 3176 traductoris

210 3216 619 3273 emnmendatio
647 3231 677 3270 a
718 3214 953 3269 Marsilio
986 3213 1171 3267 Ficino
1201 3215 1435 3281 ascripta
1470 3222 1524 3267 et
1554 3211 1815 3281 deinceps
1846 3195 1894 3258 C-

212 3311 446 3365 rubrica‘.
477 3309 681 3376 operis.
717 3308 1015 3362 Metnoraut
1046 3309 1182 3361 lianc
1215 3306 1505 3361 editionem
1543 3305 1821 3359 Ballerinii

218 3401 273 3456 Τ.
304 3400 346 3466 Ι,
394 3406 556 3473 praef.
594 3418 649 3469 p.
683 3400 773 3461 50.
820 3399 963 3453 Bibl.
1011 3400 1148 3472 dt'gli
1193 3410 1299 3452 aut.
1331 3401 1468 3467 volg.
1514 3398 1714 3452 inserta
1764 3400 1818 3453 in

213 3492 369 3550 Pace.
405 3493 666 3560 d‘Opuse.
698 3493 877 3546 scient.
908 3509 934 3545 e
961 3490 1094 3560 βίοι.
1142 3488 1202 3544 Τ.
1236 3488 1481 3557 XXXIV,
1525 3506 1575 3556 p.
1608 3488 1736 3557 261,
1764 3496 1821 3543 et

212 3585 449 3655 Argelati
487 3584 630 3639 Bibl.
677 3583 814 3654 dein
856 3582 1112 3653 volgarizz
1159 3582 1244 3651 (in
1275 3579 1477 3635 Milano
1530 3579 1718 3650 I767).
1748 3579 1815 3634 T.

216 3678 280 3745 ll,
308 3698 362 3749 ρ.
396 3678 509 3735 300
534 3696 617 3749 sq.

287 3771 450 3827 I557.
492 3769 565 3824 In
603 3769 823 3825 Venezia
849 3767 902 3821 al
942 3784 1097 3839 segne
1139 3767 1202 3821 de
1230 3766 1282 3820 la
1325 3767 1621 3838 Speranza,
1654 3768 1817 3829 in-8",

212 3864 427 3920 [divini
474 3864 729 3919 Sermoni
759 3862 811 3915 di
859 3876 956 3915 san
1002 3862 1184 3916 Le0ne
1226 3876 1361 3930 papa
1406 3861 1579 3929 primo
1621 3877 1816 3915 nuova-

214 3966 395 4011 mente
421 3955 477 4009 di
513 3954 709 4009 Latino
731 3954 784 4007 in
814 3953 995 4021 volgar
1026 3952 1203 4022 lingua
1235 3952 1450 4007 tradotti
1484 3968 1579 4022 per
1608 3951 1820 4007 Gabriel

218 4048 440 4102 Foresto
482 4049 555 4101 da
592 4045 830 4100 Brescia.
865 4044 1115 4099 Raccolta
1143 4047 1178 4098 l.
1214 4046 1306 4101 let
1332 4046 1562 4116 Argelati
1592 4063 1645 4114 p.
1691 4047 1818 4114 501,

216 4159 315 4210 σς..
348 4141 441 4196 ubi
481 4140 605 4194 fuse
632 4137 924 4193 admodum
957 4137 1306 4206 describitur,
1349 4139 1548 4194 inserta
1591 4139 1821 4207 epistola

218 4237 425 4304 integra
458 4232 793 4287 traductoris
819 4240 874 4286 et
901 4241 1279 4287 contentorum
1312 4231 1492 4287 tabula
1522 4246 1823 4302 repraesen-

219 4339 348 4383 tata.
379 4327 468 4380 Ex
492 4330 599 4380 lioc
629 4335 808 4379 autem
839 4336 1061 4394 apparet
1086 4325 1219 4378 duas
1245 4340 1366 4380 esse
1394 4324 1554 4394 hujus
1577 4326 1820 4394 ejusdem

219 4420 367 4486 anni,
413 4417 523 4473 loci
553 4428 611 4472 et
652 4414 994 4487 typographi,
1028 4413 1171 4469 haud
1213 4429 1403 4484 parum
1437 4425 1615 4469 tamen
1646 4415 1822 4485 quoad

219 4519 478 4567 contenta
510 4508 757 4562 dirersas
787 4506 1108 4563 Sermonum
1142 4505 1336 4561 Leonis
1356 4507 1656 4562 versiones.

1980 1907 2033 1960 2.
2076 1906 2414 1972 Navarrwus,
2450 1910 2487 1962 i.
2510 1923 2562 1963 e.
2591 1909 2763 1963 codex
2794 1908 2931 1962 Bibl.
2964 1908 3113 1982 Regii
3147 1912 3350 1982 collegii
3389 1911 3505 1966 Na-

1910 2002 2094 2055 vamei
2121 2001 2173 2055 in
2205 2002 2365 2055 Acad.
2407 2001 2582 2057 Paris.
2614 2002 2938 2059 Sermonum
2972 2006 3265 2075 variorum,
3306 2006 3359 2060 in
3388 2009 3506 2076 qui-

1910 2090 2011 2146 bus
2044 2092 2474 2161 plures'Leonis.

1984 2183 2038 2238 3.
2082 2185 2249 2256 Regii.
2280 2186 2605 2243 Lectionarii
2632 2188 2763 2257 duo,
2788 2190 2841 2244 in
2870 2190 3067 2261 quibus
3096 2192 3279 2262 plures
3310 2192 3507 2250 Leonis

1914 2278 2232 2335 Sermones.

1985 2370 2040 2424 4.
2085 2371 2601 2445 Sammaglorianus,
2669 2374 2841 2429 codex
2894 2374 3243 2432 Iectionarius
3287 2394 3388 2434 ms.
3439 2379 3509 2435 ad

1915 2478 2069 2518 usum
2099 2463 2327 2519 abbatiae
2356 2464 2411 2521 8⁴
2454 2464 2695 2536 Maglorii
2724 2466 3066 2534 Parisiensis,
3109 2470 3159 2523 iu
3189 2469 3321 2524 Bibl.
3354 2471 3511 2525 Sam-

1916 2558 2236 2625 magloriana
2280 2558 2544 2611 scminarii
2592 2560 3046 2629 archiepiscopalis
3098 2562 3511 2632 presbyterorum

1922 2647 2149 2702 Oratorii
2179 2647 2247 2702 D.
2272 2648 2397 2703 Jesu
2425 2652 2494 2704 ad
2520 2667 2695 2704 muros
2732 2651 3071 2721 Parisienses.

1989 2745 2041 2800 5.
2086 2744 2320 2798 Thuanei
2352 2764 2364 2798 :
2393 2745 2452 2798 1ο
2480 2746 2652 2800 codex
2698 2762 2800 2800 ms.
2853 2749 2941 2817 qni
2991 2748 3160 2802 fuerat
3205 2750 3333 2804 olim
3382 2750 3509 2805 Nic.

1920 2834 2104 2899 Fabri,
2138 2838 2189 2890 in
2220 2853 2326 2906 quo
2359 2837 2651 2892 Sermones
2674 2840 2880 2907 aliquot
2902 2838 3132 2905 Leonis;
3166 2842 3231 2895 2“
3260 2842 3397 2897 liber
3425 2842 3511 2898 Ie-

1918 2930 2212 2984 ctiouarius
2239 2930 2303 2983 ad
2335 2944 2489 2984 usum
2530 2931 2754 3000 insignis
2804 2932 3061 2987 Ecclesiae
3093 2932 3503 3003 Lugdunensis;

1920 3025 1983 3078 5°
2013 3022 2186 3078 codex
2232 3024 2578 3079 lectionarius
2618 3025 2675 3080 8.
2713 3025 2855 3080 Petri
2911 3026 3279 3093 Fossatensis,
3314 3028 3365 3084 in
3406 3043 3516 3099 quo

1921 3116 2214 3173 Sermones
2244 3119 2449 3188 plures,
2486 3134 2592 3174 scr.
2624 3134 2675 3173 a.
2712 3119 2871 3175 1057.

2477 3210 2557 3281 B)
2598 3210 2973 3279 Epistolarum.

1996 3302 2049 3356 1.
2090 3300 2489 3369 Barberiniani,
2546 3302 2762 3357 codices
2816 3319 2947 3359 mss.
3004 3312 3112 3359 tres
3167 3305 3303 3361 Bibl.
3360 3306 3514 3373 card.

1925 3393 2116 3449 Franc.
2154 3395 2477 3461 Barberinii,
2516 3411 2581 3451 ex
2623 3398 2815 3465 quibus
2847 3399 3023 3453 varias
3055 3400 3313 3456 lectiones
3348 3402 3518 3469 pluri-

1923 3503 2131 3542 marqu
2159 3488 2521 3557 Epistolarum
2560 3491 2618 3546 8.
2654 3491 2872 3557 Leonis,
2897 3493 3051 3562 jussu
3077 3508 3174 3548 suo
3201 3507 3516 3565 excerptas,

1921 3579 1988 3634 ad
2018 3578 2370 3647 Quesnellnm
2420 3591 2535 3650 post
2573 3584 2897 3651 publicatam
2950 3585 3176 3654 primam
3223 3587 3518 3643 editionem

1922 3671 2241 3726 transmisit.
2276 3672 2640 3743 signabantur
2670 3694 2811 3730 num.
2842 3676 2934 3743 57,
2960 3679 3027 3733 77
3044 3688 3099 3732 et
3115 3678 3274 3735 22888.
3305 3680 3519 3737 Tertius

1922 3779 2139 3834 quoque
2167 3764 2409 3820 codicem
2444 3766 2753 3838 Canonunt,
2782 3787 2941 3840 quem
2969 3772 3293 3838 Quesnellns
3318 3774 3519 3828 Itoma-

1924 3874 2050 3911 num
2084 3858 2235 3925 dicit,
2267 3862 2604 3916 continebat.

1994 3952 2051 4006 2.
2085 3951 2489 4019 Bellovacensis,
2529 3956 2566 4010 i.
2597 3971 2647 4012 e.
2697 3957 2833 4011 Bibl.
2870 3957 3113 4013 Ecclesiae
3143 3960 3520 4016 Bellovacensis

1925 4044 2093 4099 codex
2124 4062 2227 4099 ms.
2261 4048 2538 4101 Canonum
2566 4058 2621 4103 et
2648 4050 2997 4105 Decretorum
3023 4053 3440 4121 pontiliciorum,
3462 4054 3518 4109 in

1926 4140 2119 4210 quibus
2141 4156 2207 4194 ex
2236 4140 2418 4197 Leone
2452 4143 2622 4210 plura.
2950 4150 2963 4163 '

1998 4233 2053 4287 5.
2098 4232 2157 4288 S.
2189 4232 2571 4300 Germanensis,
2596 4236 2765 4290 codex
2793 4236 3130 4307 Dionysium:
3154 4238 3436 4292 Canonum
3463 4250 3521 4293 et

1928 4325 2281 4380 Decretorum
2309 4325 2655 4382 Collectionis
2680 4342 2746 4382 ex
2768 4327 2904 4381 Bibl.
2934 4339 3155 4381 monasl.
3186 4328 3246 4384 S.
3276 4328 3524 4383 Germani

1929 4433 1961 4471 a
1994 4416 2186 4471 Pratis.

1988 4511 2044 4565 ι.
2060 4509 2406 4578 Grimanicus,
2429 4511 2597 4567 codex
2620 4526 2723 4566 ms.
2748 4511 2814 4567 ι).
2836 4511 3074 4566 Grimani
3090 4512 3239 4567 card.
3260 4513 3316 4569 S.
3338 4513 3521 4580 Marci,

290 4600 459 4659 1564.
502 4598 575 4654 In
618 4599 836 4653 Venezia
869 4613 957 4670 per
977 4596 1246 4653 Girolamo
1284 4598 1484 4666 Scotto,
1512 4600 1680 4654 iri-4°.
1706 4600 1825 4654 Ser-
1850 4575 1906 4636 Β
1934 4614 2325 4675 nongentorum
2369 4604 2585 4659 circiter
2625 4620 2921 4668 annorum,
2965 4606 3017 4658 in
3058 4621 3163 4670 quo
3209 4614 3426 4663 centum
3472 4575 3527 4661 et

223 4694 368 4751 ωοηί
398 4692 543 4765 (III)
577 4693 631 4746 di
671 4691 731 4748 8.
761 4691 945 4746 Leone
973 4691 1150 4759 papal
1182 4709 1195 4746 :
1222 4690 1486 4746 Sermone
1520 4692 1584 4758 V,
1615 4691 1699 4746 del
1735 4692 1825 4745 Di‘

225 4787 389 4859 ginno
420 4786 515 4840 del
545 4786 766 4839 settimo
793 4799 977 4849 mese;
1021 4783 1286 4839 Sermone
1329 4782 1423 4850 XI,
1466 4782 1555 4838 del
1597 4784 1826 4852 Digiuno

229 4879 365 4934 delia
408 4885 638 4948 quattro
672 4886 942 4945 tempora;
976 4874 1240 4930 Sermone
1271 4875 1408 4931 nella
1434 4874 1569 4930 festa
1597 4876 1651 4930 di
1682 4876 1829 4930 Tutti

230 4969 421 5035 Santi;
448 4970 505 5022 in
537 4967 781 5023 Sermoni
808 4968 872 5020 de
895 4966 1003 5023 SS.
1030 4967 1304 5037 Agostino,
1338 4966 1671 5033 Crisostomo,
1701 4966 1829 5022 Ber-

231 5063 395 5114 nardo
438 5076 469 5115 e
518 5059 737 5113 Basilio.
784 5056 944 5113 Parte
980 5057 1217 5113 secunda
1262 5056 1348 5112 Cf.
1393 5058 1626 5128 Argelati
1657 5059 1739 5114 I.l
1778 5069 1832 5115 et

233 5174 286 5225 ρ.
318 5154 444 5220 158,
482 5154 540 5207 it.
565 5160 605 5206 t.
640 5151 681 5217 I,
711 5169 766 5221 p.
795 5149 881 5205 I4.
913 5152 1113 5206 Auctor
1142 5151 1412 5206 versionis
1443 5151 1546 5206 fuit
1571 5149 1834 5207 Caleatius

238 5252 623 5308 Florimontius
657 5250 949 5323 (Galeazzo
974 5248 1361 5321 Florimonzio)
1394 5253 1704 5319 episcopus.

316 5344 477 5401 1698.
505 5341 681 5409 Paris,
716 5343 837 5396 chcz
890 5341 1055 5395 Andr.
1093 5340 1344 5408 Pralard,
1374 5342 1541 5397 in-8°.
1576 5342 1837 5397 Sermons

241 5439 309 5493 de
344 5440 404 5493 S.
460 5437 641 5500 Leon,
692 5452 829 5507 pape
853 5477 869 5502 ,
902 5435 1217 5490 surnommé
1263 5434 1313 5490 ie
1357 5435 1538 5490 Grand
1564 5478 1578 5502 ,
1612 5435 1837 5489 tradnits

244 5549 334 5586 sur
359 5530 604 5587 l'édition
647 5531 815 5586 latine
845 5529 919 5585 du
952 5530 1010 5584 P.
1035 5530 1295 5598 Quesnel,
1326 5545 1421 5599 par
1451 5528 1667 5583 Nicolas
1698 5529 1838 5585 Fon-

247 5628 400 5680 teine.
426 5623 689 5680 Cat.Bibl.
722 5624 855 5695 Reg.
893 5622 1068 5678 Paris.
1100 5633 1138 5676 t.
1177 5623 1218 5689 I,
1250 5640 1306 5692 ρ.
1331 5622 1458 5690 585,
1490 5641 1542 5677 η.
1575 5624 1698 5680 811.

828 5715 859 5789 §
900 5713 987 5771 Ill.
1029 5714 1263 5770 Codices.

318 5813 451 5882 Qua:
477 5822 603 5869 ante
633 5810 972 5881 Quesnellum
998 5811 1050 5864 in
1078 5809 1377 5867 subsidium
1406 5821 1592 5865 vocata
1623 5822 1742 5865 sunt
1775 5814 1841 5867 ab

530 5905 808 5965 Ρλτιιοι..
860 5900 932 5960 Li
946 5902 1018 5967 ν.

1937 4709 2144 4769 septem
2188 4698 2389 4753 Leonis
2432 4698 2697 4767 cpismlze,
2750 4713 2972 4765 quarum
3008 4698 3185 4769 viginti
3236 4709 3351 4751 octo
3398 4710 3527 4752 ante

1935 4790 2287 4858 Quesnellum
2341 4805 2442 4845 non
2484 4798 2640 4844 erant
2681 4789 2861 4859 editae,
2907 4799 2961 4845 et
2999 4792 3181 4858 plures
3225 4791 3345 4845 alia:
3391 4807 3528 4859 pene

1936 4897 2110 4937 novae.
2156 4884 2459 4949 Acceperat
2503 4897 2625 4937 eum
2658 4897 2719 4936 ex
2754 4882 2889 4935 Bibl.
2934 4882 3125 4936 domus
3172 4882 3528 4940 inStitntionis

1934 4974 2168 5031 Oratorii
2206 4974 2266 5027 D.
2303 4974 2429 5029 Jesu
2460 4974 2525 5027 ad
2571 4990 2755 5028 muros
2790 4975 3139 5030 Parisienses.
3178 4976 3252 5030 De
3297 4977 3399 5031 lioc
3440 4994 3532 5032 co-

1939 5065 2060 5121 dice
2092 5066 2208 5120 luse
2246 5065 2484 5134 disputat
2513 5065 2838 5133 Quesnellus
2870 5065 2923 5119 in
2953 5066 3271 5136 praefatione
3298 5068 3325 5138 §
3354 5070 3408 5123 5.
3443 5068 3527 5124 Cl.

1945 5157 2223 5213 Observata
2253 5156 2673 5212 Balleriniorum.

2012 5250 2065 5303 5.
2108 5249 2448 5320 Corbeiensis,
2473 5251 2642 5305 codex
2666 5249 2947 5305 Canontnn
2978 5251 3407 5319 antiquissimus,
3441 5267 3535 5306 cu-

1940 5345 2027 5414 jus
2049 5344 2425 5398 collectionem
2460 5342 2794 5411 amplissime
2823 5342 3226 5411 descripsernnt
3259 5343 3535 5397 Balleriuit

1948 5437 2000 5491 in
2053 5436 2185 5491 diss.
2218 5436 2293 5505 'ldc
2329 5436 2555 5504 antiquis
2596 5434 2862 5488 Canonum
2901 5434 3287 5490 Colleclionibnx
3332 5437 3536 5489 inserta

1948 5539 2095 5585 tomo
2118 5528 2205 5595 Ill,
2226 5528 2363 5598 Opp.
2399 5527 2616 5584 Leonis.
2650 5530 2724 5582 Ex
2765 5526 2905 5581 Bibl.
2938 5539 3161 5581 monast.
3195 5528 3257 5583 S.
3292 5527 3539 5583 Germani

1946 5640 1977 5677 a
2020 5621 2217 5677 Pratis.

2018 5717 2074 5772 6.
2116 5713 2535 5779 Herovallianus,
2566 5713 2736 5768 codex
2773 5726 2876 5765 ms.
2912 5710 3223 5766 Isidoriana)
3248 5712 3540 5769 Collectio-

1952 5817 2055 5883 nis,
2089 5812 2171 5865 cui
2202 5817 2255 5863 et
2278 5808 2513 5862 Liberati
2556 5804 2888 5861 Breviarium
2916 5813 2969 5859 et
2998 5804 3097 5859 alia
3128 5807 3376 5875 quaedam
3410 5810 3537 5862 sub»
