4014 6350
446 427 459 477 ξ
505 386 607 443 107

499 604 801 664 acceperat,
833 592 1268 649 Herovallianum
1313 588 1625 663 appellavit,
1656 598 1942 665 antequam
1994 602 2082 643 re-

498 690 743 747 scivisset
792 688 934 742 illam
984 700 1103 743 esse
1144 699 1208 741 ex
1252 682 1389 736 Bibl.
1434 681 1641 735 Antonii
1687 678 1863 736 Faure
1899 680 1961 734 D.
2005 683 2081 734 tlt.

501 782 769 837 facultatis
800 780 971 834 Paris.
1006 777 1149 833 Eccl.
1178 785 1409 843 metrop.
1443 774 1727 829 Remensis
1758 771 2005 837 canonici
2033 783 2087 828 et

500 876 686 929 \‘iCarii
718 871 982 943 generalis
1012 867 1247 939 episcopi
1278 866 1650 921 Remensinm.

569 970 621 1022 7.
668 963 993 1029 Oxoniensis,
1025 961 1196 1017 Codex
1227 976 1326 1014 ms.
1368 961 1421 1016 in
1460 976 1565 1029 quo
1597 958 1758 1017 codex
1790 972 1947 1033 quem
1992 972 2086 1033 ap-

497 1064 656 1131 pellat
708 1056 1048 1126 Quesnellns,
1102 1052 1369 1111 Canonum
1412 1063 1459 1108 et
1503 1042 1906 1109 Constitutorum
1949 1050 2085 1104 sedis

497 1151 793 1222 apostolica:
823 1166 944 1204 cum
987 1148 1147 1203 variis
1180 1147 1396 1213 Leonis,
1446 1163 1565 1216 quae
1606 1146 1779 1199 eidem
1829 1152 2087 1197 annecte-

494 1248 710 1313 batttur,
739 1260 961 1316 quorum
995 1242 1223 1297 indicem
1253 1256 1359 1295 una
1381 1256 1502 1295 cum
1535 1242 1847 1311 apographo
1879 1235 2083 1290 codicis

495 1342 558 1397 ad
590 1341 788 1407 Quesn.
840 1338 1059 1391 miserat
1089 1336 1149 1389 E.
1202 1334 1529 1399 Bernardus,
1561 1331 1909 1386 astronomia:
1956 1339 2086 1383 tunc

495 1432 547 1485 in
588 1430 830 1485 acadeto.
878 1428 979 1481 Ox.
1012 1424 1303 1493 professor.
1336 1424 1667 1479 Servabatur
1708 1424 1759 1476 in
1808 1420 1944 1475 Bibl.
1980 1418 2082 1474 0x.

496 1520 698 1590 collegii
728 1518 1021 1582 Crielensis,
1058 1536 1109 1569 η.
1142 1516 1230 1580 91,
1263 1512 1327 1568 Β.

565 1616 620 1671 8,
668 1613 1015 1681 Remigianus,
1047 1608 1217 1665 codex
1250 1622 1348 1662 ms.
1383 1607 1771 1676 Epistolarum,
1802 1606 1955 1676 cujus
1988 1620 2085 1663 no-

497 1689 664 1759 titiam
688 1681 743 1758 et
768 1704 937 1756 varias
966 1701 1224 1755 lcetioues
1249 1716 1314 1755 ex
1346 1699 1483 1755 Bibl.
1512 1698 1571 1754 S.
1605 1698 1832 1767 Remigii
1856 1698 2087 1757 Remen-

497 1798 570 1850 sis
618 1795 1057 1865 suppeditaverat
1107 1793 1168 1857 D.
1200 1790 1396 1847 Franc.
1452 1791 1665 1863 Dellau,
1704 1791 2087 1853 Benedictiuus

500 1888 1006 1960 Sangertttanensis.

568 1980 621 2035 9.
664 1979 937 2033 Thuanei:
972 1980 1029 2031 1ο
1062 1977 1234 2032 codex
1266 1991 1368 2029 ms.
1400 1974 1676 2035 Canonnm
1706 1982 1762 2028 et
1782 1973 1971 2032 Const.
2001 1989 2087 2029 se-

498 2074 583 2128 dis
611 2081 783 2138 apost.
818 2086 938 2125 cum
970 2070 1188 2139 triginta
1219 2069 1388 2121 tribus
1414 2066 1609 2122 Leonis
1643 2067 1919 2135 Epistolis,
1943 2084 2087 2127 num.

499 2167 635 2231 4‘29;
667 2166 729 2219 2°
760 2165 931 2219 codex
978 2180 1079 2217 ms.
1115 2166 1166 2216 in
1191 2177 1297 2231 quo
1332 2162 1509 2229 plures
1546 2159 1801 2233 Epistula:
1830 2159 1896 2215 ad
1928 2176 2091 2229 syno-

498 2259 624 2314 dum
678 2256 1177 2312 Chalcedonensem
1233 2264 1285 2309 et
1331 2255 1397 2308 ad
1444 2254 1773 2307 Arelatensis
1828 2252 2091 2315 Ecclesia:

498 2351 772 2433 privilegia
809 2353 1165 2420 pertinentes,
1202 2349 1327 2401 item
1365 2346 1621 2414 Epistulae.
1654 2344 1893 2405 Flaviani
1918 2345 1983 2398 ad
2027 2344 2081 2401 S.

497 2444 732 2501 Leonem
778 2444 954 2498 versio
985 2453 1141 2496 antea
1190 2456 1294 2493 non
1336 2440 1503 2505 edita,
1539 2439 1749 2507 aliaque
1796 2440 2025 2506 primum
2060 2452 2090 2491 e

499 2535 738 2589 tenebris
766 2546 940 2603 eruta,
974 2549 1115 2586 num.
1148 2531 1283 2596 780;
1315 2532 1376 2585 5ο
1405 2530 1573 2585 codex
1600 2545 1701 2587 me.
1733 2530 1991 2584 librorum
2024 2529 2090 2583 de

500 2624 795 2683 Vocatione
833 2626 1071 2679 omnium
1110 2626 1371 2693 gentium,
1402 2631 1457 2677 et
1494 2622 1695 2692 aliquot
1726 2622 2088 2686 Epistolarum

499 2723 556 2778 S.
600 2721 833 2787 Leonis,
882 2736 1028 2773 num.
1080 2718 1213 2781 729;
1255 2715 1317 2769 4ο
1363 2716 1532 2769 codex
1582 2731 1685 2768 ms.
1736 2715 2089 2783 plurimarum

501 2815 863 2884 Epistolarum
896 2816 949 2863 S.
984 2812 1180 2865 Leonis
1205 2820 1441 2873 notatus,
1473 2825 1614 2862 num.
1652 2808 1790 2871 432;
1826 2807 1888 2862 5°
1918 2809 2091 2869 codex

502 2923 607 2963 ms.
658 2906 933 2961 Canonttm
966 2915 1019 2959 et
1052 2903 1406 2958 Decretorum
1452 2901 1552 2955 PP.
1594 2899 1754 2955 Rom.
1801 2903 2093 2955 collectore

502 3000 759 3071 Dionysio
792 2999 1029 3068 Exiguo;
1063 2996 1151 3062 6°,
1182 2997 1269 3061 7ο,
1304 2997 1388 3059 8ο,
1422 2993 1637 3049 Codices
1680 3008 1810 3048 mss.
1847 3002 1957 3049 tres
1988 2993 2093 3048 lsi-

501 3095 739 3151 doriante
782 3091 1145 3147 Conciliornm
1183 3098 1236 3143 et
1282 3088 1677 3159 pontiﬁeiarnm
1730 3087 2090 3153 Epistolarum

503 3184 875 3248 Collectionis;
909 3183 972 3238 9°
1004 3180 1173 3235 codex
1208 3194 1307 3233 ms.
1333 3179 1463 3232 Cun.
1493 3189 1546 3232 et
1575 3177 1921 3231 Decretorum
1955 3193 2089 3246 pon-

1033 380 1555 441 SCHCENEMANNI
1595 378 1875 434 NOTITIA
1918 377 2732 445 HISTORICO-LITTERARIA
2775 378 2837 433 IN
2877 378 2934 435 8.
2978 378 3279 435 LEONEM.

497 504 781 577 jiciuntur;
820 513 1007 577 quem,
1032 498 1155 569 quia
1194 494 1461 553 beneﬂcio
1489 492 1557 547 υ.
1598 492 1735 553 Vion
1766 492 2086 551 d’Het-onvat
2112 496 2159 553 Α
2190 472 2441 547 homilias
2485 493 2536 547 in
2582 493 2857 551 nocturnis
2904 490 3102 553 divinis
3149 493 3345 577 officiis
3393 493 3695 555 recitztndas
3726 496 3780 552 in

3680 382 3785 437 108

2190 585 2362 641 Natali
2395 585 2451 639 S.
2494 584 2722 651 Leonis,
2770 583 3059 651 Passione,
3096 563 3530 647 Resitrrectione,
3576 587 3783 643 Asvcn-

2189 678 2341 729 sione
2388 675 2621 739 Domini,
2656 684 2709 730 et
2750 674 3090 743 Pentecoste,
3146 689 3305 746 atque
3346 676 3415 730 de
3460 693 3775 735 sanctorum

2189 769 2555 837 apostolorum
2585 765 2725 821 Petri
2756 779 2807 821 et
2840 766 2986 821 Pauli
3020 767 3471 823 solemnitatibus.
3505 768 3625 825 Scr.
3657 786 3782 825 eor-

2189 869 2341 913 rente
2388 874 2515 913 smc.
2550 875 2663 925 rut,
2717 859 2970 913 Romanis
3010 858 3412 915 characterihus
3452 862 3504 917 in
3534 863 3665 917 titius
3692 879 3783 919 eo-

2188 951 2399 1009 lumnas
2429 953 2718 1008 distinctis.
2764 954 2930 1023 llujtts
2963 965 3016 1009 et
3041 956 3315 1027 sequentis
3348 958 3627 1021 scriptura:
3657 972 3783 1028 spe-

2188 1043 2388 1098 cimitta
2428 1060 2537 1099 aere
2566 1045 2729 1098 incisa
2759 1050 3039 1115 praposuit
3068 1045 3376 1103 Cacciarius
3406 1050 3456 1103 in
3488 1047 3594 1104 ﬁde
3624 1049 3785 1123 hujus

2188 1152 2470 1203 recensus,
2504 1137 2635 1197 torni
2667 1137 2687 1191 Ι
2716 1138 2865 1207 praef.
2901 1156 2956 1209 ρ.
2986 1138 3077 1194 29.

2258 1227 2313 1281 2.
2348 1225 2544 1283 Codex.
2582 1244 2723 1281 num.
2764 1228 2925 1294 5856,
2962 1230 3127 1283 altera
3158 1245 3283 1302 pars
3322 1231 3673 1301 pra-cedentis
3700 1231 3781 1288 le-

2189 1318 2462 1383 ctionarii,
2494 1320 2779 1373 continens
2808 1320 3100 1375 Sermones
3132 1322 3185 1377 in
3233 1323 3367 1376 festo
3419 1322 3519 1379 SS.
3573 1334 3782 1396 septem

2191 1411 2412 1467 fratrum
2440 1414 2895 1481 Macltabmorttm,
2926 1416 2982 1472 S.
3011 1415 3306 1483 Laurentii,
3340 1419 3408 1474 de
3425 1420 3639 1491 Jejnnio
3660 1436 3785 1493 sep-

2189 1505 2304 1558 titni
2339 1508 2537 1559 mensis
2582 1507 2713 1561 alias
2735 1524 2820 1570 tue
2852 1506 3103 1563 homilias
3149 1524 3316 1581 usque
3343 1511 3409 1564 ad
3439 1510 3782 1568 Nativitatem

2189 1598 2403 1655 Domini
2437 1600 2764 1666 recitandas,
2791 1603 2929 1656 inter
2960 1618 3093 1677 quas
3123 1604 3353 1659 celebris
3382 1604 3485 1675 Ep.
3520 1605 3683 1663 XXIV
3714 1606 3783 1661 ad

2191 1688 2507 1749 Flavianum
2536 1693 2604 1748 de
2639 1692 3009 1751 Incarnatione
3038 1694 3218 1750 Verbi.

2266 1788 2315 1842 5.
2347 1785 2523 1841 Codex
2542 1806 2683 1849 num.
2712 1790 2873 1857 5828,
2909 1807 3285 1865 pergamenus,
3332 1808 3367 1851 χ
3405 1793 3606 1853 sarculo
3657 1808 3784 1849 exao

2122 1886 2166 1945 Β
2198 1886 2366 1943 ratus,
2401 1882 2690 1937 continens
2722 1882 2925 1954 aliquot
2962 1884 3250 1943 Sermones
3300 1882 3497 1942 Leonis
3532 1884 3588 1942 in
3617 1885 3786 1942 variis

2190 1972 2316 2024 anni
2349 1974 2809 2031 solemnitatibus.

2263 2066 2313 2118 4.
2348 2065 2521 2120 Codex
2544 2085 2683 2125 num.
2723 2067 2883 2136 1195,
2919 2084 3281 2137 pergamenus
3333 2068 3539 2135 in-l'ol.,
3585 2082 3788 2145 praeter

2197 2160 2457 2229 quasdam
2493 2172 2800 2216 sanctorum
2840 2162 3106 2226 homilias,
3138 2163 3296 2219 etiam
3330 2163 3520 2218 Le0nis
3551 2166 3786 2221 nonnul-

2193 2250 2271 2303 las
2298 2255 2605 2307 continens.
2640 2254 2755 2309 Scr.
2790 2256 2929 2310 circa
2968 2271 3022 2313 xi
3045 2270 3169 2311 saec.
3207 2253 3488 2317 Cacoiario
3511 2257 3707 2324 judice.

2264 2346 2316 2398 5.
2344 2342 2516 2405 Codex
2547 2365 2690 2402 num.
2727 2346 2888 2417 1267,
2931 2358 2989 2404 ιιι
3026 2347 3343 2417 praecedens
3376 2348 3544 2409 [arma
3593 2350 3786 2427 majori

2199 2439 2251 2492 in
2306 2439 2513 2494 duabus
2559 2441 2822 2495 eolttmnis
2868 2452 3119 2499 exaratos
3156 2443 3297 2497 circa
3352 2458 3477 2503 srec.
3524 2459 3598 2508 xl,
3644 2452 3785 2497 cont.

2195 2530 2334 2585 inter
2382 2533 2610 2593 plurium
2666 2546 2905 2588 veterum
2959 2531 3063 2588 PP.
3118 2534 3443 2605 Sermones,
3498 2536 3791 2595 nonnullos

2195 2622 2389 2678 Leonis
2409 2625 2475 2679 Μ.
2513 2625 2580 2679 de
2609 2624 2896 2682 Nativitate
2925 2635 2979 2681 et
3030 2626 3328 2705 Epiphania
3360 2642 3415 2683 et
3461 2628 3529 2683 de
3576 2626 3633 2691 S.
3664 2628 3791 2689 Ste-

2196 2716 2398 2785 phnno.

2269 2808 2320 2863 6.
2368 2807 2541 2864 Codex
2590 2826 2730 2863 num.
2801 2808 2972 2875 1268;
3028 2825 3151 2879 pars
3201 2810 3369 2865 altera
3427 2810 3791 2887 prazcedentis

2196 2900 2517 2968 lectionarii,
2556 2910 2691 2953 cont.
2728 2899 3025 2957 SermOnes
3075 2902 3503 2975 quamplurimas
3545 2918 3574 2957 a
3607 2903 3789 2959 ἀθηιί-

2196 2992 2313 3046 nica
2345 2994 2768 3064 Septuagesimze
2797 3009 2973 3065 nsque
2998 2995 3064 3048 ad
3088 2994 3430 3051 Nativitatem
3461 2994 3672 3052 Domini
3705 2998 3790 3055 le-

2194 3086 2418 3163 gerulos.

2264 3177 2316 3230 7.
2343 3175 2517 3231 Codex
2539 3195 2679 3232 num.
2716 3177 2883 3244 1269;
2914 3187 3183 3250 postrema
3208 3194 3333 3250 pars
3349 3178 3615 3248 ejusdem,
3641 3194 3785 3243 cont.

506 3278 705 3333 tilieum
740 3277 920 3341 Rom.,
956 3273 1129 3343 qualis
1170 3271 1345 3327 editus
1377 3269 1664 3340 Moguntite
1706 3286 1756 3324 a.
1793 3270 1949 3333 1525,
1997 3274 2088 3341 qui
2117 3260 2162 3321 C
2196 3280 2390 3339 praeter
2415 3270 2705 3326 Sermones
2732 3271 2799 3326 de
2853 3271 3143 3340 Tempore,
3192 3274 3463 3328 orationes
3507 3274 3575 3328 tle
3614 3274 3790 3333 Natali

504 3372 604 3427 fuit
629 3372 757 3426 olim
784 3369 993 3425 Claudii
1016 3366 1254 3421 Falcheti
1279 3365 1553 3440 (Fauchet
1572 3368 1621 3431 );
1650 3366 1744 3420 10Ο
1768 3365 1938 3425 codex
1962 3382 2091 3441 ms.,

506 3466 558 3522 in
592 3483 698 3537 quo
724 3483 851 3536 pars
881 3476 1122 3519 actorum
1152 3462 1344 3533 synodi
1371 3461 1851 3521 Chalcedonensis,

560 3560 646 3614 10.
680 3555 1195 3619 Treco-Pithoeanus,
1219 3552 1387 3607 codex
1416 3568 1515 3606 ms.
1545 3542 2092 3609 continensConcilia

507 3651 757 3722 plurima,
794 3650 1060 3717 Epistolas
1086 3646 1384 3717 pontilicias
1428 3646 1835 3713 prteserlimque
1870 3644 2086 3709 Leonis,

508 3754 564 3801 et
593 3744 692 3798 alia
729 3754 1069 3796 monumenta
1100 3738 1489 3801 ecclesiastica,
1537 3735 1627 3807 qui
1658 3737 1784 3789 olim
1832 3736 1898 3789 ad
1946 3737 2094 3792 cele-

509 3836 803 3890 berrimum
832 3833 1095 3887 Pithmnm
1129 3830 1405 3899 pertinuit,
1427 3845 1491 3882 ex
1525 3827 1659 3881 Bibl.
1683 3829 1884 3903 collegii
1914 3828 2098 3884 Treca-

512 3927 771 3982 Pithazani
803 3925 1207 3996 presbyterorum
1240 3922 1465 3975 Oratorii
1492 3920 1555 3973 ο.
1588 3920 1731 3973 Iesu.

846 4016 909 4086 (ἶ)
952 4015 1256 4070 Sermonum
1293 4023 1339 4066 et
1376 4010 1745 4081 Epistolarum.

586 4112 637 4164 1.
677 4108 1050 4171 Cisteraensis,
1074 4106 1113 4160 i.
1140 4121 1193 4160 e.
1217 4102 1355 4158 Bibl.
1382 4104 1594 4157 abbatiw
1620 4101 1967 4156 Cisterciensis
1991 4099 2098 4154 Pa-

514 4206 688 4270 risiis;
720 4203 889 4257 codex
922 4217 1022 4253 ms.
1057 4176 1209 4267 cujus
1237 4196 1465 4251 indicem
1494 4202 1546 4249 et
1567 4194 1682 4249 loca
1709 4194 1914 4264 aliquot
1946 4209 2096 4248 com-

514 4295 883 4351 municaverat
914 4292 973 4344 ι).
1016 4288 1246 4344 Jacobus
1276 4287 1343 4342 de
1373 4287 1617 4355 Lattnoy,
1649 4284 1888 4359 ejusdem
1932 4285 2098 4340 abba-

515 4390 599 4444 tize
629 4386 899 4455 subprior.

582 4483 637 4534 Ξ.
682 4474 1155 4539 Cloromaricensis,
1184 4473 1219 4525 i.
1245 4487 1291 4525 e.
1328 4469 1465 4523 Bibl.
1494 4468 1793 4522 monasterii
1824 4467 2091 4521 Claromo-

511 4570 720 4626 ricensis
760 4583 925 4636 prope
970 4561 1459 4632 Andomaropolim;
1491 4559 1657 4614 codex
1692 4574 1794 4613 ms.
1826 4560 1981 4628 cujus
2014 4560 2095 4613 ln-

510 4663 683 4718 dicem
720 4675 813 4729 per
840 4659 925 4713 Jo.
960 4654 1320 4709 MabiHonittm
1352 4659 1653 4719 acceperat.

578 4756 633 4810 5.
679 4752 737 4809 8.
774 4750 1001 4805 Marioni
1029 4758 1073 4802 et
1106 4746 1484 4815 Regniacensis,
1518 4744 1554 4797 i.
1589 4760 1640 4799 e.
1676 4742 1814 4795 Bibl.
1853 4751 2098 4794 monaste-

508 4850 575 4903 rii
610 4848 669 4903 S.
704 4845 933 4899 Mariani
978 4840 1433 4895 Autissiodorensis
1480 4839 1595 4891 ard.
1628 4835 2099 4890 Prmmonstraten-

508 4943 598 4999 sis.
633 4939 847 4994 codicvs
876 4953 1004 4991 mss.
1035 4935 1161 4998 duo,
1192 4948 1417 5001 quorum
1451 4932 1675 4983 collatas
1701 4930 1961 4983 lectiones
1992 4945 2095 4984 una

510 5050 632 5089 cum
680 5031 855 5087 indice
904 5030 1145 5089 alterius,
1197 5028 1282 5093 qui
1331 5025 1501 5079 fuerat
1536 5023 1895 5093 Rr‘gttiacensis
1926 5038 2098 5075 mona-

506 5126 649 5179 sterii
682 5124 950 5193 excerpsit
975 5131 1027 5175 et
1050 5122 1114 5173 ad
1146 5117 1494 5185 Qut-snellunt
1528 5116 1671 5169 misit
1714 5114 1777 5167 Ι).
1810 5113 2095 5169 Chrestien

506 5218 658 5274 Eccl.
690 5216 983 5291 Autissiod.
1018 5230 1139 5268 can.
1167 5222 1219 5265 et
1251 5211 1413 5263 theol.
1446 5210 1566 5262 Par.

575 5311 631 5369 4.
684 5310 995 5371 Victorinus,
1028 5306 1065 5359 1.
1098 5320 1145 5358 e.
1189 5301 1328 5356 Bibl.
1372 5303 1431 5357 S.
1474 5301 1698 5355 Victoris
1746 5299 2095 5364 Parisiensis;

505 5404 673 5460 codex
719 5419 818 5457 ms.
870 5402 1189 5456 Sermonum
1224 5402 1275 5449 et
1307 5395 1663 5462 Epismlarum
1700 5396 1809 5447 lerc
1855 5394 2093 5446 omnium

506 5495 565 5552 S.
603 5496 821 5551 Leonis.

984 5582 1046 5637 il.
1092 5595 1307 5637 CODICEs
1348 5594 1631 5635 CACCIARII.

1066 5675 1145 5743 A)
1189 5674 1518 5727 Sermonum.

576 5773 617 5829 l.
668 5774 1009 5828 Vaticani.—
1040 5774 1087 5827 1.
1144 5773 1317 5827 Codex
1366 5790 1505 5824 num.
1555 5771 1713 5825 7855.
1771 5770 1920 5824 Prior
1973 5784 2095 5835 pars

502 5867 704 5938 antiqui
740 5867 1046 5938 pergzttoeni
1076 5868 1395 5937 icClltmol‘ii,
1425 5876 1703 5918 continens
1748 5865 2093 5933 quamplures

2200 3361 2300 3418 SS.
2333 3364 2695 3431 apostolorum
2729 3363 2866 3417 Petri
2899 3374 2951 3416 et
2985 3362 3156 3430 Pauli,
3202 3364 3269 3418 de
3295 3363 3465 3418 Natali
3500 3364 3598 3421 SS.
3649 3364 3795 3427 Latio

2199 3456 2379 3509 rentiii
2438 3467 2490 3510 et
2539 3456 2606 3515 de
2659 3456 2719 3513 S.
2764 3454 2959 3515 Leuitis
3012 3454 3397 3528 Assumptione
3450 3457 3517 3519 ad
3573 3459 3792 3535 pontilio

2198 3558 2401 3607 calum.

2272 3640 2324 3695 8.
2356 3640 2529 3694 Codex
2551 3657 2697 3697 num.
2730 3638 2889 3706 1270,
2929 3652 3285 3708 pergamenus
3317 3638 3528 3694 in-folio
3569 3656 3792 3712 magno,

2200 3734 2252 3787 in
2285 3749 2392 3804 quo
2442 3733 2570 3786 varii
2622 3732 2816 3787 Leonis
2843 3734 3155 3787 Sermones.
3185 3728 3490 3787 Cacciarius
3515 3732 3633 3800 ejus
3663 3733 3795 3789 sub.

2200 3826 2338 3882 sidio
2364 3826 2701 3895 potissimum
2731 3840 3036 3880 sermonem
3055 3824 3123 3880 de
3153 3824 3289 3880 lesm
3310 3824 3595 3881 Cathedro:
3626 3827 3795 3897 Petri,

2200 3935 2361 3993 quem
2393 3918 2594 3989 primus
2625 3918 2969 3987 Qnesnellus,
3009 3917 3101 3971 sed
3136 3920 3381 3972 mutilum
3423 3932 3475 3974 et
3528 3920 3791 3988 imperfe-

2200 4019 2368 4075 ctum,
2416 4012 2714 4083 evulgarat,
2771 4010 3105 4082 primigenia:
3148 4011 3438 4081 integritati
3489 4012 3795 4073 reddidisse

2202 4110 2446 4157 testatur.

2272 4193 2326 4251 9.
2379 4193 2555 4248 Codex
2580 4210 2723 4247 num.
2772 4192 2929 4258 12H,
2976 4206 3332 4269 pergamenns
3372 4192 3574 4263 in-l‘ol.,
3604 4195 3797 4261 varios

2202 4286 2400 4342 Leonis
2424 4287 2715 4341 Sermones
2745 4283 3026 4339 exhibens.

2274 4382 2362 4435 10.
2396 4376 2567 4433 Codex
2606 4395 2748 4431 num.
2784 4377 2938 4444 1272,
2976 4391 3327 4455 pergamenus
3369 4374 3423 4431 in
3451 4385 3660 4445 quarto,
3689 4392 3795 4433 sse-

2202 4474 2307 4529 culi
2340 4490 2394 4538 x,
2428 4484 2563 4526 cont.
2595 4472 2889 4531 Sermones
2915 4480 2969 4525 ct
3019 4469 3281 4524 llomilias
3310 4485 3432 4538 qua:
3459 4469 3587 4524 olim
3648 4469 3796 4541 lege-

2203 4569 2399 4621 bantur
2427 4570 2476 4620 in
2508 4566 2733 4636 singulis
2763 4565 3128 4634 apostolorum
3160 4565 3555 4625 festivitatibus.
3589 4563 3797 4627 Prmter

2125 4649 2178 4708 Ῑ)
2204 4657 2458 4729 quasdam
2480 4656 2677 4713 Leonis
2700 4658 2994 4717 orationes.
3020 4656 3479 4726 habebatqnoque
3507 4659 3798 4729 antiquum

2201 4750 2487 4821 quemdam
2520 4748 2693 4807 Missa:
2714 4748 3008 4815 Cononem,
3036 4748 3268 4802 humilia:
3299 4748 3366 4802 de
3396 4758 3518 4802 octo
3548 4748 3791 4811 Beatittt-

2204 4844 2415 4901 dinibns
2443 4843 2773 4913 atljunetum,
2813 4858 2971 4914 quem
3032 4841 3298 4912 integrum
3350 4842 3655 4898 Cacciarins
3687 4857 3793 4905 una

2202 4953 2323 4992 cum
2356 4936 2727 4991 characternm
2759 4936 3051 5004 specimine
3075 4934 3175 5013 ipsi
3214 4933 3463 5005 subjecto
3483 4950 3638 5007 pagg.
3659 4934 3795 4992 297.-

2200 5031 2321 5095 504,
2368 5040 2405 5084 t.
2438 5030 2477 5096 1,
2502 5031 2691 5087 excudi
2716 5031 2940 5089 curavit.
2970 5042 2973 5043 '

2274 5122 2359 5178 11.
2391 5120 2564 5177 Codex
2587 5140 2728 5177 mon.
2760 5121 2923 5186 4222,
2958 5120 3169 5177 in-lolio
3200 5133 3393 5197 magno
3415 5118 3793 5189 Longobardi-

2201 5215 2276 5269 cis
2307 5215 2711 5269 characterihtts
2761 5223 3040 5283 exoratus,
3087 5227 3211 5267 saec.
3244 5228 3319 5277 xx,
3352 5222 3488 5267 cont.
3525 5212 3792 5280 quosdam

2202 5307 2395 5362 Leonis
2452 5308 2741 5363 Sermones
2798 5305 3091 5365 secundum
3154 5304 3280 5363 anni
3331 5304 3445 5360 dies
3493 5302 3662 5369 festos
3714 5304 3797 5359 le-

2200 5399 2424 5470 gendos.

2276 5492 2361 5551 l2.
2397 5488 2567 5545 Codex
2610 5505 2750 5541 num.
2785 5485 2958 5553 5451,
2992 5504 3118 5549 scrc.
3157 5504 3230 5549 xtl
3292 5485 3547 5543 Romanis
3596 5486 3797 5549 chara-

2204 5587 2439 5638 ctcribtts
2470 5584 2719 5650 scriptus,
2753 5588 2886 5633 cont.
2927 5579 3131 5643 Leonis
3173 5580 3472 5643 Sermones
3494 5580 3561 5635 de
3590 5578 3796 5639 solem-

2206 5677 2371 5729 nitate
2406 5674 2644 5737 l'asclne,
2673 5671 3018 5728 Pentecosms
3048 5682 3100 5729 et
3134 5670 3200 5733 de
3243 5669 3392 5725 lcstis
3442 5670 3541 5726 SS.
3576 5680 3799 5741 aposto-

2206 5770 2373 5823 lorum
2413 5767 2551 5821 Petri
2582 5778 2631 5818 et
2655 5764 2825 5819 P-uli.
3376 5816 3387 5827 ,

2280 5864 2362 5917 15.
2397 5860 2567 5914 (Ιοιιε.ι;
2621 5874 2764 5914 mon.
2822 5856 2984 5924 0150,
3046 5870 3421 5931 pergamenus,
3453 5871 3523 5921 xit
3580 5853 3795 5926 oraculi,
