4014 6350
516 316 617 375 111

1028 306 1542 367 SCHG‘JNEMANNI
1584 300 1858 360 NOTITIA
1902 296 2715 359 lllSTORlCO-LITTERARIA
2760 307 2827 363 1N
2866 307 2927 367 S.
2970 310 3278 369 LEONEM.

3183 183 3229 211 τι

3694 317 3802 376 il!

576 439 671 511 βε.
698 436 869 490 Codex
890 450 1033 487 num.
1054 431 1215 497 5791,
1241 445 1366 485 διες.
1402 443 1498 493 χιι,
1521 425 1739 496 optimae
1766 430 1928 487 notae,
1957 426 2093 473 cont.

2241 429 2341 473 ant.
2387 421 2773 481 Collectionem
2817 426 3230 499 Dionysianam,
3273 428 3329 485 in
3379 445 3482 503 qua
3515 432 3559 481 V
3586 440 3794 492 tantum

509 530 711 587 Leonis
743 526 1015 596 Epistolas
1043 524 1109 580 L.

571 622 675 678 :24.
707 620 884 677 Codex
908 636 1051 674 num.
1086 615 1247 683 5836,
1279 612 1653 678 lectionarius,
1684 610 1751 665 de
1791 622 1900 681 quo
1941 620 2104 676 supra

513 716 570 773 iu
599 715 931 771 Sermonibus
971 712 1171 767 dictum
1197 716 1301 777 est,
1332 717 1469 761 cont.
1498 706 1668 760 solam
1714 703 2009 774 Epistolam
2038 700 2107 757 ad

513 807 853 875 Flavianum,
884 820 1042 876 quam
1073 802 1272 859 saeculo
1299 815 1393 855 vut
1418 810 1472 856 et
1501 815 1561 854 ιχ
1585 800 1638 853 in
1670 797 1867 853 divinis
1907 794 2106 852 ol'ticiis

513 913 638 960 ante
663 904 856 957 festum
887 897 1190 954 Nativitatis
1211 896 1392 966 legere
1431 893 1710 950 solebant.

583 997 673 1051 25.
708 994 880 1050 Codex
908 1008 1049 1046 nam.
1077 990 1241 1055 ⁸5787,
1276 1002 1666 1059 pergamenus,
1695 983 1923 1047 iit-folio,
1975 996 2106 1036 saec.

512 1105 607 1153 xu,
637 1096 773 1141 cont.
801 1086 935 1155 Epp.
964 1084 1033 1139 Vl
1059 1084 1125 1140 de
1152 1098 1317 1138 causa
1340 1082 1489 1138 Eccl.
1510 1077 1891 1136 Alexandrinae
1920 1083 1976 1133 et
2009 1074 2107 1130 Ti-

510 1180 716 1237 mothei
734 1179 927 1235 lElUl‘i.

584 1275 677 1332 26.
718 1272 894 1330 Codex
946 1290 1089 1327 num.
1157 1272 1325 1338 4661,
1373 1267 1701 1339 praecedenti
1748 1264 2108 1338 respondens,

515 1374 653 1420 cont.
688 1364 908 1419 totidem
935 1364 1223 1433 Epismlas.

586 1456 679 1511 27.
708 1455 884 1511 Codex
914 1472 1056 1509 num.
1090 1456 1253 1520 5748,
1289 1464 1426 1509 cont.
1453 1451 1731 1509 Cresconii
1750 1451 2106 1508 Concordiam

518 1550 798 1608 Canonum
829 1565 951 1607 cum
996 1548 1267 1604 nonnullis
1302 1547 1502 1603 Leonis
1554 1545 1816 1617 Epistolis
1868 1546 2113 1602 decreta—

521 1644 687 1791 mglg:
712 1733 887 1789 Codex
915 1749 1059 1787 num.
1095 1732 1257 1798 5750,
1289 1746 1398 1786 scr.
1422 1738 1548 1785 ante
1573 1744 1701 1785 saec.
1728 1746 1803 1784 ιχ.
1842 1728 1983 1784 Olim
2015 1727 2115 1782 fuit

2208 516 2403 571 Leonis
2429 517 2707 585 Epistolas.

2283 609 2344 663 V.
2376 608 2742 677 Taurinemis,
2775 610 3107 669 Bibliotheca:
3135 615 3294 686 regia:
3321 616 3492 672 codex
3523 635 3663 674 num.
3699 622 3800 691 29,

2212 703 2397 765 0.1V,
2449 720 2807 775 pergamenus
2854 706 3095 775 in-l'olio,
3139 709 3281 765 circa
3313 725 3439 767 saec.
3480 729 3574 768 χιιι
3598 715 3802 784 optime

2209 810 2493 865 exaratus,
2545 810 2683 852 cont.
2730 798 2817 854 Lll
2864 798 3062 855 Leonis
3108 801 3374 869 Epistulas
3416 815 3471 861 et
3517 810 3802 864 nonnullas

2209 888 2462 944 aliorum.
2513 888 2825 946 Contulerat
2877 907 2973 959 pro
3017 892 3295 950 Cacciario
3335 895 3394 951 P.
3428 896 3661 969 Cyrillus
3692 900 3807 957 Gu-

2211 978 2452 1036 bernatis
2474 978 2707 1037 Carmeli
2733 983 3085 1041 Taurinensis
3115 986 3384 1055 alumnus,
3419 1004 3471 1044 a.
3508 991 3668 1049 i739.

2284 1074 2373 1129 Vl.
2406 1073 2765 1142 Florentium,
2817 1076 3151 1135 Bibliotheca:
3185 1080 3450 1138 Medicina:
3479 1086 3649 1141 codex
3681 1102 3806 1158 per-

2211 1182 2474 1239 ganuenus
2496 1168 2733 1235 in-lolio,
2762 1185 2888 1224 saec.
2920 1187 3034 1235 χιιι,
3064 1183 3201 1227 cont.
3224 1188 3416 1233 omnes
3437 1176 3633 1236 Leonis
3662 1181 3805 1253 Epp.

2212 1258 2513 1315 editionum
2544 1269 2669 1315 ante
2699 1260 3043 1329 Quesnellum
3070 1264 3427 1335 vulgatarum.

2288 1351 2397 1407 Vll.
2428 1352 2756 1408 Grimaneus.
2798 1353 3045 1412 Celebris
3092 1357 3253 1430 hujus
3281 1360 3483 1417 codicis
3525 1364 3813 1435 exemplar

2213 1445 2527 1503 Cacciarius
2571 1448 2624 1501 in
2666 1449 2956 1505 chartaceo
2999 1450 3128 1507 folio
3169 1453 3389 1510 Parisiis
3416 1458 3649 1512 exscribi
3683 1459 3813 1514 fecit

2214 1539 2282 1593 ad
2304 1540 2697 1611 explorandam
2712 1540 2988 1608 Quesnelli
3007 1544 3190 1614 tidem,
3217 1545 3451 1619 indeque
3476 1549 3527 1603 in
3554 1550 3809 1607 Vaticana

2216 1631 2357 1688 Bibl.
2389 1633 2650 1703 reposuit.

2290 1726 2427 1781 Vlll.
2460 1727 2867 1797 Ratisbonensis,
2897 1731 3227 1789 Bibliotheca
3248 1739 3545 1792 monasterii
3566 1738 3627 1795 S.
3656 1739 3815 1796 Eme-

516 1829 829 1884 monasterii
881 1829 939 1884 S.
992 1827 1311 1883 Columbani
1382 1824 1681 1880 Bobiensis.
1731 1824 1881 1879 Cant.
1935 1821 2107 1877 XXX]
2140 1810 2368 1887 Brami,
2394 1821 2564 1878 codex
2587 1826 2875 1892 numJla,
2894 1826 3094 1883 DOAA.
3117 1830 3497 1887 membraneus
3517 1833 3811 1903 in-quarto,

518 1922 716 1979 Leonis
747 1923 883 1992 Epp.
910 1936 1030 1975 cum
1058 1920 1239 1990 priore
1289 1918 1479 1989 synodi
1510 1917 1842 1972 Chalcedon.
1874 1915 2107 1970 actione.

517 2013 770 2068 Formam
802 2029 864 2068 ac
889 2014 1255 2067 characterem
1284 2009 1591 2067 Caeciarius
1620 2025 1730 2065 aere
1760 2009 1985 2065 incisam
2017 2008 2111 2064 de-

518 2107 597 2163 dit
617 2125 733 2179 pag.
768 2107 857 2162 65.

589 2200 684 2255 29.
716 2198 890 2253 Codex
919 2212 1063 2251 num.
1093 2194 1256 2260 5845,
1306 2191 1713 2258 antiquissimus
1751 2199 1803 2245 et
1835 2189 2112 2245 Cacciario

519 2294 839 2364 plerumque
860 2289 1298 2359 Longobardicus
1321 2287 1520 2355 dictus,
1548 2294 1689 2340 cont.
1714 2283 2108 2339 Collectionem

520 2385 799 2443 Canonum
846 2393 903 2440 et
939 2384 1074 2453 Epp.
1119 2379 1327 2452 pontiii'.
1377 2379 1556 2442 Rom.,
1602 2379 1745 2433 inter
1781 2390 1914 2446 quas
1943 2373 2112 2430 XXIV

520 2483 739 2540 Leonis.

594 2577 657 2631 ll.
697 2570 1251 2628 Vaticano-Palatinus
1277 2566 1469 2630 codex,
1516 2581 1658 2619 num.
1714 2563 1842 2633 579,
1896 2576 2023 2618 saec.
2054 2576 2111 2629 χ,

521 2676 660 2724 cont.
684 2667 752 2722 IV
788 2674 990 2720 tantum
1022 2660 1220 2717 Leonis
1252 2658 1549 2730 Epistolas.

593 2760 682 2815 Ill.
714 2754 1287 2813 Vaticano-Urbinates.
1320 2753 1458 2807 -1.
1484 2750 1660 2805 Codex
1686 2765 1831 2803 nunt.
1865 2746 1957 2816 65,
1988 2761 2115 2816 per-

522 2867 804 2924 gamenus,
837 2850 1038 2919 optime
1062 2861 1187 2902 saec.
1214 2861 1281 2898 xv
1310 2842 1563 2912 scriptus.
1591 2848 1730 2897 cont.
1756 2853 1947 2895 omnes
1973 2837 2112 2908 Epp.

523 2944 821 3001 editionum
849 2951 973 2995 ante
1002 2936 1349 3006 Quesnellum
1384 2935 1747 3003 vulgatarum.

596 3038 652 3091 ‘2.
685 3035 859 3091 Codex
889 3049 1030 3086 nam.
1065 3032 1190 3095 179,
1221 3043 1435 3091 recens,
1475 3025 1720 3095 adeoque
1749 3020 1927 3093 exigui
1958 3034 2111 3088 usus,

526 3139 665 3187 cont.
694 3126 1086 3182 Collectionem
1117 3120 1309 3175 lsidori
1336 3118 1670 3174 Mercatoris.

2220 1922 2477 1969 constans
2518 1914 2662 1971 foliis
2706 1916 2831 1984 157,
2881 1928 3019 1975 cont.
3060 1921 3325 1989 Epistolas
3356 1924 3555 1980 Leonis
3594 1926 3811 1984 LXXII.

2219 2004 2605 2063 Clmacterum
2636 2008 2862 2065 formam
2895 2028 2963 2066 ex
2993 2012 3353 2073 delineatione
3385 2017 3637 2075 Frobenii
3678 2020 3814 2076 For-

2218 2102 2351 2157 steri
2387 2111 2513 2158 tunc
2559 2106 2818 2174 temporis
2860 2106 3001 2173 apud
3034 2107 3094 2164 S.
3146 2107 3473 2166 Emeranum
3516 2112 3708 2180 prioris
3757 2125 3818 2171 et

2221 2195 2640 2260 bibliothecarii,
2670 2200 2761 2269 qui
2793 2201 3009 2257 easdem
3031 2203 3301 2273 Epistolas
3325 2206 3375 2259 in
3409 2222 3563 2261 unum
3591 2208 3814 2263 editoris

2220 2286 2446 2343 Romani
2472 2289 2883 2362 diligentissime
2904 2296 3296 2366 exscripserat,
3322 2315 3428 2355 tere
3471 2300 3813 2358 incidendam

2220 2386 2429 2437 curavit
2474 2383 2784 2440 Caceiarins
2811 2404 2933 2459 pag.
2969 2388 3057 2450 62,
3100 2391 3251 2460 prter.
3284 2389 3523 2446 Etatem
3552 2392 3668 2461 ejus
3696 2408 3816 2448 mo-

2220 2484 2386 2531 nente
2417 2476 2674 2533 Forstero
2700 2477 3007 2537 Bernardus
3036 2481 3224 2536 Pezius
3250 2483 3301 2537 in
3332 2492 3369 2540 ι.
3399 2482 3419 2536 Ι
3446 2484 3610 2539 Thes.
3636 2484 3817 2542 Anec-

2220 2569 2333 2624 dot.
2364 2585 2418 2639 p.
2450 2570 2537 2635 11,
2563 2585 2729 2639 prope
2756 2572 2905 2628 mille
2933 2588 3197 2629 annorum
3230 2577 3535 2631 aestimavit.
3559 2577 3717 2632 Plura
3744 2579 3817 2635 de

2219 2663 2409 2718 eodem
2459 2663 2608 2719 dabit
2651 2663 2892 2721 Forsteri
2938 2666 3165 2734 epistola
3216 2668 3295 2735 (d.
3339 2668 3429 2722 ad.
3460 2668 3518 2725 S.
3557 2671 3813 2727 Emeran.

2222 2769 2294 2807 xtt
2320 2753 2429 2809 kal.
2462 2754 2798 2825 Septembris
2819 2772 2869 2811 a.
2895 2757 3081 2823 i752),
3114 2775 3235 2830 pag.
3265 2760 3333 2817 61
3363 2777 3447 2833 sq.
3480 2776 3697 2819 excusa.

2892 2892 2944 2956 ὁ)
2971 2892 3148 2945 Graeci.

2292 3002 2335 3059 Ι.
2373 3004 2628 3060 Vaticani.
2656 3035 2727 3047 --
2752 3008 2807 3061 1.
2839 3004 3015 3062 Codex
3041 3009 3183 3064 nam.
3214 3008 3341 3076 451,
3368 3011 3544 3066 chart.
3578 3011 3815 3079 inofolio,

2220 3112 2347 3152 saec.
2376 3114 2485 3167 xiv,
2516 3099 2657 3155 inter
2684 3102 2955 3155 variorum
2988 3102 3088 3157 PP.
3113 3103 3423 3160 Graecorum
3454 3107 3677 3177 scripta,
3706 3111 3819 3164 fra-

600 3224 691 3280 lV.
726 3213 1368 3280 Vaticano-Alexandrini,
1388 3212 1424 3266 i.
1451 3227 1501 3267 e.
1531 3210 1793 3275 Vaticani,
1821 3208 1909 3278 qui
1942 3221 2110 3277 quon-

2241 3202 2500 3262 ;mentum
2531 3193 2786 3262 Epistulae
2816 3194 3055 3249 Flaviani
3079 3196 3145 3251 ad
3194 3196 3433 3254 Leonem
3464 3202 3533 3257 de
3560 3199 3820 3256 Ine-ama-

525 3321 649 3376 dam
666 3319 874 3372 fuerant
894 3313 1095 3383 reginae
1115 3310 1437 3372 Succorum,
1462 3305 1756 3361 Cliristinae
1771 3301 2116 3358 Alexandrea.

601 3413 653 3466 1.
687 3409 859 3466 Codex
886 3423 1029 3461 num.
1051 3404 1179 3469 586,
1205 3400 1648 3457 membranaceus
1674 3397 1986 3463 in—h‘,saec.
2022 3412 2120 3462 xu,

527 3509 673 3564 inter
691 3514 885 3559 caetera
916 3509 1055 3554 cont.
1113 3494 1427 3553 Paschasini
1472 3493 1653 3564 Lilyb.
1704 3492 2008 3563 Epistolam
2052 3490 2121 3546 ad

526 3600 791 3656 Leonem.

597 3694 654 3746 2.
705 3689 879 3744 Codex
906 3702 1049 3740 num.
1098 3681 1224 3748 755,
1254 3680 1483 3736 membr.
1532 3676 1704 3732 ιιι-101.
1756 3691 1941 3746 parvo,
1989 3690 2115 3731 saec.

529 3800 654 3847 χιιι,
686 3790 825 3837 cont.
850 3777 1093 3848 ejusdem
1137 3775 1238 3844 Ep.
1273 3774 1342 3828 de
1369 3771 1593 3825 Pascha:
1639 3770 2045 3826 observatione.

600 3877 655 3931 ὅ.
686 3875 858 3929 Codex
894 3888 1040 3925 nam.
1089 3867 1217 3929 849,
1259 3865 1509 3932 membr.,
1544 3877 1672 3917 saec.
1702 3878 1799 3929 χιι,
1824 3871 1963 3917 cont.
1995 3861 2122 3917 Col-

526 3969 816 4027 lectionem
867 3964 1147 4020 Canonnm
1199 3959 1469 4030 praecipue
1495 3970 1561 4011 ex
1609 3954 1806 4009 Africae
1848 3954 2119 4020 conciliis,

526 4066 773 4139 quaedam
832 4070 972 4117 acta.
1028 4072 1182 4112 conc.
1237 4051 1489 4108 Ctialced.
1540 4058 1592 4106 et
1640 4050 1740 4119 Ep.
1802 4048 1999 4105 Leonis
2052 4049 2120 4105 ad

527 4156 870 4218 Anastasiutn
903 4152 1069 4222 episc.
1104 4145 1671 4204 Thessalonicensem.

600 4253 653 4305 4.
711 4248 886 4305 Codex
936 4260 1077 4299 num.
1134 4240 1294 4300 1058,
1353 4236 1581 4292 membr.
1617 4234 1819 4299 in-fol.,
1861 4249 1985 4289 suae.
2021 4250 2117 4301 xu,

2228 3288 2365 3342 tione
2388 3287 2453 3341 D.
2486 3286 2559 3341 N.
2590 3287 2645 3341 J.
2672 3286 2795 3342 Chr.
2828 3290 3167 3345 continebat.

2298 3381 2354 3438 2.
2381 3380 2557 3436 Codex
2594 3397 2735 3436 num.
2764 3382 2892 3447 750,
2936 3383 3110 3438 chart.
3157 3384 3390 3449 in-folio.
3424 3402 3552 3445 saec.
3602 3389 3822 3446 circiter

2225 3487 2318 3538 xv,
2350 3483 2487 3527 cont.
2520 3472 2847 3528 Theodoreti
2878 3474 3046 3544 episc.
3081 3475 3209 3545 Cyri
3243 3477 3534 3546 Epistolas.

2295 3566 2351 3622 3.
2380 3566 2559 3621 Codex
2596 3583 2740 3621 num.
2769 3566 2896 3633 720,
2926 3583 3286 3638 pergamenus
3328 3571 3559 3639 in-l‘olio,
3585 3588 3713 3629 saec.
3746 3590 3818 3640 x;

2224 3657 2371 3713 inter
2390 3658 2729 3715 diversorum
2757 3660 2860 3716 PP.
2888 3658 3068 3732 Opera
3089 3662 3299 3733 aliquas
3321 3662 3517 3720 Leonis
3548 3664 3822 3741 Epistolas

2224 3751 2485 3807 continet.

2295 3846 2348 3899 4.
2381 3843 2556 3901 Codex
2580 3862 2725 3901 num.
2757 3846 2883 3910 712,
2914 3846 2967 3901 in
2994 3846 3081 3913 8°,
3110 3862 3235 3903 διες.
3264 3864 3375 3917 xlv,
3402 3858 3539 3904 cont.
3566 3848 3819 3905 diverso—

2226 3952 2344 3992 rum
2362 3936 2465 3992 PP.
2487 3937 2772 4007 Epistolas,
2789 3948 2842 3992 et
2861 3940 3158 4007 praesertim
3185 3956 3317 4009 quas
3336 3940 3628 3996 Flavianus
3645 3942 3694 3995 in
3720 3942 3819 3997 Eu-

2226 4028 2459 4100 tychetis
2471 4044 2630 4084 causa
2643 4029 2709 4083 ad
2726 4028 2960 4084 Leonem
2976 4031 3340 4098 scripsit,cum
3361 4034 3632 4101 responsis
3648 4032 3817 4089 illius.

2299 4124 2353 4177 5.
2378 4122 2554 4177 Codex
2578 4140 2721 4176 num.
2766 4125 2927 4191 1178,
2959 4124 3276 4180 chartaceus
3300 4125 3535 4193 in-folio,
3563 4143 3690 4182 saec.
3723 4141 3817 4192 xv,

2226 4226 2363 4271 cont.
2394 4216 2571 4270 omnia
2602 4216 2858 4271 Clialced.
2888 4231 3043 4272 conc.
3075 4226 3194 4273 acta
3222 4232 3344 4273 cum
3373 4218 3572 4274 Leonis
3604 4219 3822 4290 Episto-

527 4354 667 4402 cont.
721 4344 944 4397 Decreta
996 4334 1201 4407 pontit'f.
1250 4332 1411 4387 Rom.
1460 4345 1525 4385 ex
1560 4328 1749 4384 lsidori
1791 4326 2110 4383 Collectione

2247 4311 2291 4365 is
2312 4309 2378 4364 ad
2407 4308 2537 4363 illud
2565 4309 2981 4380 pertinentibus.

528 4455 629 4496 nec
657 4452 762 4491 non
791 4432 953 4489 Beda:
985 4430 1178 4484 librum
1211 4427 1279 4481 de
1305 4426 1593 4493 Computo,
1626 4432 1730 4478 etc.

600 4533 655 4587 5.
714 4526 889 4582 Codex
940 4538 1085 4576 nam.
1143 4518 1301 4586 1059,
1334 4517 1565 4572 membr.
1612 4513 1817 4577 in-fol.,
1851 4528 1977 4569 saec.
2004 4527 2118 4579 xlv,

527 4632 667 4680 cont.
688 4615 963 4676 Cresconii
992 4609 1349 4668 Concordiam
1378 4606 1617 4662 discord.
1648 4606 1947 4660 Canonum.

598 4716 651 4771 6.
682 4712 854 4769 Codex
879 4725 1019 4763 num.
1072 4706 1235 4768 1010,
1268 4700 1470 4767 in-l'ol.,
1497 4714 1624 4755 saec.
1659 4715 1735 4765 χι,
1767 4709 1906 4754 cont.
1940 4697 2121 4754 conci-

523 4813 652 4867 lium
683 4804 934 4880 generale
964 4801 1054 4856 Vl.

595 4905 650 4956 ‘7.
697 4899 872 4955 Codex
918 4910 1059 4950 num.
1097 4889 1270 4953 1044,
1322 4889 1553 4944 membr.
1599 4886 1807 4955 in-l‘ol.,
1840 4901 1964 4943 saec.
2000 4903 2117 4954 χιιι,

522 5006 659 5053 cont.
696 4994 836 5063 Epp.
869 4990 1027 5044 Rom.
1052 4982 1262 5056 pontifl'.
1296 4997 1322 5035 a
1348 4980 1719 5036 Clemente-ad
1743 4980 2003 5035 Leonem.

596 5090 649 5145 8.
683 5085 858 5141 Codex
875 5098 1018 5136 num.
1042 5079 1201 5140 1045,
1222 5074 1657 5140 membr.in-fol.,
1676 5089 1802 5129 saec.
1829 5090 1948 5143 xm,
1974 5084 2114 5129 cont.

520 5177 911 5236 Collectionem
956 5171 1269 5234 Canonum,
1328 5167 1464 5221 forte
1511 5164 1890 5233 Dionysianam
1945 5164 2117 5233 inquit

519 5265 847 5330 Cacciarius,
880 5275 1003 5315 cum
1023 5256 1246 5325 adjectis
1275 5251 1582 5324 Symmachi
1604 5261 1659 5308 et
1689 5251 1985 5308 Hormisdae
2008 5252 2113 5307 De-

519 5359 704 5417 cretis.

588 5455 642 5510 9.
676 5449 849 5508 Codex
878 5462 1019 5501 nam.
1043 5442 1203 5510 1127,
1236 5438 1466 5494 membr.
1498 5438 1705 5503 in-fol.,
1735 5453 1861 5495 saec.
1892 5456 1946 5507 χ,
1971 5450 2108 5494 cont.

520 5547 667 5602 varia
700 5543 803 5599 PP.
852 5533 1107 5611 Opuscula
1139 5543 1195 5588 et
1232 5532 1470 5588 codicem
1498 5532 1800 5595 Canonum,
1838 5533 2111 5601 apostolo.

516 5654 637 5693 rum
661 5646 712 5691 et
735 5631 1085 5689 conciliorum
1113 5626 1335 5681 Decreta
1364 5634 1417 5679 et
1460 5621 1667 5692 pontiﬂ‘.
1699 5621 1863 5677 Rom.
1898 5623 2112 5691 Episto-

519 5731 600 5786 las
619 5727 1094 5795 complectentem.

588 5826 673 5883 10.
702 5818 873 5876 Codex
904 5832 1045 5871 num.
1082 5812 1238 5880 1997,
1276 5825 1635 5882 pergatneuus
1665 5807 1866 5876 in-fol.,
1899 5827 2024 5869 saec.
2053 5832 2104 5882 χ,

2298 4404 2353 4458 6.
2383 4402 2556 4457 Codex
2583 4420 2726 4457 nam.
2750 4404 2911 4471 M51,
2932 4420 3285 4475 pergamenus
3308 4404 3545 4471 in-folio,
3566 4420 3691 4462 sate.
3716 4422 3821 4476 xu,

2227 4505 2365 4549 cont.
2393 4496 2532 4551 inter
2553 4494 2893 4551 diversorum
2920 4497 3099 4567 Opera
3122 4505 3178 4552 et
3204 4498 3470 4566 Epistolas
3491 4499 3650 4554 etiam
3675 4497 3822 4555 Leo-

2145 4578 2202 4640 D
2228 4590 2312 4645 nis
2342 4605 2465 4645 cum
2488 4589 2744 4646 Clialced.
2779 4605 2939 4646 conc.
2966 4591 3344 4646 Collectaneis.

2301 4685 2349 4738 7.
2387 4682 2564 4738 Codex
2591 4700 2734 4738 num.
2757 4682 2916 4749 MSS,
2934 4683 3311 4753 bombycinus,
3334 4697 3461 4737 saec.
3482 4698 3595 4747 χιιι,
3612 4682 3823 4751 optime

2227 4776 2492 4845 scriptus,
2526 4783 2665 4829 cont.
2708 4775 2919 4845 pontiﬂ'.
2968 4774 3125 4828 Rom.
3152 4784 3206 4828 et
3246 4774 3345 4829 SS.
3380 4773 3482 4827 PP.
3517 4773 3822 4843 Epistolas,

2225 4882 2360 4939 quas
2391 4868 2531 4923 inter
2577 4867 2828 4937 Epistolte
2871 4866 3152 4930 Flaviani,
3197 4865 3547 4927 Theodoreti,
3574 4865 3822 4936 Anatolii

2224 4969 2279 5018 et
2306 4960 2561 5016 Marciani
2592 4960 2656 5015 ad
2679 4961 2940 5024 Leonem,
2972 4975 3095 5015 cum
3133 4958 3331 5014 Leonis
3358 4957 3653 5028 reSponsis.

2295 5057 2360 5113 ΙΙ.
2408 5056 2865 5129 Regio-Vaticani.
2894 5085 2966 5096 —
3004 5056 3056 5111 1.
3099 5053 3271 5109 Codex
3314 5070 3457 5107 num.
3486 5054 3578 5115 44,
3631 5051 3812 5107 chart.

2222 5150 2390 5218 in-4°,
2422 5165 2549 5206 saec.
2575 5166 2687 5218 xvr,
2730 5160 2865 5204 cont.
2896 5149 3129 5220 plurium
3173 5146 3272 5203 SS.
3323 5146 3429 5201 PP.
3468 5145 3818 5216 aliorumque

2220 5257 2504 5303 auctorum
2547 5244 2807 5300 Homilias
2848 5250 2902 5298 et
2945 5243 3143 5314 Opera,
3176 5250 3284 5295 tum
3325 5239 3393 5294 ad
3439 5237 3817 5308 Scriptorum,

2220 5349 2332 5395 tum
2362 5339 2429 5393 ad
2458 5337 2852 5393 ecclesiasticas
2875 5349 2962 5391 res
2988 5333 3334 5406 pertinentia,
3367 5330 3530 5402 inque
3550 5330 3656 5386 illis
3673 5346 3818 5386 non-

2214 5435 2389 5491 nullas
2415 5432 2610 5488 Leonis
2642 5430 2927 5499 Epistolas.
3831 5494 3833 5497 η

2286 5531 2338 5584 2.
2368 5526 2541 5583 Codex
2567 5540 2705 5579 num.
2752 5524 2819 5579 57
2840 5563 2854 5587 ,
2885 5520 3056 5577 chart.
3082 5518 3318 5583 in-folio,
3340 5531 3468 5573 saec.
3514 5531 3637 5580 xxv,
3666 5526 3810 5570 cont.

2216 5622 2569 5679 conciliorum
2604 5617 2843 5689 general.
2878 5624 2933 5670 et
2964 5616 3151 5685 partic.
3181 5614 3428 5666 Canones
3457 5617 3512 5666 et
3537 5609 3641 5662 alia
3664 5609 3819 5663 anti-

2216 5731 2442 5789 quorum
2477 5712 2578 5768 PP.
2626 5710 2825 5779 Opera,
2859 5722 2980 5776 qua:
3006 5706 3146 5760 inter
3174 5701 3415 5759 Flaviani
3441 5710 3495 5758 et
3538 5698 3814 5757 Gennadii

2218 5815 2383 5881 episc.
2412 5809 2519 5863 CP.
2548 5805 2613 5861 ad
2637 5803 2874 5859 Leonem
2903 5798 3181 5869 Epistolre.
