  <div class='ocr_page' id='page_1' title='image "/cluster/home/n/w/nwhite01/storage/ocr_20150623/54/hvd.32044015471584/063.png"; bbox 0 0 4014 6350; ppageno 0'>
   <div class='ocr_carea' id='block_1_1' title="bbox 450 346 3750 414">
    <p class='ocr_par' dir='ltr' id='par_1_1' title="bbox 450 346 3750 414">
     <span class='ocr_line' id='line_1_1' title="bbox 450 346 3750 414; baseline 0.001 -10"><span class='ocrx_word' id='word_1_1' title='bbox 450 346 551 404; x_wconf 66' lang='grc'><strong>119</strong></span> <span class='ocrx_word' id='word_1_2' title='bbox 1309 353 1681 411; x_wconf 69' lang='lat' dir='ltr'><strong>PREFATIO</strong></span> <span class='ocrx_word' id='word_1_3' title='bbox 1719 352 1787 410; x_wconf 86' lang='lat' dir='ltr'><strong>IN</strong></span> <span class='ocrx_word' id='word_1_4' title='bbox 1828 354 2200 412; x_wconf 79' lang='lat' dir='ltr'><strong>SERMONES</strong></span> <span class='ocrx_word' id='word_1_5' title='bbox 2239 356 2298 409; x_wconf 88' lang='lat' dir='ltr'><strong>S.</strong></span> <span class='ocrx_word' id='word_1_6' title='bbox 2339 354 2586 413; x_wconf 83' lang='lat' dir='ltr'><strong>LEONIS</strong></span> <span class='ocrx_word' id='word_1_7' title='bbox 2624 356 2865 414; x_wconf 78' lang='lat' dir='ltr'><strong>MAGNI.</strong></span> <span class='ocrx_word' id='word_1_8' title='bbox 3642 351 3750 408; x_wconf 76' lang='lat' dir='ltr'><strong>I20</strong></span> 
     </span>
    </p>
   </div>
   <div class='ocr_carea' id='block_1_2' title="bbox 716 454 2371 527">
    <p class='ocr_par' dir='ltr' id='par_1_2' title="bbox 716 454 2371 527">
     <span class='ocr_line' id='line_1_2' title="bbox 716 454 2371 527; baseline -0.001 -2"><span class='ocrx_word' id='word_1_9' title='bbox 716 468 722 474; x_wconf 87' lang='grc'><strong>·</strong></span> <span class='ocrx_word' id='word_1_10' title='bbox 898 454 899 457; x_wconf 57' lang='lat'>‘</span> <span class='ocrx_word' id='word_1_11' title='bbox 1812 465 2042 527; x_wconf 84' lang='lat' dir='ltr'><strong>CAPUT</strong></span> <span class='ocrx_word' id='word_1_12' title='bbox 2081 469 2371 527; x_wconf 75' lang='lat' dir='ltr'><strong>PRIMUM.</strong></span> 
     </span>
    </p>
   </div>
   <div class='ocr_carea' id='block_1_3' title="bbox 1266 581 2895 657">
    <p class='ocr_par' dir='ltr' id='par_1_3' title="bbox 1266 581 2895 657">
     <span class='ocr_line' id='line_1_3' title="bbox 1266 581 2895 657; baseline 0.002 -23"><span class='ocrx_word' id='word_1_13' title='bbox 1266 582 1343 636; x_wconf 84' lang='lat' dir='ltr'><strong>De</strong></span> <span class='ocrx_word' id='word_1_14' title='bbox 1371 581 1707 637; x_wconf 79' lang='lat' dir='ltr'><strong>Lectionariis</strong></span> <span class='ocrx_word' id='word_1_15' title='bbox 1735 601 1885 653; x_wconf 87' lang='lat' dir='ltr'><strong>mss.,</strong></span> <span class='ocrx_word' id='word_1_16' title='bbox 1916 586 2085 655; x_wconf 85' lang='lat' dir='ltr'><strong>primo</strong></span> <span class='ocrx_word' id='word_1_17' title='bbox 2116 587 2255 657; x_wconf 80' lang='lat' dir='ltr'><strong>fonte</strong></span> <span class='ocrx_word' id='word_1_18' title='bbox 2282 601 2573 640; x_wconf 79' lang='lat' dir='ltr'><strong>sermonum</strong></span> <span class='ocrx_word' id='word_1_19' title='bbox 2601 584 2664 640; x_wconf 88' lang='lat' dir='ltr'><strong>S.</strong></span> <span class='ocrx_word' id='word_1_20' title='bbox 2688 585 2895 639; x_wconf 79' lang='lat' dir='ltr'><strong>Leonis.</strong></span> 
     </span>
    </p>
   </div>
   <div class='ocr_carea' id='block_1_4' title="bbox 770 697 3409 763">
    <p class='ocr_par' dir='ltr' id='par_1_4' title="bbox 770 697 3409 763">
     <span class='ocr_line' id='line_1_4' title="bbox 770 697 3409 763; baseline 0 -16"><span class='ocrx_word' id='word_1_21' title='bbox 770 698 795 759; x_wconf 70' lang='grc' dir='ltr'><strong>ς</strong></span> <span class='ocrx_word' id='word_1_22' title='bbox 820 697 858 747; x_wconf 86' lang='grc' dir='ltr'><strong>ῐ.</strong></span> <span class='ocrx_word' id='word_1_23' title='bbox 894 698 971 748; x_wconf 88' lang='lat' dir='ltr'><strong>De</strong></span> <span class='ocrx_word' id='word_1_24' title='bbox 998 697 1416 747; x_wconf 87' lang='lat' dir='ltr'><strong>Lectionariorum</strong></span> <span class='ocrx_word' id='word_1_25' title='bbox 1442 699 1734 761; x_wconf 76' lang='lat' dir='ltr'><strong>antiquitate</strong></span> <span class='ocrx_word' id='word_1_26' title='bbox 1755 708 1807 749; x_wconf 91' lang='lat' dir='ltr'><strong>et</strong></span> <span class='ocrx_word' id='word_1_27' title='bbox 1832 702 2133 762; x_wconf 68' lang='lat' dir='ltr'><strong>praestantia.</strong></span> <span class='ocrx_word' id='word_1_28' title='bbox 2156 700 2345 759; x_wconf 86' lang='lat' dir='ltr'><strong>Quanta</strong></span> <span class='ocrx_word' id='word_1_29' title='bbox 2362 699 2693 749; x_wconf 78' lang='lat' dir='ltr'><strong>sollicitudine</strong></span> <span class='ocrx_word' id='word_1_30' title='bbox 2716 700 2806 749; x_wconf 89' lang='lat' dir='ltr'><strong>hos</strong></span> <span class='ocrx_word' id='word_1_31' title='bbox 2830 698 3027 750; x_wconf 83' lang='lat' dir='ltr'><strong>codices</strong></span> <span class='ocrx_word' id='word_1_32' title='bbox 3041 700 3409 763; x_wconf 64' lang='lat' dir='ltr'><strong>quaslerlmus.</strong></span> 
     </span>
    </p>
   </div>
   <div class='ocr_carea' id='block_1_5' title="bbox 511 800 3746 877">
    <p class='ocr_par' dir='ltr' id='par_1_5' title="bbox 511 800 3746 877">
     <span class='ocr_line' id='line_1_5' title="bbox 511 800 3746 877; baseline -0.001 -21"><span class='ocrx_word' id='word_1_33' title='bbox 511 802 568 856; x_wconf 68' lang='grc'>2.</span> <span class='ocrx_word' id='word_1_34' title='bbox 600 801 939 858; x_wconf 85' lang='lat' dir='ltr'><strong>Lectionaria</strong></span> <span class='ocrx_word' id='word_1_35' title='bbox 970 802 1291 871; x_wconf 89' lang='lat' dir='ltr'><strong>antiquioris</strong></span> <span class='ocrx_word' id='word_1_36' title='bbox 1320 803 1547 873; x_wconf 73' lang='lat' dir='ltr'><strong>originis</strong></span> <span class='ocrx_word' id='word_1_37' title='bbox 1570 820 1691 859; x_wconf 88' lang='lat' dir='ltr'><strong>esse</strong></span> <span class='ocrx_word' id='word_1_38' title='bbox 1722 808 1919 861; x_wconf 91' lang='lat' dir='ltr'><strong>solent.</strong></span> <span class='ocrx_word' id='word_1_39' title='bbox 1963 805 2153 861; x_wconf 83' lang='lat' dir='ltr'><strong>Paucis</strong></span> <span class='ocrx_word' id='word_1_40' title='bbox 2182 807 2327 862; x_wconf 92' lang='lat' dir='ltr'><strong>enim</strong></span> <span class='ocrx_word' id='word_1_41' title='bbox 2356 808 2559 861; x_wconf 78' lang='lat' dir='ltr'><strong>sanctis</strong></span> <span class='ocrx_word' id='word_1_42' title='bbox 2591 806 2818 877; x_wconf 78' lang='lat' dir='ltr'><strong>contigit</strong></span> <span class='ocrx_word' id='word_1_43' title='bbox 2847 806 2989 877; x_wconf 90' lang='lat' dir='ltr'><strong>quod</strong></span> <span class='ocrx_word' id='word_1_44' title='bbox 3022 806 3121 862; x_wconf 89' lang='lat' dir='ltr'><strong>SS.</strong></span> <span class='ocrx_word' id='word_1_45' title='bbox 3154 803 3383 867; x_wconf 86' lang='lat' dir='ltr'><strong>Zenoni,</strong></span> <span class='ocrx_word' id='word_1_46' title='bbox 3414 800 3746 868; x_wconf 86' lang='lat' dir='ltr'><strong>Gaudentio,</strong></span> 
     </span>
    </p>
   </div>
   <div class='ocr_carea' id='block_1_6' title="bbox 438 894 3749 967">
    <p class='ocr_par' dir='ltr' id='par_1_6' title="bbox 438 894 3749 967">
     <span class='ocr_line' id='line_1_6' title="bbox 438 894 3749 967; baseline -0.002 -16"><span class='ocrx_word' id='word_1_47' title='bbox 438 904 492 951; x_wconf 90' lang='lat' dir='ltr'><strong>et</strong></span> <span class='ocrx_word' id='word_1_48' title='bbox 525 895 685 949; x_wconf 90' lang='lat' dir='ltr'><strong>Petro</strong></span> <span class='ocrx_word' id='word_1_49' title='bbox 712 894 1067 965; x_wconf 82' lang='lat' dir='ltr'><strong>Clirysologo,</strong></span> <span class='ocrx_word' id='word_1_50' title='bbox 1104 905 1160 948; x_wconf 93' lang='lat' dir='ltr'><strong>ut</strong></span> <span class='ocrx_word' id='word_1_51' title='bbox 1191 909 1502 949; x_wconf 86' lang='lat' dir='ltr'><strong>sermonum</strong></span> <span class='ocrx_word' id='word_1_52' title='bbox 1534 896 1885 950; x_wconf 89' lang='lat' dir='ltr'><strong>collectiones</strong></span> <span class='ocrx_word' id='word_1_53' title='bbox 1912 898 2233 951; x_wconf 85' lang='lat' dir='ltr'><strong>auctoribus</strong></span> <span class='ocrx_word' id='word_1_54' title='bbox 2263 898 2499 967; x_wconf 57' lang='lat' dir='ltr'><strong>aequales</strong></span> <span class='ocrx_word' id='word_1_55' title='bbox 2532 897 2617 951; x_wconf 88' lang='lat' dir='ltr'><strong>vel</strong></span> <span class='ocrx_word' id='word_1_56' title='bbox 2648 897 2801 966; x_wconf 87' lang='lat' dir='ltr'><strong>quasi</strong></span> <span class='ocrx_word' id='word_1_57' title='bbox 2840 897 3073 965; x_wconf 77' lang='lat' dir='ltr'><strong>:equales</strong></span> <span class='ocrx_word' id='word_1_58' title='bbox 3117 896 3184 949; x_wconf 90' lang='lat' dir='ltr'><strong>ad</strong></span> <span class='ocrx_word' id='word_1_59' title='bbox 3221 909 3318 947; x_wconf 90' lang='lat' dir='ltr'><strong>nos</strong></span> <span class='ocrx_word' id='word_1_60' title='bbox 3342 906 3515 963; x_wconf 85' lang='lat' dir='ltr'><strong>usque</strong></span> <span class='ocrx_word' id='word_1_61' title='bbox 3544 904 3749 960; x_wconf 83' lang='lat' dir='ltr'><strong>perve-</strong></span> 
     </span>
    </p>
   </div>
   <div class='ocr_carea' id='block_1_7' title="bbox 439 984 3747 1060">
    <p class='ocr_par' dir='ltr' id='par_1_7' title="bbox 439 984 3747 1060">
     <span class='ocr_line' id='line_1_7' title="bbox 439 984 3747 1060; baseline 0 -21"><span class='ocrx_word' id='word_1_62' title='bbox 439 984 657 1049; x_wconf 91' lang='lat' dir='ltr'><strong>nerint;</strong></span> <span class='ocrx_word' id='word_1_63' title='bbox 688 985 845 1053; x_wconf 82' lang='lat' dir='ltr'><strong>idque</strong></span> <span class='ocrx_word' id='word_1_64' title='bbox 884 984 950 1038; x_wconf 93' lang='lat' dir='ltr'><strong>iis</strong></span> <span class='ocrx_word' id='word_1_65' title='bbox 981 984 1121 1040; x_wconf 86' lang='lat' dir='ltr'><strong>forte</strong></span> <span class='ocrx_word' id='word_1_66' title='bbox 1145 988 1340 1042; x_wconf 86' lang='lat' dir='ltr'><strong>accidit</strong></span> <span class='ocrx_word' id='word_1_67' title='bbox 1366 1004 1595 1055; x_wconf 88' lang='lat' dir='ltr'><strong>quorum</strong></span> <span class='ocrx_word' id='word_1_68' title='bbox 1626 1004 1906 1042; x_wconf 87' lang='lat' dir='ltr'><strong>sermones</strong></span> <span class='ocrx_word' id='word_1_69' title='bbox 1931 990 1984 1043; x_wconf 92' lang='lat' dir='ltr'><strong>in</strong></span> <span class='ocrx_word' id='word_1_70' title='bbox 2014 989 2354 1045; x_wconf 88' lang='lat' dir='ltr'><strong>Lectionaria</strong></span> <span class='ocrx_word' id='word_1_71' title='bbox 2385 990 2796 1060; x_wconf 82' lang='lat' dir='ltr'><strong>haudquaquam</strong></span> <span class='ocrx_word' id='word_1_72' title='bbox 2831 990 3086 1053; x_wconf 81' lang='lat' dir='ltr'><strong>traducti,</strong></span> <span class='ocrx_word' id='word_1_73' title='bbox 3116 991 3158 1043; x_wconf 93' lang='lat' dir='ltr'><strong>si</strong></span> <span class='ocrx_word' id='word_1_74' title='bbox 3190 988 3549 1058; x_wconf 72' lang='lat' dir='ltr'><strong>peculiaribus</strong></span> <span class='ocrx_word' id='word_1_75' title='bbox 3576 984 3747 1039; x_wconf 85' lang='lat' dir='ltr'><strong>colle-</strong></span> 
     </span>
    </p>
   </div>
   <div class='ocr_carea' id='block_1_8' title="bbox 436 1079 3738 1152">
    <p class='ocr_par' dir='ltr' id='par_1_8' title="bbox 436 1079 3738 1152">
     <span class='ocr_line' id='line_1_8' title="bbox 436 1079 3738 1152; baseline -0.002 -18"><span class='ocrx_word' id='word_1_76' title='bbox 436 1080 708 1134; x_wconf 84' lang='lat' dir='ltr'><strong>ctionibus</strong></span> <span class='ocrx_word' id='word_1_77' title='bbox 741 1095 844 1133; x_wconf 92' lang='lat' dir='ltr'><strong>non</strong></span> <span class='ocrx_word' id='word_1_78' title='bbox 876 1079 1105 1136; x_wconf 89' lang='lat' dir='ltr'><strong>fuissent</strong></span> <span class='ocrx_word' id='word_1_79' title='bbox 1134 1082 1412 1145; x_wconf 88' lang='lat' dir='ltr'><strong>custoditi,</strong></span> <span class='ocrx_word' id='word_1_80' title='bbox 1451 1084 1756 1152; x_wconf 90' lang='lat' dir='ltr'><strong>periisseiit.</strong></span> <span class='ocrx_word' id='word_1_81' title='bbox 1788 1087 1858 1137; x_wconf 85' lang='lat' dir='ltr'><strong>At</strong></span> <span class='ocrx_word' id='word_1_82' title='bbox 1886 1098 2008 1137; x_wconf 90' lang='lat' dir='ltr'><strong>cunt</strong></span> <span class='ocrx_word' id='word_1_83' title='bbox 2039 1100 2143 1137; x_wconf 94' lang='lat' dir='ltr'><strong>non</strong></span> <span class='ocrx_word' id='word_1_84' title='bbox 2172 1086 2342 1137; x_wconf 91' lang='lat' dir='ltr'><strong>multo</strong></span> <span class='ocrx_word' id='word_1_85' title='bbox 2371 1093 2492 1152; x_wconf 88' lang='lat' dir='ltr'><strong>post</strong></span> <span class='ocrx_word' id='word_1_86' title='bbox 2523 1086 2760 1138; x_wconf 90' lang='lat' dir='ltr'><strong>auctoris</strong></span> <span class='ocrx_word' id='word_1_87' title='bbox 2794 1093 3021 1137; x_wconf 87' lang='lat' dir='ltr'><strong>mortem</strong></span> <span class='ocrx_word' id='word_1_88' title='bbox 3046 1096 3329 1137; x_wconf 88' lang='lat' dir='ltr'><strong>sermones</strong></span> <span class='ocrx_word' id='word_1_89' title='bbox 3356 1090 3518 1133; x_wconf 78' lang='lat' dir='ltr'><strong>tamze</strong></span> <span class='ocrx_word' id='word_1_90' title='bbox 3551 1087 3738 1131; x_wconf 54' lang='lat' dir='ltr'><strong>auctoc</strong></span> 
     </span>
    </p>
   </div>
   <div class='ocr_carea' id='block_1_9' title="bbox 436 1169 3737 1245">
    <p class='ocr_par' dir='ltr' id='par_1_9' title="bbox 436 1169 3737 1245">
     <span class='ocr_line' id='line_1_9' title="bbox 436 1169 3737 1245; baseline -0.001 -20"><span class='ocrx_word' id='word_1_91' title='bbox 436 1172 610 1225; x_wconf 90' lang='lat' dir='ltr'><strong>ritatis</strong></span> <span class='ocrx_word' id='word_1_92' title='bbox 667 1186 731 1227; x_wconf 91' lang='lat' dir='ltr'><strong>ac</strong></span> <span class='ocrx_word' id='word_1_93' title='bbox 773 1174 1104 1231; x_wconf 86' lang='lat' dir='ltr'><strong>celebritatis</strong></span> <span class='ocrx_word' id='word_1_94' title='bbox 1154 1177 1326 1242; x_wconf 91' lang='lat' dir='ltr'><strong>fuere,</strong></span> <span class='ocrx_word' id='word_1_95' title='bbox 1361 1186 1421 1231; x_wconf 91' lang='lat' dir='ltr'><strong>ut</strong></span> <span class='ocrx_word' id='word_1_96' title='bbox 1461 1176 1601 1245; x_wconf 88' lang='lat' dir='ltr'><strong>apud</strong></span> <span class='ocrx_word' id='word_1_97' title='bbox 1650 1176 1929 1229; x_wconf 83' lang='lat' dir='ltr'><strong>universas</strong></span> <span class='ocrx_word' id='word_1_98' title='bbox 1965 1176 2077 1231; x_wconf 87' lang='lat' dir='ltr'><strong>fere</strong></span> <span class='ocrx_word' id='word_1_99' title='bbox 2111 1176 2381 1231; x_wconf 76' lang='lat' dir='ltr'><strong>Ecclesiae</strong></span> <span class='ocrx_word' id='word_1_100' title='bbox 2424 1177 2476 1229; x_wconf 93' lang='lat' dir='ltr'><strong>in</strong></span> <span class='ocrx_word' id='word_1_101' title='bbox 2506 1176 2845 1230; x_wconf 88' lang='lat' dir='ltr'><strong>Lectionaria</strong></span> <span class='ocrx_word' id='word_1_102' title='bbox 2893 1176 3072 1239; x_wconf 79' lang='lat' dir='ltr'><strong>relati,</strong></span> <span class='ocrx_word' id='word_1_103' title='bbox 3107 1175 3247 1228; x_wconf 89' lang='lat' dir='ltr'><strong>inter</strong></span> <span class='ocrx_word' id='word_1_104' title='bbox 3293 1171 3471 1226; x_wconf 83' lang='lat' dir='ltr'><strong>officia</strong></span> <span class='ocrx_word' id='word_1_105' title='bbox 3526 1169 3737 1239; x_wconf 83' lang='lat' dir='ltr'><strong>publica</strong></span> 
     </span>
    </p>
   </div>
   <div class='ocr_carea' id='block_1_10' title="bbox 435 1268 3750 1337">
    <p class='ocr_par' dir='ltr' id='par_1_10' title="bbox 435 1268 3750 1337">
     <span class='ocr_line' id='line_1_10' title="bbox 435 1268 3750 1337; baseline -0.001 -14"><span class='ocrx_word' id='word_1_106' title='bbox 435 1268 777 1337; x_wconf 78' lang='lat' dir='ltr'><strong>legerentur;</strong></span> <span class='ocrx_word' id='word_1_107' title='bbox 808 1279 932 1326; x_wconf 92' lang='lat' dir='ltr'><strong>tunc</strong></span> <span class='ocrx_word' id='word_1_108' title='bbox 957 1272 1041 1326; x_wconf 84' lang='lat' dir='ltr'><strong>vel</strong></span> <span class='ocrx_word' id='word_1_109' title='bbox 1071 1272 1232 1325; x_wconf 73' lang='lat' dir='ltr'><strong>nullm</strong></span> <span class='ocrx_word' id='word_1_110' title='bbox 1261 1272 1612 1327; x_wconf 90' lang='lat' dir='ltr'><strong>collectiones</strong></span> <span class='ocrx_word' id='word_1_111' title='bbox 1636 1271 1812 1336; x_wconf 68' lang='lat' dir='ltr'><strong>faetie,</strong></span> <span class='ocrx_word' id='word_1_112' title='bbox 1839 1271 1922 1323; x_wconf 95' lang='lat' dir='ltr'><strong>vel</strong></span> <span class='ocrx_word' id='word_1_113' title='bbox 1946 1272 1989 1323; x_wconf 92' lang='lat' dir='ltr'><strong>si</strong></span> <span class='ocrx_word' id='word_1_114' title='bbox 2020 1288 2138 1333; x_wconf 75' lang='lat' dir='ltr'><strong>qua-</strong></span> <span class='ocrx_word' id='word_1_115' title='bbox 2162 1271 2318 1324; x_wconf 65' lang='lat' dir='ltr'><strong>factae</strong></span> <span class='ocrx_word' id='word_1_116' title='bbox 2341 1272 2575 1334; x_wconf 86' lang='lat' dir='ltr'><strong>fuerunt,</strong></span> <span class='ocrx_word' id='word_1_117' title='bbox 2600 1271 2799 1323; x_wconf 71' lang='lat' dir='ltr'><strong>sensim</strong></span> <span class='ocrx_word' id='word_1_118' title='bbox 2829 1269 3073 1337; x_wconf 87' lang='lat' dir='ltr'><strong>periere:</strong></span> <span class='ocrx_word' id='word_1_119' title='bbox 3107 1285 3228 1324; x_wconf 88' lang='lat' dir='ltr'><strong>eum</strong></span> <span class='ocrx_word' id='word_1_120' title='bbox 3259 1270 3401 1322; x_wconf 81' lang='lat' dir='ltr'><strong>enim</strong></span> <span class='ocrx_word' id='word_1_121' title='bbox 3422 1272 3750 1326; x_wconf 77' lang='lat' dir='ltr'><strong>outnes.aut</strong></span> 
     </span>
    </p>
   </div>
   <div class='ocr_carea' id='block_1_11' title="bbox 435 1357 3749 1430">
    <p class='ocr_par' dir='ltr' id='par_1_11' title="bbox 435 1357 3749 1430">
     <span class='ocr_line' id='line_1_11' title="bbox 435 1357 3749 1430; baseline 0 -18"><span class='ocrx_word' id='word_1_122' title='bbox 435 1357 549 1413; x_wconf 84' lang='lat' dir='ltr'><strong>fere</strong></span> <span class='ocrx_word' id='word_1_123' title='bbox 577 1373 766 1414; x_wconf 91' lang='lat' dir='ltr'><strong>omnes</strong></span> <span class='ocrx_word' id='word_1_124' title='bbox 798 1374 1081 1417; x_wconf 84' lang='lat' dir='ltr'><strong>sermones</strong></span> <span class='ocrx_word' id='word_1_125' title='bbox 1123 1364 1175 1415; x_wconf 93' lang='lat' dir='ltr'><strong>in</strong></span> <span class='ocrx_word' id='word_1_126' title='bbox 1212 1361 1574 1418; x_wconf 82' lang='lat' dir='ltr'><strong>Ecclesraruni</strong></span> <span class='ocrx_word' id='word_1_127' title='bbox 1609 1362 1758 1416; x_wconf 90' lang='lat' dir='ltr'><strong>libris</strong></span> <span class='ocrx_word' id='word_1_128' title='bbox 1796 1373 2168 1428; x_wconf 87' lang='lat' dir='ltr'><strong>servarentur,</strong></span> <span class='ocrx_word' id='word_1_129' title='bbox 2204 1365 2397 1416; x_wconf 89' lang='lat' dir='ltr'><strong>horum</strong></span> <span class='ocrx_word' id='word_1_130' title='bbox 2444 1362 2824 1415; x_wconf 75' lang='lat' dir='ltr'><strong>collectionem</strong></span> <span class='ocrx_word' id='word_1_131' title='bbox 2868 1366 3157 1430; x_wconf 87' lang='lat' dir='ltr'><strong>separatim</strong></span> <span class='ocrx_word' id='word_1_132' title='bbox 3199 1358 3509 1415; x_wconf 83' lang='lat' dir='ltr'><strong>describere</strong></span> <span class='ocrx_word' id='word_1_133' title='bbox 3553 1372 3749 1426; x_wconf 87' lang='lat' dir='ltr'><strong>super-</strong></span> 
     </span>
    </p>
   </div>
   <div class='ocr_carea' id='block_1_12' title="bbox 436 1450 3747 1525">
    <p class='ocr_par' dir='ltr' id='par_1_12' title="bbox 436 1450 3747 1525">
     <span class='ocr_line' id='line_1_12' title="bbox 436 1450 3747 1525; baseline -0.002 -16"><span class='ocrx_word' id='word_1_134' title='bbox 436 1455 602 1512; x_wconf 83' lang='lat' dir='ltr'><strong>fluum</strong></span> <span class='ocrx_word' id='word_1_135' title='bbox 628 1459 928 1513; x_wconf 91' lang='lat' dir='ltr'><strong>videbatur.</strong></span> <span class='ocrx_word' id='word_1_136' title='bbox 967 1455 1038 1509; x_wconf 87' lang='lat' dir='ltr'><strong>Ita</strong></span> <span class='ocrx_word' id='word_1_137' title='bbox 1071 1457 1351 1525; x_wconf 79' lang='lat' dir='ltr'><strong>Augustini</strong></span> <span class='ocrx_word' id='word_1_138' title='bbox 1381 1471 1686 1519; x_wconf 84' lang='lat' dir='ltr'><strong>sermones,</strong></span> <span class='ocrx_word' id='word_1_139' title='bbox 1711 1456 1920 1519; x_wconf 91' lang='lat' dir='ltr'><strong>scti,uti</strong></span> <span class='ocrx_word' id='word_1_140' title='bbox 1953 1458 2307 1521; x_wconf 74' lang='lat' dir='ltr'><strong>vocabantur,</strong></span> <span class='ocrx_word' id='word_1_141' title='bbox 2340 1464 2626 1517; x_wconf 84' lang='lat' dir='ltr'><strong>tractatus,</strong></span> <span class='ocrx_word' id='word_1_142' title='bbox 2660 1456 2712 1508; x_wconf 90' lang='lat' dir='ltr'><strong>in</strong></span> <span class='ocrx_word' id='word_1_143' title='bbox 2740 1455 3067 1510; x_wconf 86' lang='lat' dir='ltr'><strong>bibliotheca</strong></span> <span class='ocrx_word' id='word_1_144' title='bbox 3098 1452 3457 1522; x_wconf 69' lang='lat' dir='ltr'><strong>Hipponensis</strong></span> <span class='ocrx_word' id='word_1_145' title='bbox 3483 1450 3747 1505; x_wconf 56' lang='lat' dir='ltr'><strong>Ecclesiae</strong></span> 
     </span>
    </p>
   </div>
   <div class='ocr_carea' id='block_1_13' title="bbox 435 1544 3744 1618">
    <p class='ocr_par' dir='ltr' id='par_1_13' title="bbox 435 1544 3744 1618">
     <span class='ocr_line' id='line_1_13' title="bbox 435 1544 3744 1618; baseline -0.001 -19"><span class='ocrx_word' id='word_1_146' title='bbox 435 1549 611 1618; x_wconf 84' lang='lat' dir='ltr'><strong>aliqua</strong></span> <span class='ocrx_word' id='word_1_147' title='bbox 644 1549 885 1603; x_wconf 82' lang='lat' dir='ltr'><strong>fortassis</strong></span> <span class='ocrx_word' id='word_1_148' title='bbox 914 1562 1055 1602; x_wconf 88' lang='lat' dir='ltr'><strong>serie</strong></span> <span class='ocrx_word' id='word_1_149' title='bbox 1083 1548 1379 1615; x_wconf 68' lang='lat' dir='ltr'><strong>disiiosuos</strong></span> <span class='ocrx_word' id='word_1_150' title='bbox 1404 1549 1679 1601; x_wconf 73' lang='lat' dir='ltr'><strong>exstitisse</strong></span> <span class='ocrx_word' id='word_1_151' title='bbox 1716 1547 1993 1600; x_wconf 76' lang='lat' dir='ltr'><strong>Possidius</strong></span> <span class='ocrx_word' id='word_1_152' title='bbox 2021 1547 2349 1601; x_wconf 87' lang='lat' dir='ltr'><strong>subindieat.</strong></span> <span class='ocrx_word' id='word_1_153' title='bbox 2374 1546 2428 1600; x_wconf 92' lang='lat' dir='ltr'><strong>lu</strong></span> <span class='ocrx_word' id='word_1_154' title='bbox 2457 1547 2738 1617; x_wconf 80' lang='lat' dir='ltr'><strong>Augustini</strong></span> <span class='ocrx_word' id='word_1_155' title='bbox 2768 1546 2912 1601; x_wconf 89' lang='lat' dir='ltr'><strong>enini</strong></span> <span class='ocrx_word' id='word_1_156' title='bbox 2948 1547 3060 1600; x_wconf 84' lang='lat' dir='ltr'><strong>Vita</strong></span> <span class='ocrx_word' id='word_1_157' title='bbox 3090 1562 3135 1601; x_wconf 83' lang='lat' dir='ltr'><strong>c.</strong></span> <span class='ocrx_word' id='word_1_158' title='bbox 3177 1547 3237 1601; x_wconf 72' lang='lat'><strong>18</strong></span> <span class='ocrx_word' id='word_1_159' title='bbox 3264 1544 3484 1613; x_wconf 87' lang='lat' dir='ltr'><strong>perinde</strong></span> <span class='ocrx_word' id='word_1_160' title='bbox 3511 1544 3744 1613; x_wconf 86' lang='lat' dir='ltr'><strong>loquens</strong></span> 
     </span>
    </p>
   </div>
   <div class='ocr_carea' id='block_1_14' title="bbox 434 1638 3742 1710">
    <p class='ocr_par' dir='ltr' id='par_1_14' title="bbox 434 1638 3742 1710">
     <span class='ocr_line' id='line_1_14' title="bbox 434 1638 3742 1710; baseline -0.001 -17"><span class='ocrx_word' id='word_1_161' title='bbox 434 1639 502 1695; x_wconf 88' lang='lat' dir='ltr'><strong>de</strong></span> <span class='ocrx_word' id='word_1_162' title='bbox 534 1642 849 1696; x_wconf 84' lang='lat' dir='ltr'><strong>tractatibus</strong></span> <span class='ocrx_word' id='word_1_163' title='bbox 878 1656 943 1693; x_wconf 92' lang='lat' dir='ltr'><strong>ac</strong></span> <span class='ocrx_word' id='word_1_164' title='bbox 981 1641 1050 1695; x_wconf 91' lang='lat' dir='ltr'><strong>de</strong></span> <span class='ocrx_word' id='word_1_165' title='bbox 1090 1652 1311 1695; x_wconf 75' lang='lat' dir='ltr'><strong>creteris</strong></span> <span class='ocrx_word' id='word_1_166' title='bbox 1336 1640 1395 1695; x_wconf 84' lang='lat' dir='ltr'><strong>S.</strong></span> <span class='ocrx_word' id='word_1_167' title='bbox 1426 1640 1663 1695; x_wconf 89' lang='lat' dir='ltr'><strong>doctoris</strong></span> <span class='ocrx_word' id='word_1_168' title='bbox 1694 1640 1974 1708; x_wconf 67' lang='lat' dir='ltr'><strong>oiieribus,</strong></span> <span class='ocrx_word' id='word_1_169' title='bbox 2005 1656 2127 1710; x_wconf 72' lang='lat' dir='ltr'><strong>qua:</strong></span> <span class='ocrx_word' id='word_1_170' title='bbox 2155 1656 2287 1696; x_wconf 85' lang='lat' dir='ltr'><strong>sane</strong></span> <span class='ocrx_word' id='word_1_171' title='bbox 2319 1643 2371 1694; x_wconf 92' lang='lat' dir='ltr'><strong>in</strong></span> <span class='ocrx_word' id='word_1_172' title='bbox 2404 1641 2672 1695; x_wconf 86' lang='lat' dir='ltr'><strong>distinetis</strong></span> <span class='ocrx_word' id='word_1_173' title='bbox 2707 1642 2985 1695; x_wconf 78' lang='lat' dir='ltr'><strong>codicibus</strong></span> <span class='ocrx_word' id='word_1_174' title='bbox 3021 1642 3461 1705; x_wconf 86' lang='lat' dir='ltr'><strong>continebantur,</strong></span> <span class='ocrx_word' id='word_1_175' title='bbox 3492 1638 3742 1691; x_wconf 88' lang='lat' dir='ltr'><strong>omnium</strong></span> 
     </span>
    </p>
   </div>
   <div class='ocr_carea' id='block_1_15' title="bbox 435 1732 3749 1805">
    <p class='ocr_par' dir='ltr' id='par_1_15' title="bbox 435 1732 3749 1805">
     <span class='ocr_line' id='line_1_15' title="bbox 435 1732 3749 1805; baseline -0.001 -17"><span class='ocrx_word' id='word_1_176' title='bbox 435 1734 728 1789; x_wconf 88' lang='lat' dir='ltr'><strong>indicultim</strong></span> <span class='ocrx_word' id='word_1_177' title='bbox 770 1751 829 1789; x_wconf 87' lang='lat' dir='ltr'><strong>se</strong></span> <span class='ocrx_word' id='word_1_178' title='bbox 866 1735 1166 1803; x_wconf 85' lang='lat' dir='ltr'><strong>sulijecissc</strong></span> <span class='ocrx_word' id='word_1_179' title='bbox 1194 1735 1451 1793; x_wconf 85' lang='lat' dir='ltr'><strong>aflirinat.</strong></span> <span class='ocrx_word' id='word_1_180' title='bbox 1485 1744 1540 1788; x_wconf 91' lang='lat' dir='ltr'><strong>ut</strong></span> <span class='ocrx_word' id='word_1_181' title='bbox 1573 1736 1666 1787; x_wconf 84' lang='lat' dir='ltr'><strong>sibi</strong></span> <span class='ocrx_word' id='word_1_182' title='bbox 1696 1736 1909 1802; x_wconf 77' lang='lat' dir='ltr'><strong>quisque</strong></span> <span class='ocrx_word' id='word_1_183' title='bbox 1944 1735 2157 1787; x_wconf 77' lang='lat' dir='ltr'><strong>voluerit</strong></span> <span class='ocrx_word' id='word_1_184' title='bbox 2189 1736 2256 1786; x_wconf 87' lang='lat' dir='ltr'><strong>ad</strong></span> <span class='ocrx_word' id='word_1_185' title='bbox 2286 1735 2559 1805; x_wconf 73' lang='lat' dir='ltr'><strong>legendum</strong></span> <span class='ocrx_word' id='word_1_186' title='bbox 2586 1744 2633 1788; x_wconf 86' lang='lat' dir='ltr'><strong>et</strong></span> <span class='ocrx_word' id='word_1_187' title='bbox 2663 1736 3070 1804; x_wconf 82' lang='lat' dir='ltr'><strong>cognoscendum</strong></span> <span class='ocrx_word' id='word_1_188' title='bbox 3094 1735 3273 1804; x_wconf 82' lang='lat' dir='ltr'><strong>eligat,</strong></span> <span class='ocrx_word' id='word_1_189' title='bbox 3297 1746 3342 1787; x_wconf 86' lang='lat' dir='ltr'><strong>et</strong></span> <span class='ocrx_word' id='word_1_190' title='bbox 3373 1734 3427 1785; x_wconf 85' lang='lat' dir='ltr'><strong>id</strong></span> <span class='ocrx_word' id='word_1_191' title='bbox 3456 1734 3523 1787; x_wconf 89' lang='lat' dir='ltr'><strong>ad</strong></span> <span class='ocrx_word' id='word_1_192' title='bbox 3550 1732 3719 1785; x_wconf 81' lang='lat' dir='ltr'><strong>descri</strong></span> <span class='ocrx_word' id='word_1_193' title='bbox 3731 1760 3749 1772; x_wconf 82' lang='grc' dir='ltr'><strong><em>ο</em></strong></span> 
     </span>
    </p>
   </div>
   <div class='ocr_carea' id='block_1_16' title="bbox 435 1824 3754 1899">
    <p class='ocr_par' dir='ltr' id='par_1_16' title="bbox 435 1824 3754 1899">
     <span class='ocr_line' id='line_1_16' title="bbox 435 1824 3754 1899; baseline 0 -20"><span class='ocrx_word' id='word_1_194' title='bbox 435 1831 652 1881; x_wconf 81' lang='lat' dir='ltr'><strong>bendum</strong></span> <span class='ocrx_word' id='word_1_195' title='bbox 684 1833 760 1883; x_wconf 81' lang='lat' dir='ltr'><strong>iet</strong></span> <span class='ocrx_word' id='word_1_196' title='bbox 790 1836 851 1883; x_wconf 86' lang='lat' dir='ltr'><strong>de</strong></span> <span class='ocrx_word' id='word_1_197' title='bbox 882 1833 1185 1883; x_wconf 80' lang='lat' dir='ltr'><strong>bibliotheca</strong></span> <span class='ocrx_word' id='word_1_198' title='bbox 1233 1827 1578 1893; x_wconf 79' lang='lat' dir='ltr'><strong>Hipponensis</strong></span> <span class='ocrx_word' id='word_1_199' title='bbox 1615 1826 1857 1881; x_wconf 64' lang='lat' dir='ltr'><strong>Ecclestie</strong></span> <span class='ocrx_word' id='word_1_200' title='bbox 1900 1838 2057 1894; x_wconf 85' lang='lat' dir='ltr'><strong>petat,</strong></span> <span class='ocrx_word' id='word_1_201' title='bbox 2094 1828 2181 1880; x_wconf 89' lang='lat' dir='ltr'><strong>ubi</strong></span> <span class='ocrx_word' id='word_1_202' title='bbox 2202 1829 2556 1881; x_wconf 76' lang='lat' dir='ltr'><strong>emendationi</strong></span> <span class='ocrx_word' id='word_1_203' title='bbox 2586 1830 2717 1899; x_wconf 75' lang='lat' dir='ltr'><strong>forte</strong></span> <span class='ocrx_word' id='word_1_204' title='bbox 2743 1829 3063 1899; x_wconf 73' lang='lat' dir='ltr'><strong>exemplaria</strong></span> <span class='ocrx_word' id='word_1_205' title='bbox 3108 1837 3349 1899; x_wconf 79' lang='lat' dir='ltr'><strong>poterunt</strong></span> <span class='ocrx_word' id='word_1_206' title='bbox 3398 1826 3636 1885; x_wconf 83' lang='lat' dir='ltr'><strong>inveniri,</strong></span> <span class='ocrx_word' id='word_1_207' title='bbox 3668 1824 3754 1879; x_wconf 74' lang='lat' dir='ltr'><strong>vel</strong></span> 
     </span>
    </p>
   </div>
   <div class='ocr_carea' id='block_1_17' title="bbox 436 1922 3754 1993">
    <p class='ocr_par' dir='ltr' id='par_1_17' title="bbox 436 1922 3754 1993">
     <span class='ocr_line' id='line_1_17' title="bbox 436 1922 3754 1993; baseline -0.001 -15"><span class='ocrx_word' id='word_1_208' title='bbox 436 1928 573 1978; x_wconf 84' lang='lat' dir='ltr'><strong>unde</strong></span> <span class='ocrx_word' id='word_1_209' title='bbox 620 1930 856 1986; x_wconf 72' lang='lat' dir='ltr'><strong>uoluerit,</strong></span> <span class='ocrx_word' id='word_1_210' title='bbox 890 1934 1139 1988; x_wconf 80' lang='lat' dir='ltr'><strong>inquirat,</strong></span> <span class='ocrx_word' id='word_1_211' title='bbox 1170 1933 1217 1976; x_wconf 84' lang='lat' dir='ltr'><strong>et</strong></span> <span class='ocrx_word' id='word_1_212' title='bbox 1266 1935 1469 1975; x_wconf 83' lang='lat' dir='ltr'><strong>intenta</strong></span> <span class='ocrx_word' id='word_1_213' title='bbox 1520 1928 1791 1977; x_wconf 84' lang='lat' dir='ltr'><strong>describat.</strong></span> <span class='ocrx_word' id='word_1_214' title='bbox 1831 1924 2205 1980; x_wconf 81' lang='lat' dir='ltr'><strong>\‘etustissima</strong></span> <span class='ocrx_word' id='word_1_215' title='bbox 2251 1934 2431 1979; x_wconf 89' lang='lat' dir='ltr'><strong>tamen</strong></span> <span class='ocrx_word' id='word_1_216' title='bbox 2472 1926 2737 1993; x_wconf 84' lang='lat' dir='ltr'><strong>eiusmodi</strong></span> <span class='ocrx_word' id='word_1_217' title='bbox 2778 1928 3115 1992; x_wconf 83' lang='lat' dir='ltr'><strong>exemplaria</strong></span> <span class='ocrx_word' id='word_1_218' title='bbox 3171 1924 3575 1980; x_wconf 81' lang='lat' dir='ltr'><strong>desiderantur.</strong></span> <span class='ocrx_word' id='word_1_219' title='bbox 3612 1922 3754 1977; x_wconf 84' lang='lat' dir='ltr'><strong>Tres</strong></span> 
     </span>
    </p>
   </div>
   <div class='ocr_carea' id='block_1_18' title="bbox 440 2017 3742 2089">
    <p class='ocr_par' dir='ltr' id='par_1_18' title="bbox 440 2017 3742 2089">
     <span class='ocr_line' id='line_1_18' title="bbox 440 2017 3742 2089; baseline -0.002 -12"><span class='ocrx_word' id='word_1_220' title='bbox 440 2024 583 2077; x_wconf 74' lang='lat' dir='ltr'><strong>cnim</strong></span> <span class='ocrx_word' id='word_1_221' title='bbox 616 2024 946 2089; x_wconf 84' lang='lat' dir='ltr'><strong>antiquiores</strong></span> <span class='ocrx_word' id='word_1_222' title='bbox 993 2035 1113 2089; x_wconf 68' lang='lat' dir='ltr'><strong>qua:</strong></span> <span class='ocrx_word' id='word_1_223' title='bbox 1152 2030 1446 2088; x_wconf 85' lang='lat' dir='ltr'><strong>supersunt</strong></span> <span class='ocrx_word' id='word_1_224' title='bbox 1484 2020 1835 2074; x_wconf 83' lang='lat' dir='ltr'><strong>collectiOnes</strong></span> <span class='ocrx_word' id='word_1_225' title='bbox 1866 2035 2180 2073; x_wconf 87' lang='lat' dir='ltr'><strong>sermonum</strong></span> <span class='ocrx_word' id='word_1_226' title='bbox 2212 2019 2268 2073; x_wconf 87' lang='lat' dir='ltr'><strong>S.</strong></span> <span class='ocrx_word' id='word_1_227' title='bbox 2300 2021 2580 2083; x_wconf 74' lang='lat' dir='ltr'><strong>Augustini</strong></span> <span class='ocrx_word' id='word_1_228' title='bbox 2616 2021 2678 2073; x_wconf 85' lang='lat' dir='ltr'><strong>de</strong></span> <span class='ocrx_word' id='word_1_229' title='bbox 2711 2018 2887 2073; x_wconf 81' lang='lat' dir='ltr'><strong>Verbis</strong></span> <span class='ocrx_word' id='word_1_230' title='bbox 2920 2018 3155 2080; x_wconf 78' lang='lat' dir='ltr'><strong>Domini.</strong></span> <span class='ocrx_word' id='word_1_231' title='bbox 3176 2019 3239 2072; x_wconf 85' lang='lat' dir='ltr'><strong>de</strong></span> <span class='ocrx_word' id='word_1_232' title='bbox 3269 2017 3448 2071; x_wconf 85' lang='lat' dir='ltr'><strong>Verbis</strong></span> <span class='ocrx_word' id='word_1_233' title='bbox 3482 2017 3742 2085; x_wconf 80' lang='lat' dir='ltr'><strong>Apostoli,</strong></span> 
     </span>
    </p>
   </div>
   <div class='ocr_carea' id='block_1_19' title="bbox 437 2110 3751 2184">
    <p class='ocr_par' dir='ltr' id='par_1_19' title="bbox 437 2110 3751 2184">
     <span class='ocr_line' id='line_1_19' title="bbox 437 2110 3751 2184; baseline -0.001 -17"><span class='ocrx_word' id='word_1_234' title='bbox 437 2126 483 2167; x_wconf 79' lang='lat' dir='ltr'><strong>et</strong></span> <span class='ocrx_word' id='word_1_235' title='bbox 518 2115 845 2165; x_wconf 83' lang='lat' dir='ltr'><strong>homilinruoi</strong></span> <span class='ocrx_word' id='word_1_236' title='bbox 886 2114 1280 2184; x_wconf 79' lang='lat' dir='ltr'><strong>quinquaginta,</strong></span> <span class='ocrx_word' id='word_1_237' title='bbox 1312 2122 1368 2166; x_wconf 85' lang='grc' dir='ltr'><strong>ιιι</strong></span> <span class='ocrx_word' id='word_1_238' title='bbox 1400 2113 1757 2168; x_wconf 80' lang='lat' dir='ltr'><strong>observarunt</strong></span> <span class='ocrx_word' id='word_1_239' title='bbox 1788 2115 2089 2167; x_wconf 71' lang='lat' dir='ltr'><strong>doctissimi</strong></span> <span class='ocrx_word' id='word_1_240' title='bbox 2131 2113 2317 2169; x_wconf 77' lang='lat' dir='ltr'><strong>Patres</strong></span> <span class='ocrx_word' id='word_1_241' title='bbox 2347 2112 2573 2167; x_wconf 86' lang='lat' dir='ltr'><strong>Manrini</strong></span> <span class='ocrx_word' id='word_1_242' title='bbox 2603 2114 2655 2166; x_wconf 93' lang='lat' dir='ltr'><strong>iii</strong></span> <span class='ocrx_word' id='word_1_243' title='bbox 2692 2113 2901 2182; x_wconf 59' lang='lat' dir='ltr'><strong>praefat.</strong></span> <span class='ocrx_word' id='word_1_244' title='bbox 2928 2115 2993 2166; x_wconf 90' lang='lat' dir='ltr'><strong>ad</strong></span> <span class='ocrx_word' id='word_1_245' title='bbox 3026 2125 3228 2166; x_wconf 90' lang='lat' dir='ltr'><strong>tomum</strong></span> <span class='ocrx_word' id='word_1_246' title='bbox 3262 2110 3328 2179; x_wconf 86' lang='lat' dir='ltr'><strong>V,</strong></span> <span class='ocrx_word' id='word_1_247' title='bbox 3362 2113 3489 2165; x_wconf 89' lang='lat' dir='ltr'><strong>licet</strong></span> <span class='ocrx_word' id='word_1_248' title='bbox 3524 2111 3575 2164; x_wconf 92' lang='lat' dir='ltr'><strong>in</strong></span> <span class='ocrx_word' id='word_1_249' title='bbox 3616 2126 3751 2164; x_wconf 70' lang='lat' dir='ltr'><strong>mss.</strong></span> 
     </span>
    </p>
   </div>
   <div class='ocr_carea' id='block_1_20' title="bbox 436 2202 3754 2275">
    <p class='ocr_par' dir='ltr' id='par_1_20' title="bbox 436 2202 3754 2275">
     <span class='ocr_line' id='line_1_20' title="bbox 436 2202 3754 2275; baseline -0.002 -14"><span class='ocrx_word' id='word_1_250' title='bbox 436 2217 871 2275; x_wconf 88' lang='lat' dir='ltr'><strong>oetiiigeiitoriiiu</strong></span> <span class='ocrx_word' id='word_1_251' title='bbox 915 2220 1181 2258; x_wconf 90' lang='lat' dir='ltr'><strong>annorum</strong></span> <span class='ocrx_word' id='word_1_252' title='bbox 1230 2216 1281 2259; x_wconf 90' lang='lat' dir='ltr'><strong>et</strong></span> <span class='ocrx_word' id='word_1_253' title='bbox 1327 2207 1558 2273; x_wconf 85' lang='lat' dir='ltr'><strong>amplius</strong></span> <span class='ocrx_word' id='word_1_254' title='bbox 1603 2218 1971 2269; x_wconf 81' lang='lat' dir='ltr'><strong>reperiantur,</strong></span> <span class='ocrx_word' id='word_1_255' title='bbox 2007 2223 2113 2259; x_wconf 91' lang='lat' dir='ltr'><strong>non</strong></span> <span class='ocrx_word' id='word_1_256' title='bbox 2165 2217 2341 2259; x_wconf 88' lang='lat' dir='ltr'><strong>tamen</strong></span> <span class='ocrx_word' id='word_1_257' title='bbox 2393 2206 2693 2275; x_wconf 78' lang='lat' dir='ltr'><strong>Augustino</strong></span> <span class='ocrx_word' id='word_1_258' title='bbox 2720 2207 2954 2275; x_wconf 73' lang='lat' dir='ltr'><strong>:equales</strong></span> <span class='ocrx_word' id='word_1_259' title='bbox 2985 2204 3135 2260; x_wconf 90' lang='lat' dir='ltr'><strong>credi</strong></span> <span class='ocrx_word' id='word_1_260' title='bbox 3178 2212 3404 2273; x_wconf 89' lang='lat' dir='ltr'><strong>queunt,</strong></span> <span class='ocrx_word' id='word_1_261' title='bbox 3440 2219 3546 2257; x_wconf 90' lang='lat' dir='ltr'><strong>non</strong></span> <span class='ocrx_word' id='word_1_262' title='bbox 3574 2202 3754 2257; x_wconf 90' lang='lat' dir='ltr'><strong>solum</strong></span> 
     </span>
    </p>
   </div>
   <div class='ocr_carea' id='block_1_21' title="bbox 438 2296 3755 2369">
    <p class='ocr_par' dir='ltr' id='par_1_21' title="bbox 438 2296 3755 2369">
     <span class='ocr_line' id='line_1_21' title="bbox 438 2296 3755 2369; baseline -0.001 -18"><span class='ocrx_word' id='word_1_263' title='bbox 438 2302 560 2367; x_wconf 84' lang='lat' dir='ltr'><strong>quia</strong></span> <span class='ocrx_word' id='word_1_264' title='bbox 594 2313 779 2352; x_wconf 84' lang='lat' dir='ltr'><strong>carum</strong></span> <span class='ocrx_word' id='word_1_265' title='bbox 814 2298 1092 2351; x_wconf 81' lang='lat' dir='ltr'><strong>PoSSidius</strong></span> <span class='ocrx_word' id='word_1_266' title='bbox 1125 2316 1229 2351; x_wconf 86' lang='lat' dir='ltr'><strong>non</strong></span> <span class='ocrx_word' id='word_1_267' title='bbox 1256 2310 1522 2358; x_wconf 87' lang='lat' dir='ltr'><strong>meminit.</strong></span> <span class='ocrx_word' id='word_1_268' title='bbox 1543 2300 1637 2353; x_wconf 88' lang='lat' dir='ltr'><strong>sed</strong></span> <span class='ocrx_word' id='word_1_269' title='bbox 1670 2300 1969 2366; x_wconf 66' lang='lat' dir='ltr'><strong>ptmsertiiii</strong></span> <span class='ocrx_word' id='word_1_270' title='bbox 1996 2302 2119 2369; x_wconf 87' lang='lat' dir='ltr'><strong>quia</strong></span> <span class='ocrx_word' id='word_1_271' title='bbox 2145 2300 2505 2367; x_wconf 87' lang='lat' dir='ltr'><strong>supposititiis</strong></span> <span class='ocrx_word' id='word_1_272' title='bbox 2534 2316 2639 2353; x_wconf 88' lang='lat' dir='ltr'><strong>non</strong></span> <span class='ocrx_word' id='word_1_273' title='bbox 2664 2309 2872 2353; x_wconf 90' lang='lat' dir='ltr'><strong>carent.</strong></span> <span class='ocrx_word' id='word_1_274' title='bbox 2895 2300 2949 2353; x_wconf 90' lang='lat' dir='ltr'><strong>In</strong></span> <span class='ocrx_word' id='word_1_275' title='bbox 2986 2299 3320 2353; x_wconf 85' lang='lat' dir='ltr'><strong>Lectionaria</strong></span> <span class='ocrx_word' id='word_1_276' title='bbox 3352 2300 3608 2353; x_wconf 87' lang='lat' dir='ltr'><strong>nimirum</strong></span> <span class='ocrx_word' id='word_1_277' title='bbox 3631 2296 3755 2365; x_wconf 74' lang='lat' dir='ltr'><strong>ejus</strong></span> 
     </span>
    </p>
   </div>
   <div class='ocr_carea' id='block_1_22' title="bbox 438 2390 3756 2459">
    <p class='ocr_par' dir='ltr' id='par_1_22' title="bbox 438 2390 3756 2459">
     <span class='ocr_line' id='line_1_22' title="bbox 438 2390 3756 2459; baseline -0.001 -14"><span class='ocrx_word' id='word_1_278' title='bbox 438 2405 717 2445; x_wconf 81' lang='lat' dir='ltr'><strong>sermones</strong></span> <span class='ocrx_word' id='word_1_279' title='bbox 769 2405 999 2459; x_wconf 86' lang='lat' dir='ltr'><strong>sparsuu</strong></span> <span class='ocrx_word' id='word_1_280' title='bbox 1047 2391 1316 2451; x_wconf 85' lang='lat' dir='ltr'><strong>traducti,</strong></span> <span class='ocrx_word' id='word_1_281' title='bbox 1343 2392 1723 2444; x_wconf 85' lang='lat' dir='ltr'><strong>collectiounni</strong></span> <span class='ocrx_word' id='word_1_282' title='bbox 1772 2390 2251 2445; x_wconf 82' lang='lat' dir='ltr'><strong>deseribcnilarum</strong></span> <span class='ocrx_word' id='word_1_283' title='bbox 2285 2392 2523 2446; x_wconf 87' lang='lat' dir='ltr'><strong>laborem</strong></span> <span class='ocrx_word' id='word_1_284' title='bbox 2568 2391 2862 2445; x_wconf 86' lang='lat' dir='ltr'><strong>sustulere.</strong></span> <span class='ocrx_word' id='word_1_285' title='bbox 2902 2393 2974 2445; x_wconf 82' lang='lat' dir='ltr'><strong>Ex</strong></span> <span class='ocrx_word' id='word_1_286' title='bbox 3019 2391 3380 2446; x_wconf 70' lang='lat' dir='ltr'><strong>Lectionariis</strong></span> <span class='ocrx_word' id='word_1_287' title='bbox 3415 2399 3594 2443; x_wconf 90' lang='lat' dir='ltr'><strong>autem</strong></span> <span class='ocrx_word' id='word_1_288' title='bbox 3638 2399 3756 2444; x_wconf 83' lang='lat' dir='ltr'><strong>tres</strong></span> 
     </span>
    </p>
   </div>
   <div class='ocr_carea' id='block_1_23' title="bbox 441 2482 3750 2554">
    <p class='ocr_par' dir='ltr' id='par_1_23' title="bbox 441 2482 3750 2554">
     <span class='ocr_line' id='line_1_23' title="bbox 441 2482 3750 2554; baseline -0.001 -14"><span class='ocrx_word' id='word_1_289' title='bbox 441 2498 754 2541; x_wconf 73' lang='lat' dir='ltr'><strong>nicinnratze</strong></span> <span class='ocrx_word' id='word_1_290' title='bbox 796 2486 1145 2540; x_wconf 73' lang='lat' dir='ltr'><strong>collectiones</strong></span> <span class='ocrx_word' id='word_1_291' title='bbox 1190 2495 1459 2553; x_wconf 88' lang='lat' dir='ltr'><strong>posterius</strong></span> <span class='ocrx_word' id='word_1_292' title='bbox 1487 2484 1700 2539; x_wconf 88' lang='lat' dir='ltr'><strong>luerunt</strong></span> <span class='ocrx_word' id='word_1_293' title='bbox 1740 2486 1986 2554; x_wconf 67' lang='lat' dir='ltr'><strong>digestae.</strong></span> <span class='ocrx_word' id='word_1_294' title='bbox 2018 2498 2081 2538; x_wconf 88' lang='lat' dir='ltr'><strong>ac</strong></span> <span class='ocrx_word' id='word_1_295' title='bbox 2118 2484 2375 2553; x_wconf 87' lang='lat' dir='ltr'><strong>deinceps</strong></span> <span class='ocrx_word' id='word_1_296' title='bbox 2410 2486 2500 2538; x_wconf 88' lang='lat' dir='ltr'><strong>alii</strong></span> <span class='ocrx_word' id='word_1_297' title='bbox 2532 2498 2817 2540; x_wconf 78' lang='lat' dir='ltr'><strong>sertuoiies</strong></span> <span class='ocrx_word' id='word_1_298' title='bbox 2848 2500 2917 2539; x_wconf 80' lang='lat' dir='ltr'><strong>ex</strong></span> <span class='ocrx_word' id='word_1_299' title='bbox 2946 2486 3068 2539; x_wconf 85' lang='lat' dir='ltr'><strong>aliis</strong></span> <span class='ocrx_word' id='word_1_300' title='bbox 3099 2485 3454 2539; x_wconf 90' lang='lat' dir='ltr'><strong>Lectionariis</strong></span> <span class='ocrx_word' id='word_1_301' title='bbox 3484 2482 3750 2551; x_wconf 90' lang='lat' dir='ltr'><strong>descripti</strong></span> 
     </span>
    </p>
   </div>
   <div class='ocr_carea' id='block_1_24' title="bbox 445 2576 3755 2649">
    <p class='ocr_par' dir='ltr' id='par_1_24' title="bbox 445 2576 3755 2649">
     <span class='ocr_line' id='line_1_24' title="bbox 445 2576 3755 2649; baseline 0 -18"><span class='ocrx_word' id='word_1_302' title='bbox 445 2580 854 2647; x_wconf 81' lang='lat' dir='ltr'><strong>Augtistinianis</strong></span> <span class='ocrx_word' id='word_1_303' title='bbox 884 2581 1079 2647; x_wconf 78' lang='lat' dir='ltr'><strong>ailjecti</strong></span> <span class='ocrx_word' id='word_1_304' title='bbox 1112 2580 1327 2633; x_wconf 86' lang='lat' dir='ltr'><strong>luerunt</strong></span> <span class='ocrx_word' id='word_1_305' title='bbox 1355 2579 1405 2632; x_wconf 93' lang='lat' dir='ltr'><strong>in</strong></span> <span class='ocrx_word' id='word_1_306' title='bbox 1432 2578 1892 2649; x_wconf 78' lang='lat' dir='ltr'><strong>editioniIiusqua:</strong></span> <span class='ocrx_word' id='word_1_307' title='bbox 1920 2576 2151 2634; x_wconf 88' lang='lat' dir='ltr'><strong>subinde</strong></span> <span class='ocrx_word' id='word_1_308' title='bbox 2175 2591 2576 2648; x_wconf 75' lang='lat' dir='ltr'><strong>apparuerunt;</strong></span> <span class='ocrx_word' id='word_1_309' title='bbox 2603 2595 2698 2634; x_wconf 90' lang='lat' dir='ltr'><strong>nec</strong></span> <span class='ocrx_word' id='word_1_310' title='bbox 2730 2580 2959 2634; x_wconf 87' lang='lat' dir='ltr'><strong>deerunt</strong></span> <span class='ocrx_word' id='word_1_311' title='bbox 2986 2580 3074 2647; x_wconf 90' lang='lat' dir='ltr'><strong>qui</strong></span> <span class='ocrx_word' id='word_1_312' title='bbox 3103 2578 3492 2647; x_wconf 87' lang='lat' dir='ltr'><strong>aliosejusdem</strong></span> <span class='ocrx_word' id='word_1_313' title='bbox 3511 2577 3755 2632; x_wconf 79' lang='lat' dir='ltr'><strong>doctoris</strong></span> 
     </span>
    </p>
   </div>
   <div class='ocr_carea' id='block_1_25' title="bbox 445 2673 3753 2749">
    <p class='ocr_par' dir='ltr' id='par_1_25' title="bbox 445 2673 3753 2749">
     <span class='ocr_line' id='line_1_25' title="bbox 445 2673 3753 2749; baseline 0 -22"><span class='ocrx_word' id='word_1_314' title='bbox 445 2688 725 2727; x_wconf 86' lang='lat' dir='ltr'><strong>sermones</strong></span> <span class='ocrx_word' id='word_1_315' title='bbox 748 2689 810 2727; x_wconf 82' lang='lat' dir='ltr'><strong>ex</strong></span> <span class='ocrx_word' id='word_1_316' title='bbox 841 2675 1028 2729; x_wconf 89' lang='lat' dir='ltr'><strong>iisdem</strong></span> <span class='ocrx_word' id='word_1_317' title='bbox 1063 2675 1298 2728; x_wconf 68' lang='lat' dir='ltr'><strong>fontibus</strong></span> <span class='ocrx_word' id='word_1_318' title='bbox 1330 2676 1576 2730; x_wconf 88' lang='lat' dir='ltr'><strong>derivare</strong></span> <span class='ocrx_word' id='word_1_319' title='bbox 1608 2687 1830 2746; x_wconf 81' lang='lat' dir='ltr'><strong>queant,</strong></span> <span class='ocrx_word' id='word_1_320' title='bbox 1855 2676 2013 2733; x_wconf 91' lang='lat' dir='ltr'><strong>sicuti</strong></span> <span class='ocrx_word' id='word_1_321' title='bbox 2042 2691 2145 2733; x_wconf 90' lang='lat' dir='ltr'><strong>nos</strong></span> <span class='ocrx_word' id='word_1_322' title='bbox 2178 2678 2366 2749; x_wconf 79' lang='lat' dir='ltr'><strong>viginti</strong></span> <span class='ocrx_word' id='word_1_323' title='bbox 2399 2687 2453 2733; x_wconf 93' lang='lat' dir='ltr'><strong>et</strong></span> <span class='ocrx_word' id='word_1_324' title='bbox 2480 2677 2711 2747; x_wconf 86' lang='lat' dir='ltr'><strong>amplius</strong></span> <span class='ocrx_word' id='word_1_325' title='bbox 2732 2679 2995 2747; x_wconf 86' lang='lat' dir='ltr'><strong>genuinos</strong></span> <span class='ocrx_word' id='word_1_326' title='bbox 3030 2677 3083 2731; x_wconf 90' lang='lat' dir='ltr'><strong>in</strong></span> <span class='ocrx_word' id='word_1_327' title='bbox 3126 2675 3453 2732; x_wconf 78' lang='lat' dir='ltr'><strong>Anecdoctis</strong></span> <span class='ocrx_word' id='word_1_328' title='bbox 3480 2673 3753 2729; x_wconf 77' lang='lat' dir='ltr'><strong>Miscella-</strong></span> 
     </span>
    </p>
   </div>
   <div class='ocr_carea' id='block_1_26' title="bbox 443 2765 1339 2836">
    <p class='ocr_par' dir='ltr' id='par_1_26' title="bbox 443 2765 1339 2836">
     <span class='ocr_line' id='line_1_26' title="bbox 443 2765 1339 2836; baseline 0.007 -17"><span class='ocrx_word' id='word_1_329' title='bbox 443 2765 559 2820; x_wconf 82' lang='lat' dir='ltr'><strong>neis</strong></span> <span class='ocrx_word' id='word_1_330' title='bbox 581 2768 873 2836; x_wconf 77' lang='lat' dir='ltr'><strong>aliquando</strong></span> <span class='ocrx_word' id='word_1_331' title='bbox 902 2770 1096 2823; x_wconf 77' lang='lat' dir='ltr'><strong>Ctlll‘ll’l</strong></span> <span class='ocrx_word' id='word_1_332' title='bbox 1132 2785 1339 2825; x_wconf 85' lang='lat' dir='ltr'><strong>smnus.</strong></span> 
     </span>
    </p>
   </div>
   <div class='ocr_carea' id='block_1_27' title="bbox 514 2856 3801 2931">
    <p class='ocr_par' dir='ltr' id='par_1_27' title="bbox 514 2856 3801 2931">
     <span class='ocr_line' id='line_1_27' title="bbox 514 2856 3801 2931; baseline 0 -20"><span class='ocrx_word' id='word_1_333' title='bbox 514 2858 567 2911; x_wconf 81' lang='grc'>3.</span> <span class='ocrx_word' id='word_1_334' title='bbox 605 2858 790 2913; x_wconf 90' lang='lat' dir='ltr'><strong>Simile</strong></span> <span class='ocrx_word' id='word_1_335' title='bbox 831 2859 1106 2928; x_wconf 72' lang='lat' dir='ltr'><strong>quidpiam</strong></span> <span class='ocrx_word' id='word_1_336' title='bbox 1140 2859 1199 2916; x_wconf 88' lang='lat' dir='ltr'><strong>S.</strong></span> <span class='ocrx_word' id='word_1_337' title='bbox 1236 2861 1437 2917; x_wconf 84' lang='lat' dir='ltr'><strong>Leonis</strong></span> <span class='ocrx_word' id='word_1_338' title='bbox 1481 2866 1823 2919; x_wconf 84' lang='lat' dir='ltr'><strong>sermonibus</strong></span> <span class='ocrx_word' id='word_1_339' title='bbox 1850 2865 2113 2922; x_wconf 83' lang='lat' dir='ltr'><strong>accidisse</strong></span> <span class='ocrx_word' id='word_1_340' title='bbox 2144 2865 2490 2920; x_wconf 87' lang='lat' dir='ltr'><strong>arbitramur.</strong></span> <span class='ocrx_word' id='word_1_341' title='bbox 2526 2864 2679 2918; x_wconf 85' lang='lat' dir='ltr'><strong>Hune</strong></span> <span class='ocrx_word' id='word_1_342' title='bbox 2704 2872 2948 2919; x_wconf 91' lang='lat' dir='ltr'><strong>sanctum</strong></span> <span class='ocrx_word' id='word_1_343' title='bbox 2999 2861 3307 2931; x_wconf 84' lang='lat' dir='ltr'><strong>pontificem</strong></span> <span class='ocrx_word' id='word_1_344' title='bbox 3352 2858 3523 2913; x_wconf 89' lang='lat' dir='ltr'><strong>multo</strong></span> <span class='ocrx_word' id='word_1_345' title='bbox 3568 2856 3753 2913; x_wconf 88' lang='lat' dir='ltr'><strong>studio</strong></span> <span class='ocrx_word' id='word_1_346' title='bbox 3784 2913 3801 2930; x_wconf 55' lang='grc'><em>,</em></span> 
     </span>
    </p>
   </div>
   <div class='ocr_carea' id='block_1_28' title="bbox 440 2951 3755 3027">
    <p class='ocr_par' dir='ltr' id='par_1_28' title="bbox 440 2951 3755 3027">
     <span class='ocr_line' id='line_1_28' title="bbox 440 2951 3755 3027; baseline -0.001 -20"><span class='ocrx_word' id='word_1_347' title='bbox 440 2967 724 3009; x_wconf 89' lang='lat' dir='ltr'><strong>sermones</strong></span> <span class='ocrx_word' id='word_1_348' title='bbox 756 2956 1089 3014; x_wconf 82' lang='lat' dir='ltr'><strong>lncubrasse.</strong></span> <span class='ocrx_word' id='word_1_349' title='bbox 1116 2966 1171 3009; x_wconf 90' lang='lat' dir='ltr'><strong>et</strong></span> <span class='ocrx_word' id='word_1_350' title='bbox 1198 2968 1447 3010; x_wconf 70' lang='lat' dir='ltr'><strong>accurata</strong></span> <span class='ocrx_word' id='word_1_351' title='bbox 1474 2972 1658 3011; x_wconf 90' lang='lat' dir='ltr'><strong>eorum</strong></span> <span class='ocrx_word' id='word_1_352' title='bbox 1687 2960 1932 3027; x_wconf 79' lang='lat' dir='ltr'><strong>exempla</strong></span> <span class='ocrx_word' id='word_1_353' title='bbox 1958 2959 2097 3027; x_wconf 81' lang='lat' dir='ltr'><strong>apud</strong></span> <span class='ocrx_word' id='word_1_354' title='bbox 2124 2974 2184 3014; x_wconf 90' lang='lat' dir='ltr'><strong>se</strong></span> <span class='ocrx_word' id='word_1_355' title='bbox 2208 2959 2495 3013; x_wconf 88' lang='lat' dir='ltr'><strong>retinuisse</strong></span> <span class='ocrx_word' id='word_1_356' title='bbox 2522 2958 2648 3011; x_wconf 88' lang='lat' dir='ltr'><strong>illtid</strong></span> <span class='ocrx_word' id='word_1_357' title='bbox 2680 2956 2879 3011; x_wconf 89' lang='lat' dir='ltr'><strong>indicio</strong></span> <span class='ocrx_word' id='word_1_358' title='bbox 2905 2965 3012 3018; x_wconf 89' lang='lat' dir='ltr'><strong>est,</strong></span> <span class='ocrx_word' id='word_1_359' title='bbox 3037 2954 3180 3024; x_wconf 84' lang='lat' dir='ltr'><strong>quod</strong></span> <span class='ocrx_word' id='word_1_360' title='bbox 3210 2953 3263 3008; x_wconf 92' lang='lat' dir='ltr'><strong>in</strong></span> <span class='ocrx_word' id='word_1_361' title='bbox 3292 2954 3403 3007; x_wconf 88' lang='lat' dir='ltr'><strong>suis</strong></span> <span class='ocrx_word' id='word_1_362' title='bbox 3430 2951 3755 3022; x_wconf 85' lang='lat' dir='ltr'><strong>dogioaticis</strong></span> 
     </span>
    </p>
   </div>
   <div class='ocr_carea' id='block_1_29' title="bbox 448 3042 3749 3119">
    <p class='ocr_par' dir='ltr' id='par_1_29' title="bbox 448 3042 3749 3119">
     <span class='ocr_line' id='line_1_29' title="bbox 448 3042 3749 3119; baseline -0.001 -18"><span class='ocrx_word' id='word_1_363' title='bbox 448 3047 713 3113; x_wconf 84' lang='lat' dir='ltr'><strong>epistolis,</strong></span> <span class='ocrx_word' id='word_1_364' title='bbox 739 3061 858 3114; x_wconf 71' lang='lat' dir='ltr'><strong>qure</strong></span> <span class='ocrx_word' id='word_1_365' title='bbox 904 3048 975 3100; x_wconf 90' lang='lat' dir='ltr'><strong>ob</strong></span> <span class='ocrx_word' id='word_1_366' title='bbox 1020 3048 1305 3101; x_wconf 78' lang='lat' dir='ltr'><strong>sublimem</strong></span> <span class='ocrx_word' id='word_1_367' title='bbox 1335 3049 1718 3118; x_wconf 81' lang='lat' dir='ltr'><strong>dtlftcileiiiqiie</strong></span> <span class='ocrx_word' id='word_1_368' title='bbox 1742 3051 2157 3119; x_wconf 80' lang='lat' dir='ltr'><strong>explicationem</strong></span> <span class='ocrx_word' id='word_1_369' title='bbox 2191 3050 2503 3119; x_wconf 88' lang='lat' dir='ltr'><strong>dogmatuni</strong></span> <span class='ocrx_word' id='word_1_370' title='bbox 2537 3050 2604 3102; x_wconf 90' lang='lat' dir='ltr'><strong>de</strong></span> <span class='ocrx_word' id='word_1_371' title='bbox 2631 3048 2827 3117; x_wconf 87' lang='lat' dir='ltr'><strong>quibus</strong></span> <span class='ocrx_word' id='word_1_372' title='bbox 2858 3046 3131 3111; x_wconf 89' lang='lat' dir='ltr'><strong>disseruit,</strong></span> <span class='ocrx_word' id='word_1_373' title='bbox 3163 3042 3457 3098; x_wconf 81' lang='lat' dir='ltr'><strong>maximam</strong></span> <span class='ocrx_word' id='word_1_374' title='bbox 3498 3059 3602 3095; x_wconf 90' lang='lat' dir='ltr'><strong>non</strong></span> <span class='ocrx_word' id='word_1_375' title='bbox 3637 3050 3749 3097; x_wconf 89' lang='lat' dir='ltr'><strong>tam</strong></span> 
     </span>
    </p>
   </div>
   <div class='ocr_carea' id='block_1_30' title="bbox 442 3134 3755 3211">
    <p class='ocr_par' dir='ltr' id='par_1_30' title="bbox 442 3134 3755 3211">
     <span class='ocr_line' id='line_1_30' title="bbox 442 3134 3755 3211; baseline -0.002 -16"><span class='ocrx_word' id='word_1_376' title='bbox 442 3145 837 3196; x_wconf 76' lang='lat' dir='ltr'><strong>sententiarum</strong></span> <span class='ocrx_word' id='word_1_377' title='bbox 863 3157 1025 3211; x_wconf 90' lang='lat' dir='ltr'><strong>quam</strong></span> <span class='ocrx_word' id='word_1_378' title='bbox 1059 3144 1349 3197; x_wconf 75' lang='lat' dir='ltr'><strong>verborum</strong></span> <span class='ocrx_word' id='word_1_379' title='bbox 1393 3143 1694 3197; x_wconf 85' lang='lat' dir='ltr'><strong>cautionem</strong></span> <span class='ocrx_word' id='word_1_380' title='bbox 1728 3155 1781 3198; x_wconf 92' lang='lat' dir='ltr'><strong>et</strong></span> <span class='ocrx_word' id='word_1_381' title='bbox 1818 3145 2085 3199; x_wconf 90' lang='lat' dir='ltr'><strong>delectum</strong></span> <span class='ocrx_word' id='word_1_382' title='bbox 2132 3142 2464 3209; x_wconf 83' lang='lat' dir='ltr'><strong>flagitabant,</strong></span> <span class='ocrx_word' id='word_1_383' title='bbox 2494 3141 2739 3211; x_wconf 66' lang='lat' dir='ltr'><strong>quaedam</strong></span> <span class='ocrx_word' id='word_1_384' title='bbox 2780 3155 2846 3194; x_wconf 74' lang='lat' dir='ltr'><strong>ex</strong></span> <span class='ocrx_word' id='word_1_385' title='bbox 2877 3138 3217 3192; x_wconf 84' lang='lat' dir='ltr'><strong>sermonibus</strong></span> <span class='ocrx_word' id='word_1_386' title='bbox 3259 3152 3367 3190; x_wconf 90' lang='lat' dir='ltr'><strong>non</strong></span> <span class='ocrx_word' id='word_1_387' title='bbox 3411 3136 3602 3204; x_wconf 77' lang='lat' dir='ltr'><strong>exigua</strong></span> <span class='ocrx_word' id='word_1_388' title='bbox 3638 3134 3755 3188; x_wconf 87' lang='lat' dir='ltr'><strong>fra-</strong></span> 
     </span>
    </p>
   </div>
   <div class='ocr_carea' id='block_1_31' title="bbox 444 3229 3753 3304">
    <p class='ocr_par' dir='ltr' id='par_1_31' title="bbox 444 3229 3753 3304">
     <span class='ocr_line' id='line_1_31' title="bbox 444 3229 3753 3304; baseline -0.001 -19"><span class='ocrx_word' id='word_1_389' title='bbox 444 3244 661 3303; x_wconf 80' lang='lat' dir='ltr'><strong>gmenta</strong></span> <span class='ocrx_word' id='word_1_390' title='bbox 705 3234 1012 3288; x_wconf 87' lang='lat' dir='ltr'><strong>inseruerit.</strong></span> <span class='ocrx_word' id='word_1_391' title='bbox 1049 3234 1174 3288; x_wconf 70' lang='lat' dir='ltr'><strong>llaec</strong></span> <span class='ocrx_word' id='word_1_392' title='bbox 1198 3245 1378 3288; x_wconf 91' lang='lat' dir='ltr'><strong>autem</strong></span> <span class='ocrx_word' id='word_1_393' title='bbox 1411 3250 1722 3289; x_wconf 84' lang='lat' dir='ltr'><strong>sermonum</strong></span> <span class='ocrx_word' id='word_1_394' title='bbox 1750 3236 2081 3304; x_wconf 80' lang='lat' dir='ltr'><strong>autographa</strong></span> <span class='ocrx_word' id='word_1_395' title='bbox 2108 3233 2436 3303; x_wconf 79' lang='lat' dir='ltr'><strong>exemplaria</strong></span> <span class='ocrx_word' id='word_1_396' title='bbox 2466 3234 2517 3287; x_wconf 91' lang='lat' dir='ltr'><strong>in</strong></span> <span class='ocrx_word' id='word_1_397' title='bbox 2551 3234 2774 3288; x_wconf 89' lang='lat' dir='ltr'><strong>arcliivo</strong></span> <span class='ocrx_word' id='word_1_398' title='bbox 2811 3230 3112 3300; x_wconf 85' lang='lat' dir='ltr'><strong>apostolico</strong></span> <span class='ocrx_word' id='word_1_399' title='bbox 3141 3229 3343 3284; x_wconf 87' lang='lat' dir='ltr'><strong>diutius</strong></span> <span class='ocrx_word' id='word_1_400' title='bbox 3371 3229 3537 3283; x_wconf 87' lang='lat' dir='ltr'><strong>fuisse</strong></span> <span class='ocrx_word' id='word_1_401' title='bbox 3565 3236 3753 3283; x_wconf 89' lang='lat' dir='ltr'><strong>custo-</strong></span> 
     </span>
    </p>
   </div>
   <div class='ocr_carea' id='block_1_32' title="bbox 442 3321 3754 3393">
    <p class='ocr_par' dir='ltr' id='par_1_32' title="bbox 442 3321 3754 3393">
     <span class='ocr_line' id='line_1_32' title="bbox 442 3321 3754 3393; baseline -0.001 -15"><span class='ocrx_word' id='word_1_402' title='bbox 442 3323 577 3384; x_wconf 86' lang='lat' dir='ltr'><strong>dita,</strong></span> <span class='ocrx_word' id='word_1_403' title='bbox 604 3323 853 3377; x_wconf 83' lang='lat' dir='ltr'><strong>dubitare</strong></span> <span class='ocrx_word' id='word_1_404' title='bbox 884 3340 990 3378; x_wconf 90' lang='lat' dir='ltr'><strong>non</strong></span> <span class='ocrx_word' id='word_1_405' title='bbox 1040 3324 1187 3379; x_wconf 92' lang='lat' dir='ltr'><strong>licet.</strong></span> <span class='ocrx_word' id='word_1_406' title='bbox 1214 3322 1347 3379; x_wconf 88' lang='lat' dir='ltr'><strong>Cum</strong></span> <span class='ocrx_word' id='word_1_407' title='bbox 1383 3342 1513 3379; x_wconf 88' lang='lat' dir='ltr'><strong>vero</strong></span> <span class='ocrx_word' id='word_1_408' title='bbox 1558 3342 1654 3393; x_wconf 81' lang='lat' dir='ltr'><strong>pro</strong></span> <span class='ocrx_word' id='word_1_409' title='bbox 1684 3330 2007 3380; x_wconf 89' lang='lat' dir='ltr'><strong>auctoritate</strong></span> <span class='ocrx_word' id='word_1_410' title='bbox 2038 3342 2100 3381; x_wconf 88' lang='lat' dir='ltr'><strong>ac</strong></span> <span class='ocrx_word' id='word_1_411' title='bbox 2143 3326 2459 3380; x_wconf 85' lang='lat' dir='ltr'><strong>celebritate</strong></span> <span class='ocrx_word' id='word_1_412' title='bbox 2500 3324 2740 3379; x_wconf 84' lang='lat' dir='ltr'><strong>auctoris</strong></span> <span class='ocrx_word' id='word_1_413' title='bbox 2778 3334 2831 3377; x_wconf 91' lang='lat' dir='ltr'><strong>et</strong></span> <span class='ocrx_word' id='word_1_414' title='bbox 2862 3338 2988 3377; x_wconf 91' lang='lat' dir='ltr'><strong>cura</strong></span> <span class='ocrx_word' id='word_1_415' title='bbox 3038 3323 3295 3391; x_wconf 88' lang='lat' dir='ltr'><strong>peculiari</strong></span> <span class='ocrx_word' id='word_1_416' title='bbox 3330 3325 3381 3375; x_wconf 87' lang='lat' dir='ltr'><strong>in</strong></span> <span class='ocrx_word' id='word_1_417' title='bbox 3409 3321 3754 3377; x_wconf 76' lang='lat' dir='ltr'><strong>sermonibus</strong></span> 
     </span>
    </p>
   </div>
   <div class='ocr_carea' id='block_1_33' title="bbox 443 3414 3748 3486">
    <p class='ocr_par' dir='ltr' id='par_1_33' title="bbox 443 3414 3748 3486">
     <span class='ocr_line' id='line_1_33' title="bbox 443 3414 3748 3486; baseline 0 -19"><span class='ocrx_word' id='word_1_418' title='bbox 443 3414 796 3469; x_wconf 90' lang='lat' dir='ltr'><strong>lucubrandis</strong></span> <span class='ocrx_word' id='word_1_419' title='bbox 828 3416 901 3479; x_wconf 91' lang='lat' dir='ltr'><strong>lii,</strong></span> <span class='ocrx_word' id='word_1_420' title='bbox 935 3417 1092 3484; x_wconf 86' lang='lat' dir='ltr'><strong>paulo</strong></span> <span class='ocrx_word' id='word_1_421' title='bbox 1119 3426 1239 3486; x_wconf 91' lang='lat' dir='ltr'><strong>post</strong></span> <span class='ocrx_word' id='word_1_422' title='bbox 1264 3416 1457 3471; x_wconf 89' lang='lat' dir='ltr'><strong>Leonis</strong></span> <span class='ocrx_word' id='word_1_423' title='bbox 1486 3419 1715 3482; x_wconf 88' lang='lat' dir='ltr'><strong>obitum,</strong></span> <span class='ocrx_word' id='word_1_424' title='bbox 1747 3419 1795 3472; x_wconf 90' lang='lat' dir='ltr'><strong>iii</strong></span> <span class='ocrx_word' id='word_1_425' title='bbox 1825 3418 2181 3474; x_wconf 87' lang='lat' dir='ltr'><strong>Lectionariis</strong></span> <span class='ocrx_word' id='word_1_426' title='bbox 2207 3418 2569 3472; x_wconf 79' lang='lat' dir='ltr'><strong>Romanarum</strong></span> <span class='ocrx_word' id='word_1_427' title='bbox 2605 3417 2967 3472; x_wconf 83' lang='lat' dir='ltr'><strong>Ecclesiarum</strong></span> <span class='ocrx_word' id='word_1_428' title='bbox 3002 3418 3143 3471; x_wconf 91' lang='lat' dir='ltr'><strong>inter</strong></span> <span class='ocrx_word' id='word_1_429' title='bbox 3172 3416 3401 3470; x_wconf 91' lang='lat' dir='ltr'><strong>aliorum</strong></span> <span class='ocrx_word' id='word_1_430' title='bbox 3430 3424 3748 3471; x_wconf 78' lang='lat' dir='ltr'><strong>sanctorum</strong></span> 
     </span>
    </p>
   </div>
   <div class='ocr_carea' id='block_1_34' title="bbox 444 3508 3752 3578">
    <p class='ocr_par' dir='ltr' id='par_1_34' title="bbox 444 3508 3752 3578">
     <span class='ocr_line' id='line_1_34' title="bbox 444 3508 3752 3578; baseline 0.001 -19"><span class='ocrx_word' id='word_1_431' title='bbox 444 3520 733 3561; x_wconf 82' lang='lat' dir='ltr'><strong>sermones</strong></span> <span class='ocrx_word' id='word_1_432' title='bbox 769 3509 996 3562; x_wconf 85' lang='lat' dir='ltr'><strong>luissem</strong></span> <span class='ocrx_word' id='word_1_433' title='bbox 1044 3510 1376 3578; x_wconf 88' lang='lat' dir='ltr'><strong>transcripti,</strong></span> <span class='ocrx_word' id='word_1_434' title='bbox 1409 3520 1462 3564; x_wconf 91' lang='lat' dir='ltr'><strong>et</strong></span> <span class='ocrx_word' id='word_1_435' title='bbox 1500 3510 1696 3564; x_wconf 73' lang='lat' dir='ltr'><strong>exuide</strong></span> <span class='ocrx_word' id='word_1_436' title='bbox 1747 3512 2071 3565; x_wconf 81' lang='lat' dir='ltr'><strong>transissent</strong></span> <span class='ocrx_word' id='word_1_437' title='bbox 2116 3512 2167 3565; x_wconf 93' lang='lat' dir='ltr'><strong>in</strong></span> <span class='ocrx_word' id='word_1_438' title='bbox 2207 3511 2415 3565; x_wconf 90' lang='lat' dir='ltr'><strong>similes</strong></span> <span class='ocrx_word' id='word_1_439' title='bbox 2456 3511 2674 3565; x_wconf 90' lang='lat' dir='ltr'><strong>codices</strong></span> <span class='ocrx_word' id='word_1_440' title='bbox 2726 3509 2951 3563; x_wconf 87' lang='lat' dir='ltr'><strong>aliarum</strong></span> <span class='ocrx_word' id='word_1_441' title='bbox 3002 3509 3366 3564; x_wconf 84' lang='lat' dir='ltr'><strong>Ecclesiariim</strong></span> <span class='ocrx_word' id='word_1_442' title='bbox 3401 3510 3566 3562; x_wconf 84' lang='lat' dir='ltr'><strong>totius</strong></span> <span class='ocrx_word' id='word_1_443' title='bbox 3596 3508 3752 3564; x_wconf 89' lang='lat' dir='ltr'><strong>Occi-</strong></span> 
     </span>
    </p>
   </div>
   <div class='ocr_carea' id='block_1_35' title="bbox 448 3597 3752 3671">
    <p class='ocr_par' dir='ltr' id='par_1_35' title="bbox 448 3597 3752 3671">
     <span class='ocr_line' id='line_1_35' title="bbox 448 3597 3752 3671; baseline 0 -18"><span class='ocrx_word' id='word_1_444' title='bbox 448 3599 661 3664; x_wconf 87' lang='lat' dir='ltr'><strong>dentis;</strong></span> <span class='ocrx_word' id='word_1_445' title='bbox 699 3597 823 3653; x_wconf 87' lang='lat' dir='ltr'><strong>liiuc</strong></span> <span class='ocrx_word' id='word_1_446' title='bbox 850 3599 1047 3653; x_wconf 80' lang='lat' dir='ltr'><strong>factum</strong></span> <span class='ocrx_word' id='word_1_447' title='bbox 1074 3602 1172 3653; x_wconf 82' lang='lat' dir='ltr'><strong>luit</strong></span> <span class='ocrx_word' id='word_1_448' title='bbox 1200 3610 1254 3653; x_wconf 90' lang='lat' dir='ltr'><strong>ut</strong></span> <span class='ocrx_word' id='word_1_449' title='bbox 1286 3600 1600 3654; x_wconf 89' lang='lat' dir='ltr'><strong>eorumdein</strong></span> <span class='ocrx_word' id='word_1_450' title='bbox 1635 3614 1943 3655; x_wconf 90' lang='lat' dir='ltr'><strong>sermonum</strong></span> <span class='ocrx_word' id='word_1_451' title='bbox 1972 3601 2022 3654; x_wconf 91' lang='lat' dir='ltr'><strong>iti</strong></span> <span class='ocrx_word' id='word_1_452' title='bbox 2052 3602 2231 3669; x_wconf 90' lang='lat' dir='ltr'><strong>aliquo</strong></span> <span class='ocrx_word' id='word_1_453' title='bbox 2263 3613 2513 3670; x_wconf 81' lang='lat' dir='ltr'><strong>separato</strong></span> <span class='ocrx_word' id='word_1_454' title='bbox 2546 3602 2818 3656; x_wconf 86' lang='lat' dir='ltr'><strong>volumine</strong></span> <span class='ocrx_word' id='word_1_455' title='bbox 2842 3601 3263 3670; x_wconf 65' lang='lat' dir='ltr'><strong>colligendorum</strong></span> <span class='ocrx_word' id='word_1_456' title='bbox 3295 3616 3422 3656; x_wconf 91' lang='lat' dir='ltr'><strong>cura</strong></span> <span class='ocrx_word' id='word_1_457' title='bbox 3454 3602 3752 3671; x_wconf 86' lang='lat' dir='ltr'><strong>antiquitus</strong></span> 
     </span>
    </p>
   </div>
   <div class='ocr_carea' id='block_1_36' title="bbox 444 3692 3747 3764">
    <p class='ocr_par' dir='ltr' id='par_1_36' title="bbox 444 3692 3747 3764">
     <span class='ocr_line' id='line_1_36' title="bbox 444 3692 3747 3764; baseline -0.001 -14"><span class='ocrx_word' id='word_1_458' title='bbox 444 3694 703 3752; x_wconf 89' lang='lat' dir='ltr'><strong>defuerit.</strong></span> <span class='ocrx_word' id='word_1_459' title='bbox 738 3694 917 3763; x_wconf 81' lang='lat' dir='ltr'><strong>Quare</strong></span> <span class='ocrx_word' id='word_1_460' title='bbox 951 3693 1081 3747; x_wconf 90' lang='lat' dir='ltr'><strong>nihil</strong></span> <span class='ocrx_word' id='word_1_461' title='bbox 1126 3693 1320 3747; x_wconf 90' lang='lat' dir='ltr'><strong>mirum</strong></span> <span class='ocrx_word' id='word_1_462' title='bbox 1352 3695 1396 3746; x_wconf 89' lang='lat' dir='ltr'><strong>si</strong></span> <span class='ocrx_word' id='word_1_463' title='bbox 1424 3692 1757 3759; x_wconf 67' lang='lat' dir='ltr'><strong>Gennadius,</strong></span> <span class='ocrx_word' id='word_1_464' title='bbox 1786 3694 1873 3764; x_wconf 90' lang='lat' dir='ltr'><strong>qui</strong></span> <span class='ocrx_word' id='word_1_465' title='bbox 1908 3705 2172 3749; x_wconf 87' lang='lat' dir='ltr'><strong>memorat</strong></span> <span class='ocrx_word' id='word_1_466' title='bbox 2199 3709 2481 3750; x_wconf 88' lang='lat' dir='ltr'><strong>sermones</strong></span> <span class='ocrx_word' id='word_1_467' title='bbox 2510 3695 2568 3750; x_wconf 88' lang='lat' dir='ltr'><strong>S.</strong></span> <span class='ocrx_word' id='word_1_468' title='bbox 2605 3695 2826 3750; x_wconf 66' lang='lat' dir='ltr'><strong>Martini</strong></span> <span class='ocrx_word' id='word_1_469' title='bbox 2860 3694 3231 3755; x_wconf 75' lang='lat' dir='ltr'><strong>Taurinensis,</strong></span> <span class='ocrx_word' id='word_1_470' title='bbox 3265 3693 3318 3748; x_wconf 90' lang='lat' dir='ltr'><strong>in</strong></span> <span class='ocrx_word' id='word_1_471' title='bbox 3354 3695 3553 3755; x_wconf 84' lang='lat' dir='ltr'><strong>Leone,</strong></span> <span class='ocrx_word' id='word_1_472' title='bbox 3581 3709 3630 3748; x_wconf 93' lang='lat' dir='ltr'><strong>c.</strong></span> <span class='ocrx_word' id='word_1_473' title='bbox 3657 3694 3747 3759; x_wconf 87' lang='lat'><strong>70,</strong></span> 
     </span>
    </p>
   </div>
   <div class='ocr_carea' id='block_1_37' title="bbox 444 3785 3745 3857">
    <p class='ocr_par' dir='ltr' id='par_1_37' title="bbox 444 3785 3745 3857">
     <span class='ocr_line' id='line_1_37' title="bbox 444 3785 3745 3857; baseline -0.001 -14"><span class='ocrx_word' id='word_1_474' title='bbox 444 3790 649 3844; x_wconf 88' lang='lat' dir='ltr'><strong>nullam</strong></span> <span class='ocrx_word' id='word_1_475' title='bbox 682 3787 925 3857; x_wconf 85' lang='lat' dir='ltr'><strong>ejusdem</strong></span> <span class='ocrx_word' id='word_1_476' title='bbox 958 3802 1271 3841; x_wconf 89' lang='lat' dir='ltr'><strong>sermonum</strong></span> <span class='ocrx_word' id='word_1_477' title='bbox 1306 3785 1636 3839; x_wconf 88' lang='lat' dir='ltr'><strong>mentionem</strong></span> <span class='ocrx_word' id='word_1_478' title='bbox 1670 3785 1795 3839; x_wconf 88' lang='lat' dir='ltr'><strong>facit</strong></span> <span class='ocrx_word' id='word_1_479' title='bbox 1826 3804 1838 3839; x_wconf 90' lang='lat'><strong>:</strong></span> <span class='ocrx_word' id='word_1_480' title='bbox 1872 3786 2107 3856; x_wconf 88' lang='lat' dir='ltr'><strong>aliquam</strong></span> <span class='ocrx_word' id='word_1_481' title='bbox 2141 3788 2285 3841; x_wconf 91' lang='lat' dir='ltr'><strong>enim</strong></span> <span class='ocrx_word' id='word_1_482' title='bbox 2318 3787 2531 3841; x_wconf 71' lang='lat' dir='ltr'><strong>Maximi</strong></span> <span class='ocrx_word' id='word_1_483' title='bbox 2553 3802 2864 3841; x_wconf 89' lang='lat' dir='ltr'><strong>sermonum</strong></span> <span class='ocrx_word' id='word_1_484' title='bbox 2901 3788 3317 3841; x_wconf 87' lang='lat' dir='ltr'><strong>vetustissimam</strong></span> <span class='ocrx_word' id='word_1_485' title='bbox 3351 3786 3745 3851; x_wconf 86' lang='lat' dir='ltr'><strong>collectionem,</strong></span> 
     </span>
    </p>
   </div>
   <div class='ocr_carea' id='block_1_38' title="bbox 447 3879 3749 3951">
    <p class='ocr_par' dir='ltr' id='par_1_38' title="bbox 447 3879 3749 3951">
     <span class='ocr_line' id='line_1_38' title="bbox 447 3879 3749 3951; baseline -0.001 -13"><span class='ocrx_word' id='word_1_486' title='bbox 447 3883 651 3938; x_wconf 73' lang='lat' dir='ltr'><strong>nullum</strong></span> <span class='ocrx_word' id='word_1_487' title='bbox 676 3894 855 3935; x_wconf 89' lang='lat' dir='ltr'><strong>autem</strong></span> <span class='ocrx_word' id='word_1_488' title='bbox 894 3880 1093 3935; x_wconf 87' lang='lat' dir='ltr'><strong>Leonis</strong></span> <span class='ocrx_word' id='word_1_489' title='bbox 1124 3880 1352 3945; x_wconf 91' lang='lat' dir='ltr'><strong>invenit,</strong></span> <span class='ocrx_word' id='word_1_490' title='bbox 1380 3893 1477 3934; x_wconf 91' lang='lat' dir='ltr'><strong>nec</strong></span> <span class='ocrx_word' id='word_1_491' title='bbox 1509 3879 1575 3933; x_wconf 90' lang='lat' dir='ltr'><strong>ad</strong></span> <span class='ocrx_word' id='word_1_492' title='bbox 1610 3879 1945 3934; x_wconf 87' lang='lat' dir='ltr'><strong>Lectionaria</strong></span> <span class='ocrx_word' id='word_1_493' title='bbox 1973 3880 2024 3933; x_wconf 88' lang='lat' dir='ltr'><strong>iit</strong></span> <span class='ocrx_word' id='word_1_494' title='bbox 2052 3895 2172 3951; x_wconf 73' lang='lat' dir='ltr'><strong>quin</strong></span> <span class='ocrx_word' id='word_1_495' title='bbox 2204 3881 2364 3949; x_wconf 86' lang='lat' dir='ltr'><strong>hujus</strong></span> <span class='ocrx_word' id='word_1_496' title='bbox 2384 3896 2664 3935; x_wconf 90' lang='lat' dir='ltr'><strong>sermones</strong></span> <span class='ocrx_word' id='word_1_497' title='bbox 2687 3880 2918 3934; x_wconf 89' lang='lat' dir='ltr'><strong>traducti</strong></span> <span class='ocrx_word' id='word_1_498' title='bbox 2961 3880 3173 3933; x_wconf 89' lang='lat' dir='ltr'><strong>fuerant</strong></span> <span class='ocrx_word' id='word_1_499' title='bbox 3203 3879 3390 3933; x_wconf 89' lang='lat' dir='ltr'><strong>oculos</strong></span> <span class='ocrx_word' id='word_1_500' title='bbox 3418 3894 3483 3933; x_wconf 89' lang='lat' dir='ltr'><strong>ac</strong></span> <span class='ocrx_word' id='word_1_501' title='bbox 3510 3888 3749 3934; x_wconf 88' lang='lat' dir='ltr'><strong>mentem</strong></span> 
     </span>
    </p>
   </div>
   <div class='ocr_carea' id='block_1_39' title="bbox 444 3974 733 4030">
    <p class='ocr_par' dir='ltr' id='par_1_39' title="bbox 444 3974 733 4030">
     <span class='ocr_line' id='line_1_39' title="bbox 444 3974 733 4030; baseline -0.014 -1"><span class='ocrx_word' id='word_1_502' title='bbox 444 3974 694 4030; x_wconf 83' lang='lat' dir='ltr'><strong>intendit.</strong></span> <span class='ocrx_word' id='word_1_503' title='bbox 728 3976 733 3981; x_wconf 80' lang='grc'><em>’</em></span> 
     </span>
    </p>
   </div>
   <div class='ocr_carea' id='block_1_40' title="bbox 515 4063 3749 4135">
    <p class='ocr_par' dir='ltr' id='par_1_40' title="bbox 515 4063 3749 4135">
     <span class='ocr_line' id='line_1_40' title="bbox 515 4063 3749 4135; baseline -0 -15"><span class='ocrx_word' id='word_1_504' title='bbox 515 4067 570 4121; x_wconf 69' lang='grc'>4.</span> <span class='ocrx_word' id='word_1_505' title='bbox 604 4068 802 4122; x_wconf 74' lang='lat' dir='ltr'><strong>Fontes</strong></span> <span class='ocrx_word' id='word_1_506' title='bbox 828 4064 990 4135; x_wconf 86' lang='lat' dir='ltr'><strong>igitur</strong></span> <span class='ocrx_word' id='word_1_507' title='bbox 1030 4064 1353 4119; x_wconf 89' lang='lat' dir='ltr'><strong>vetustiores</strong></span> <span class='ocrx_word' id='word_1_508' title='bbox 1379 4078 1446 4119; x_wconf 78' lang='lat' dir='ltr'><strong>ex</strong></span> <span class='ocrx_word' id='word_1_509' title='bbox 1472 4064 1666 4133; x_wconf 86' lang='lat' dir='ltr'><strong>quibus</strong></span> <span class='ocrx_word' id='word_1_510' title='bbox 1696 4063 1893 4119; x_wconf 87' lang='lat' dir='ltr'><strong>Leonis</strong></span> <span class='ocrx_word' id='word_1_511' title='bbox 1922 4078 2205 4120; x_wconf 91' lang='lat' dir='ltr'><strong>sermones</strong></span> <span class='ocrx_word' id='word_1_512' title='bbox 2237 4064 2304 4119; x_wconf 83' lang='lat' dir='ltr'><strong>ad</strong></span> <span class='ocrx_word' id='word_1_513' title='bbox 2334 4079 2431 4118; x_wconf 92' lang='lat' dir='ltr'><strong>nos</strong></span> <span class='ocrx_word' id='word_1_514' title='bbox 2462 4072 2846 4132; x_wconf 89' lang='lat' dir='ltr'><strong>pervenerunt,</strong></span> <span class='ocrx_word' id='word_1_515' title='bbox 2877 4072 3003 4119; x_wconf 90' lang='lat' dir='ltr'><strong>sunt</strong></span> <span class='ocrx_word' id='word_1_516' title='bbox 3028 4064 3243 4130; x_wconf 85' lang='lat' dir='ltr'><strong>antiqua</strong></span> <span class='ocrx_word' id='word_1_517' title='bbox 3276 4063 3636 4119; x_wconf 88' lang='lat' dir='ltr'><strong>Lectionaria.</strong></span> <span class='ocrx_word' id='word_1_518' title='bbox 3666 4063 3749 4119; x_wconf 80' lang='lat' dir='ltr'><strong>Ex</strong></span> 
     </span>
    </p>
   </div>
   <div class='ocr_carea' id='block_1_41' title="bbox 443 4157 3749 4230">
    <p class='ocr_par' dir='ltr' id='par_1_41' title="bbox 443 4157 3749 4230">
     <span class='ocr_line' id='line_1_41' title="bbox 443 4157 3749 4230; baseline -0.002 -11"><span class='ocrx_word' id='word_1_519' title='bbox 443 4165 531 4220; x_wconf 90' lang='lat' dir='ltr'><strong>bis</strong></span> <span class='ocrx_word' id='word_1_520' title='bbox 576 4178 705 4219; x_wconf 88' lang='lat' dir='ltr'><strong>sane</strong></span> <span class='ocrx_word' id='word_1_521' title='bbox 754 4176 848 4217; x_wconf 93' lang='lat' dir='ltr'><strong>eos</strong></span> <span class='ocrx_word' id='word_1_522' title='bbox 887 4162 1187 4230; x_wconf 85' lang='lat' dir='ltr'><strong>allcgarunt</strong></span> <span class='ocrx_word' id='word_1_523' title='bbox 1227 4159 1351 4213; x_wconf 90' lang='lat' dir='ltr'><strong>noui</strong></span> <span class='ocrx_word' id='word_1_524' title='bbox 1400 4160 1583 4213; x_wconf 58' lang='lat' dir='ltr'><strong>surculi</strong></span> <span class='ocrx_word' id='word_1_525' title='bbox 1639 4160 1950 4225; x_wconf 83' lang='lat' dir='ltr'><strong>scriptores,</strong></span> <span class='ocrx_word' id='word_1_526' title='bbox 1980 4160 2298 4214; x_wconf 91' lang='lat' dir='ltr'><strong>lliucmarus</strong></span> <span class='ocrx_word' id='word_1_527' title='bbox 2341 4159 2643 4227; x_wconf 72' lang='lat' dir='ltr'><strong>Bernensis,</strong></span> <span class='ocrx_word' id='word_1_528' title='bbox 2692 4158 2970 4227; x_wconf 81' lang='lat' dir='ltr'><strong>Remigius</strong></span> <span class='ocrx_word' id='word_1_529' title='bbox 2996 4157 3391 4227; x_wconf 89' lang='lat' dir='ltr'><strong>Lugdunensis,</strong></span> <span class='ocrx_word' id='word_1_530' title='bbox 3427 4158 3749 4213; x_wconf 80' lang='lat' dir='ltr'><strong>Prudentius</strong></span> 
     </span>
    </p>
   </div>
   <div class='ocr_carea' id='block_1_42' title="bbox 442 4250 3749 4324">
    <p class='ocr_par' dir='ltr' id='par_1_42' title="bbox 442 4250 3749 4324">
     <span class='ocr_line' id='line_1_42' title="bbox 442 4250 3749 4324; baseline -0.003 -10"><span class='ocrx_word' id='word_1_531' title='bbox 442 4257 806 4321; x_wconf 79' lang='lat' dir='ltr'><strong>Tricassinus,</strong></span> <span class='ocrx_word' id='word_1_532' title='bbox 837 4271 898 4309; x_wconf 89' lang='lat' dir='ltr'><strong>ac</strong></span> <span class='ocrx_word' id='word_1_533' title='bbox 946 4254 1242 4324; x_wconf 68' lang='lat' dir='ltr'><strong>prmseriim</strong></span> <span class='ocrx_word' id='word_1_534' title='bbox 1285 4252 1496 4306; x_wconf 82' lang='lat' dir='ltr'><strong>Florus.</strong></span> <span class='ocrx_word' id='word_1_535' title='bbox 1533 4250 1579 4304; x_wconf 90' lang='lat' dir='ltr'><strong>Is</strong></span> <span class='ocrx_word' id='word_1_536' title='bbox 1619 4252 1892 4317; x_wconf 90' lang='lat' dir='ltr'><strong>nimirum,</strong></span> <span class='ocrx_word' id='word_1_537' title='bbox 1924 4254 2015 4323; x_wconf 88' lang='lat' dir='ltr'><strong>qui</strong></span> <span class='ocrx_word' id='word_1_538' title='bbox 2068 4253 2119 4307; x_wconf 93' lang='lat' dir='ltr'><strong>in</strong></span> <span class='ocrx_word' id='word_1_539' title='bbox 2167 4268 2298 4307; x_wconf 87' lang='lat' dir='ltr'><strong>mss.</strong></span> <span class='ocrx_word' id='word_1_540' title='bbox 2335 4252 2685 4306; x_wconf 91' lang='lat' dir='ltr'><strong>collectaneis</strong></span> <span class='ocrx_word' id='word_1_541' title='bbox 2735 4251 2800 4305; x_wconf 92' lang='lat' dir='ltr'><strong>ad</strong></span> <span class='ocrx_word' id='word_1_542' title='bbox 2851 4250 2999 4304; x_wconf 90' lang='lat' dir='ltr'><strong>Pauli</strong></span> <span class='ocrx_word' id='word_1_543' title='bbox 3050 4252 3323 4319; x_wconf 80' lang='lat' dir='ltr'><strong>epismlas.</strong></span> <span class='ocrx_word' id='word_1_544' title='bbox 3355 4250 3407 4304; x_wconf 92' lang='lat' dir='ltr'><strong>in</strong></span> <span class='ocrx_word' id='word_1_545' title='bbox 3461 4250 3749 4306; x_wconf 76' lang='lat' dir='ltr'><strong>Carthusia</strong></span> 
     </span>
    </p>
   </div>
   <div class='ocr_carea' id='block_1_43' title="bbox 443 4343 3744 4420">
    <p class='ocr_par' dir='ltr' id='par_1_43' title="bbox 443 4343 3744 4420">
     <span class='ocr_line' id='line_1_43' title="bbox 443 4343 3744 4420; baseline -0.003 -14"><span class='ocrx_word' id='word_1_546' title='bbox 443 4350 631 4420; x_wconf 68' lang='lat' dir='ltr'><strong>Majori</strong></span> <span class='ocrx_word' id='word_1_547' title='bbox 673 4347 979 4411; x_wconf 85' lang='lat' dir='ltr'><strong>custoditis,</strong></span> <span class='ocrx_word' id='word_1_548' title='bbox 1022 4348 1284 4415; x_wconf 87' lang='lat' dir='ltr'><strong>integrum</strong></span> <span class='ocrx_word' id='word_1_549' title='bbox 1312 4344 1539 4398; x_wconf 82' lang='lat' dir='ltr'><strong>duarum</strong></span> <span class='ocrx_word' id='word_1_550' title='bbox 1573 4353 1627 4398; x_wconf 92' lang='lat' dir='ltr'><strong>ct</strong></span> <span class='ocrx_word' id='word_1_551' title='bbox 1663 4346 1942 4415; x_wconf 78' lang='lat' dir='ltr'><strong>sexaginta</strong></span> <span class='ocrx_word' id='word_1_552' title='bbox 1975 4344 2267 4415; x_wconf 85' lang='lat' dir='ltr'><strong>ingentium</strong></span> <span class='ocrx_word' id='word_1_553' title='bbox 2308 4345 2681 4399; x_wconf 89' lang='lat' dir='ltr'><strong>columnarum</strong></span> <span class='ocrx_word' id='word_1_554' title='bbox 2722 4345 2937 4409; x_wconf 88' lang='lat' dir='ltr'><strong>librum,</strong></span> <span class='ocrx_word' id='word_1_555' title='bbox 2968 4344 3389 4411; x_wconf 88' lang='lat' dir='ltr'><strong>compendiariis</strong></span> <span class='ocrx_word' id='word_1_556' title='bbox 3428 4344 3569 4397; x_wconf 92' lang='lat' dir='ltr'><strong>notis</strong></span> <span class='ocrx_word' id='word_1_557' title='bbox 3608 4343 3744 4398; x_wconf 91' lang='lat' dir='ltr'><strong>seri-</strong></span> 
     </span>
    </p>
   </div>
   <div class='ocr_carea' id='block_1_44' title="bbox 441 4438 3744 4515">
    <p class='ocr_par' dir='ltr' id='par_1_44' title="bbox 441 4438 3744 4515">
     <span class='ocr_line' id='line_1_44' title="bbox 441 4438 3744 4515; baseline -0.002 -16"><span class='ocrx_word' id='word_1_558' title='bbox 441 4454 616 4515; x_wconf 88' lang='lat' dir='ltr'><strong>ptuui,</strong></span> <span class='ocrx_word' id='word_1_559' title='bbox 649 4460 714 4499; x_wconf 80' lang='lat' dir='ltr'><strong>es</strong></span> <span class='ocrx_word' id='word_1_560' title='bbox 759 4441 958 4497; x_wconf 90' lang='lat' dir='ltr'><strong>Leonis</strong></span> <span class='ocrx_word' id='word_1_561' title='bbox 1004 4439 1331 4495; x_wconf 89' lang='lat' dir='ltr'><strong>testimoniis</strong></span> <span class='ocrx_word' id='word_1_562' title='bbox 1357 4438 1603 4507; x_wconf 78' lang='lat' dir='ltr'><strong>digessit.</strong></span> <span class='ocrx_word' id='word_1_563' title='bbox 1636 4453 1945 4493; x_wconf 88' lang='lat' dir='ltr'><strong>sermonum</strong></span> <span class='ocrx_word' id='word_1_564' title='bbox 1984 4439 2283 4509; x_wconf 80' lang='lat' dir='ltr'><strong>fragmenta</strong></span> <span class='ocrx_word' id='word_1_565' title='bbox 2308 4457 2374 4495; x_wconf 82' lang='lat' dir='ltr'><strong>ex</strong></span> <span class='ocrx_word' id='word_1_566' title='bbox 2408 4441 2762 4494; x_wconf 80' lang='lat' dir='ltr'><strong>LeCtionariis</strong></span> <span class='ocrx_word' id='word_1_567' title='bbox 2793 4439 3235 4494; x_wconf 82' lang='lat' dir='ltr'><strong>manifestissime</strong></span> <span class='ocrx_word' id='word_1_568' title='bbox 3255 4440 3547 4507; x_wconf 74' lang='lat' dir='ltr'><strong>excerpsit,</strong></span> <span class='ocrx_word' id='word_1_569' title='bbox 3574 4441 3744 4495; x_wconf 89' lang='lat' dir='ltr'><strong>utitur</strong></span> 
     </span>
    </p>
   </div>
   <div class='ocr_carea' id='block_1_45' title="bbox 442 4530 3744 4599">
    <p class='ocr_par' dir='ltr' id='par_1_45' title="bbox 442 4530 3744 4599">
     <span class='ocr_line' id='line_1_45' title="bbox 442 4530 3744 4599; baseline -0.001 -7"><span class='ocrx_word' id='word_1_570' title='bbox 442 4538 588 4592; x_wconf 89' lang='lat' dir='ltr'><strong>enim</strong></span> <span class='ocrx_word' id='word_1_571' title='bbox 630 4537 819 4591; x_wconf 89' lang='lat' dir='ltr'><strong>iisdem</strong></span> <span class='ocrx_word' id='word_1_572' title='bbox 858 4535 1049 4587; x_wconf 90' lang='lat' dir='ltr'><strong>ordine</strong></span> <span class='ocrx_word' id='word_1_573' title='bbox 1075 4547 1137 4587; x_wconf 90' lang='lat' dir='ltr'><strong>ac</strong></span> <span class='ocrx_word' id='word_1_574' title='bbox 1166 4533 1335 4586; x_wconf 90' lang='lat' dir='ltr'><strong>titulis</strong></span> <span class='ocrx_word' id='word_1_575' title='bbox 1359 4546 1496 4599; x_wconf 90' lang='lat' dir='ltr'><strong>quos</strong></span> <span class='ocrx_word' id='word_1_576' title='bbox 1528 4530 1579 4583; x_wconf 91' lang='lat' dir='ltr'><strong>in</strong></span> <span class='ocrx_word' id='word_1_577' title='bbox 1615 4530 1969 4585; x_wconf 89' lang='lat' dir='ltr'><strong>Lectionariis</strong></span> <span class='ocrx_word' id='word_1_578' title='bbox 2002 4533 2237 4587; x_wconf 70' lang='lat' dir='ltr'><strong>basilicae</strong></span> <span class='ocrx_word' id='word_1_579' title='bbox 2265 4532 2327 4588; x_wconf 90' lang='lat' dir='ltr'><strong>S.</strong></span> <span class='ocrx_word' id='word_1_580' title='bbox 2358 4532 2498 4587; x_wconf 89' lang='lat' dir='ltr'><strong>Petri</strong></span> <span class='ocrx_word' id='word_1_581' title='bbox 2541 4533 2865 4588; x_wconf 89' lang='lat' dir='ltr'><strong>invenimus.</strong></span> <span class='ocrx_word' id='word_1_582' title='bbox 2896 4534 3035 4587; x_wconf 83' lang='lat' dir='ltr'><strong>Ante</strong></span> <span class='ocrx_word' id='word_1_583' title='bbox 3064 4533 3162 4586; x_wconf 86' lang='lat' dir='ltr'><strong>bos</strong></span> <span class='ocrx_word' id='word_1_584' title='bbox 3190 4547 3381 4588; x_wconf 91' lang='lat' dir='ltr'><strong>omnes</strong></span> <span class='ocrx_word' id='word_1_585' title='bbox 3416 4534 3605 4588; x_wconf 87' lang='lat' dir='ltr'><strong>iisdem</strong></span> <span class='ocrx_word' id='word_1_586' title='bbox 3638 4534 3744 4590; x_wconf 84' lang='lat' dir='ltr'><strong>Le-</strong></span> 
     </span>
    </p>
   </div>
   <div class='ocr_carea' id='block_1_46' title="bbox 443 4623 3743 4695">
    <p class='ocr_par' dir='ltr' id='par_1_46' title="bbox 443 4623 3743 4695">
     <span class='ocr_line' id='line_1_46' title="bbox 443 4623 3743 4695; baseline -0.002 -8"><span class='ocrx_word' id='word_1_587' title='bbox 443 4632 720 4687; x_wconf 90' lang='lat' dir='ltr'><strong>ctionariis</strong></span> <span class='ocrx_word' id='word_1_588' title='bbox 748 4643 876 4683; x_wconf 94' lang='lat' dir='ltr'><strong>usus</strong></span> <span class='ocrx_word' id='word_1_589' title='bbox 904 4638 986 4682; x_wconf 88' lang='lat' dir='ltr'><strong>est</strong></span> <span class='ocrx_word' id='word_1_590' title='bbox 1018 4628 1213 4681; x_wconf 75' lang='lat' dir='ltr'><strong>Paulus</strong></span> <span class='ocrx_word' id='word_1_591' title='bbox 1246 4625 1509 4678; x_wconf 82' lang='lat' dir='ltr'><strong>Diaconos</strong></span> <span class='ocrx_word' id='word_1_592' title='bbox 1556 4624 1609 4677; x_wconf 92' lang='lat' dir='ltr'><strong>in</strong></span> <span class='ocrx_word' id='word_1_593' title='bbox 1641 4623 1978 4690; x_wconf 88' lang='lat' dir='ltr'><strong>llomiliario,</strong></span> <span class='ocrx_word' id='word_1_594' title='bbox 2010 4626 2062 4679; x_wconf 92' lang='lat' dir='ltr'><strong>in</strong></span> <span class='ocrx_word' id='word_1_595' title='bbox 2103 4640 2212 4695; x_wconf 91' lang='lat' dir='ltr'><strong>quo</strong></span> <span class='ocrx_word' id='word_1_596' title='bbox 2242 4626 2425 4695; x_wconf 90' lang='lat' dir='ltr'><strong>plures</strong></span> <span class='ocrx_word' id='word_1_597' title='bbox 2454 4623 2652 4679; x_wconf 87' lang='lat' dir='ltr'><strong>Leonis</strong></span> <span class='ocrx_word' id='word_1_598' title='bbox 2679 4638 2961 4679; x_wconf 89' lang='lat' dir='ltr'><strong>sermones</strong></span> <span class='ocrx_word' id='word_1_599' title='bbox 2990 4639 3086 4694; x_wconf 90' lang='lat' dir='ltr'><strong>pro</strong></span> <span class='ocrx_word' id='word_1_600' title='bbox 3115 4623 3381 4679; x_wconf 84' lang='lat' dir='ltr'><strong>festorum</strong></span> <span class='ocrx_word' id='word_1_601' title='bbox 3411 4627 3621 4679; x_wconf 87' lang='lat' dir='ltr'><strong>ratione</strong></span> <span class='ocrx_word' id='word_1_602' title='bbox 3650 4625 3743 4679; x_wconf 83' lang='lat' dir='ltr'><strong>de-</strong></span> 
     </span>
    </p>
   </div>
   <div class='ocr_carea' id='block_1_47' title="bbox 442 4725 681 4793">
    <p class='ocr_par' dir='ltr' id='par_1_47' title="bbox 442 4725 681 4793">
     <span class='ocr_line' id='line_1_47' title="bbox 442 4725 681 4793; baseline -0.008 -14"><span class='ocrx_word' id='word_1_603' title='bbox 442 4725 681 4793; x_wconf 58' lang='grc' dir='ltr'><strong>δετῖῃςὶι.</strong></span> 
     </span>
    </p>
   </div>
   <div class='ocr_carea' id='block_1_48' title="bbox 518 4805 3742 4879">
    <p class='ocr_par' dir='ltr' id='par_1_48' title="bbox 518 4805 3742 4879">
     <span class='ocr_line' id='line_1_48' title="bbox 518 4805 3742 4879; baseline -0.002 -10"><span class='ocrx_word' id='word_1_604' title='bbox 518 4816 573 4869; x_wconf 90' lang='lat'><strong>5.</strong></span> <span class='ocrx_word' id='word_1_605' title='bbox 608 4814 795 4868; x_wconf 86' lang='lat' dir='ltr'><strong>Plures</strong></span> <span class='ocrx_word' id='word_1_606' title='bbox 842 4810 893 4865; x_wconf 89' lang='lat' dir='ltr'><strong>id</strong></span> <span class='ocrx_word' id='word_1_607' title='bbox 940 4824 1111 4879; x_wconf 89' lang='lat' dir='ltr'><strong>genus</strong></span> <span class='ocrx_word' id='word_1_608' title='bbox 1157 4817 1209 4862; x_wconf 90' lang='lat' dir='ltr'><strong>et</strong></span> <span class='ocrx_word' id='word_1_609' title='bbox 1243 4805 1727 4877; x_wconf 84' lang='lat' dir='ltr'><strong>praestantissimos</strong></span> <span class='ocrx_word' id='word_1_610' title='bbox 1774 4806 2010 4871; x_wconf 87' lang='lat' dir='ltr'><strong>codices,</strong></span> <span class='ocrx_word' id='word_1_611' title='bbox 2035 4807 2123 4874; x_wconf 93' lang='lat' dir='ltr'><strong>qui</strong></span> <span class='ocrx_word' id='word_1_612' title='bbox 2156 4807 2430 4862; x_wconf 88' lang='lat' dir='ltr'><strong>diversam</strong></span> <span class='ocrx_word' id='word_1_613' title='bbox 2482 4806 2749 4877; x_wconf 89' lang='lat' dir='ltr'><strong>originem</strong></span> <span class='ocrx_word' id='word_1_614' title='bbox 2796 4806 3116 4875; x_wconf 71' lang='lat' dir='ltr'><strong>praeferunt,</strong></span> <span class='ocrx_word' id='word_1_615' title='bbox 3152 4807 3337 4863; x_wconf 89' lang='lat' dir='ltr'><strong>videre</strong></span> <span class='ocrx_word' id='word_1_616' title='bbox 3368 4816 3425 4863; x_wconf 91' lang='lat' dir='ltr'><strong>et</strong></span> <span class='ocrx_word' id='word_1_617' title='bbox 3454 4810 3742 4865; x_wconf 89' lang='lat' dir='ltr'><strong>consulere</strong></span> 
     </span>
    </p>
   </div>
   <div class='ocr_carea' id='block_1_49' title="bbox 442 4898 3740 4970">
    <p class='ocr_par' dir='ltr' id='par_1_49' title="bbox 442 4898 3740 4970">
     <span class='ocr_line' id='line_1_49' title="bbox 442 4898 3740 4970; baseline -0.002 -5"><span class='ocrx_word' id='word_1_618' title='bbox 442 4910 593 4966; x_wconf 87' lang='lat' dir='ltr'><strong>licuit</strong></span> <span class='ocrx_word' id='word_1_619' title='bbox 624 4908 675 4959; x_wconf 90' lang='lat' dir='ltr'><strong>in</strong></span> <span class='ocrx_word' id='word_1_620' title='bbox 713 4904 1051 4959; x_wconf 85' lang='lat' dir='ltr'><strong>bibliothecis</strong></span> <span class='ocrx_word' id='word_1_621' title='bbox 1082 4900 1341 4955; x_wconf 74' lang='lat' dir='ltr'><strong>Romanis</strong></span> <span class='ocrx_word' id='word_1_622' title='bbox 1370 4900 1649 4962; x_wconf 86' lang='lat' dir='ltr'><strong>Vaticana,</strong></span> <span class='ocrx_word' id='word_1_623' title='bbox 1683 4899 1920 4954; x_wconf 71' lang='lat' dir='ltr'><strong>basilica:</strong></span> <span class='ocrx_word' id='word_1_624' title='bbox 1950 4899 2011 4954; x_wconf 89' lang='lat' dir='ltr'><strong>S.</strong></span> <span class='ocrx_word' id='word_1_625' title='bbox 2040 4898 2209 4965; x_wconf 89' lang='lat' dir='ltr'><strong>Petri,</strong></span> <span class='ocrx_word' id='word_1_626' title='bbox 2240 4900 2610 4965; x_wconf 82' lang='lat' dir='ltr'><strong>Vallicellana,</strong></span> <span class='ocrx_word' id='word_1_627' title='bbox 2634 4910 2689 4955; x_wconf 91' lang='lat' dir='ltr'><strong>et</strong></span> <span class='ocrx_word' id='word_1_628' title='bbox 2726 4898 3007 4970; x_wconf 76' lang='lat' dir='ltr'><strong>Chigiana,</strong></span> <span class='ocrx_word' id='word_1_629' title='bbox 3040 4901 3091 4954; x_wconf 94' lang='lat' dir='ltr'><strong>in</strong></span> <span class='ocrx_word' id='word_1_630' title='bbox 3133 4899 3347 4955; x_wconf 86' lang='lat' dir='ltr'><strong>Venetis</strong></span> <span class='ocrx_word' id='word_1_631' title='bbox 3376 4900 3433 4956; x_wconf 90' lang='lat' dir='ltr'><strong>S.</strong></span> <span class='ocrx_word' id='word_1_632' title='bbox 3466 4901 3654 4967; x_wconf 80' lang='lat' dir='ltr'><strong>Marci,</strong></span> <span class='ocrx_word' id='word_1_633' title='bbox 3684 4912 3740 4957; x_wconf 92' lang='lat' dir='ltr'><strong>et</strong></span> 
     </span>
    </p>
   </div>
   <div class='ocr_carea' id='block_1_50' title="bbox 444 4992 3741 5067">
    <p class='ocr_par' dir='ltr' id='par_1_50' title="bbox 444 4992 3741 5067">
     <span class='ocr_line' id='line_1_50' title="bbox 444 4992 3741 5067; baseline -0.002 -12"><span class='ocrx_word' id='word_1_634' title='bbox 444 5000 503 5056; x_wconf 89' lang='lat' dir='ltr'><strong>S.</strong></span> <span class='ocrx_word' id='word_1_635' title='bbox 541 4997 784 5067; x_wconf 81' lang='lat' dir='ltr'><strong>Gregorii</strong></span> <span class='ocrx_word' id='word_1_636' title='bbox 842 4996 1083 5065; x_wconf 63' lang='lat' dir='ltr'><strong>Majoris,</strong></span> <span class='ocrx_word' id='word_1_637' title='bbox 1121 4995 1171 5047; x_wconf 91' lang='lat' dir='ltr'><strong>iii</strong></span> <span class='ocrx_word' id='word_1_638' title='bbox 1220 4994 1495 5047; x_wconf 79' lang='lat' dir='ltr'><strong>Patavinis</strong></span> <span class='ocrx_word' id='word_1_639' title='bbox 1545 4994 1932 5047; x_wconf 86' lang='lat' dir='ltr'><strong>monachorum</strong></span> <span class='ocrx_word' id='word_1_640' title='bbox 1982 4993 2043 5048; x_wconf 91' lang='lat' dir='ltr'><strong>S.</strong></span> <span class='ocrx_word' id='word_1_641' title='bbox 2076 4993 2335 5058; x_wconf 70' lang='lat' dir='ltr'><strong>Justinaa,</strong></span> <span class='ocrx_word' id='word_1_642' title='bbox 2368 4994 2801 5048; x_wconf 89' lang='lat' dir='ltr'><strong>conventualium</strong></span> <span class='ocrx_word' id='word_1_643' title='bbox 2846 4992 2901 5049; x_wconf 92' lang='lat' dir='ltr'><strong>S.</strong></span> <span class='ocrx_word' id='word_1_644' title='bbox 2948 4994 3191 5058; x_wconf 87' lang='lat' dir='ltr'><strong>Antonii,</strong></span> <span class='ocrx_word' id='word_1_645' title='bbox 3219 5004 3272 5048; x_wconf 91' lang='lat' dir='ltr'><strong>et</strong></span> <span class='ocrx_word' id='word_1_646' title='bbox 3316 4995 3741 5053; x_wconf 86' lang='lat' dir='ltr'><strong>ereinitanorum</strong></span> 
     </span>
    </p>
   </div>
   <div class='ocr_carea' id='block_1_51' title="bbox 442 5084 3739 5159">
    <p class='ocr_par' dir='ltr' id='par_1_51' title="bbox 442 5084 3739 5159">
     <span class='ocr_line' id='line_1_51' title="bbox 442 5084 3739 5159; baseline -0.002 -9"><span class='ocrx_word' id='word_1_647' title='bbox 442 5096 540 5150; x_wconf 79' lang='lat' dir='ltr'><strong>SS.</strong></span> <span class='ocrx_word' id='word_1_648' title='bbox 580 5092 807 5159; x_wconf 88' lang='lat' dir='ltr'><strong>Philippi</strong></span> <span class='ocrx_word' id='word_1_649' title='bbox 843 5102 895 5143; x_wconf 88' lang='lat' dir='ltr'><strong>et</strong></span> <span class='ocrx_word' id='word_1_650' title='bbox 926 5089 1134 5151; x_wconf 82' lang='lat' dir='ltr'><strong>Jacobi,</strong></span> <span class='ocrx_word' id='word_1_651' title='bbox 1173 5088 1223 5140; x_wconf 92' lang='lat' dir='ltr'><strong>in</strong></span> <span class='ocrx_word' id='word_1_652' title='bbox 1262 5086 1589 5141; x_wconf 75' lang='lat' dir='ltr'><strong>Vercelleosi</strong></span> <span class='ocrx_word' id='word_1_653' title='bbox 1621 5084 1924 5140; x_wconf 86' lang='lat' dir='ltr'><strong>Eusebiana</strong></span> <span class='ocrx_word' id='word_1_654' title='bbox 1952 5087 2175 5157; x_wconf 89' lang='lat' dir='ltr'><strong>capituli</strong></span> <span class='ocrx_word' id='word_1_655' title='bbox 2199 5088 2568 5155; x_wconf 70' lang='lat' dir='ltr'><strong>~catliedralis,</strong></span> <span class='ocrx_word' id='word_1_656' title='bbox 2601 5088 2652 5141; x_wconf 93' lang='lat' dir='ltr'><strong>in</strong></span> <span class='ocrx_word' id='word_1_657' title='bbox 2688 5087 2850 5157; x_wconf 84' lang='lat' dir='ltr'><strong>Regia</strong></span> <span class='ocrx_word' id='word_1_658' title='bbox 2880 5087 3225 5150; x_wconf 82' lang='lat' dir='ltr'><strong>Taurinensi,</strong></span> <span class='ocrx_word' id='word_1_659' title='bbox 3259 5087 3310 5141; x_wconf 90' lang='lat' dir='ltr'><strong>in</strong></span> <span class='ocrx_word' id='word_1_660' title='bbox 3339 5086 3739 5145; x_wconf 74' lang='lat' dir='ltr'><strong>Padilironen~i</strong></span> 
     </span>
    </p>
   </div>
   <div class='ocr_carea' id='block_1_52' title="bbox 449 5178 3743 5250">
    <p class='ocr_par' dir='ltr' id='par_1_52' title="bbox 449 5178 3743 5250">
     <span class='ocr_line' id='line_1_52' title="bbox 449 5178 3743 5250; baseline -0.002 -8"><span class='ocrx_word' id='word_1_661' title='bbox 449 5184 823 5242; x_wconf 62' lang='lat' dir='ltr'><strong>Cuslntﬂhilllll</strong></span> <span class='ocrx_word' id='word_1_662' title='bbox 871 5182 928 5237; x_wconf 91' lang='lat' dir='ltr'><strong>S.</strong></span> <span class='ocrx_word' id='word_1_663' title='bbox 967 5180 1263 5247; x_wconf 84' lang='lat' dir='ltr'><strong>Benedicti,</strong></span> <span class='ocrx_word' id='word_1_664' title='bbox 1300 5180 1351 5233; x_wconf 91' lang='lat' dir='ltr'><strong>in</strong></span> <span class='ocrx_word' id='word_1_665' title='bbox 1390 5180 1739 5249; x_wconf 82' lang='lat' dir='ltr'><strong>Bergomensi</strong></span> <span class='ocrx_word' id='word_1_666' title='bbox 1782 5178 1840 5231; x_wconf 78' lang='lat' dir='ltr'><strong>S.</strong></span> <span class='ocrx_word' id='word_1_667' title='bbox 1878 5180 2167 5235; x_wconf 83' lang='lat' dir='ltr'><strong>Alexandri</strong></span> <span class='ocrx_word' id='word_1_668' title='bbox 2204 5183 2255 5235; x_wconf 91' lang='lat' dir='ltr'><strong>in</strong></span> <span class='ocrx_word' id='word_1_669' title='bbox 2293 5182 2579 5249; x_wconf 91' lang='lat' dir='ltr'><strong>columna,</strong></span> <span class='ocrx_word' id='word_1_670' title='bbox 2617 5196 2679 5235; x_wconf 92' lang='lat' dir='ltr'><strong>ac</strong></span> <span class='ocrx_word' id='word_1_671' title='bbox 2712 5181 2925 5235; x_wconf 91' lang='lat' dir='ltr'><strong>tandem</strong></span> <span class='ocrx_word' id='word_1_672' title='bbox 2958 5181 3008 5234; x_wconf 93' lang='lat' dir='ltr'><strong>in</strong></span> <span class='ocrx_word' id='word_1_673' title='bbox 3042 5192 3221 5236; x_wconf 91' lang='lat' dir='ltr'><strong>nostra</strong></span> <span class='ocrx_word' id='word_1_674' title='bbox 3258 5182 3539 5250; x_wconf 87' lang='lat' dir='ltr'><strong>capittilari</strong></span> <span class='ocrx_word' id='word_1_675' title='bbox 3571 5182 3743 5237; x_wconf 80' lang='lat' dir='ltr'><strong>Vero-</strong></span> 
     </span>
    </p>
   </div>
   <div class='ocr_carea' id='block_1_53' title="bbox 440 5273 3737 5345">
    <p class='ocr_par' dir='ltr' id='par_1_53' title="bbox 440 5273 3737 5345">
     <span class='ocr_line' id='line_1_53' title="bbox 440 5273 3737 5345; baseline -0.001 -12"><span class='ocrx_word' id='word_1_676' title='bbox 440 5278 615 5333; x_wconf 90' lang='lat' dir='ltr'><strong>neusi.</strong></span> <span class='ocrx_word' id='word_1_677' title='bbox 652 5277 727 5329; x_wconf 77' lang='lat' dir='ltr'><strong>Ex</strong></span> <span class='ocrx_word' id='word_1_678' title='bbox 760 5274 841 5327; x_wconf 91' lang='lat' dir='ltr'><strong>liis</strong></span> <span class='ocrx_word' id='word_1_679' title='bbox 875 5289 1003 5326; x_wconf 80' lang='lat' dir='ltr'><strong>mss.</strong></span> <span class='ocrx_word' id='word_1_680' title='bbox 1032 5283 1217 5341; x_wconf 87' lang='lat' dir='ltr'><strong>utpote</strong></span> <span class='ocrx_word' id='word_1_681' title='bbox 1239 5273 1634 5341; x_wconf 82' lang='lat' dir='ltr'><strong>aiitiqiiiOrib-is</strong></span> <span class='ocrx_word' id='word_1_682' title='bbox 1657 5289 1966 5329; x_wconf 87' lang='lat' dir='ltr'><strong>sermonum</strong></span> <span class='ocrx_word' id='word_1_683' title='bbox 2000 5276 2237 5330; x_wconf 85' lang='lat' dir='ltr'><strong>fontibus</strong></span> <span class='ocrx_word' id='word_1_684' title='bbox 2261 5276 2542 5344; x_wconf 89' lang='lat' dir='ltr'><strong>lectiones,</strong></span> <span class='ocrx_word' id='word_1_685' title='bbox 2569 5292 2663 5331; x_wconf 88' lang='lat' dir='ltr'><strong>seu</strong></span> <span class='ocrx_word' id='word_1_686' title='bbox 2688 5277 2977 5331; x_wconf 90' lang='lat' dir='ltr'><strong>lectionum</strong></span> <span class='ocrx_word' id='word_1_687' title='bbox 3002 5275 3367 5330; x_wconf 86' lang='lat' dir='ltr'><strong>correctiones</strong></span> <span class='ocrx_word' id='word_1_688' title='bbox 3397 5276 3737 5345; x_wconf 86' lang='lat' dir='ltr'><strong>potissimum</strong></span> 
     </span>
    </p>
   </div>
   <div class='ocr_carea' id='block_1_54' title="bbox 444 5368 3740 5441">
    <p class='ocr_par' dir='ltr' id='par_1_54' title="bbox 444 5368 3740 5441">
     <span class='ocr_line' id='line_1_54' title="bbox 444 5368 3740 5441; baseline -0.001 -13"><span class='ocrx_word' id='word_1_689' title='bbox 444 5372 723 5429; x_wconf 77' lang='lat' dir='ltr'><strong>sumenda:</strong></span> <span class='ocrx_word' id='word_1_690' title='bbox 779 5380 957 5424; x_wconf 90' lang='lat' dir='ltr'><strong>erunt.</strong></span> <span class='ocrx_word' id='word_1_691' title='bbox 990 5368 1333 5435; x_wconf 83' lang='lat' dir='ltr'><strong>Qiiesnelliis,</strong></span> <span class='ocrx_word' id='word_1_692' title='bbox 1366 5368 1455 5437; x_wconf 89' lang='lat' dir='ltr'><strong>qui</strong></span> <span class='ocrx_word' id='word_1_693' title='bbox 1489 5370 1679 5421; x_wconf 90' lang='lat' dir='ltr'><strong>liorum</strong></span> <span class='ocrx_word' id='word_1_694' title='bbox 1713 5370 1958 5423; x_wconf 89' lang='lat' dir='ltr'><strong>codicum</strong></span> <span class='ocrx_word' id='word_1_695' title='bbox 2012 5373 2379 5438; x_wconf 65' lang='lat' dir='ltr'><strong>praistantiam</strong></span> <span class='ocrx_word' id='word_1_696' title='bbox 2420 5382 2475 5427; x_wconf 90' lang='lat' dir='ltr'><strong>et</strong></span> <span class='ocrx_word' id='word_1_697' title='bbox 2520 5372 2881 5441; x_wconf 90' lang='lat' dir='ltr'><strong>antiquiorem</strong></span> <span class='ocrx_word' id='word_1_698' title='bbox 2924 5371 3188 5440; x_wconf 86' lang='lat' dir='ltr'><strong>originem</strong></span> <span class='ocrx_word' id='word_1_699' title='bbox 3222 5385 3380 5440; x_wconf 88' lang='lat' dir='ltr'><strong>supra</strong></span> <span class='ocrx_word' id='word_1_700' title='bbox 3416 5385 3545 5423; x_wconf 76' lang='lat' dir='ltr'><strong>mss.</strong></span> <span class='ocrx_word' id='word_1_701' title='bbox 3571 5372 3740 5426; x_wconf 86' lang='lat' dir='ltr'><strong>colle-</strong></span> 
     </span>
    </p>
   </div>
   <div class='ocr_carea' id='block_1_55' title="bbox 442 5459 3737 5532">
    <p class='ocr_par' dir='ltr' id='par_1_55' title="bbox 442 5459 3737 5532">
     <span class='ocr_line' id='line_1_55' title="bbox 442 5459 3737 5532; baseline -0.002 -10"><span class='ocrx_word' id='word_1_702' title='bbox 442 5470 648 5522; x_wconf 81' lang='lat' dir='ltr'><strong>ctiones</strong></span> <span class='ocrx_word' id='word_1_703' title='bbox 679 5463 1033 5530; x_wconf 81' lang='lat' dir='ltr'><strong>deprehendit</strong></span> <span class='ocrx_word' id='word_1_704' title='bbox 1061 5463 1139 5531; x_wconf 87' lang='lat' dir='ltr'><strong>(ut</strong></span> <span class='ocrx_word' id='word_1_705' title='bbox 1168 5469 1312 5530; x_wconf 88' lang='lat' dir='ltr'><strong>patet</strong></span> <span class='ocrx_word' id='word_1_706' title='bbox 1340 5475 1404 5514; x_wconf 84' lang='lat' dir='ltr'><strong>ex</strong></span> <span class='ocrx_word' id='word_1_707' title='bbox 1428 5459 1547 5527; x_wconf 87' lang='lat' dir='ltr'><strong>ejus</strong></span> <span class='ocrx_word' id='word_1_708' title='bbox 1574 5462 1885 5528; x_wconf 63' lang='lat' dir='ltr'><strong>praefatione</strong></span> <span class='ocrx_word' id='word_1_709' title='bbox 1912 5462 2175 5532; x_wconf 86' lang='lat' dir='ltr'><strong>generali,</strong></span> <span class='ocrx_word' id='word_1_710' title='bbox 2205 5474 2331 5518; x_wconf 91' lang='lat' dir='ltr'><strong>ante</strong></span> <span class='ocrx_word' id='word_1_711' title='bbox 2354 5463 2640 5530; x_wconf 89' lang='lat' dir='ltr'><strong>medium),</strong></span> <span class='ocrx_word' id='word_1_712' title='bbox 2665 5462 2717 5516; x_wconf 92' lang='lat' dir='ltr'><strong>iu</strong></span> <span class='ocrx_word' id='word_1_713' title='bbox 2748 5462 3055 5518; x_wconf 89' lang='lat' dir='ltr'><strong>recolendis</strong></span> <span class='ocrx_word' id='word_1_714' title='bbox 3080 5463 3421 5516; x_wconf 82' lang='lat' dir='ltr'><strong>sermonibus</strong></span> <span class='ocrx_word' id='word_1_715' title='bbox 3452 5462 3737 5518; x_wconf 88' lang='lat' dir='ltr'><strong>Lectiona-</strong></span> 
     </span>
    </p>
   </div>
   <div class='ocr_carea' id='block_1_56' title="bbox 444 5552 3731 5627">
    <p class='ocr_par' dir='ltr' id='par_1_56' title="bbox 444 5552 3731 5627">
     <span class='ocr_line' id='line_1_56' title="bbox 444 5552 3731 5627; baseline -0.002 -11"><span class='ocrx_word' id='word_1_716' title='bbox 444 5563 536 5616; x_wconf 83' lang='lat' dir='ltr'><strong>riis</strong></span> <span class='ocrx_word' id='word_1_717' title='bbox 589 5552 873 5627; x_wconf 77' lang='lat' dir='ltr'><strong>plurinium</strong></span> <span class='ocrx_word' id='word_1_718' title='bbox 923 5554 1272 5610; x_wconf 83' lang='lat' dir='ltr'><strong>deferendum</strong></span> <span class='ocrx_word' id='word_1_719' title='bbox 1305 5554 1550 5620; x_wconf 79' lang='lat' dir='ltr'><strong>agnovit;</strong></span> <span class='ocrx_word' id='word_1_720' title='bbox 1584 5568 1644 5606; x_wconf 88' lang='lat' dir='ltr'><strong>ac</strong></span> <span class='ocrx_word' id='word_1_721' title='bbox 1691 5554 1977 5623; x_wconf 80' lang='lat' dir='ltr'><strong>pr.ecipu:i:</strong></span> <span class='ocrx_word' id='word_1_722' title='bbox 2029 5571 2217 5611; x_wconf 91' lang='lat' dir='ltr'><strong>eorum</strong></span> <span class='ocrx_word' id='word_1_723' title='bbox 2252 5556 2685 5619; x_wconf 88' lang='lat' dir='ltr'><strong>emendaticnes,</strong></span> <span class='ocrx_word' id='word_1_724' title='bbox 2715 5570 2847 5624; x_wconf 88' lang='lat' dir='ltr'><strong>quas</strong></span> <span class='ocrx_word' id='word_1_725' title='bbox 2894 5556 2943 5607; x_wconf 91' lang='lat' dir='ltr'><strong>in</strong></span> <span class='ocrx_word' id='word_1_726' title='bbox 2980 5563 3181 5608; x_wconf 80' lang='lat' dir='ltr'><strong>textum</strong></span> <span class='ocrx_word' id='word_1_727' title='bbox 3214 5554 3445 5619; x_wconf 76' lang='lat' dir='ltr'><strong>induxit,</strong></span> <span class='ocrx_word' id='word_1_728' title='bbox 3483 5556 3564 5608; x_wconf 92' lang='lat' dir='ltr'><strong>his</strong></span> <span class='ocrx_word' id='word_1_729' title='bbox 3593 5571 3731 5611; x_wconf 87' lang='lat' dir='ltr'><strong>mss.</strong></span> 
     </span>
    </p>
   </div>
   <div class='ocr_carea' id='block_1_57' title="bbox 443 5647 3731 5720">
    <p class='ocr_par' dir='ltr' id='par_1_57' title="bbox 443 5647 3731 5720">
     <span class='ocr_line' id='line_1_57' title="bbox 443 5647 3731 5720; baseline -0.003 -10"><span class='ocrx_word' id='word_1_730' title='bbox 443 5658 726 5710; x_wconf 70' lang='lat' dir='ltr'><strong>dt&#39;ilt‘llllll‘.</strong></span> <span class='ocrx_word' id='word_1_731' title='bbox 760 5655 827 5707; x_wconf 70' lang='lat' dir='ltr'><strong>At</strong></span> <span class='ocrx_word' id='word_1_732' title='bbox 876 5653 926 5705; x_wconf 90' lang='lat' dir='ltr'><strong>id</strong></span> <span class='ocrx_word' id='word_1_733' title='bbox 982 5648 1304 5705; x_wconf 89' lang='lat' dir='ltr'><strong>incommodi</strong></span> <span class='ocrx_word' id='word_1_734' title='bbox 1352 5650 1402 5701; x_wconf 90' lang='lat' dir='ltr'><strong>in</strong></span> <span class='ocrx_word' id='word_1_735' title='bbox 1431 5648 1692 5716; x_wconf 83' lang='lat' dir='ltr'><strong>ejusmodi</strong></span> <span class='ocrx_word' id='word_1_736' title='bbox 1740 5650 1888 5703; x_wconf 91' lang='lat' dir='ltr'><strong>libris</strong></span> <span class='ocrx_word' id='word_1_737' title='bbox 1920 5662 2201 5720; x_wconf 76' lang='lat' dir='ltr'><strong>expertus,</strong></span> <span class='ocrx_word' id='word_1_738' title='bbox 2234 5650 2372 5718; x_wconf 81' lang='lat' dir='ltr'><strong>quod</strong></span> <span class='ocrx_word' id='word_1_739' title='bbox 2414 5666 2513 5703; x_wconf 84' lang='lat' dir='ltr'><strong>non</strong></span> <span class='ocrx_word' id='word_1_740' title='bbox 2544 5666 2719 5703; x_wconf 86' lang='lat' dir='ltr'><strong>omnes</strong></span> <span class='ocrx_word' id='word_1_741' title='bbox 2744 5650 3033 5702; x_wconf 83' lang='lat' dir='ltr'><strong>contineant</strong></span> <span class='ocrx_word' id='word_1_742' title='bbox 3062 5664 3342 5713; x_wconf 64' lang='lat' dir='ltr'><strong>sermones,</strong></span> <span class='ocrx_word' id='word_1_743' title='bbox 3369 5658 3418 5701; x_wconf 86' lang='lat' dir='ltr'><strong>et</strong></span> <span class='ocrx_word' id='word_1_744' title='bbox 3444 5647 3498 5700; x_wconf 83' lang='lat' dir='ltr'><strong>lii</strong></span> <span class='ocrx_word' id='word_1_745' title='bbox 3520 5650 3731 5717; x_wconf 82' lang='lat' dir='ltr'><strong>quidem</strong></span> 
     </span>
    </p>
   </div>
   <div class='ocr_carea' id='block_1_58' title="bbox 442 5741 3735 5817">
    <p class='ocr_par' dir='ltr' id='par_1_58' title="bbox 442 5741 3735 5817">
     <span class='ocr_line' id='line_1_58' title="bbox 442 5741 3735 5817; baseline -0.001 -17"><span class='ocrx_word' id='word_1_746' title='bbox 442 5749 661 5816; x_wconf 78' lang='lat' dir='ltr'><strong>aliquos,</strong></span> <span class='ocrx_word' id='word_1_747' title='bbox 687 5748 761 5797; x_wconf 88' lang='lat' dir='ltr'><strong>illi</strong></span> <span class='ocrx_word' id='word_1_748' title='bbox 791 5747 919 5797; x_wconf 85' lang='lat' dir='ltr'><strong>alios</strong></span> <span class='ocrx_word' id='word_1_749' title='bbox 941 5762 1033 5817; x_wconf 65' lang='lat' dir='ltr'><strong>pro</strong></span> <span class='ocrx_word' id='word_1_750' title='bbox 1060 5746 1259 5797; x_wconf 75' lang='lat' dir='ltr'><strong>diuerso</strong></span> <span class='ocrx_word' id='word_1_751' title='bbox 1295 5741 1640 5794; x_wconf 76' lang='lat' dir='ltr'><strong>Eeclesiarum</strong></span> <span class='ocrx_word' id='word_1_752' title='bbox 1683 5758 1841 5809; x_wconf 80' lang='lat' dir='ltr'><strong>more,</strong></span> <span class='ocrx_word' id='word_1_753' title='bbox 1872 5760 2090 5811; x_wconf 86' lang='lat' dir='ltr'><strong>quarum</strong></span> <span class='ocrx_word' id='word_1_754' title='bbox 2134 5745 2252 5799; x_wconf 84' lang='lat' dir='ltr'><strong>usui</strong></span> <span class='ocrx_word' id='word_1_755' title='bbox 2294 5745 2542 5809; x_wconf 69' lang='lat' dir='ltr'><strong>descripti</strong></span> <span class='ocrx_word' id='word_1_756' title='bbox 2584 5752 2735 5808; x_wconf 83' lang='lat' dir='ltr'><strong>sunt;</strong></span> <span class='ocrx_word' id='word_1_757' title='bbox 2757 5747 2882 5796; x_wconf 83' lang='lat' dir='ltr'><strong>adeo</strong></span> <span class='ocrx_word' id='word_1_758' title='bbox 2912 5753 2967 5795; x_wconf 88' lang='lat' dir='ltr'><strong>ut</strong></span> <span class='ocrx_word' id='word_1_759' title='bbox 2997 5744 3244 5797; x_wconf 85' lang='lat' dir='ltr'><strong>immensa</strong></span> <span class='ocrx_word' id='word_1_760' title='bbox 3260 5753 3307 5796; x_wconf 89' lang='lat' dir='ltr'><strong>et</strong></span> <span class='ocrx_word' id='word_1_761' title='bbox 3328 5744 3597 5797; x_wconf 79' lang='lat' dir='ltr'><strong>innumera</strong></span> <span class='ocrx_word' id='word_1_762' title='bbox 3619 5743 3735 5812; x_wconf 65' lang='lat' dir='ltr'><strong>ple.</strong></span> 
     </span>
    </p>
   </div>
   <div class='ocr_carea' id='block_1_59' title="bbox 444 5837 3734 5914">
    <p class='ocr_par' dir='ltr' id='par_1_59' title="bbox 444 5837 3734 5914">
     <span class='ocr_line' id='line_1_59' title="bbox 444 5837 3734 5914; baseline 0 -18"><span class='ocrx_word' id='word_1_763' title='bbox 444 5840 657 5914; x_wconf 65' lang='lat' dir='ltr'><strong>rumque</strong></span> <span class='ocrx_word' id='word_1_764' title='bbox 684 5840 957 5897; x_wconf 66' lang='lat' dir='ltr'><strong>«eluenda</strong></span> <span class='ocrx_word' id='word_1_765' title='bbox 986 5841 1077 5895; x_wconf 87' lang='lat' dir='ltr'><strong>tibi</strong></span> <span class='ocrx_word' id='word_1_766' title='bbox 1100 5840 1201 5895; x_wconf 85' lang='lat' dir='ltr'><strong>sint</strong></span> <span class='ocrx_word' id='word_1_767' title='bbox 1230 5839 1509 5904; x_wconf 85' lang='lat' dir='ltr'><strong>volumina,</strong></span> <span class='ocrx_word' id='word_1_768' title='bbox 1532 5850 1586 5892; x_wconf 84' lang='lat' dir='ltr'><strong>ut</strong></span> <span class='ocrx_word' id='word_1_769' title='bbox 1616 5854 1809 5909; x_wconf 85' lang='lat' dir='ltr'><strong>paucos</strong></span> <span class='ocrx_word' id='word_1_770' title='bbox 1841 5838 2045 5910; x_wconf 82' lang='lat' dir='ltr'><strong>aliquos</strong></span> <span class='ocrx_word' id='word_1_771' title='bbox 2074 5856 2329 5895; x_wconf 85' lang='lat' dir='ltr'><strong>sermones</strong></span> <span class='ocrx_word' id='word_1_772' title='bbox 2350 5839 2417 5893; x_wconf 83' lang='lat' dir='ltr'><strong>ad</strong></span> <span class='ocrx_word' id='word_1_773' title='bbox 2437 5838 2556 5894; x_wconf 84' lang='lat' dir='ltr'><strong>illos</strong></span> <span class='ocrx_word' id='word_1_774' title='bbox 2584 5838 2784 5895; x_wconf 82' lang='lat' dir='ltr'><strong>codices</strong></span> <span class='ocrx_word' id='word_1_775' title='bbox 2816 5853 3077 5893; x_wconf 81' lang='lat' dir='ltr'><strong>recenseas</strong></span> <span class='ocrx_word' id='word_1_776' title='bbox 3102 5853 3122 5893; x_wconf 90' lang='lat'><strong><em>:</em></strong></span> <span class='ocrx_word' id='word_1_777' title='bbox 3142 5837 3218 5903; x_wconf 91' lang='lat' dir='ltr'><strong>id,</strong></span> <span class='ocrx_word' id='word_1_778' title='bbox 3249 5838 3492 5909; x_wconf 85' lang='lat' dir='ltr'><strong>inquam,</strong></span> <span class='ocrx_word' id='word_1_779' title='bbox 3523 5837 3734 5897; x_wconf 85' lang='lat' dir='ltr'><strong>incom-</strong></span> 
     </span>
    </p>
   </div>
  </div>
