4014 6350
246 358 333 413 121
1097 360 1470 419 PREFATIO
1508 361 1578 417 IN
1616 358 1988 417 SERMONES
2023 358 2081 414 S.
2124 358 2372 418 LEONIS
2410 360 2648 419 MAGNI.
3390 410 3393 411 ν
3424 362 3531 421 ης

214 476 369 549 lmodi
397 488 686 547 expertus,
712 495 822 535 non
851 480 1017 535 multa
1046 480 1388 538 Lectimiaria
1418 482 1668 546 recoluit,
1701 494 1799 535 nec
1829 482 1880 535 in
1909 481 1974 535 iis
2013 496 2133 550 quae
2163 480 2407 537 adhibuit
2436 496 2625 538 omnes
2653 479 2847 536 Leonis
2874 493 3155 538 sermones
3182 488 3394 550 nactus,
3420 495 3530 536 non

214 564 446 639 lipaucos,
482 572 589 627 hoc
616 573 866 628 subsidio
917 574 1187 639 desertus,
1220 589 1340 629 cum
1376 573 1766 643 posterioribus
1805 573 2177 626 tantummodo
2205 572 2634 634 collectionibus,
2662 588 2780 640 quae
2821 574 3000 626 minus
3038 571 3338 626 etneudatae
3377 583 3525 641 sunt,

216 670 471 724 conferre
502 680 731 725 coactus
760 672 878 725 fuit.
908 672 1017 726 Nos
1047 683 1228 726 autem
1254 687 1376 726 eum
1410 671 1768 726 Lectionariis
1815 669 2153 737 pO'iSsimllm
2185 670 2536 724 deferendum
2562 671 3016 734 intellexerimus;
3054 668 3180 723 nulli
3210 668 3377 723 labori
3406 682 3532 737 par-

234 774 422 819 centes.
456 772 731 833 qumquot
754 757 1046 833 potuimus
1087 763 1374 833 diligenter
1416 762 1825 833 exquisivimus,
1858 761 2034 830 quoad
2082 761 2222 815 felici
2266 776 2521 815 successu
2550 775 2739 815 omnes
2773 775 3055 815 sermones
3092 761 3142 813 in
3178 758 3530 814 Lectionariis

233 854 460 923 reperire
515 868 577 911 et
628 856 880 911 conferre
930 858 1131 910 utiliter
1182 856 1354 920 licuit,
1387 864 1614 926 quatuor
1664 864 1869 909 tantum
1917 856 2160 924 exceptis
2192 854 2556 910 memorandis
2600 870 2747 908 num.
2772 854 2828 917 9,
2852 870 2987 924 quos
3018 852 3072 909 in
3104 863 3210 908 tam
3243 850 3528 920 multipl'ci

232 946 699 1005 Lettionariorom
727 951 883 1019 copia
915 951 1107 1005 frustra
1140 950 1513 1019 qua'sivimus.
1549 949 1645 1005 llic
1676 965 1805 1004 vero
1836 949 2193 1018 profitendum
2229 960 2336 1017 est,
2372 964 2469 1003 nec
2502 950 2742 1019 potuisse
2778 964 2895 1018 nos,
2925 964 3021 1004 nec
3045 947 3405 1005 necessarium
3434 961 3531 1014 pu-

236 1054 365 1099 tasse
392 1045 652 1112 singulos
679 1061 961 1102 sermones
987 1047 1229 1114 relegere
1259 1061 1382 1101 cum
1418 1046 1668 1101 omnibus
1700 1046 1967 1115 ejusmodi
1997 1061 2154 1110 m~s.,
2185 1060 2307 1099 cum
2350 1046 2402 1098 in
2435 1043 2713 1113 permultis
2743 1058 2837 1097 eos
2870 1042 3169 1112 descripms
3200 1044 3529 1100 invenimus.

229 1139 353 1194 Satis
383 1140 537 1195 enim
588 1142 863 1207 duximus,
887 1140 933 1196 si
967 1144 1345 1197 conferrentur
1387 1157 1509 1196 cum
1545 1140 1907 1196 Lectionariis
1947 1140 2435 1209 przrstantioribus.
2468 1136 2649 1192 (τι-ιρτί
2672 1153 2803 1192 vero
2831 1137 3136 1207 huiusmodi
3168 1138 3387 1193 codices
3434 1154 3526 1194 exe

228 1234 617 1307 penderentur,
652 1238 741 1295 ubi
779 1238 1027 1309 quiedam
1054 1239 1170 1293 loca
1196 1238 1375 1291 varias
1407 1238 1535 1292 hinc
1566 1236 1695 1293 inde
1724 1238 1985 1292 lectiones
2025 1234 2301 1292 afl‘erentia
2341 1236 2601 1306 majorem
2631 1233 3002 1290 difficultatem
3031 1232 3380 1290 facesserent.

1298 1377 1326 1441 δ
1348 1377 1410 1428 ll.
1446 1376 1524 1427 De
1548 1390 1665 1427 mss.
1690 1376 2013 1427 Lectionariis
2032 1385 2171 1427 certe
2198 1375 2443 1426 Romanis.

282 1486 333 1540 6.
376 1486 494 1541 Sed
529 1495 589 1541 ut
633 1486 702 1542 de
747 1485 1013 1553 ejusmodi
1045 1483 1401 1541 Lectionariis
1447 1482 1735 1553 peculiaria
1776 1482 2021 1551 quaedam
2062 1482 2334 1548 dicantur,
2373 1497 2479 1536 non
2527 1489 2629 1535 tam
2687 1494 2874 1535 eorum
2916 1478 3314 1535 multitudinem
3362 1494 3523 1548 quam

224 1580 614 1635 nonnullorum
646 1581 1014 1650 praestantiam
1046 1578 1261 1648 plurimi
1300 1578 1546 1633 facimus.
1582 1576 1909 1646 Quesnellus
1946 1577 2123 1631 nuilos
2151 1576 2425 1630 Romanos
2454 1575 2718 1644 ejusmodi
2761 1575 2979 1630 codices
3004 1576 3177 1638 vidit,
3219 1575 3306 1643 qui
3340 1583 3523 1633 tamen

224 1689 434 1742 semper
464 1676 517 1727 in
552 1674 795 1729 Romana
824 1674 1068 1730 Ecclesia
1095 1673 1382 1743 diligenter
1408 1671 1686 1731 custoditi.
1720 1681 1773 1725 et
1800 1671 1865 1724 ad
1898 1682 2146 1741 posteros
2170 1670 2498 1733 transmissi,
2529 1686 2650 1723 cum
2679 1685 2744 1724 ex
2773 1669 3077 1737 originariis
3102 1680 3156 1724 et
3176 1673 3523 1744 autographis

220 1764 408 1820 Leonis
438 1766 666 1834 scriptis
691 1767 955 1837 originem
989 1766 1207 1820 ducant.
1242 1766 1489 1819 maximae
1516 1774 1640 1818 sunt
1669 1764 2025 1820 auctoritatis.
2058 1765 2167 1819 Nos
2196 1775 2375 1819 autem
2407 1774 2639 1833 quatuor
2671 1779 2798 1818 mss.
2831 1763 2997 1819 libros
3028 1765 3353 1828 invenimus,
3385 1782 3521 1833 quos

217 1868 354 1911 Certe
394 1857 687 1913 Romanos
732 1874 1021 1929 possumus
1052 1857 1362 1919 afﬁrmare.
1412 1873 1479 1912 eo
1530 1858 1671 1927 quod
1718 1857 1768 1911 in
1821 1858 2050 1925 publicis
2084 1857 2444 1912 Romanarum
2496 1857 2861 1912 Ecclesiarum
2910 1857 3103 1912 ofﬁciis
3139 1859 3263 1912 olim
3296 1860 3521 1917 adhibiti

217 1949 434 2007 fuerint.
470 1952 639 2006 Tales
669 1964 851 2007 autem
885 1963 1009 2007 sunt
1036 1951 1211 2021 primo
1239 1952 1346 2006 duo
1372 1951 1592 2005 codices
1620 1950 1861 2006 Vaticani
1896 1952 2202 2021 pergameni
2235 1952 2446 2005 in-folio
2477 1951 2618 2006 3835’
2645 1962 2697 2006 et
2731 1951 2895 2010 3856.
2927 1953 3017 2019 qui
3054 1953 3340 2019 Romanis,
3392 1968 3518 2021 seu,

214 2052 267 2096 ut
286 2044 468 2107 aiunt,
499 2046 808 2101 uncialibus
838 2046 1034 2099 litteris
1064 2054 1253 2100 octavo
1282 2044 1501 2102 circiter
1522 2046 1718 2097 seculo
1744 2044 1928 2113 scripti
1960 2044 2023 2098 ad
2059 2044 2331 2098 basilicam
2361 2043 2459 2100 SS.
2497 2043 2727 2111 Philippi
2758 2054 2808 2098 et
2832 2042 3015 2097 .laeohi
3051 2044 3411 2113 pertinebant,
3446 2048 3519 2102 uti

213 2136 356 2189 docet
390 2136 519 2192 hzec
558 2139 852 2209 antiquarii
889 2139 1096 2192 notatio
1130 2137 1183 2192 in
1218 2137 1324 2192 fine
1353 2136 1475 2192 cod.
1511 2135 1675 2191 5855.
1715 2137 1815 2203 Qui
1846 2137 1970 2207 legis
1993 2179 2006 2200 ,
2040 2138 2266 2199 obsecro,
2305 2147 2357 2190 nt
2388 2153 2499 2191 ores
2530 2153 2622 2207 pro
2661 2139 2926 2208 scr’ptore,
2960 2148 3013 2190 ut
3052 2154 3141 2207 per
3169 2141 3520 2203 apostolorum

212 2230 506 2298 principum
539 2230 697 2302 (Leg.
744 2231 1049 2302 principem)
1075 2232 1342 2285 solvantur
1368 2230 1573 2284 vincula
1608 2230 1890 2300 Aginundi
1918 2230 2199 2302 presbyteri
2227 2232 2511 2301 peccatoris
2537 2232 2667 2284 sicut
2699 2230 2895 2285 imttilis
2941 2232 3224 2300 scriptoris.
3275 2230 3379 2285 Deo
3409 2232 3521 2287 cazli

209 2336 393 2395 grates.
434 2324 677 2379 Basilica
705 2326 1056 2397 apostolorum
1090 2323 1323 2396 Philippi
1351 2334 1401 2378 et
1425 2323 1626 2377 Jacobi.
1654 2322 1840 2377 Miram
1866 2335 2045 2378 autem
2086 2324 2458 2393 antiquitatem
2492 2323 2646 2392 primi
2673 2324 3022 2393 exscriptoris
3052 2326 3376 2379 confirmant
3408 2326 3520 2382 haec

208 2418 367 2472 verba
392 2420 753 2474 sermonibus
779 2419 847 2475 de
878 2418 1216 2474 Ascensione
1244 2417 1517 2485 subjecta,
1566 2416 1761 2486 quibus
1794 2417 1902 2471 Leo
1935 2418 2172 2471 nondum
2213 2420 2355 2472 inter
2393 2429 2611 2474 sanctos
2632 2419 2832 2473 relatus
2861 2418 3037 2473 domui
3068 2419 3222 2473 titulo
3264 2420 3517 2477 donatur.

208 2511 515 2582 Explicium
550 2530 812 2568 sermones
841 2513 1018 2567 damni
1049 2512 1233 2567 Leonis
1258 2528 1389 2582 pape
1419 2511 1482 2565 de
1513 2511 1818 2565 Ascensione
1853 2511 2059 2565 Domini
2087 2526 2247 2566 nostri
2279 2512 2403 2566 Jestt
2441 2513 2629 2567 Christi
2660 2530 2873 2567 numero
2911 2515 3031 2568 duo.
3070 2511 3175 2566 Deo
3214 2516 3429 2582 gratias.
3462 2516 3518 2569 In

208 2604 303 2660 hoc
330 2623 445 2663 ms.
479 2606 650 2672 5835,
681 2605 773 2677 qui
805 2622 833 2659 a
862 2605 919 2660 P.
946 2605 1183 2673 Josepbo
1212 2602 1529 2659 Blauchinio
1555 2614 1805 2657 accurate
1833 2602 2160 2657 describitur
2188 2618 2308 2657 cum
2333 2603 2663 2657 cltaractcris
2693 2604 2989 2669 spccimiuc
3022 2613 3149 2657 tom.
3186 2604 3223 2658 ll
3259 2605 3516 2674 Evangcl.

207 2700 499 2769 quadrupl.
554 2716 677 2768 pag.
723 2699 864 2767 602,
921 2707 1140 2755 exstant
1168 2698 1374 2753 Leonis
1418 2697 1485 2752 de
1534 2697 1793 2752 Passione
1845 2698 2000 2766 primi
2035 2698 2223 2753 decem
2274 2714 2588 2761 sermones,
2630 2699 2739 2753 dttu
2769 2698 2849 2753 de
2878 2701 3243 2764 A~ccnsionc,
3295 2714 3404 2758 trcs
3451 2703 3520 2755 de.

206 2790 559 2862 Pentecoste,
585 2805 641 2849 et
664 2795 771 2849 duo
798 2795 867 2850 de
896 2796 956 2850 S.
992 2796 1171 2850 Petro.
1202 2793 1493 2849 Vaticanus
1525 2793 1667 2848 5856
1698 2791 1919 2847 exhibet
1960 2804 2067 2847 tres
2097 2809 2378 2849 sermones
2398 2795 2466 2850 de
2492 2795 2699 2864 jejunio
2734 2796 2930 2850 dea-uni
2976 2799 3176 2851 mensis
3202 2839 3215 2861 ,
3259 2796 3311 2851 in
3356 2796 3519 2851 editis

206 2889 464 2957 primum,
496 2891 812 2959 septimum,
843 2899 897 2945 et
926 2899 1198 2955 octavum,
1225 2898 1337 2944 tres
1365 2889 1491 2943 item
1521 2887 1589 2942 de
1620 2887 1782 2941 natali
1816 2886 2008 2956 ipsius,
2033 2888 2082 2940 id
2110 2899 2193 2942 est
2237 2890 2303 2941 dc
2334 2892 2726 2956 assumptione.
2753 2890 2971 2959 leonis
3003 2893 3067 2945 ad
3101 2892 3473 2960 pontificatum
3495 2934 3512 2959 ,

204 2979 253 3033 in
292 2980 464 3035 editis
522 2982 789 3051 primum,
836 2982 919 3036 cui
960 2980 1229 3037 secundus
1276 2980 1603 3042 annectitur,
1646 2979 1881 3048 tertius,
1928 2991 1982 3035 et
2031 2991 2295 3049 quartus,
2330 2997 2521 3036 norem
2569 2983 2637 3038 dc
2682 2983 2892 3054 jejunio
2930 2986 3144 3055 septimi
3196 2985 3429 3052 mensis,
3460 2993 3519 3041 et

204 3086 521 3127 sermonem
576 3073 643 3128 de
672 3072 734 3129 S.
783 3073 1092 3128 Laurentio.

265 3163 321 3218 7.
354 3164 469 3219 Alii
501 3180 673 3234 porro
698 3163 806 3219 duo
846 3172 973 3219 sunt
1002 3161 1327 3218 Lectionarii
1371 3162 1491 3218 libri
1530 3161 1772 3217 basilica:
1824 3162 1883 3219 S.
1912 3162 2079 3219 Petri.
2110 3163 2322 3218 Primus
2363 3166 2606 3236 signatus
2660 3184 2810 3223 num.
2866 3170 2984 3231 107.
3036 3170 3160 3225 licet
3204 3171 3519 3229 charactere

205 3256 496 3323 posteriori
523 3266 802 3321 exaratos,
855 3257 1025 3326 pluris
1055 3265 1234 3311 tamen
1267 3255 1549 3312 habendus
1588 3266 1693 3311 est.
1727 3256 1843 3311 Non
1880 3258 2057 3311 solum
2090 3260 2231 3313 enim
2259 3260 2563 3327 descriptus
2608 3261 2707 3316 fttit
2747 3279 2812 3318 cx
2855 3263 3146 3334 antiquiori
3178 3264 3518 3323 Lectionario

203 3345 448 3413 ejusdem
478 3347 744 3413 basilicae,
774 3348 942 3419 longo
969 3364 1069 3403 usu
1099 3347 1320 3415 detrito,
1368 3358 1456 3402 aut
1489 3347 1603 3401 fere
1650 3358 2003 3415 consumpto.
2037 3348 2303 3417 originem
2350 3351 2582 3406 ducente
2610 3368 2673 3408 cx
2728 3353 2792 3407 iis
2838 3356 3193 3425 autographis
3238 3373 3357 3423 qum
3407 3358 3518 3413 Leo

204 3434 468 3494 Romanae
499 3439 769 3495 Ecclesia!
795 3441 1118 3511 reliquerat;
1152 3456 1340 3495 verum
1371 3439 1533 3493 etiam
1565 3439 1908 3494 entcudatior
1938 3451 2016 3495 est
2043 3442 2211 3496 tnttlto
2240 3459 2399 3513 quam
2430 3445 2612 3499 caeteri
2646 3463 2659 3500 :
2693 3447 2836 3502 unde
2863 3448 3161 3517 permultas
3188 3459 3245 3505 ct
3281 3450 3516 3521 insignes

203 3548 265 3589 ex
298 3532 409 3589 hoc
442 3534 858 3591 emendationes
885 3535 1285 3603 excerpsimus,
1320 3548 1454 3605 quas
1506 3534 1667 3588 nullis
1700 3535 1782 3589 vel
1807 3536 1991 3605 paucis
2043 3536 2164 3589 aliis
2194 3537 2244 3591 in
2276 3538 2426 3593 libris
2458 3541 2777 3605 reperimus.
2831 3542 2981 3596 llunc
3011 3554 3190 3596 autem
3242 3544 3309 3599 atl
3356 3562 3510 3603 usum

202 3637 485 3694 spectasse
514 3630 688 3698 ipsius
716 3629 975 3696 basilicae,
1027 3628 1277 3683 dubitare
1320 3643 1426 3681 non
1458 3627 1588 3681 sinit
1618 3639 1869 3684 accurata
1896 3645 2017 3699 qua:
2042 3630 2094 3683 in
2127 3630 2232 3684 line
2279 3631 2473 3699 legitur
2502 3633 2796 3701 dcsr-riptio
2835 3634 3102 3688 redilttum
3149 3637 3236 3704 qui
3280 3652 3343 3694 ex
3403 3648 3516 3693 toto

201 3721 506 3777 christiano
537 3725 673 3779 orbe
698 3724 872 3779 eidem
912 3723 1154 3778 basilicae
1181 3722 1554 3776 solvebantur.
1590 3720 1844 3778 Conlinct
1866 3734 2044 3777 autem
2078 3738 2359 3779 sermones
2388 3726 2456 3780 ab
2479 3728 2726 3783 Adventu
2750 3727 2815 3783 ad
2848 3727 3156 3784 l’assioncm
3190 3729 3426 3795 Domini,
3458 3740 3516 3786 et

201 3828 314 3868 etim
347 3832 556 3871 omnes
579 3831 866 3871 sermones
890 3816 1091 3871 Leonis
1122 3816 1341 3871 nomine
1372 3816 1663 3885 inscriptos
1693 3817 1958 3881 sinceros,
1991 3820 2169 3873 nullos
2195 3831 2373 3873 autem
2395 3821 2765 3892 supposititios
2791 3822 3007 3877 exhibet
3043 3846 3055 3879 ;
3081 3834 3191 3877 tum
3225 3838 3356 3878 vero
3380 3823 3512 3879 nulli

200 3907 310 3974 ejus
351 3909 630 3977 temporis
658 3922 939 3963 sermones
966 3906 1163 3963 Leonis
1194 3907 1245 3961 in
1272 3906 1377 3961 hoc
1396 3907 1587 3962 codice
1612 3901 2012 3973 desiderantur,
2046 3920 2276 3977 quatuor
2300 3920 2507 3964 tantum
2531 3912 2771 3979 exceptis
2801 3927 2816 3967 :
2850 3910 2944 3975 9.0,
2972 3911 3040 3968 de
3064 3913 3276 3983 jejunio
3313 3914 3513 3970 decimi

200 4003 444 4069 mensis;
475 4002 574 4068 51,
603 4002 671 4057 de
694 4001 1136 4070 Quadragesima,
1166 4012 1219 4056 et
1247 4000 1319 4057 56
1346 4016 1408 4055 ac
1440 4001 1530 4060 60.
1561 4000 1628 4055 de
1661 4000 2096 4055 Passionezdum
2125 4001 2213 4055 alii
2239 4002 2357 4055 lihri
2393 4002 2715 4057 Lectionarii
2746 4002 2971 4057 aliarum
3005 4004 3372 4061 Ecclesiarum
3403 4024 3511 4064 non

201 4110 401 4165 paucos
453 4111 739 4152 sermones
782 4103 1129 4166 praetereunt,
1180 4106 1235 4149 et
1283 4093 1573 4148 nonnullos
1610 4094 1925 4162 plerumque
1981 4092 2148 4149 Leoni
2197 4095 2440 4149 tribuunt
2488 4096 2576 4164 qui
2625 4096 2763 4150 alios
2814 4096 3012 4150 habent
3056 4108 3326 4155 auctores.
3381 4099 3515 4155 lluic

201 4190 365 4245 codici
396 4190 603 4245 similis
630 4190 788 4259 plane
814 4200 897 4245 est
918 4189 1055 4243 alter
1083 4188 1324 4258 ejusdem
1357 4186 1596 4242 basilicte
1626 4186 1753 4250 l05,
1782 4187 1883 4241 nisi
1914 4188 2056 4257 quod
2087 4188 2342 4241 librarius
2374 4188 2424 4241 in
2454 4189 2742 4255 postremis
2773 4189 3069 4259 aliquarmn
3103 4191 3508 4248 solemnitatum

200 4285 555 4339 sermonibus
604 4282 977 4340 describendis
1015 4297 1423 4349 nonnumquam
1474 4279 1698 4338 defecit.
1748 4279 1819 4335 E2
1885 4280 2079 4334 eodem
2129 4289 2305 4334 tamen
2353 4281 2605 4347 exetnplo
2630 4280 2840 4350 prodit,
2875 4296 2996 4336 cum
3046 4297 3326 4338 sermones
3373 4301 3510 4353 quos

199 4379 425 4432 exhibet
453 4379 651 4433 eodem
687 4378 876 4433 ordine
913 4394 979 4434 ac
1006 4377 1193 4433 iisdem
1225 4376 1335 4431 fere
1359 4376 1682 4432 lectionibus
1707 4376 1983 4446 praeferat.
2017 4374 2073 4429 Si
2098 4386 2446 4439 superessent
2469 4376 2520 4430 in
2547 4375 2735 4430 eadem
2761 4377 2979 4432 basilica
3011 4378 3257 4443 exempla
3289 4379 3509 4435 alterius

202 4473 367 4541 partis
387 4512 406 4537 ,
438 4487 567 4540 qua:
588 4488 617 4525 a
650 4472 909 4527 Paschate
949 4471 1017 4525 ad
1047 4471 1350 4525 Adventum
1384 4470 1646 4534 excurrit,
1678 4468 1813 4521 nihil
1841 4467 2150 4522 dubitamus
2171 4466 2299 4537 quin
2328 4477 2558 4523 cteteros
2593 4484 2806 4537 omnes,
2837 4482 2922 4522 aut
2954 4468 3069 4525 fere
3091 4485 3285 4526 omnes
3307 4470 3508 4529 Leonis

200 4578 486 4617 sermones
548 4563 746 4632 pariter
802 4562 1103 4630 descriptos
1158 4561 1592 4621 invenissemus,
1644 4558 1780 4611 adeo
1828 4566 1889 4611 ttt
1934 4572 2000 4612 ex
2046 4557 2145 4611 hac
2192 4573 2294 4611 una
2341 4556 2661 4612 bibliotheca
2706 4558 3114 4613 emendationes
3172 4561 3339 4616 tutius
3395 4563 3508 4631 peti

201 4658 530 4721 potuissent.
588 4650 693 4708 Sed
742 4667 863 4706 cum
912 4652 1030 4707 hac
1078 4665 1208 4723 pars
1256 4649 1455 4706 ibidem
1500 4647 1870 4711 desideretur,
1917 4663 2036 4717 quae
2076 4649 2421 4705 exactissima
2465 4649 2705 4705 omnium
2755 4650 2949 4707 fuisset
2977 4667 3174 4721 magno
3212 4667 3276 4708 ac
3311 4655 3506 4724 potiori

202 4745 443 4798 subsidio
474 4744 653 4799 orbati
686 4743 902 4798 fuimus.

200 4856 329 4920 §Ill.
367 4858 453 4908 De
474 4855 1028 4920 aliarum_Et:clesiantm
1051 4868 1165 4920 mss.
1196 4853 1536 4920 Lectionariis,
1556 4861 1893 4920 quantumque
1932 4852 2245 4920 contulerint.
2293 4853 2420 4920 Tres
2457 4852 2515 4920 S._
2555 4852 2733 4920 Leonis
2772 4866 3030 4920 sermones
3052 4870 3114 4907 ex
3140 4858 3285 4908 unico
3314 4857 3497 4910 Nicolai

660 4918 804 4967 Fabri
831 4918 1002 4970 codice
1029 4916 1146 4966 editi
1168 4916 1485 4967 vindicantur.
1504 4916 1580 4965 Dc
1603 4915 2019 4965 Lectionariorum
2044 4914 2381 4978 incommodis,
2414 4921 2466 4966 et
2487 4915 2551 4966 de
2578 4917 2791 4978 ipsorum
2817 4917 3044 4969 utilitate.

266 5029 318 5083 8.
343 5028 489 5082 Cum
523 5039 658 5079 vero
682 5021 1020 5077 Lectionaria
1049 5020 1277 5073 aliarmu
1306 5019 1671 5074 Ecclesiarum
1693 5018 1803 5086 jam
1833 5030 2129 5071 memorata
2153 5018 2611 5088 expendi-rimus,
2643 5019 2766 5075 licet
2796 5020 2937 5076 nulla
2974 5023 3042 5075 ita
3069 5022 3362 5081 ttuiversim
3395 5028 3507 5083 sint

204 5129 457 5174 accurata
489 5116 569 5171 uti
620 5113 822 5169 laudati
862 5112 1099 5166 basilica:
1129 5110 1404 5165 Vaticana:
1443 5110 1681 5177 codices,
1719 5118 1789 5162 lat

1931 5124 2035 5163 non
2083 5125 2280 5177 paucas
2310 5109 2574 5165 lectiones
2603 5114 2832 5182 optimas
2861 5114 2940 5167 vel
2969 5114 3380 5180 confirmarunt.
3416 5119 3502 5176 vel

205 5213 508 5283 pra-buere,
529 5220 585 5266 et
605 5206 948 5263 sermonibus
968 5206 1057 5276 qui
1077 5205 1130 5258 in
1152 5205 1256 5259 illis
1273 5205 1497 5259 deerant
1522 5204 1837 5275 prtesidium
1868 5222 1971 5260 non
1993 5207 2261 5261 modicum
2277 5207 2591 5262 attulerunt.
2613 5209 2982 5277 Quorumdam
3007 5210 3168 5266 etiam
3189 5230 3499 5268 sermonum

203 5305 449 5372 exempla
496 5301 700 5356 nemini
751 5300 1003 5363 inventa,
1051 5296 1442 5366 multiplicitate
1490 5296 1738 5350 codicum
1784 5313 1916 5366 qttos
1963 5298 2319 5367 nndequaque
2357 5300 2776 5368 exquisivimus,
2824 5303 3065 5373 reperire
3092 5304 3247 5358 nobis
3277 5303 3504 5357 feliciter

203 5396 445 5465 contigit.
479 5393 727 5461 Quatuor
767 5402 1048 5444 sermones
1076 5388 1144 5443 de
1180 5387 1457 5453 collectis,
1510 5396 1566 5441 et
1612 5402 1775 5440 unum
1823 5388 1889 5442 de
1932 5391 2142 5441 octavis
2173 5389 2575 5458 apostolorum,
2621 5406 2757 5459 quos
2796 5393 2864 5447 ob
2915 5408 3132 5448 causam
3175 5395 3497 5458 peculiarem

206 5483 399 5541 Leonis
454 5487 671 5540 caeteris
723 5482 1079 5539 Lectionariis
1128 5481 1365 5535 insertos
1411 5480 1873 5547 desperabamus,
1918 5481 2223 5536 invenimus
2283 5484 2332 5536 iu
2380 5500 2483 5539 ms.
2538 5485 2878 5541 Lectionario
2933 5487 3280 5542 Valliccllano
3326 5491 3385 5542 A.
3439 5489 3495 5543 6.

208 5579 496 5635 Sermones
525 5578 770 5648 ejusdem
823 5576 1074 5646 proprios
1116 5574 1184 5628 de
1215 5572 1380 5627 natali
1411 5574 1517 5641 sui,
1565 5589 1700 5643 quos
1752 5574 1911 5629 nullis
1958 5576 2007 5627 in
2056 5575 2409 5631 Lectiouariis
2437 5579 2759 5647 Quesnellus
2791 5582 3025 5634 nauciSri
3062 5581 3259 5645 potuit,
3298 5582 3348 5636 in
3375 5581 3498 5641 Vat.

210 5676 363 5743 3836,
393 5692 496 5731 nec
529 5690 634 5729 non
668 5675 721 5729 in
752 5672 1100 5728 Vallicellano
1127 5670 1195 5724 A.
1229 5671 1284 5736 7,
1318 5670 1517 5724 inventi
1553 5671 1720 5737 fuere,
1754 5672 1944 5741 quinto
1966 5682 2217 5741 excepto,
2251 5673 2341 5741 qui
2366 5690 2433 5729 cx
2464 5676 2722 5746 singulari
2753 5676 2908 5731 Fabri
2939 5677 3125 5732 codice
3168 5677 3345 5734 editus
3376 5680 3495 5737 fuit.

272 5771 323 5827 9.
358 5770 574 5842 Reliqui
605 5781 728 5825 sunt
756 5781 1037 5824 sermones
1058 5776 1310 5837 quatuor,
1343 5779 1477 5835 quos
1510 5766 1562 5820 in
1597 5766 1745 5820 nullo
1786 5766 2127 5822 Lectionario
2156 5767 2398 5823 nancisci
2426 5770 2730 5840 potuimus,
2778 5770 3029 5825 nimirum
3063 5787 3241 5827 sermo
3278 5777 3498 5841 quintus

210 5865 271 5925 de
311 5868 479 5926 natali
509 5882 661 5941 papa:
683 5911 699 5936 ,
747 5875 934 5923 sextus
963 5864 1031 5920 de
1070 5862 1312 5919 collectis
1336 5903 1350 5927 ,
1384 5874 1560 5917 nonus
1595 5861 1663 5917 de
1686 5860 1897 5931 jejunio
1921 5861 2115 5917 decimi
2166 5862 2399 5933 mensis,
2447 5872 2499 5919 et
2526 5862 2905 5931 nonagesimus
2927 5874 3136 5934 sextus,
3162 5865 3491 5937 inscriptus:
