4014 6350
488 358 599 418 III
1357 350 1729 411 PMFATIO
1766 348 1835 407 IN
1875 347 2244 407 SEBMUNES
2281 347 2338 405 S.
2381 346 2629 405 LEONIS
2664 346 2901 405 MAGNI.
3677 351 3783 408 ιιι

490 473 766 531 Tractatus
789 484 972 529 contra
998 472 1377 546 Eutycbianos,
1408 470 1614 526 habitus
1638 470 1694 525 in
1722 466 1918 538 tanplo
1939 468 2002 526 S.
2035 469 2345 525 Anastasiw.
2373 467 2471 523 llic
2496 482 2677 523 sermo
2691 475 2878 522 contra
2902 466 3267 538 Eutycbianos
3292 482 3415 524 cum
3433 480 3788 527 conservatus

489 570 653 627 fuerit
682 569 735 624 iu
763 584 895 625 mss.
936 568 1347 625 collectionibus
1379 567 1441 623 S.
1466 565 1686 629 Leonis,
1716 580 1866 633 quae,
1893 576 1950 619 ut
1981 563 2307 629 νὶάώὶηιυε,
2332 579 2364 620 e
2402 563 2756 620 Lectionariis
2782 563 3090 632 dimanant,
3119 563 3258 621 haud
3306 564 3612 622 dubitamus
3655 571 3786 638 quin

487 660 544 717 in
564 661 745 733 aliquo
774 662 1114 717 Lectionario
1142 661 1283 716 libro
1310 660 1678 725 contineatur,
1702 672 1861 728 quem
1894 659 2158 714 hactenus
2182 659 2427 727 reperire
2462 659 2617 714 nobis
2647 674 2756 713 non
2794 662 3035 730 contigit.

450 749 455 815 Ῐ
564 758 653 815 lo.
695 758 751 814 Id
791 760 966 828 ipsum
1010 766 1191 812 autem
1238 756 1349 811 dici
1394 770 1500 811 non
1544 770 1707 827 posse
1748 754 2020 811 credimus
2059 753 2234 823 quoad
2274 754 2413 810 alios
2453 762 2563 809 tres
2608 768 2910 818 sermones,
2942 754 3191 809 videlicet
3231 756 3473 825 quintum
3506 757 3573 812 de
3612 758 3782 814 natali

493 862 672 921 papae,
707 861 921 906 sextum
952 851 1021 905 de
1055 849 1329 915 collectis,
1360 858 1416 905 et
1448 865 1645 905 nonum
1679 850 1747 905 de
1766 849 1980 920 jejunio
2009 848 2205 903 decimi
2240 850 2475 915 mensis,
2506 849 2595 919 qui
2626 866 2690 903 ex
2720 864 2823 904 nis.
2867 848 3067 904 Nicolai
3102 849 3263 906 Fabri
3292 851 3419 905 editi
3450 865 3595 906 sunt.
3638 851 3791 907 Sicut

493 944 639 999 enim
668 942 864 998 desunt
895 943 948 998 in
976 943 1390 998 collectionibus
1417 956 1730 997 sermonum
1762 942 1819 999 S.
1852 940 2085 1008 Leonis,
2118 957 2238 1010 qua:
2263 956 2293 994 e
2320 939 2677 995 Lectionariis
2711 949 3026 1005 manarunt;
3061 941 3129 995 ibi
3163 942 3212 993 in
3245 941 3404 996 nulli~
3433 940 3790 997 Lectionariis

494 1034 745 1089 inventos
764 1043 858 1088 aut
884 1033 1241 1089 inveniendos
1269 1045 1579 1088 censemus;
1610 1032 1669 1089 In
1702 1047 1808 1087 uno
1836 1030 1996 1101 igitur
2018 1031 2205 1087 codice
2234 1030 2442 1086 Nicolai
2473 1030 2631 1086 Fabri
2657 1032 2756 1086 hos
2780 1041 2890 1087 tres
2920 1047 3199 1086 sermones
3221 1035 3486 1089 contineri
3516 1044 3789 1104 putamus,

494 1125 603 1183 nisi
646 1127 892 1182 fortassis
934 1128 1073 1181 alius
1116 1126 1312 1182 similis
1351 1125 1641 1197 aliquando
1689 1124 1932 1196 prodeat.
1982 1124 2083 1179 Hic
2120 1133 2298 1179 autem
2348 1125 2509 1180 Fabri
2557 1125 2748 1191 codex,
2795 1126 2883 1195 qui
2931 1126 2985 1180 in
3031 1126 3410 1182 bibliothecam
3464 1127 3792 1183 Thoanteae)

494 1216 770 1285 Quesnelli
813 1230 971 1275 aetate
1015 1221 1323 1287 transierat,
1367 1218 1513 1275 unde
1549 1217 1856 1275 Tbuanaeus
1897 1218 1965 1273 ab
2010 1216 2199 1273 eodem
2242 1218 2565 1289 appellatur,
2599 1229 2781 1288 postea
2824 1234 2954 1274 vero
2996 1221 3047 1275 in
3090 1218 3479 1285 Colbertinam,
3510 1233 3794 1293 postremo

494 1324 671 1367 autem
705 1315 756 1367 in
787 1312 1005 1377 Regiam
1041 1314 1403 1367 Parisiensem
1436 1312 1708 1382 migravit,
1739 1312 1891 1366 varia
1923 1310 2142 1364 Patrum
2172 1310 2429 1379 opuscula
2458 1312 2721 1365 continet.
2751 1310 2829 1363 De
2857 1309 2958 1365 hoc
2986 1309 3102 1365 fuse
3132 1316 3239 1381 agit
3260 1311 3458 1380 Joseph
3485 1312 3794 1368 Antelmius

493 1404 626 1461 diss.
662 1408 713 1473 6,
766 1407 836 1462 De
867 1409 993 1462 veris
1033 1408 1274 1477 operibus
1313 1407 1421 1464 SS.
1469 1404 1657 1462 Leonis
1705 1414 1749 1460 et
1794 1392 2041 1476 Prosperi
2079 1416 2136 1457 tt.
2182 1404 2216 1459 4
2252 1413 2307 1458 et
2350 1417 2529 1473 seqq.,
2559 1414 2790 1475 eumttue
2821 1415 2945 1460 ante
2976 1420 3147 1459 annos
3186 1415 3483 1473 nongentos
3512 1417 3792 1460 exaratum

498 1503 821 1567 Maltillonli,
858 1503 1091 1567 Baluzii,
1131 1503 1470 1571 aliorumque
1500 1502 1794 1571 peritorum
1820 1498 2025 1570 judicio
2057 1506 2306 1554 testatur.
2336 1498 2480 1552 inter
2514 1499 2856 1554 diversorum
2889 1500 3111 1553 Patrum
3147 1501 3408 1566 opuscula
3452 1510 3560 1553 tres
3587 1498 3795 1554 laudati

495 1596 696 1650 Leonis
736 1604 1017 1649 sermones
1058 1594 1465 1663 describuntur,
1514 1605 1744 1667 Quorum
1791 1597 2001 1665 primus
2040 1594 2263 1649 omnino
2296 1608 2529 1650 errones
2573 1594 2843 1664 Prospero
2887 1595 3143 1649 tribuitur
3190 1595 3293 1647 hoc
3334 1592 3487 1648 titulo
3535 1610 3551 1648 :
3600 1593 3797 1663 Incipit

493 1701 662 1742 sermo
694 1687 943 1756 Prosperi
968 1686 1031 1741 de
1060 1690 1233 1741 natale
1261 1699 1443 1760 papae:
1480 1688 1572 1743 alii
1608 1698 1792 1744 autem
1831 1688 1939 1744 duo
1968 1699 2255 1744 sermones
2295 1686 2375 1741 sic
2416 1686 2788 1741 inscribuntur
2816 1705 2830 1741 :
2861 1684 3053 1757 Incipit
3091 1688 3155 1741 de
3182 1686 3512 1740 collectarttm
3541 1686 3655 1750 die,
3688 1696 3746 1741 et
3774 1704 3795 1740 :

496 1782 688 1849 Incipit
716 1782 780 1836 de
809 1784 1001 1836 mensis
1026 1782 1208 1836 decimi
1230 1786 1457 1857 jejunio.
1491 1783 1695 1839 Omnes
1725 1783 1827 1839 hos
1855 1794 2138 1839 sermones
2170 1783 2365 1837 Leonis
2388 1796 2529 1849 esse,
2554 1781 2679 1852 styli
2710 1780 2850 1834 ratio
2879 1795 2946 1835 ac
2970 1778 3271 1849 argumenti
3299 1779 3802 1849 sententiarumque

500 1876 855 1933 consonantia
886 1892 1007 1933 cum
1037 1878 1158 1932 aliis
1190 1872 1504 1935 earumdem
1548 1878 1824 1933 titulorum
1868 1876 2211 1933 sermonibus
2251 1876 2412 1947 plane
2455 1876 2709 1930 Leoninis
2735 1876 2959 1929 omnino
2993 1875 3266 1929 evincunt.
3304 1875 3553 1928 Nicolaua
3581 1872 3798 1940 Faber,

496 1970 586 2038 qtti
621 1970 793 2040 ipsum
822 1971 1070 2027 endit-eiu
1104 1967 1450 2041 possidebat,
1486 1971 1535 2027 in
1564 1971 1792 2042 epistola
1828 1970 1895 2025 ad
1924 1970 2176 2026 Vosslum
2209 1970 2555 2040 praepositum
2588 1969 2958 2039 Tungrensem
2990 1968 3263 2038 opusculis
3291 1969 3488 2022 inserta
3521 1969 3625 2022 hoc
3654 1968 3801 2024 idem

493 2061 751 2132 pervidit.
800 2063 877 2118 De
920 2062 1097 2133 primo
1136 2064 1280 2117 enim
1320 2072 1594 2127 sermone,
1626 2062 1716 2133 Qui
1763 2062 2088 2133 Prosperum
2130 2064 2369 2132 praeteri,
2401 2060 2573 2129 inquit
2605 2076 2615 2113 :
2653 2059 2753 2125 Qui
2798 2058 3056 2131 Prospero
3098 2059 3391 2125 ascribitur,
3422 2060 3653 2130 ejusdem
3692 2075 3805 2116 esse

493 2154 723 2209 uictoris
770 2171 886 2208 cum
932 2157 1166 2226 reliquis,
1209 2166 1511 2226 argumento
1549 2164 1668 2210 sunt
1714 2157 1841 2210 mihi
1885 2154 2189 2217 similitudo,
2222 2158 2268 2207 et
2295 2152 2434 2221 quod
2475 2161 2657 2205 auctor
2687 2151 2852 2218 ipsius
2896 2154 2959 2204 de
3006 2166 3060 2205 se
3101 2152 3239 2205 velut
3278 2151 3523 2219 pontiﬁce
3566 2152 3805 2207 Romano

493 2244 751 2312 loquitur.
788 2244 1035 2311 Quamvis
1074 2245 1212 2299 enim
1248 2261 1408 2315 opera
1446 2246 1690 2317 Prosperi
1724 2262 1875 2300 usum
1913 2247 2069 2315 fuisse
2107 2243 2171 2299 Β.
2212 2244 2431 2298 Leonem
2463 2246 2661 2307 dicunt,
2692 2259 2841 2297 nemo
2867 2253 3036 2298 tamen
3069 2245 3194 2297 mihi
3232 2246 3534 2315 persuadeat
3569 2244 3807 2299 disertis-

492 2334 681 2389 simum
710 2337 1003 2403 pontiﬁcem
1027 2336 1199 2389 aliena
1226 2338 1377 2391 verba
1405 2338 1787 2404 emendis-asse,
1822 2345 1868 2390 et
1898 2353 1991 2406 pro
2017 2336 2125 2391 suis
2150 2336 2220 2389 ad
2251 2335 2501 2405 populum
2532 2336 2913 2405 pronuntiasse.
2948 2334 3096 2389 idem
3124 2335 3449 2398 Autelmius,
3477 2336 3569 2403 qui
3603 2338 3651 2389 in
3685 2336 3807 2391 lata.

499 2426 622 2483 data
666 2427 1044 2482 dissertatione
1074 2441 1182 2483 non
1221 2440 1327 2483 tam
1363 2429 1462 2484 hos
1493 2439 1605 2485 tres
1636 2444 1795 2500 quam
1831 2440 2021 2484 omnes
2051 2428 2248 2483 Leonis
2290 2438 2573 2483 sermones
2601 2427 2869 2497 Prospero
2910 2429 3085 2500 aliqua
3134 2430 3341 2485 ratione
3380 2443 3625 2485 asserere
3654 2431 3805 2486 visus

502 2514 699 2585 fuerat,
730 2516 999 2588 hujus-que
1027 2518 1230 2573 codicis
1260 2519 1666 2590 inscriptionem
1699 2520 2019 2591 ingesserat,
2054 2531 2289 2576 mentem
2317 2536 2469 2574 suam
2499 2521 2737 2590 apertius
2768 2521 3044 2589 capticapti
3076 2522 3127 2574 in
3153 2522 3381 2591 epistola
3407 2523 3641 2578 secunda
3670 2521 3805 2581 Gal-

495 2610 597 2667 lice
638 2612 837 2682 scripta
877 2612 965 2668 die
1008 2613 1042 2667 4
1081 2613 1401 2669 Novembris
1441 2630 1531 2669 an.
1578 2614 1748 2681 1889,
1780 2630 1931 2670 num.
1964 2616 2033 2671 35
2078 2626 2135 2671 et
2169 2616 2274 2683 40,
2308 2617 2579 2670 communi
2616 2618 2898 2671 sententiae
2932 2632 3034 2687 qua
3079 2614 3247 2671 Leoni
3283 2619 3609 2684 tribuuntur,
3638 2630 3803 2676 suum

498 2719 715 2775 quoque
746 2707 1013 2762 calculum
1044 2708 1270 2762 addidit.
1304 2707 1457 2764 Unde
1488 2724 1618 2764 vero
1648 2718 1762 2765 tres
1794 2709 1847 2765 hi
1875 2708 2076 2765 Leonis
2105 2722 2388 2764 sermones
2419 2712 2522 2763 hoc
2553 2724 2662 2764 uno
2695 2711 2747 2764 in
2776 2710 2985 2778 codice,
3012 2712 3101 2777 qui
3133 2711 3263 2765 nihil
3298 2721 3560 2779 praeterea
3589 2713 3805 2769 Leoni-

496 2812 626 2852 num
672 2798 872 2867 habet,
914 2804 1274 2871 reperiantur,
1308 2813 1363 2857 et
1388 2817 1486 2857 cur
1524 2803 1729 2873 primus
1760 2803 1950 2858 saltem
1987 2802 2238 2872 Prosperl
2272 2812 2473 2857 nomen
2505 2802 2792 2873 exhibeat,
2819 2804 2939 2872 quia
2968 2804 3179 2858 divinet
3208 2820 3225 2858 :
3258 2803 3394 2859 Num
3422 2805 3676 2875 Prosper,
3707 2807 3803 2878 qui

494 2888 662 2947 Leoni
703 2894 925 2948 intimus
966 2895 1096 2960 fuit,
1128 2906 1186 2951 et
1214 2896 1282 2951 ab
1310 2894 1503 2950 Adone
1546 2896 1793 2951 notarius
1823 2895 1939 2964 ejus
1970 2895 2187 2962 dicitur,
2218 2895 2317 2950 hos
2346 2897 2639 2966 separatim
2673 2911 2767 2951 sua
2808 2911 2970 2950 manu
2998 2895 3389 2964 descripserat,
3418 2912 3486 2954 ac
3514 2898 3565 2953 iit
3594 2899 3801 2956 Galliae

496 2984 758 3049 miserat,
801 2987 893 3041 ubi
931 2989 1234 3044 conservati
1277 2989 1436 3043 nobis
1473 2988 1725 3055 fuerunt;
1762 2990 1967 3057 primus
2013 2998 2193 3044 autem
2231 2990 2580 3044 amanuensis
2615 2990 2705 3059 qui
2754 3004 2849 3044 eos
2887 2990 3064 3046 codici
3092 2991 3347 3057 inseruit,
3379 3007 3447 3046 ea
3483 2992 3804 3051 charactere

495 3077 597 3135 sibi
644 3087 774 3133 noto
804 3081 1193 3149 exscriptorem
1237 3079 1363 3137 fecit
1404 3080 1724 3137 auctorem?
1769 3079 1958 3136 Simile
1999 3079 2270 3150 quidpiam
2316 3080 2561 3149 epistolis
2604 3080 2817 3135 accidit.
2851 3081 3097 3151 Quinque
3138 3081 3281 3137 enim
3320 3081 3519 3138 Leonis
3558 3083 3804 3152 epistola

495 3173 641 3228 inter
667 3171 803 3227 alias
830 3174 1061 3229 aliorum
1086 3184 1425 3231 censervatm
1455 3174 1613 3230 nobis
1641 3173 1857 3229 luerunt
1885 3174 1938 3228 in
1963 3172 2095 3229 solis
2121 3172 2519 3242 exemplaribus
2551 3182 2683 3227 mss.
2710 3173 3054 3229 collectiouia
3084 3174 3375 3240 Avellanam,
3408 3174 3477 3230 de
3500 3186 3605 3246 qua
3632 3174 3803 3231 fusius

494 3276 694 3338 agetur
725 3269 782 3324 iu
812 3269 1127 3339 praefatione
1162 3270 1227 3325 ad
1278 3272 1539 3342 epistolas
1564 3270 1802 3336 leonis;
1845 3277 1899 3326 et
1937 3267 2066 3324 solae
2104 3267 2324 3339 quidem
2364 3267 2469 3322 illas
2510 3268 2749 3339 quinque
2787 3268 3031 3337 epistola
3072 3280 3138 3325 ea
3179 3269 3430 3324 omnibus
3458 3268 3715 3325 Leouinis
3746 3271 3800 3324 in

496 3360 690 3416 eadem
722 3363 1048 3420 collectione
1076 3364 1445 3420 inveniuntur.
1476 3365 1629 3420 Sicut
1655 3372 1835 3419 autem
1864 3360 2110 3433 ignotum
2137 3370 2221 3416 est
2252 3370 2518 3432 quatenus
2547 3361 2628 3415 hat
2658 3361 2933 3432 epistola,
2961 3377 3083 3433 qum
3119 3363 3176 3418 in
3203 3363 3457 3419 Omnibus
3482 3364 3606 3418 aliis
3630 3362 3803 3420 colle.

495 3453 770 3509 ctionibus
810 3455 1031 3521 desunt,
1071 3458 1367 3527 separatim
1406 3457 1692 3528 migrarint
1724 3456 1779 3511 in
1821 3467 1942 3511 eam
1980 3453 2390 3520 collectionem;
2434 3454 2505 3508 ita
2550 3466 2654 3525 qua
2696 3454 2907 3510 ratione
2945 3462 3057 3510 tres
3101 3453 3181 3509 illi
3222 3462 3505 3511 sermones
3541 3455 3597 3510 in
3638 3454 3801 3511 Fabri

502 3546 747 3604 codicem
778 3552 1055 3617 venerint,
1093 3551 1243 3607 latet.

572 3641 662 3698 Η.
707 3642 776 3699 Ut
801 3654 984 3700 autem
1010 3644 1077 3699 ad
1108 3644 1480 3702 Lectionarios
1504 3648 1727 3704 codices
1754 3656 2114 3717 revertamur,
2141 3645 2330 3701 horum
2354 3645 2695 3700 incommoda
2718 3645 3042 3712 Quesnellus
3065 3646 3119 3700 in
3143 3645 3458 3714 praefatione
3478 3652 3798 3715 recensens,

498 3738 785 3810 peregrina
830 3739 1199 3796 additamenta
1236 3743 1575 3811 potissimum
1617 3751 1797 3814 urget.
1838 3742 1989 3808 Cum,
2036 3743 2232 3813 inquit,
2265 3739 2424 3795 iidem
2460 3741 2621 3794 variis
2661 3739 2985 3812 propriisque
3011 3739 3237 3793 locorum
3275 3739 3686 3793 solentnitatibus
3712 3755 3802 3794 aco

496 3832 804 3885 commodari
833 3832 957 3897 sint,
991 3848 1127 3902 ωερε
1154 3836 1345 3904 saepius
1375 3837 1661 3908 peregrinis
1688 3837 1994 3907 quibusdam
2029 3837 2416 3901 additamentis,
2445 3844 2493 3889 et
2523 3835 2587 3888 ab
2616 3835 2843 3888 auctoris
2878 3844 3042 3889 mente
3068 3848 3282 3905 prorsus
3309 3834 3517 3897 alienis,
3549 3834 3802 3889 auctiores

498 3920 769 3988 habentur,
801 3925 983 3992 quibus
1023 3940 1410 3998 nonnumquam
1450 3930 1801 3983 discernendis
1842 3932 1928 3985 via
1967 3931 2214 4001 sumcias.
2260 3928 2473 4001 Insigne
2513 3928 2810 3996 huiusmodi
2851 3932 3145 3996 exemplum
3185 3928 3344 3983 habes
3381 3930 3434 3983 in
3473 3942 3705 3984 censione
3729 3930 3796 3985 41

499 4018 681 4089 (nobis
713 4018 803 4087 4‘2)
836 4021 924 4089 qui
951 4031 1165 4089 quartus
1189 4030 1261 4076 est
1291 4022 1354 4075 de
1384 4024 1815 4095 Quadragesimu.
1853 4025 2045 4093 Aliqua
2076 4026 2445 4080 additamenta
2477 4025 2531 4078 in
2558 4024 2883 4094 quibusdam
2917 4023 3293 4089 Lectionariis,
3326 4023 3463 4078 sicut
3491 4026 3652 4078 etiam
3677 4025 3799 4093 quia

502 4114 625 4169 dam
655 4116 842 4183 saltus,
876 4126 1037 4187 atque
1068 4114 1439 4172 mutilationes
1472 4128 1879 4189 nonnumquam
1907 4119 2247 4191 coiitingunt.
2282 4119 2347 4172 At
2374 4134 2508 4191 sirpe
2527 4119 2711 4190 stepius
2740 4117 2793 4172 id
2825 4118 3047 4173 evenire
3067 4117 3260 4172 saltem
3293 4119 3345 4173 in
3378 4119 3580 4181 Leone,
3614 4119 3800 4187 plures

498 4204 630 4261 licet
655 4206 1046 4261 contulerimus
1068 4206 1122 4261 id
1146 4221 1315 4278 genus
1340 4209 1528 4275 libros,
1558 4208 1905 4265 falsissimum
1936 4219 2037 4265 est.
2070 4211 2241 4265 immo
2265 4207 2531 4280 ejusmodi
2562 4206 2828 4272 defectus,
2852 4222 2988 4277 quos
3018 4207 3071 4260 io
3101 4207 3491 4277 posterioribus
3513 4207 3798 4262 collectio-

500 4298 661 4354 nibus
703 4298 1039 4369 frequentius
1077 4299 1557 4370 deprehendimus,
1590 4308 1656 4354 ex
1688 4299 2047 4357 Lectionariis
2077 4301 2309 4357 feliciter
2338 4298 2642 4356 deterrimus
2684 4308 2740 4355 et
2776 4299 3222 4363 emendavimus;
3266 4298 3407 4353 sicut
3444 4297 3585 4353 idem
3620 4298 3798 4367 Ques-

499 4392 675 4450 nellus
705 4408 769 4445 ex
810 4394 1047 4463 quinque
1086 4393 1445 4451 Lectionariis
1486 4393 1708 4450 sustulit
1748 4394 2177 4451 additamentum
2210 4396 2480 4451 sermonis
2506 4392 2542 4447 4
2568 4395 2635 4448 de
2660 4392 3103 4464 Quadragesima,
3135 4391 3277 4465 quod
3308 4407 3374 4446 ex
3406 4392 3801 4461 posterioribus

498 4484 911 4541 collectionibus
934 4486 1191 4541 Leoninis
1218 4488 1272 4542 in
1296 4487 1570 4543 editiones
1602 4488 1916 4558 irrepserat.
1940 4486 2095 4558 Quod
2133 4500 2294 4559 porro
2324 4489 2465 4544 idem
2497 4488 2819 4553 Quesnellus
2847 4487 3092 4556 queritur
3115 4485 3183 4539 de
3211 4483 3578 4555 frequentibus
3606 4498 3799 4538 maeu-

499 4574 568 4631 lis
598 4588 649 4630 et
678 4577 888 4631 mendis
909 4576 1110 4646 quibus
1138 4577 1482 4632 librariorum
1507 4576 1625 4633 sive
1652 4576 1860 4634 incuria
1890 4580 2004 4634 sive
2035 4580 2338 4651 ignorantia
2360 4576 2625 4648 ejusmodi
2658 4577 2782 4631 libri
2808 4577 3090 4641 vitiantur,
3117 4584 3409 4631 commune
3434 4580 3520 4627 est
3542 4573 3799 4630 omnibus

505 4683 637 4726 mss.
667 4671 943 4726 codicibus
977 4671 1115 4726 :sed
1143 4671 1235 4726 alii
1264 4672 1385 4727 aliis
1409 4672 1775 4741 corriguntur,
1811 4673 2076 4744 nobisque
2105 4672 2355 4729 nonnulli
2389 4669 2604 4727 codices
2645 4668 2867 4740 optimm
2903 4678 3047 4725 notae
3088 4683 3153 4722 ac
3199 4666 3501 4737 prmsenim
3531 4680 3663 4720 mss.
3695 4665 3795 4721 ba.

498 4764 667 4821 silicea
688 4761 747 4816 S.
776 4761 923 4816 Petri
954 4762 1192 4818 maximo
1218 4763 1531 4833 adjumento
1562 4763 1734 4833 fuere,
1760 4764 1954 4835 quibus
1979 4765 2278 4836 quingenta
2302 4764 2523 4821 circiter
2550 4763 2669 4819 loca
2691 4761 2896 4819 saniori
2926 4762 3145 4818 lectioni
3170 4760 3460 4817 restituere
3484 4769 3577 4815 aut
3602 4774 3795 4815 emetu-

497 4853 628 4909 dare
660 4852 831 4907 licuit.

572 4947 662 5000 12.
704 4944 1007 5015 Antequam
1047 4958 1079 5000 a
1123 4942 1486 5002 Lectionariis
1526 4944 1592 5002 ad
1632 4945 1984 5005 collectiones
2023 4957 2380 5015 transeamus,
2413 4945 2705 5002 notandum
2750 4952 2832 5001 est
2871 4944 3203 5016 praecipuum
3239 4945 3379 5001 inter
3417 4943 3795 5000 Lectionarios

498 5039 667 5095 libros
709 5039 1025 5094 discrimen.
1069 5035 1187 5093 Non
1228 5039 1404 5095 solum
1448 5040 1593 5096 enim
1642 5041 1732 5096 alii
1778 5042 1983 5111 plures,
2019 5044 2107 5098 alii
2149 5043 2433 5113 pauciores
2473 5042 2671 5096 Leonis
2712 5053 2992 5095 sermones
3021 5037 3087 5093 ad
3115 5038 3361 5094 eamdem
3390 5035 3791 5093 solemnitatem

499 5138 835 5208 pertinentes
860 5133 1192 5207 praeferunt;
1221 5135 1310 5189 alii
1341 5135 1503 5191 unius
1524 5177 1539 5200 ,
1573 5135 1669 5191 alii
1700 5136 1920 5193 alterius
1953 5135 2261 5193 festivitatis
2292 5150 2572 5191 sermones
2608 5134 3026 5207 praetermittunt
3055 5150 3068 5185 :
3101 5130 3195 5188 sed
3226 5131 3359 5187 ordo
3383 5131 3546 5188 etiam
3573 5145 3794 5186 eorum-

497 5235 618 5290 dem
649 5247 958 5288 sermonum
990 5232 1044 5286 in
1075 5230 1310 5288 diversis
1348 5229 1708 5288 Lectionariis
1733 5232 1984 5288 diversus
2010 5244 2111 5290 est.
2145 5233 2405 5303 Exemplo
2434 5234 2545 5287 sint
2571 5230 2869 5301 insigniora
2897 5227 3233 5283 Lectionaria
3266 5226 3507 5282 Romana
3535 5225 3787 5281 basilica-

499 5343 619 5385 rum
656 5329 715 5385 S.
748 5328 894 5383 Petri
943 5342 1006 5383 ac
1050 5326 1151 5384 SS.
1186 5326 1419 5397 Philippi
1459 5337 1513 5383 et
1554 5327 1759 5383 Jacobi.
1791 5327 1847 5383 ln
1880 5327 2238 5384 Lectionariis
2281 5328 2342 5384 S.
2394 5328 2538 5383 Petri
2567 5337 2872 5389 sermones,
2904 5334 2968 5378 ex
2996 5337 3105 5392 ειη,
3133 5321 3203 5377 de
3232 5320 3490 5377 Passieno
3514 5320 3789 5377 diversum

500 5418 748 5474 ordinem
778 5417 985 5475 habent
1022 5432 1086 5473 ac
1116 5419 1168 5473 in
1207 5416 1468 5474 Vaticano
1496 5417 1637 5476 5835
1666 5419 1901 5475 basilicm
1932 5421 2029 5476 SS.
2064 5421 2296 5491 Philippi
2329 5431 2379 5475 et
2405 5419 2587 5476 Jacobi
2620 5435 2636 5476 :
2673 5432 2737 5473 ex
2770 5431 2878 5487 quo
2904 5430 3024 5471 cum
3057 5415 3196 5470 alter
3227 5414 3361 5471 liber
3387 5414 3455 5469 ab
3481 5415 3652 5469 altero
3680 5426 3792 5469 non

503 5516 785 5588 prodierit,
815 5514 1270 5571 verisimillimum
1302 5522 1386 5571 est
1413 5514 1514 5570 hos
1546 5519 1897 5588 pernntiquos
1928 5517 2297 5573 Lectionarios
2325 5516 2544 5573 codices
2578 5515 2850 5570 Romanos
2881 5528 2947 5568 ex
2975 5511 3323 5582 atttographis
3349 5511 3409 5567 S.
3443 5510 3642 5567 Leonis
3667 5523 3793 5564 ser-

500 5612 751 5667 moiiibus
782 5611 998 5666 diverso
1027 5609 1217 5665 ordine
1245 5609 1479 5680 primum
1512 5607 1798 5679 descriptis
1834 5612 2102 5677 profectos
2139 5610 2326 5666 fuisse.
2359 5607 2551 5665 Varius
2580 5622 2709 5662 vero
2740 5606 2875 5661 ordo
2904 5607 2991 5675 qui
3024 5606 3076 5657 in
3114 5604 3233 5657 aliis
3262 5603 3620 5659 Lectionariis
3650 5601 3791 5655 alia-

501 5722 622 5765 rum
656 5707 1023 5762 Ecclesiarum
1055 5704 1499 5776 deprehenditur,
1537 5720 1601 5761 ex
1636 5704 1978 5760 librariorum
2014 5704 2238 5760 arbitrio
2269 5706 2549 5760 dimannre
2582 5703 2771 5770 potuit.
2808 5701 2882 5753 De
2913 5698 3272 5768 supposititiis
3320 5699 3667 5753 sermonibus
3697 5696 3792 5767 qui

498 5810 558 5869 in
587 5807 949 5869 Lectionariis
976 5806 1107 5880 (non
1137 5814 1320 5862 tamen
1353 5798 1613 5860 Remauis
1643 5797 1807 5873 paulo
1835 5807 1963 5858 ante
1989 5798 2246 5873 laudatis)
2275 5798 2478 5872 passim
2509 5795 2681 5854 Leoni
2710 5792 3038 5863 tribuuntur,
3070 5792 3123 5849 in
3154 5791 3473 5865 praefatione
3497 5790 3565 5850 ad
3591 5799 3787 5864 appen-

498 5898 672 5962 dicem
705 5901 944 5958 dlcemus
971 5912 1078 5956 non
1106 5910 1299 5969 pauca.
