4014 6350
444 308 548 374 131
1317 313 1687 379 ΡΒᾶὶῩΑΤΙΟ
1726 313 1793 369 ΙΝ
1830 313 2029 371 SEBMt

2149 312 2198 369 ιδ
2236 312 2294 369 S.
2338 313 2582 371 LEOle
2620 312 2858 375 HAGNL
3626 308 3734 369 152

522 434 1042 508 Postremiquinque
1066 451 1369 506 sermones,
1398 438 1485 507 qui
1513 436 1713 495 desunt
1731 437 1789 491 in
1817 436 1987 507 prima
2018 440 2100 495 col

2146 437 2366 501 actione,
2394 444 2544 494 extra
2576 435 2851 504 propriam
2879 431 3062 491 sedem
3093 426 3251 499 positi
3274 436 3430 493 sunt;
3461 441 3585 485 nam
3618 428 3731 496 βῆν

455 539 571 583 mus
603 526 952 589 collocandus
978 540 1095 589 erat
1118 529 1259 585 inter
1286 542 1564 589 sermones
1594 528 1662 589 de
1691 527 2131 599 Quiadragesima.
2155 537 2217 587 ut
2242 531 2295 587 in
2317 529 2675 593 Lectionariis
2697 536 2755 583 et
2774 524 3163 594 posterioribus
3193 521 3605 587 collectionibus
3626 520 3732 579 ln-

452 616 635 685 betur;
658 621 925 675 secundus
955 620 1021 674 de
1050 619 1367 674 Machabaeis
1405 629 1530 675 ante
1558 635 1836 679 sermones
1861 623 1927 679 de
1953 620 2004 678 S.
2036 621 2327 679 Laurentio
2355 618 2674 678 statuendus
2705 627 2855 683 erat;
2885 618 3067 676 cmteri
3098 626 3277 677 autem
3304 624 3410 672 tres
3438 612 3507 670 de
3528 612 3733 683 ieiunio

451 712 653 773 mensis
676 715 888 783 septimi
914 712 1201 789 adjiciendi
1225 724 1382 775 erant
1409 714 1531 777 aliis
1559 729 1655 777 sex
1680 714 1923 786 ejusdem
1955 715 2093 775 tituli
2135 714 2497 779 sermonibus,
2523 727 2553 769 a
2579 727 2728 771 num.
2760 711 2831 767 ’12
2854 723 3022 781 usque
3042 707 3110 768 ad
3130 709 3221 774 77.
3243 706 3493 776 superius
3516 708 3738 775 proprio

455 800 573 859 loco
596 804 896 876 descriptis.
923 804 980 865 ld
1011 814 1189 865 autem
1218 805 1395 873 palam
1435 804 1561 867 facit
1588 804 1730 867 hanc
1769 804 2148 863 collectionem
2200 804 2371 873 prima
2400 817 2527 860 cura
2561 801 2898 859 lucubratom
2924 799 3091 857 luisse
3128 812 3196 855 ex
3226 796 3295 855 iis
3324 796 3479 853 libris
3522 795 3736 853 Lectio-

456 898 621 952 nariis
648 899 736 971 qui
766 898 850 959 his
875 897 1217 959 sermonibus
1247 898 1503 959 carebant
1530 916 1544 955 :
1575 908 1761 971 postea
1792 912 1920 959 vero
1950 897 2002 957 in
2029 897 2336 957 collectoris
2374 910 2566 955 manus
2595 896 2811 955 venisse
2836 893 2979 951 alios
3002 891 3199 957 libros,
3217 890 3309 961 qui
3338 903 3462 949 cum
3488 887 3589 951 hos
3618 904 3736 945 ser-

413 1035 427 1065 ,
454 1004 639 1045 mones
664 988 998 1060 praferrent,
1027 1006 1123 1053 eos
1145 991 1199 1049 in
1234 992 1342 1051 line
1367 990 1697 1065 adjiciendos
1723 990 1952 1065 putavit.

413 1059 419 1062 _
454 1035 639 1045 ψη.--
700 1035 998 1058 .-..........,
1027 1035 1122 1053 ..-η
1234 1035 1342 1051 η..-
1367 1035 1429 1046 ..υ
1460 1035 1697 1051 .-.νη--
1762 1035 1952 1047 -..ηπ

413 1035 430 1136 i
525 1080 614 1138 19.
653 1035 711 1134 ἶη
740 1082 839 1138 hac
881 1081 1202 1144 collectione
1231 1035 1578 1147 invenitintur
1605 1035 1795 1141 omn'es
1824 1080 2044 1153 genuini
2070 1081 2268 1141 Leonis
2299 1094 2589 1138 sermones.
2612 1078 2704 1149 qui
2745 1084 2962 1137 exstant
2987 1076 3039 1133 in
3068 1073 3391 1133 collectione
3420 1072 3613 1141 prima,
3641 1086 3741 1131 ex-

452 1184 609 1244 cepto
638 1188 803 1231 serm.
830 1175 889 1241 2,
915 1175 984 1232 de
1025 1176 1191 1237 natali
1221 1192 1390 1249 papae,
1418 1177 1511 1251 qui
1536 1175 1725 1246 incipit
1767 1173 2138 1235 Honorabilem
2161 1189 2180 1228 :
2208 1186 2263 1233 at
2291 1172 2578 1231 duodecim
2623 1171 2760 1229 alios
2784 1180 3071 1239 germanos
3117 1166 3513 1238 complectitur,
3549 1166 3639 1235 qui
3682 1162 3740 1217 in

453 1270 727 1326 Casinensi
754 1270 1152 1327 desiderantur.
1186 1272 1442 1340 Quamvis
1472 1272 1652 1341 plures
1673 1271 1831 1324 alieni
1863 1283 2144 1324 sermones
2166 1268 2220 1322 in
2246 1268 2328 1321 his
2354 1268 2559 1323 duabus
2581 1264 2995 1320 collectionibus
3023 1261 3191 1316 Leoni
3218 1260 3541 1325 tribuantur,
3568 1256 3659 1329 qui
3686 1256 3743 1309 in

457 1363 625 1418 tribus
646 1365 997 1433 sequentibus
1018 1381 1123 1419 non
1148 1364 1513 1427 inveniuntur,
1542 1362 1685 1417 unde
1704 1363 1806 1419 hoc
1826 1362 2046 1419 nomine
2069 1360 2176 1421 illis
2199 1359 2587 1429 poetponendas
2611 1357 2751 1421 sint;
2784 1370 2903 1410 cum
2929 1366 3109 1408 tamen
3139 1352 3398 1406 lectiones
3421 1349 3743 1418 plerumque

457 1457 705 1514 meliores
734 1457 1110 1527 praeseferant,
1142 1457 1369 1517 multum
1401 1471 1499 1525 per
1526 1471 1585 1511 se
1613 1454 1913 1511 editoribus
1945 1454 2210 1518 utiliores,
2240 1468 2303 1509 ac
2332 1453 2501 1525 pluris
2544 1448 2876 1506 aeStimandae
2924 1457 3067 1503 sunt.
3101 1445 3158 1500 In
3204 1458 3307 1500 ms.
3351 1442 3458 1499 210
3503 1440 3744 1499 basilica

456 1547 517 1603 S.
553 1548 717 1611 Petri,
747 1559 865 1618 post
895 1559 1108 1604 centum
1138 1563 1419 1605 sermones
1448 1547 1708 1607 hactenus
1737 1546 2023 1615 indicatos,
2054 1555 2269 1605 exstant
2296 1545 2543 1619 quaedam
2574 1543 2630 1599 S.
2665 1540 2919 1619 Cypriani
2950 1554 3117 1610 opera
3148 1553 3161 1593 :
3196 1538 3312 1591 haec
3341 1544 3516 1593 autem
3543 1532 3745 1602 excipit

455 1640 682 1710 epistola
714 1640 771 1695 S.
807 1640 1002 1696 Leonis
1030 1641 1095 1695 ad
1132 1641 1363 1697 Leonem
1397 1643 1697 1713 Augustum
1730 1640 1856 1708 165,
1889 1656 2008 1711 quae
2040 1640 2093 1695 in
2124 1638 2464 1697 LeCtionario
2492 1636 2847 1693 Vallicellano
2888 1634 2957 1689 9.6
2988 1636 3188 1689 inserta
3218 1640 3317 1694 est,
3352 1640 3402 1683 et
3435 1626 3557 1685 dein
3609 1640 3746 1699 qua-

456 1730 752 1787 tuordecim
782 1730 871 1784 alii
914 1745 1196 1787 sermones
1241 1731 1541 1789 subduntur
1583 1731 1700 1785 sine
1733 1731 1841 1786 ullo
1868 1729 2108 1787 auctoris
2150 1730 2385 1795 nomine,
2420 1728 2511 1803 qui
2558 1729 2669 1787 iere
2710 1726 2764 1783 in
2794 1723 3091 1796 appendice
3121 1720 3511 1793 Augustiniana
3550 1732 3743 1772 recen-

457 1833 663 1880 sentur.
714 1825 770 1879 In
825 1825 1013 1881 codice
1042 1837 1224 1885 autem
1272 1826 1565 1885 Barberino
1591 1825 1660 1880 88
1689 1825 1802 1881 haec
1832 1839 2145 1880 sermonum
2175 1824 2381 1879 additio
2406 1820 2751 1877 subneCtitur
2790 1828 3003 1874 centum
3034 1815 3373 1872 sermoniius
3405 1812 3741 1879 memoratis,

457 1916 529 1976 ita
558 1925 615 1971 ut
644 1918 886 1989 ejusdem
910 1918 1106 1975 Leonis
1137 1918 1305 1977 videri
1344 1919 1532 1989 possit.
1561 1918 1634 1974 At
1660 1917 1814 1977 deest
1837 1918 2054 1973 omnino
2077 1917 2131 1973 in
2167 1931 2269 1971 ms.
2301 1914 2649 1972 Casanatensi
2678 1911 2741 1968 G.
2776 1911 2843 1966 lll
2869 1912 2923 1977 7,
2955 1908 3095 1965 unde
3124 1923 3225 1963 nec
3255 1906 3410 1980 primi
3438 1903 3746 1961 collectoris

454 2024 590 2082 Opus
616 2028 754 2085 esse,
790 2029 889 2069 nec
917 2015 983 2069 ad
1016 2016 1153 2073 hanc
1181 2014 1551 2071 collectionem
1579 2019 1826 2083 spectare
1873 2011 2243 2083 cognoscitur.
2274 2012 2467 2067 Petrus
2500 2009 2710 2065 Mallius
2759 2023 2835 2064 xu
2885 2006 3071 2064 saeculi
3121 2006 3375 2076 scriptor,
3424 2006 3479 2063 in
3513 2003 3745 2057 Historia

457 2104 693 2165 basilicae
724 2108 783 2163 S.
808 2106 957 2163 Petri
978 2122 1007 2162 a
1035 2108 1379 2165 Bollandistis
1403 2108 1546 2165 edita
1580 2120 1713 2164 tom.
1743 2107 1811 2165 Vl
1845 2108 1971 2165 Act.
2004 2108 2105 2167 SS.
2136 2117 2276 2178 part.
2310 2124 2366 2177 tt,
2392 2122 2514 2163 cum
2542 2120 2664 2174 cap.
2694 2106 2725 2158 5
2755 2120 2904 2159 ηυηι.
2941 2102 3030 2168 57,
3055 2102 3383 2157 mentionem
3408 2099 3534 2155 facit
3561 2098 3746 2165 cuius.

455 2199 576 2252 dam
603 2200 939 2259 collectionis
965 2215 1277 2258 sermonum
1306 2202 1365 2261 S.
1390 2203 1609 2270 Leonis,
1634 2218 1753 2271 quae
1775 2202 2096 2272 praeferebat
2121 2201 2283 2257 etiam
2310 2198 2594 2269 episwlam
2625 2196 2692 2252 ad
2725 2195 3041 2251 Flavianum
3066 2211 3081 2259 ;
3116 2206 3225 2251 tum
3254 2206 3385 2251 vero
3411 2206 3460 2249 c.
3496 2192 3521 2245 '2
3554 2206 3605 2242 ιι.
3640 2187 3745 2247 151

458 2292 651 2364 allegat
682 2308 989 2355 sermonem
1018 2295 1252 2353 laudatae
1279 2298 1618 2367 appendicis,
1649 2298 1935 2367 inquiens:
1982 2295 2075 2353 Est
2103 2304 2151 2353 ot
2192 2292 2481 2359 castellum,
2508 2290 2647 2361 quod
2677 2289 2777 2360 fuit
2810 2287 3054 2343 memoria
3086 2283 3343 2339 Hadriani
3389 2278 3743 2355 imperatoris,

452 2382 582 2436 sicut
610 2383 791 2459 legitur
817 2386 869 2439 in
897 2402 1126 2445 sermone
1163 2385 1224 2449 S.
1259 2386 1442 2443 Leonis
1480 2403 1630 2457 papa:
1651 2390 1714 2443 de
1738 2386 2010 2456 festivitate
2037 2386 2098 2443 S.
2129 2383 2310 2446 Petri;
2354 2382 2519 2438 refert
2546 2389 2727 2436 autem
2763 2377 3133 2435 testiinonium
3160 2391 3225 2431 ex
3248 2387 3499 2431 sermone
3524 2372 3589 2426 15
3624 2368 3741 2427 lau—

459 2473 598 2530 datae
627 2477 912 2548 appendici
940 2479 1164 2551 inserto,
1190 2494 1350 2553 quem
1379 2482 1432 2534 in
1456 2478 1751 2549 appendice
1784 2487 1965 2535 nostra
1997 2474 2245 2535 edemus.
2272 2474 2563 2544 Respicere
2602 2471 2814 2527 videtur
2858 2466 3193 2527 collectionis
3217 2468 3529 2521 memoratae
3558 2475 3742 2515 excme

452 2562 620 2636 plum,
650 2568 797 2636 quod
827 2567 880 2622 in
912 2568 1131 2629 archivo
1159 2567 1394 2626 basilica:
1424 2568 1483 2630 S.
1513 2566 1657 2624 Petri
1682 2578 1949 2625 servatur.

1595 2702 1621 2765 ς
1654 2700 1741 2752 ιν.
1779 2702 1856 2752 De
1885 2702 2039 2750 tribus
2068 2700 2175 2751 aliis
2206 2700 2591 2751 collectionibus.

518 2826 608 2881 20.
652 2825 889 2882 Tertiam
918 2826 1295 2883 collectionem
1324 2827 1659 2897 appellamus
1687 2843 1805 2883 eam
1832 2844 1953 2903 quia
1982 2826 2229 2882 exstabat
2259 2826 2311 2880 in
2354 2841 2455 2881 ms.
2486 2824 2629 2881 unde
2654 2824 2819 2893 prima
2851 2823 3016 2880 editio
3047 2822 3286 2879 Romana
3308 2838 3336 2878 a
3375 2822 3582 2883 Joanne
3610 2828 3721 2883 An-

452 2918 581 2975 drea
622 2920 875 2990 episcopo
906 2920 1169 2976 Aleriensi
1197 2931 1406 2990 sumpta
1431 2919 1546 2975 fuit.
1582 2920 1731 2975 lianc
1761 2937 1857 2975 nos
1904 2920 2205 2975 invenimus
2238 2919 2290 2973 in
2325 2918 2584 2973 Vaticano
2614 2933 2714 2973 ms.
2759 2916 2885 2983 545,
2918 2918 3006 2988 qui
3036 2917 3180 2981 solos
3211 2916 3410 2974 Leonis
3450 2934 3735 2975 sermones

449 3011 705 3067 continet.
736 3012 818 3067 Ad
846 3013 984 3068 hanc
1007 3013 1251 3069 eamdem
1279 3012 1657 3067 collectionem
1702 3013 1976 3082 pertinere
2004 3011 2276 3066 credimus
2306 3011 2547 3067 codicem
2580 3009 2997 3077 Bononiensem,
3027 3010 3179 3079 cujus
3210 3010 3485 3068 variantes
3514 3020 3735 3067 notatas

452 3099 757 3155 invenimus
782 3101 836 3156 in
865 3117 967 3157 ms.
1004 3103 1297 3159 Barberino
1324 3102 1487 3167 5520,
1518 3102 1599 3157 lue
1622 3103 1763 3157 enim
1795 3117 1915 3157 cum
1943 3103 2264 3159 lectionibus
2285 3105 2470 3173 primae
2498 3101 2753 3157 editionis
2770 3104 2879 3157 fere
2902 3102 3250 3157 conveniunt.
3275 3100 3527 3159 Continet
3552 3115 3732 3159 autem

450 3193 566 3250 haec
583 3194 832 3252 collectio
859 3196 1053 3251 Leonis
1076 3210 1355 3252 sermones
1378 3195 1560 3263 XCIII,
1585 3211 1774 3252 omnes
1802 3196 2066 3263 sinceros,
2092 3195 2269 3250 nullos
2293 3194 2573 3260 ascititios,
2598 3195 2641 3249 si
2666 3209 2830 3249 unum
2853 3195 2920 3249 de
2936 3193 3255 3249 Machabaeis
3274 3196 3533 3265 excipias,
3563 3212 3728 3269 quem

446 3285 501 3342 in
528 3286 825 3358 appendice
850 3289 1147 3360 Augustino
1169 3288 1580 3344 vindicabimus.
1604 3288 1957 3345 Sermonibus
1986 3288 2055 3344 de
2087 3287 2257 3343 Natali
2287 3289 2499 3343 Domini
2533 3288 2808 3358 praemittit
2831 3288 3116 3357 epistolam
3143 3287 3210 3343 ad
3238 3287 3574 3355 Flavianum,
3599 3304 3723 3362 quas

449 3379 584 3435 hanc
616 3397 828 3450 quoque
860 3382 1232 3437 collectionem
1271 3397 1338 3436 ex
1370 3382 1720 3437 Lectionariis
1748 3382 2043 3437 derivatam
2077 3382 2271 3441 innuit.
2307 3381 2508 3438 Desunt
2537 3397 2602 3437 ex
2634 3382 2864 3437 sinceris
2896 3392 3003 3437 tres
3045 3383 3146 3438 soli
3196 3398 3497 3452 sermones,
3526 3386 3615 3457 qui
3659 3400 3733 3440 ex

447 3488 550 3529 ms.
579 3473 785 3530 Nicolai
825 3476 983 3530 Fabri
1025 3476 1154 3530 editi
1181 3486 1326 3530 sunt.
1358 3474 1502 3531 Ordo
1531 3484 1710 3533 autem
1740 3492 2047 3531 sermonum
2074 3474 2239 3532 XCIII
2270 3475 2411 3530 idem
2442 3484 2526 3530 est
2554 3491 2617 3530 ac
2656 3474 2707 3529 in
2735 3474 2963 3545 vulgatis
3002 3477 3488 3543 communioribus,
3520 3476 3609 3549 qui
3642 3478 3733 3533 his

445 3569 620 3625 tribus
650 3570 994 3631 sermonibus
1018 3580 1225 3638 carent,
1274 3570 1373 3629 hac
1401 3586 1510 3631 una
1537 3572 1881 3642 exceptione,
1913 3571 2056 3642 quod
2096 3588 2278 3631 sermo
2308 3574 2369 3629 51
2425 3572 2477 3626 ἰη
2510 3570 2857 3642 Evangelium
2905 3571 3149 3629 Mattbaei
3173 3589 3229 3631 e.
3264 3589 3374 3637 xvii
3404 3574 3733 3633 describitur

449 3665 590 3727 inter
630 3679 908 3722 sermones
934 3665 1003 3719 de
1046 3664 1485 3736 Quadragesims,
1532 3666 1608 3720 uti
1651 3666 1703 3721 in
1735 3666 1984 3722 omnibus
2011 3666 2366 3729 Lectionariis
2391 3666 2597 3736 positus
2623 3672 2708 3723 est
2735 3664 2959 3723 sabbato
2998 3674 3228 3738 quatuor
3256 3675 3555 3739 temporum
3584 3669 3728 3735 Qua-

446 3756 789 3825 dragesimze,
818 3756 950 3812 editi
971 3766 1147 3811 autem
1180 3757 1231 3811 in
1264 3758 1429 3812 alium
1452 3757 1629 3812 locum
1659 3759 2069 3814 transtulerunt.

520 3848 609 3903 21.
650 3848 777 3907 limo
824 3847 1096 3913 collectio,
1127 3856 1322 3915 praeter
1350 3849 1597 3904 ordinum
1621 3850 1692 3903 ab
1717 3848 2082 3903 anterioribus
2126 3848 2287 3916 longe
2333 3847 2628 3911 diversum,
2671 3846 2809 3902 chios
2834 3859 3117 3902 sermones
3164 3847 3218 3901 in
3251 3848 3445 3903 iisdem
3493 3849 3727 3908 omissos

443 3939 685 4004 exhibet,
718 3956 881 3994 unum
909 3940 975 3995 dc
1007 3939 1269 4008 collectis,
1304 3941 1386 3997 cui
1416 3942 1628 3999 initium
1661 3940 1859 3997 Notum
1875 3941 2034 4006 vobis,
2068 3942 2119 3995 in
2153 3950 2334 3995 nostra
2362 3940 2597 3997 editione
2624 3955 2789 3999 serm.
2822 3940 2942 4006 VII;
2984 3940 3210 3995 alterum
3252 3950 3439 3999 contra
3470 3942 3719 4003 Ιιῑιτεείιη

442 4027 777 4101 Eutychetis,
810 4030 900 4101 qui
931 4030 1119 4099 incipit
1148 4032 1294 4085 Sicut
1315 4032 1616 4102 peritorum,
1640 4032 1799 4087 nobis
1818 4046 1981 4087 serm.
2010 4031 2193 4091 XCVI.
2221 4033 2435 4089 Titulos
2451 4042 2632 4089 autem
2665 4047 2974 4090 sermonum
2999 4033 3301 4103 peculiares
3318 4033 3502 4102 habet,
3530 4036 3727 4106 quibus

440 4128 552 4176 tam
585 4122 650 4176 ab
680 4121 837 4176 editis
867 4136 1027 4190 quam
1065 4138 1097 4177 a
1126 4127 1336 4179 caeteris
1362 4123 1774 4179 collectionibus
1816 4124 2047 4179 maxime
2078 4125 2414 4195 discrepans,
2439 4127 2579 4179 sicut
2616 4133 2669 4180 et
2696 4125 2748 4179 in
2783 4125 3101 4181 lectionibus
3132 4141 3276 4195 saepe
3306 4127 3461 4182 valde
3486 4128 3725 4184 dissimi-

440 4209 606 4279 libus,
630 4215 791 4268 alium
824 4215 1045 4271 omnino
1076 4216 1277 4273 fontem
1306 4217 1645 4287 apertissime
1675 4218 1871 4287 prodit.
1903 4217 2114 4275 Titulus
2140 4218 2387 4273 diversos
2428 4218 2695 4273 indicasse
2739 4217 2991 4274 sufficiat.
3021 4219 3317 4275 Duodecim
3349 4234 3627 4279 sermones
3658 4221 3726 4274 de

441 4305 851 4375 Quadragesima
875 4306 1011 4359 hanc
1036 4305 1363 4381 peculiarem
1391 4306 1710 4362 divisionem
1739 4316 1794 4361 et
1824 4307 1923 4361 hos
1954 4307 2135 4362 titulos
2169 4309 2459 4375 pra-ferunt
2487 4327 2498 4361 :
2532 4309 2771 4376 Quatuor
2804 4310 2960 4379 primi
2996 4310 3363 4366 inscribuntur
3392 4312 3454 4366 de
3485 4310 3724 4383 Quadra-

439 4413 667 4468 gestma;
698 4397 935 4464 quintus,
970 4397 1033 4450 de
1053 4397 1254 4467 jejunio
1301 4398 1746 4471 Quadragesimali
1776 4415 1941 4452 sermo
1968 4397 2033 4465 V;
2063 4410 2266 4463 sextus,
2302 4402 2561 4467 septimus
2608 4412 2661 4457 et
2703 4411 2955 4470 octavus,
2986 4404 3050 4459 de
3076 4401 3327 4461 Passione
3368 4416 3412 4459 et
3440 4404 3717 4460 Resurrec-

439 4489 574 4545 tione
600 4487 809 4543 Domini
834 4504 997 4544 sermo
1020 4488 1071 4555 l,
1106 4489 1163 4547 ιι
1203 4504 1250 4543 et
1280 4488 1414 4556 III;
1447 4506 1640 4558 nonus,
1671 4490 1911 4547 decimus
1942 4500 1996 4546 et
2025 4491 2361 4556 undecimus,
2392 4493 2453 4545 de
2484 4491 2640 4546 Festo
2670 4494 2901 4563 paschali
2930 4510 3092 4548 sermo
3124 4493 3175 4561 Ι,
3208 4494 3268 4548 Il
3298 4506 3343 4548 et
3372 4495 3496 4565 III;
3518 4497 3723 4553 duode-

438 4578 607 4635 cimus
633 4594 831 4646 autem,
857 4582 918 4634 de
943 4579 1194 4639 Passieno
1218 4581 1427 4636 Domini
1466 4599 1632 4637 sermo
1656 4592 1890 4652 quartus.
1933 4582 2068 4637 Dein
2098 4582 2340 4653 subjecto
2363 4598 2613 4639 sermone
2641 4586 2692 4638 in
2718 4585 3065 4661 Evangelinm
3098 4586 3333 4646 Matthaei
3360 4605 3409 4647 c.
3440 4605 3568 4659 xvu,
3604 4605 3723 4647 ser-

438 4688 626 4731 mones
658 4672 726 4728 19
747 4672 946 4741 vnigati
977 4672 1039 4726 de
1064 4670 1317 4726 Passiene
1343 4680 1395 4727 et
1426 4673 1536 4728 duo
1560 4685 1849 4744 sequentes
1875 4675 1935 4729 de
1972 4674 2378 4743 Resurrectione,
2397 4678 2710 4732 continuata
2733 4694 3080 4733 numerorum
3110 4682 3249 4736 serie
3280 4682 3356 4736 sic
3383 4682 3712 4737 elferuntnr:
3806 4694 3815 4701 ‘

438 4759 653 4815 Primus
682 4760 748 4814 In
792 4760 1129 4815 Parascerem
1156 4762 1361 4815 Domini
1404 4763 1467 4816 de
1497 4762 1748 4818 Passione
1771 4780 1934 4817 sermo
1964 4765 2194 4833 primus;
2225 4765 2461 4836 quinque
2491 4775 2797 4836 sequentes,
2830 4768 2892 4821 de
2928 4767 3178 4824 Passioue
3212 4768 3419 4826 Domini
3460 4771 3545 4839 ΙΙ,
3592 4770 3714 4839 III,

437 4851 543 4919 ιν,
586 4853 626 4906 V
658 4864 704 4908 et
740 4850 853 4918 VI;
883 4852 1165 4921 septimus,
1197 4853 1260 4909 de
1290 4852 1493 4909 Pascha
1524 4854 1732 4909 Domini
1760 4872 1925 4910 sermo
1956 4855 2223 4924 septimus;
2265 4857 2354 4911 alii
2385 4867 2615 4933 quatuor
2660 4859 2723 4915 de
2754 4857 3008 4917 Passione
3061 4855 3231 4927 VIII,
3284 4859 3388 4925 ΙΧ.
3424 4861 3475 4917 Χ
3515 4874 3563 4919 et
3604 4864 3647 4917 Χ
3662 4862 3710 4921 Ι.

438 4944 633 5000 Caeteri
674 4946 801 5001 editi
840 4956 964 5001 octo
990 4948 1059 5001 de
1092 4947 1348 5002 Passieno
1377 4956 1433 5003 et
1463 4950 1664 5017 primus
1710 4949 1785 5003 de
1824 4948 2241 5003 Resurrectione
2289 4949 2388 5003 hac
2447 4950 2799 5018 inscriptione
2840 4961 3248 5019 prtenotantur:
3280 4952 3358 5009 De
3387 4953 3639 5015 Passim
3665 4950 3717 5019 βε

438 5034 829 5090 Resurrectione
856 5035 1065 5093 Domini
1088 5036 1233 5103 ΧΗ,
1261 5037 1435 5105 XIII,
1469 5038 1632 5107 XIV,
1663 5038 1789 5105 XV,
1824 5037 1984 5106 XVI,
2020 5035 2216 5105 XVII,
2248 5038 2478 5106 XVIII,
2506 5040 2645 5095 XIX
2675 5052 2723 5095 et
2751 5040 2877 5095 XX.
2910 5041 3153 5098 Tandem
3182 5054 3486 5113 postremus
3514 5062 3710 5118 sermo,

437 5132 502 5187 de
530 5118 919 5187 Resurrectioue
946 5130 1154 5189 Domini
1182 5148 1353 5189 sermo
1378 5130 1542 5191 XXI.
2168 5140 2185 5144 “

517 5223 606 5276 92.
649 5223 783 5277 Cum
815 5237 942 5278 vero
968 5223 1143 5292 quoad
1176 5222 1313 5283 hanc
1340 5224 1712 5285 collectionem
1744 5224 1823 5279 usi
1848 5224 2012 5279 simus
2044 5224 2474 5295 frequentissime
2504 5225 2755 5294 exemplo
2782 5225 2969 5295 primae
3002 5226 3257 5282 Romanae.
3287 5230 3559 5297 editionis,
3591 5248 3711 5303 qua:

437 5313 709 5370 rarissima
740 5323 844 5379 est,
886 5323 939 5367 et
968 5313 1263 5385 Quesnello
1300 5314 1479 5383 ignota
1511 5313 1630 5378 fuit,
1663 5316 1730 5369 de
1762 5315 1862 5370 hac
1891 5332 1998 5375 non
2035 5315 2168 5370 nihil
2215 5317 2503 5371 dicendum
2533 5317 2761 5371 videtur.
2809 5315 2907 5372 ille
2932 5317 3146 5387 quidem
3179 5321 3230 5373 in
3264 5322 3574 5389 praefatione
3620 5342 3711 5395 ge-

438 5409 628 5475 nerali,
669 5424 724 5461 n.
751 5411 806 5475 Ξ,
839 5407 998 5461 veluti
1033 5408 1257 5474 primam
1300 5406 1533 5461 traduxit
1560 5422 1867 5463 sermonum
1896 5409 2186 5468 editionem
2230 5409 2488 5464 Venetam
2522 5424 2607 5462 an.
2646 5408 2806 5476 MSS,
2840 5425 2957 5483 quae
2991 5411 3247 5468 Joannem
3284 5413 3550 5473 Andream
3593 5420 3709 5487 cpi-

439 5516 657 5568 scounm
688 5500 1021 5556 Aleriensem
1053 5511 1326 5554 auctorem
1360 5500 1596 5568 praeteri,
1646 5504 1997 5570 eamdemque
2028 5502 2247 5569 alicubi,
2276 5504 2367 5557 sed
2392 5503 2665 5557 rarissime
2698 5502 2749 5556 in
2778 5505 3105 5567 variantibus
3145 5506 3407 5567 adhibuit.
3439 5509 3549 5569 Sed
3576 5527 3711 5579 pra:-

439 5602 679 5665 tcrqnam
712 5595 853 5665 quod
900 5604 1073 5649 exstat
1115 5593 1215 5647 alia
1248 5592 1412 5647 editio
1445 5592 1649 5648 Veneta
1698 5594 1855 5648 Lucae
1889 5595 2074 5649 Veneti
2105 5612 2193 5651 an.
2228 5596 2386 5660 1482,
2434 5606 2675 5664 utrmque
2708 5596 2788 5653 ιω
2837 5597 3107 5655 editiones
3130 5616 3350 5661 neeum
3374 5602 3601 5659 hermi
3641 5622 3707 5662 ex.

438 5685 696 5751 Romana,
731 5703 887 5756 quam
920 5685 1169 5751 inuri-atus
1192 5685 1475 5763 episcopus
1512 5698 1575 5741 ex
1605 5687 1864 5743 Vaticano
1893 5688 2078 5751 codice
2118 5691 2298 5743 liomm
2340 5691 2678 5758 vulgaverat,
2711 5697 2766 5745 et
2794 5689 2961 5753 Paulo
2996 5691 3047 5753 ιι
3076 5693 3320 5759 Bouiania
3355 5696 3590 5765 pontifici
3620 5698 3704 5754 in-

438 5781 750 5846 scripserat.
795 5780 894 5849 Qui
950 5783 1364 5853 typographicos
1399 5781 1638 5843 Annales
1669 5786 1908 5855 edidere,
1954 5786 2087 5847 haec
2132 5782 2427 5847 editionem.
2469 5781 2761 5843 Romanam
2794 5784 3069 5859 assistunt
3093 5800 3182 5851 an.
3216 5787 3388 5857 1470.
3418 5799 3471 5851 et
3508 5787 3565 5849 iu
3588 5789 3704 5859 eius
3734 5836 3739 5839 -
