4014 6350
519 344 623 401 155
1369 345 1735 403 ΡΒΑΞΡΑΤΙΟ
1773 345 1839 401 ΙΝ
1877 345 2104 401 SERMO

2204 344 2240 401 S
2279 344 2335 403 S.
2380 343 2625 401 LEONIS
2661 342 2894 399 MAGNI.
3677 337 3789 395 {56

511 468 616 509 non
639 452 884 521 dedisse;
910 469 976 511 ex
1002 456 1190 512 ordine
1217 457 1361 510 enim
1389 466 1443 509 et
1469 456 1765 526 quantitate
1789 471 2099 511 sermonum
2122 456 2359 526 speciale
2380 457 2447 511 de
2474 458 2661 511 eadem
2688 456 2948 524 judicium
2978 453 3119 510 l‘erre
3150 468 3449 524 possemus.
3484 453 3631 505 llunc
3661 462 3786 507 tan-

508 555 620 603 tum
651 549 972 616 peculiarem
998 550 1202 604 titulum
1228 566 1293 605 ex
1319 551 1508 607 eodem
1535 554 1723 608 codice
1753 556 1943 610 recitat
1980 556 2032 607 in
2063 554 2444 608 observatione
2472 553 2536 607 ad
2565 556 2797 624 primum
2825 568 3153 616 sermonem,
3184 567 3339 618 quam
3372 551 3661 619 ρνιιιιιιὶ-εω
3688 549 3786 601 ad-

508 642 790 697 monitioni
834 643 1174 697 iiiseruimus.
1206 642 1272 696 In
1299 647 1501 699 nomine
1541 646 1637 701 Dei
1670 648 1875 701 summi.
1916 646 2182 716 Incipiunt
2212 655 2459 699 tractatus
2506 662 2633 716 quos
2667 663 2698 698 a
2728 645 2812 697 die
2848 644 3189 697 ordinationis
3230 659 3335 698 sua:
3364 658 3453 711 per
3483 642 3789 693 cintinnum

506 737 902 807 quinquennium
927 736 1244 790 beatissimus
1277 754 1411 810 papa
1444 738 1545 793 Leo
1575 741 1705 794 dixit
1732 742 1799 793 ad
1826 743 2099 809 populant.
2132 740 2205 793 Ex
2241 739 2325 793 his
2354 750 2533 792 autem
2576 739 2758 791 verbis
2796 736 2973 804 colligi
3008 750 3164 804 posse
3192 736 3421 788 credidit
3462 729 3793 796 Qut-sitellus

506 829 645 885 hanc
673 845 981 885 sermonum
1007 831 1379 885 collectionem
1411 832 1657 888 derivare
1685 848 1750 889 es
1786 835 2033 901 exemplo
2059 831 2392 886 collectionis
2432 831 2628 885 Leoiiis
2655 845 2769 883 azvo
2796 840 3051 883 exaratze.
3096 828 3268 897 lnqmt
3292 829 3433 880 enim
3468 845 3478 877 :
3520 824 3673 879 Totus
3704 838 3791 875 ve-

506 930 738 975 tustatem
766 922 928 989 spirat
951 924 1129 975 titulus
1162 925 1274 985 iste,
1300 924 1591 995 indicatque
1616 942 1897 990 sermones,
1924 942 2015 979 seu
2042 932 2293 979 tractatus
2320 928 2474 994 (qua:
2495 939 2592 979 vos:
2618 922 2803 976 Leonis
2825 938 2931 975 amo
2960 922 3287 991 familiaris),
3316 919 3599 985 descriptos
3623 920 3792 987 {uisse

503 1026 568 1063 ea:
588 1010 759 1063 codice
800 1011 1054 1079 pontiﬁcis
1091 1012 1237 1066 istius
1276 1023 1425 1067 astute
1453 1026 1683 1069 exarata.
1715 1014 1843 1069 Cum
1867 1016 1999 1069 enim
2032 1031 2092 1068 ex
2120 1015 2244 1085 ipsis
2293 1015 2610 1068 sermonibus
2637 1016 2783 1067 nulla
2828 1014 3019 1065 indicia
3055 1014 3302 1081 prodeant
3329 1010 3512 1081 quibus
3537 1014 3790 1079 appareat

501 1118 601 1170 quo
641 1104 852 1172 quisque
877 1119 1014 1157 anno
1057 1105 1226 1158 dictus
1270 1105 1447 1175 fuerit,
1480 1116 1679 1173 oportet
1719 1118 1771 1160 ut
1811 1108 1983 1160 statim
2010 1112 2114 1177 fere
2142 1115 2253 1172 post
2294 1109 2696 1175 quinquennium
2726 1106 2862 1159 illud
2900 1107 3212 1171 descriptum
3240 1106 3306 1159 sit
3340 1108 3559 1171 primum
3590 1101 3790 1155 cvdicis

502 1195 649 1248 istius
686 1199 965 1266 exemplar.
1002 1197 1115 1253 Vox
1142 1201 1353 1269 quidem
1383 1209 1630 1252 tractatus
1656 1214 1750 1268 pro
1779 1200 2119 1254 sermonibus
2151 1210 2402 1267 usurpata
2430 1198 2799 1267 antiquitatem
2834 1198 3069 1263 redolet;
3118 1207 3173 1251 at
3200 1199 3243 1251 si
3266 1198 3437 1251 codex
3466 1195 3637 1249 editos
3665 1207 3758 1246 ser

502 1302 692 1343 mones
734 1290 997 1357 continet,
1039 1294 1222 1345 titulus
1251 1294 1341 1361 qui
1384 1290 1483 1345 hos
1524 1291 1697 1361 primo
1728 1279 2094 1361 quinquennio
2143 1292 2483 1359 pontiﬁcatus
2517 1291 2711 1344 Leonis
2742 1289 2949 1357 tribuit,
2982 1289 3035 1343 id
3070 1301 3155 1344 est
3201 1289 3341 1343 inter
3370 1302 3569 1341 annum
3596 1284 3703 1338 440
3730 1296 3790 1356 et

501 1382 628 1452 445,
662 1384 1003 1439 manifestum
1029 1400 1269 1439 errorem
1301 1386 1498 1453 prodit.
1530 1384 1740 1440 Etenim
1782 1399 2061 1440 sermones
2090 1400 2282 1439 novem
2310 1384 2379 1438 de
2404 1383 2612 1453 jejunio
2658 1388 2859 1438 mensis
2901 1381 3125 1448 decimi,
3156 1382 3340 1436 decem
3375 1381 3445 1433 de
3486 1377 3791 1432 Nativuate

502 1475 735 1545 Domini,
766 1489 886 1532 octo
924 1478 991 1532 de
1020 1478 1341 1547 Epiphania,
1373 1494 1538 1531 unum
1566 1491 1618 1531 et
1651 1479 1857 1549 viginti,
1888 1479 1968 1533 vel
1998 1481 2188 1533 saltem
2220 1482 2408 1532 decem
2438 1485 2493 1531 et
2522 1490 2714 1530 novem
2749 1479 2815 1528 de
2855 1473 3115 1529 Passioiie
3151 1474 3381 1538 Domini,
3410 1486 3476 1525 ex
3510 1472 3618 1538 ipsa
3663 1482 3789 1523 ser-

500 1584 743 1636 monum,
785 1572 875 1639 qui
920 1571 1147 1625 diversis
1173 1573 1327 1625 annis
1358 1572 1572 1626 recitati
1601 1571 1839 1638 fuerunt,
1868 1577 2267 1641 computatione
2306 1571 2731 1640 quinquennium
2780 1567 3081 1633 excedunt;
3123 1565 3573 1635 quemadmodum
3605 1568 3794 1617 trans-

500 1676 722 1718 currunt
750 1665 911 1719 etiam
946 1667 1183 1720 nonnulli
1212 1680 1494 1722 sermones
1519 1668 1586 1721 de
1613 1668 1871 1736 collectis,
1902 1669 1976 1722 uti
2004 1683 2071 1722 ex
2113 1681 2374 1721 annorum
2413 1663 2817 1719 charaCIeribus
2846 1664 2897 1716 in
2930 1662 3119 1715 iisdem
3165 1660 3411 1713 indicatis
3444 1658 3626 1725 liquet.
3659 1653 3793 1710 Ser-

500 1772 687 1812 mones
712 1768 932 1813 octavus
961 1758 1029 1813 de
1056 1758 1363 1824 Nativitate,
1392 1769 1448 1814 et
1476 1768 1661 1814 sextus
1692 1762 1760 1814 de
1794 1760 1998 1829 jejunio
2030 1760 2239 1829 septimi
2272 1761 2493 1825 mensis,
2533 1758 2825 1829 Eutychem
2854 1757 3021 1810 veluti
3048 1755 3358 1809 birreticuni
3392 1765 3655 1820 expresse
3684 1762 3791 1803 no-

498 1849 722 1914 minant,
753 1849 893 1918 quod
926 1851 1040 1904 lieri
1076 1850 1260 1904 debuit
1296 1853 1455 1903 citius
1480 1865 1608 1904 ann.
1639 1848 1768 1915 449,
1806 1850 1885 1904 vel
1930 1860 2108 1920 potius
2138 1851 2419 1920 aliquanto
2458 1860 2616 1918 post:
2648 1851 2748 1901 hoc
2789 1849 2933 1901 enim
2966 1862 3106 1901 anno
3142 1860 3381 1899 errorem
3411 1846 3626 1910 quidem
3664 1841 3791 1909 ejus

498 1941 609 1996 Leo
634 1943 1042 2009 condemnavit;
1074 1943 1169 1998 sed
1200 1957 1320 1996 cum
1355 1942 1651 2012 Eutychem
1681 1952 1985 1996 correctum
2020 1942 2086 1996 iri
2121 1952 2389 2012 speraret,
2426 1957 2668 2010 persona:
2712 1940 3018 2010 pepercisse
3049 1939 3275 1992 videtur.
3307 1937 3499 1992 Sermo
3524 1935 3591 1990 de
3620 1943 3775 1988 octa-

500 2035 577 2086 vis
615 2035 1005 2102 apostolorum,
1046 2036 1135 2104 qui
1176 2046 1295 2104 post
1322 2034 1678 2104 direptionem
1704 2033 1961 2088 Romana:
1993 2034 2140 2089 urbis
2172 2035 2388 2089 habitus
2416 2033 2536 2099 fuit,
2576 2041 2700 2104 post
2736 2050 2825 2086 an.
2854 2031 2959 2086 445
2999 2031 3253 2085 collocari
3285 2031 3466 2084 debet.
3496 2027 3792 2082 Tractattts

495 2136 681 2182 contra
706 2128 951 2183 haeresim
983 2129 1291 2199 Eutychetis
1323 2128 1511 2197 (nobis
1540 2143 1719 2183 sermo
1745 2126 1941 2198 XCVI)
1971 2129 2230 2182 recitatus
2261 2128 2359 2181 fuit
2380 2128 2435 2181 in
2461 2128 2680 2181 basilica
2702 2125 2761 2182 S.
2787 2124 3085 2180 Anastasis:
3115 2132 3237 2195 post
3262 2121 3495 2177 Proterii
3523 2131 3787 2187 mortem,

495 2236 613 2291 quae
644 2221 833 2277 incidit
862 2223 913 2276 iii
957 2238 1155 2277 annum
1182 2222 1308 2278 457.
1354 2223 1429 2277 Es
1460 2222 1544 2277 his
1576 2224 1737 2292 igitur
1782 2221 2137 2277 conﬁrmatur
2165 2221 2309 2293 quod
2338 2220 2491 2276 initio
2518 2224 2826 2285 statuimus,
2858 2219 3067 2274 nullum
3092 2232 3380 2287 superesse
3416 2215 3658 2270 codicem
3688 2227 3787 2288 qu,

495 2314 868 2371 collectionem
895 2314 1091 2372 Leonis
1111 2324 1269 2371 aetate
1293 2326 1570 2371 exaratam
1603 2314 1897 2371 contineat.

1630 2428 1658 2491 ᾗ
1694 2427 1779 2479 Vl.
1815 2428 1891 2479 De
1914 2427 2200 2479 Homiliario
2243 2427 2382 2478 Pauli
2402 2426 2624 2478 Diaconi.

566 2554 658 2609 26.
690 2553 879 2608 Restat
908 2560 968 2607 ut
1002 2552 1071 2609 de
1098 2552 1419 2608 Honiiliario
1460 2551 1743 2607 Doctorum
1777 2553 2034 2607 nonnulla
2074 2553 2351 2619 dicamus,
2396 2552 2499 2608 hoc
2538 2555 2681 2608 enim
2713 2550 2915 2622 pariter
2945 2550 3113 2607 veluti
3142 2547 3329 2605 codice
3370 2545 3622 2601 utendum
3652 2546 3782 2597 erit.

497 2644 667 2714 Hujus
698 2646 997 2700 Homiliarii
1027 2660 1219 2701 auctor
1244 2656 1330 2701 est
1360 2646 1558 2701 Paulus
1591 2647 1888 2711 Diaconos,
1918 2649 2009 2716 qui
2040 2647 2190 2716 jussu
2220 2647 2401 2702 Caroli
2432 2648 2604 2717 Magni
2639 2651 2815 2702 varias
2847 2647 3066 2701 Patrum
3099 2643 3351 2699 lionnlias
3384 2658 3479 2711 pro
3518 2644 3785 2695 l'estorum

495 2739 705 2796 ratioiie
748 2740 966 2810 collegit
1008 2752 1239 2796 exeunte
1282 2745 1482 2795 saecqu
1523 2754 1636 2794 viii.
1687 2739 1741 2795 ld
1792 2740 1961 2810 liquet
1992 2758 2059 2798 ex
2108 2742 2421 2813 praefatione
2457 2741 2702 2810 ejusdem
2741 2740 2923 2795 Caroli
2975 2740 3200 2808 przelisa
3232 2738 3525 2793 rarissimae
3553 2736 3787 2791 editioni

494 2830 735 2902 Spirensi
760 2848 849 2886 an.
882 2833 1041 2899 1482,
1070 2846 1125 2886 et
1154 2852 1180 2884 a
1206 2832 1518 2887 Mabilloiiio
1548 2848 1736 2888 recusa
1786 2844 1916 2888 tom.
1950 2834 1968 2889 l
2003 2838 2382 2891 Analectorum
2412 2849 2533 2904 pag.
2566 2834 2656 2890 25.
2684 2834 2883 2889 Leonis
2907 2847 3187 2888 sermones
3212 2832 3329 2897 XX,
3353 2831 3554 2886 ibidem
3584 2828 3776 2885 inserti

498 2926 771 2996 leguntur.
806 2925 928 2979 ιιωο
952 2937 1131 2980 autem
1158 2927 1409 2980 collectio
1434 2940 1556 2979 cuin
1598 2928 1860 2994 originem
1884 2928 2044 2982 ducat
2070 2943 2137 2983 ex
2168 2945 2297 2984 mss.
2333 2928 2484 2982 libris
2511 2929 2909 2997 antiquioribus
2934 2930 3135 2995 suit-nlo
3164 2945 3211 2982 ix
3237 2928 3329 2996 qui
3357 2927 3519 2979 Paulo
3544 2925 3786 2978 Dmcono

496 3030 613 3069 usui
643 3015 824 3082 luere,
857 3032 964 3069 non
996 3016 1195 3069 minimi
1224 3014 1465 3069 facienda
1496 3016 1615 3070 fuit.
1646 3014 1781 3071 Cum
1812 3033 1943 3072 vero
1975 3021 2155 3088 plures
2184 3020 2424 3088 ejusdem
2459 3018 2757 3073 Homiliarii
2786 3018 3054 3073 editiones
3087 3017 3414 3089 prodierint,
3448 3017 3778 3082 Quesnellus

494 3109 784 3178 aliquando
824 3110 925 3163 hoc
967 3109 1204 3179 allegatis
1245 3108 1494 3163 adhibuit
1542 3111 1835 3165 editionem
1868 3112 2025 3166 valde
2074 3115 2426 3182 posteriorem
2451 3153 2466 3176 ,
2498 3111 2682 3180 inqua
2730 3113 2818 3166 alii
2872 3128 2939 3167 ex
2982 3096 3139 3166 editis
3171 3112 3425 3165 Leoniiiis
3458 3126 3562 3164 non
3612 3122 3783 3177 pauca

497 3213 787 3252 mutarunt.
814 3198 922 3253 Nos
948 3214 1079 3253 veto
1107 3208 1165 3253 ut
1182 3215 1466 3269 germanas
1498 3202 1643 3255 Pauli
1677 3204 1895 3256 Diaconi
1925 3204 2187 3258 lcetiones
2208 3218 2695 3273 c0giiosceremus,
2729 3205 3059 3260 contulimus
3090 3203 3381 3258 editionem
3410 3203 3779 3259 Basileensem

496 3292 702 3349 Nicolai
725 3293 942 3349 Kessler
964 3296 1086 3348 aiini
1122 3294 1282 3360 “36,
1312 3308 1581 3365 sumptam
1606 3312 1674 3353 ex
1703 3300 2071 3355 vetustissimo
2097 3300 2284 3353 codice
2318 3298 2569 3355 Lcclesiaa
2600 3298 2953 3366 Basileensis;
2977 3314 3097 3369 quae
3124 3299 3249 3354 licet
3271 3313 3377 3353 non
3409 3298 3586 3352 minus
3610 3309 3776 3364 quam

496 3387 770 3456 Spirensis
800 3388 1088 3442 non..ullos
1115 3403 1399 3443 sermniies
1435 3399 1717 3444 auctorum
1763 3392 2123 3460 posteriorum
2155 3395 2429 3450 addititios
2474 3396 2753 3466 pra-lerat,
2800 3396 3085 3463 genuinam
3134 3407 3309 3446 tamen
3361 3391 3509 3446 Pauli
3554 3387 3782 3443 Diaconi

495 3479 787 3534 editionem
803 3480 976 3549 quoad
998 3494 1227 3534 cmteros
1244 3489 1299 3534 et
1318 3480 1588 3535 Leouinos
1611 3484 1868 3539 exhibet:
1891 3487 1981 3555 qui
2006 3501 2137 3542 sane
2156 3491 2272 3541 sine
2296 3491 2557 3546 addititiis
2577 3492 2630 3545 in
2646 3491 2856 3545 duobus
2874 3503 3005 3543 mss.
3024 3486 3385 3557 Augiensibus
3408 3482 3780 3548 inveniuntur,

495 3574 684 3629 eodem
716 3573 1021 3629 Mabtllonio
1054 3582 1191 3629 teste
1221 3582 1351 3628 tom.
1392 3573 1459 3629 ιν
1491 3575 1801 3635 Analeetor.
1835 3593 1955 3648 pag.
1992 3578 2091 3633 631
2124 3593 2178 3635 et
2206 3580 2332 3636 632.

1108 3711 1245 3774 §VII
1295 3710 1371 3762 De
1393 3726 1486 3762 ms.
1506 3712 1775 3764 Barberino
1810 3720 2093 3768 continente
2120 3722 2276 3770 varias
2310 3722 2552 3770 lectiones
2573 3733 2853 3770 sermonum
2876 3720 2929 3770 S.
2948 3717 3149 3769 Leonis.

566 3821 658 3875 27.
693 3821 993 3889 Antequam
1035 3818 1103 3872 ab
1134 3817 1235 3873 bac
1261 3819 1576 3887 praefatione
1603 3836 1819 3876 inatium
1851 3825 2219 3889 submoveant,
2254 3828 2691 3895 praemonendum
2719 3834 2828 3888 est.
2874 3841 2989 3887 ine,
3021 3824 3147 3878 dum
3178 3822 3364 3877 Romae
3406 3831 3673 3881 versarer,
3718 3816 3776 3872 in

494 3911 817 3969 bibliotheca
851 3911 1137 3964 Barberina
1167 3908 1436 3963 invenisse
1469 3912 1825 3965 recentiorem
1858 3917 2098 3967 codicem
2130 3916 2290 3981 5520,
2328 3933 2416 3987 qui
2470 3933 2573 3971 non
2610 3932 2807 3984 paucas
2840 3918 3111 3970 variantes
3139 3927 3451 3969 sermonum
3482 3910 3539 3966 S.
3573 3908 3781 3964 Leonis

494 4005 715 4061 editioni
762 4013 973 4073 piratas
1016 4001 1254 4056 exhibet.
1308 4000 1662 4055 Praziiiittitur
1710 4002 1891 4057 Italici
1942 4010 2169 4072 (.‘pthia
2220 4008 2492 4061 Laurentii
2545 4008 2676 4061 Mari
2726 4008 2926 4076 scripta
2965 4006 3053 4061 die
3087 4004 3156 4060 30
3202 4004 3373 4057 Martii
3428 4001 3584 4056 1677.
3637 3996 3775 4054 Cum

494 4100 903 4156 eminentissimi
932 4097 1215 4151 cardinalis
1242 4094 1510 4151 Francisci
1554 4096 1834 4151 Barberini
1874 4109 1927 4152 et
1958 4098 2233 4155 BrutiCatzii
2266 4111 2374 4155 tmn
2401 4104 2605 4171 praelati
2635 4100 2854 4155 nomine
2883 4100 2951 4153 ab
2989 4116 3056 4154 eo
3082 4104 3365 4168 quiesitum
3411 4095 3603 4150 fuisset
3644 4090 3779 4163 quid

495 4193 727 4249 Joannes
758 4190 989 4258 Baptista
1021 4189 1196 4242 Marus
1222 4187 1387 4243 frater
1410 4203 1543 4243 suus
1568 4188 1621 4242 iii
1653 4189 1943 4246 editionem
1967 4193 2161 4250 Leoiiis
2198 4200 2519 4263 reliquisset,
2552 4195 2834 4263 respondit
2864 4203 2988 4249 ante
3010 4195 3216 4261 aliquot
3240 4207 3409 4245 annos
3464 4190 3518 4242 iii
3569 4200 3764 4243 manus

494 4289 732 4359 ejusdem
780 4289 963 4341 l'ratris
1013 4290 1224 4340 venisse
1270 4286 1560 4340 editionem
1600 4301 1911 4342 sermonum
1954 4291 2182 4357 Leonis,
2218 4297 2270 4346 iii
2312 4295 2467 4361 enjus
2511 4294 2838 4362 marginibus
2872 4291 3145 4345 Gerardus
3174 4288 3419 4355 Vossius,
3452 4282 3777 4356 praepositus

494 4380 856 4450 'l'ungreiisis,
904 4378 1177 4429 variantes
1219 4376 1476 4431 lectiones
1518 4389 1802 4432 ii0tavetat
1836 4397 1847 4432 :
1885 4386 1979 4433 has
2002 4392 2179 4435 autem
2222 4384 2421 4437 exinde
2464 4386 2801 4452 escerpsisse
2831 4381 3093 4436 Joannem
3135 4380 3427 4446 Baptistain
3455 4419 3469 4445 ,
3531 4381 3777 4445 aliasque

494 4476 761 4528 variantes
802 4488 865 4526 ex
895 4470 1013 4523 aliis
1041 4470 1315 4524 codicibus
1340 4480 1395 4524 et
1440 4471 1771 4526 editionibus
1812 4473 2082 4528 addidissi:
2117 4491 2182 4527 eo
2211 4478 2466 4543 consilio,
2502 4490 2557 4530 ut
2608 4492 2799 4529 novam
2847 4490 3159 4530 sermonum
3208 4473 3501 4528 editionem
3528 4469 3778 4538 vulgaret

494 4581 615 4622 cum
662 4565 814 4618 titulo
847 4580 861 4615 :
891 4561 1162 4617 Sermones
1213 4562 1274 4616 S.
1309 4561 1494 4615 Leonis
1525 4563 1706 4633 Magni
1752 4568 1976 4619 restituti
2024 4567 2093 4618 ad
2124 4567 2280 4634 ﬁdem
2319 4569 2543 4637 plurium
2572 4571 2807 4621 codicum
2847 4584 2994 4633 niss.,
3019 4566 3428 4632 concluditque,
3478 4562 3776 4617 editionem

497 4658 805 4727 praedictam
834 4670 954 4709 cum
982 4656 1313 4709 variantibus
1342 4652 1548 4717 Vossii,
1578 4669 1630 4707 ei
1656 4656 1738 4708 sui
1779 4654 1964 4712 fratris
1994 4659 2397 4714 lucubrationes
2426 4676 2484 4714 se
2516 4662 2801 4716 tradidisse
2832 4661 3078 4717 Michaeli
3108 4664 3311 4731 Aiigelo
3339 4660 3552 4725 Riccio,
3583 4665 3775 4729 postea

496 4750 791 4816 cardinali,
833 4764 900 4804 ex
930 4765 1070 4820 quo,
1114 4752 1437 4818 quicumque
1478 4748 1643 4813 velit,
1676 4763 1738 4803 ea
1771 4762 1954 4817 petere
1982 4754 2201 4819 poterit.
2257 4754 2512 4824 Sequitur
2540 4754 2785 4825 praefatio
2831 4755 3055 4811 Joannis
3086 4756 3337 4825 Baptista:
3376 4753 3507 4809 Mari
3549 4751 3775 4807 editioni

495 4845 888 4916 praemittenda,
911 4860 1073 4917 quam
1102 4843 1189 4899 hic
1214 4842 1555 4912 subjicimus.

1524 4939 1817 4997 LECTORI
1854 4943 2047 5000 JOAN.
2088 4946 2423 5004 BAPTISTA
2464 4949 2725 5007 MARUS.

573 5076 593 5112 ι
637 5059 827 5114 Prodit
870 5060 1062 5114 iterum
1111 5058 1166 5113 in
1204 5059 1376 5114 lucem
1429 5060 1583 5116 divus
1627 5061 1740 5117 Leo
1782 5064 1944 5120 rebus
1986 5067 2237 5123 omnibus
2276 5085 2520 5137 magnus,
2548 5071 2735 5125 ultima
2766 5084 2924 5124 manu
2962 5078 3020 5125 et
3062 5068 3397 5125 accuratiore
3442 5082 3603 5138 quam
3640 5074 3775 5125 ante

502 5152 777 5223 diligentia
823 5150 1121 5207 restitutus.
1150 5152 1317 5207 Tanta
1349 5165 1427 5207 est
1467 5153 1701 5225 dignitas
1745 5160 2014 5225 auctoris,
2059 5163 2382 5231 eloquentia:
2428 5165 2717 5231 majestas,
2768 5161 3027 5218 sanctius
3050 5163 3205 5230 vitae,
3244 5172 3390 5217 tanta
3436 5162 3773 5218 dem-tarum

498 5252 789 5323 haeresuni,
818 5261 874 5307 et
897 5253 1085 5307 frenati
1112 5252 1310 5318 Αιιὶιίε,
1334 5269 1395 5308 ac
1420 5268 1651 5309 servatae
1675 5256 1856 5309 Bootae
1879 5256 2071 5325 gloria,
2091 5266 2147 5308 ut
2180 5273 2229 5307 in
2253 5254 2420 5322 ipsius
2446 5255 2663 5323 scriptis
2688 5255 2751 5308 ad
2776 5270 3085 5324 germanam
3108 5258 3428 5311 sententiam
3453 5254 3774 5309 revocandis

499 5360 607 5400 non
634 5346 800 5414 possit
825 5347 941 5399 sine
960 5346 1229 5396 uberrimo
1257 5345 1508 5398 Ecclesiae
1534 5346 1707 5399 lrueiu
1739 5355 1794 5399 et
1820 5348 1935 5401 sine
1952 5361 2160 5399 summa
2182 5350 2515 5399 eruditorum
2548 5350 2820 5413 voluptate
2840 5344 3126 5399 elaborari.
3160 5346 3277 5400 Fuit
3298 5348 3398 5400 iste
3414 5345 3565 5399 labor
3584 5346 3778 5415 paucis

500 5450 625 5493 ante
650 5441 805 5493 annis
837 5439 895 5492 P.
919 5437 1204 5507 Theophili
1234 5436 1494 5491 Raiiiaudi
1522 5455 1632 5493 soc.
1659 5438 1783 5494 Jesu
1818 5440 2073 5509 theologi,
2104 5442 2172 5494 de
2198 5440 2351 5507 cujus
2385 5439 2659 5509 multiplici
2691 5439 2996 5494 eruditione
3027 5441 3285 5509 praeclara
3324 5449 3671 5494 monumenta
3701 5440 3777 5495 ab

499 5546 564 5586 eo
592 5532 733 5600 typis
775 5532 914 5585 edita
942 5532 1154 5584 abunde
1182 5541 1464 5586 teStaiitur.
1501 5534 1568 5586 At
1594 5534 1847 5602 quoniam
1881 5552 1985 5588 inin
2016 5544 2124 5588 tam
2158 5550 2221 5588 es
2253 5534 2471 5602 ingenio
2514 5546 2567 5589 et
2608 5535 2849 5589 doctrina
2902 5550 3058 5604 quam
3107 5551 3172 5589 ex
3223 5534 3487 5588 varietate
3522 5534 3778 5590 codicum

499 5623 643 5691 typis
663 5623 927 5678 editorum
954 5632 1007 5675 et
1035 5625 1137 5677 title
1163 5626 1501 5692 antiquorum
1526 5638 2017 5695 manuscriptorum
2037 5642 2172 5694 Optls
2195 5639 2504 5695 susceptum
2530 5625 2828 5695 pendebat;
2854 5624 2979 5678 licet
3004 5638 3109 5678 non
3134 5625 3249 5679 sine
3271 5624 3432 5679 laude
3458 5632 3512 5679 et
3539 5625 3781 5679 utilitate

501 5712 556 5769 in
586 5727 652 5768 eo
679 5713 988 5779 desudarit,
1026 5725 1200 5769 tamen
1232 5730 1352 5770 cum
1395 5716 1618 5785 plurima
1652 5718 1927 5788 utriusque
1971 5718 2186 5789 generis
2229 5718 2475 5788 exempla
2524 5719 2570 5771 ei
2596 5715 2901 5779 defuerint.
2944 5732 3051 5769 non
3095 5718 3267 5784 potuit
3314 5733 3410 5787 pro
3458 5728 3584 5771 voto
3640 5716 3780 5773 tanta

502 5803 771 5875 pontiﬁcis
810 5808 1010 5876 scripta
1057 5808 1235 5864 nativo
1270 5810 1429 5865 nitori
1456 5813 1741 5868 restituere
1774 5829 1786 5864 :
1827 5829 1932 5881 quo
1962 5813 2158 5869 factum
2200 5826 2282 5870 est
2326 5823 2381 5869 ut
2414 5824 2464 5869 ct
2511 5815 2664 5881 operi
2694 5812 2908 5869 deesset
2936 5820 3115 5880 optata
3154 5815 3421 5870 absolutio
3451 5824 3505 5870 et
3550 5815 3600 5869 iii
3635 5815 3783 5869 sacri
