4020 6348
15 38 615 209 ι’·-

229 418 322 477 13?
1093 420 1464 480 PREFATIO
1501 421 1566 480 IN
1605 422 1974 484 SEBMONES
2011 428 2070 486 S.
2111 423 2355 487 LEONIS
2394 429 2631 487 MAGNL
3418 440 3523 495 158

229 535 386 592 ol'ﬁcii
418 534 778 605 lectionibus,
812 549 948 608 quas
977 545 1163 594 sancta
1187 539 1432 598 Ecclesia
1455 542 1509 597 in
1540 541 1830 614 praecipuis
1860 546 1989 602 anni
2020 545 2452 602 solemnitatibus
2477 562 2546 609 ex
2576 547 2757 617 magni
2784 544 2980 603 Leonis
3006 547 3189 605 divina
3218 551 3527 623 eloquentia
3580 562 3592 623 ξ

232 632 460 691 mutuari
509 632 702 701 solet,
753 632 945 689 menda
988 650 1094 690 non
1146 651 1313 706 pauca
1369 637 1708 707 residerent,
1762 641 1906 710 quod
1968 642 2020 695 in
2072 641 2211 712 typis
2253 641 2580 695 renovandis
2622 614 2690 695 ad
2742 642 2984 697 ultimam
3039 614 3339 701 editionem
3378 647 3527 705 velut
3582 614 3587 623 V

231 726 655 784 emendatiorem
679 727 850 783 soleat
884 730 1115 784 recurri.
1151 729 1328 797 Quare
1346 745 1466 785 cum
1491 731 1701 786 diversa
1735 733 1982 803 exempla
2010 732 2147 804 typis
2183 733 2346 799 edita,
2370 741 2426 788 et
2451 733 2554 789 ﬁde
2583 732 2741 805 digna
2776 735 3136 805 manuscripta
3171 737 3390 809 antiqua
3420 755 3529 797 non

232 838 412 895 pauca,
440 825 645 893 quibus
674 833 927 881 caruerat
954 823 1289 894 Theophilus
1320 824 1654 896 liainaudus,
1686 828 1827 880 nacti
1861 842 2136 891 essemus;
2176 828 2382 893 lucem,
2415 843 2537 897 qua:
2573 843 2640 882 ex
2684 827 2788 881 illis
2826 830 3041 897 copiosa
3064 830 3255 884 conﬁci
3289 840 3532 901 poterat,

232 919 282 974 in
328 917 600 973 honorem
653 917 789 972 tanti
845 916 1120 987 pontiﬁcis
1176 917 1613 988 scriptorumque
1660 917 1777 986 ejus
1826 927 2065 986 optatam
2115 917 2510 972 restitutionem
2538 962 2552 986 ,
2600 926 2655 971 et
2702 918 2985 973 utilitatem
3030 918 3324 987 Ecclesiae,
3371 934 3536 995 atque

231 1012 563 1070 eruditorum
595 1011 931 1081 voluptatem
962 1012 1215 1068 duximus
1245 1012 1652 1070 conferendam.
1684 1011 1837 1083 Vale,
1873 1013 2046 1069 amice
2073 1012 2267 1078 lector,
2298 1020 2355 1068 et
2383 1012 2513 1067 dum
2547 1011 2744 1067 foveris
2775 1011 2961 1068 labore
2987 1023 3199 1073 nostro.
3227 1015 3370 1085 fave,
3395 1034 3459 1075 ac
3488 1020 3535 1076 si

232 1107 353 1179 quid
385 1108 587 1163 melius
618 1106 790 1170 nosti.
824 1121 1032 1178 prome.
1084 1125 1103 1159 s

299 1199 394 1255 llic
411 1198 575 1254 Joan.
598 1198 835 1269 Baptista
862 1199 1064 1267 Marus,
1093 1202 1182 1271 qui
1209 1201 1356 1256 hisce
1382 1202 1577 1257 studiis
1596 1202 1987 1269 delectabatur,
2014 1218 2103 1257 an.
2132 1202 2296 1267 1644,
2320 1218 2384 1257 ex
2411 1217 2540 1257 mss.
2569 1202 2841 1258 Vaticanis
2862 1214 2913 1259 et
2938 1205 3249 1262 Barberinis
3272 1210 3536 1279 quosdam

235 1289 514 1361 Augustini
546 1305 829 1346 sermones
854 1332 869 1357 ,
911 1300 966 1345 et
1009 1307 1073 1345 ex
1105 1290 1226 1346 Vat.
1271 1291 1397 1346 cod.
1446 1291 1582 1347 1205
1611 1293 1855 1363 dialogos
1891 1292 2155 1347 Desiderii
2195 1294 2403 1348 abbatis
2451 1292 2798 1358 Casinensis,
2854 1306 3041 1364 postea
3080 1297 3308 1352 Victoris
3337 1298 3435 1367 Ill,
3478 1315 3543 1355 ac

235 1385 446 1440 tandem
475 1398 621 1439 anno
657 1383 795 1440 1655
834 1399 865 1439 e
910 1400 1013 1439 ms.
1058 1384 1352 1439 Barberino
1389 1383 1606 1439 Petrum
1649 1386 1946 1441 Diaconum
1991 1385 2058 1440 de
2093 1384 2233 1440 Viris
2281 1386 2578 1444 lllustribus
2613 1387 2997 1443 Casineusilius
3042 1388 3226 1443 Romae
3267 1391 3540 1448 ediderat.

234 1480 598 1535 Observamus
623 1488 799 1534 autem
824 1480 877 1533 in
896 1478 1107 1533 laudata
1132 1478 1443 1549 prmlatione
1466 1479 1667 1534 nullam
1695 1480 2024 1534 mentionem
2052 1481 2167 1534 ﬁeri
2202 1479 2475 1533 variarum
2507 1480 2797 1535 lectionum
2827 1479 3001 1535 Vussii
3023 1523 3036 1546 ,
3061 1497 3195 1552 quas
3217 1483 3542 1541 Laurentius

239 1575 412 1631 Marus
456 1573 803 1628 memoravit.
831 1572 887 1627 in
918 1572 1107 1627 codice
1144 1583 1323 1627 autem
1358 1572 1657 1627 Barberino
1686 1573 1993 1627 subduntur
2025 1573 2205 1640 plures
2252 1574 2525 1627 variantes
2554 1588 2867 1628 sermonum
2898 1574 3088 1629 ordine
3136 1592 3544 1648 nonnumquam

240 1668 574 1741 perturbato.
602 1666 881 1736 Pleraeque
904 1674 1133 1735 sumptae
1165 1675 1291 1719 sunt
1319 1681 1387 1721 ex
1418 1664 1696 1720 codicibus
1729 1665 1965 1719 basilica:
1993 1664 2050 1719 S.
2083 1663 2253 1728 Petri,
2284 1663 2405 1718 aliae
2435 1681 2501 1718 ex
2518 1664 2814 1730 Vaticanis,
2840 1667 3111 1722 nonnulla:
3141 1683 3207 1723 ex
3233 1669 3354 1724 cod.
3382 1671 3546 1740 Bon.,

240 1764 287 1820 id
312 1770 398 1818 est
427 1762 779 1817 Bononiensi.
813 1761 1236 1833 Frequentiores
1264 1771 1390 1817 sunt
1418 1762 1471 1817 in
1513 1762 1577 1817 iis
1607 1761 1954 1818 sermonibus
1984 1761 2073 1831 qui
2107 1760 2454 1815 continentur
2487 1760 2540 1813 in
2581 1759 2936 1815 Lectionariis
2981 1761 3219 1817 basilica:
3263 1764 3322 1820 S.
3379 1766 3548 1823 Petri.

244 1856 334 1915 Ubi
361 1867 547 1911 autem
577 1857 695 1912 haec
721 1856 1057 1913 Lectionaria
1089 1857 1335 1923 defuere,
1369 1859 1665 1913 rarissima:
1692 1866 1747 1913 et
1775 1856 2099 1928 quandotlue
2128 1856 2288 1910 nulla:
2321 1856 2596 1910 variantes
2623 1856 2945 1911 indicantur.
2982 1858 3115 1926 Quae
3146 1861 3254 1915 sint
3274 1863 3552 1916 variantes

240 1968 305 2009 es
326 1953 522 2010 Vossio
544 1965 797 2022 sumptae,
820 1967 940 2022 qua:
961 1966 1142 2007 autem
1169 1950 1365 2007 additre
1396 1967 1424 2006 a
1450 1952 1618 2020 Maro,
1648 1951 1888 2006 discerni
1912 1950 2120 2020 nequit.
2146 1949 2392 2004 Vossium
2417 1949 2656 2021 quidem,
2681 1950 2773 2020 qui
2798 1950 2980 2006 Romae
3002 1953 3293 2022 aliquando
3319 1954 3529 2009 studuit

240 2045 513 2103 Romanos
531 2046 771 2113 codices,
801 2047 974 2116 quond
1000 2045 1235 2101 Leonem
1259 2047 1549 2102 contulisse
1570 2045 1844 2117 colligitur
1868 2062 1932 2100 ex
1956 2045 2314 2101 Miscellaneis
2335 2045 2432 2103 SS.
2460 2046 2679 2101 Patrum
2699 2046 2959 2116 subjectis
2974 2047 3197 2104 editioni
3223 2050 3554 2121 Moguntina

242 2156 329 2197 an.
362 2141 508 2198 1601
544 2143 783 2212 Operum
824 2140 882 2196 S.
920 2139 1165 2211 Gregorii
1188 2140 1598 2211 Thaumaturgi,
1626 2140 1715 2196 ubi
1746 2141 1928 2211 aliqua
1956 2139 2152 2195 Leonis
2182 2155 2247 2195 ex
2275 2138 2535 2194 Romanis
2566 2154 2699 2194 mss.
2738 2139 2928 2194 edidit.
2962 2139 3121 2196 Plura
3157 2154 3333 2198 tamen
3386 2159 3551 2214 quam

242 2252 359 2307 qua:
389 2238 698 2291 innuuutur
729 2235 780 2289 in
804 2232 1030 2304 epistola
1057 2232 1332 2288 Laurentii
1367 2234 1501 2288 Mari
1524 2278 1537 2302 ,
1581 2249 1702 2288 eum
1732 2248 1953 2302 parasse
1984 2232 2216 2303 probant
2242 2247 2362 2301 quae
2408 2231 2551 2286 idem
2589 2230 2811 2286 Vossius
2837 2231 2996 2286 tradit
3045 2233 3097 2287 in
3127 2234 3277 2290 calce
3316 2234 3553 2303 Operutn

243 2329 300 2386 S.
333 2330 597 2400 Ephrem,
622 2329 673 2382 in
703 2342 807 2397 qua
838 2341 943 2381 non
976 2326 1123 2381 Solos
1148 2341 1450 2395 sermones,
1485 2328 1579 2382 sed
1614 2326 1792 2380 omnia
1822 2325 1879 2381 S.
1930 2325 2200 2395 pontiﬁcis
2242 2326 2415 2392 Opera
2469 2324 2742 2394 recognita
2773 2334 2824 2379 et
2879 2325 3144 2381 illustrata
3176 2341 3237 2382 se
3276 2327 3554 2385 editurum

245 2424 563 2495 pollicetur:
598 2430 652 2476 et
703 2421 757 2474 in
788 2418 1066 2474 notatione
1107 2417 1174 2473 ad
1207 2426 1489 2472 tractatum
1535 2419 1591 2471 S.
1617 2416 1815 2471 Leonis
1844 2417 1896 2470 in
1943 2415 2238 2487 Eutycbem
2272 2414 2547 2485 vulgatum
2596 2416 2650 2469 in
2698 2415 2911 2470 laudata
2960 2416 3200 2472 editione
3237 2416 3555 2488 Moguntina

248 2524 475 2572 testatur
506 2531 521 2567 :
554 2512 633 2568 De
661 2512 897 2582 pluribus
923 2526 1013 2581 per
1034 2526 1151 2576 nos,
1184 2510 1379 2579 inquit,
1413 2510 1470 2562 in
1493 2509 1848 2579 recognitione
1876 2518 2053 2561 nostra
2076 2506 2308 2561 Leonina
2339 2506 2620 2560 observatis
2642 2548 2657 2571 ,
2703 2523 2767 2560 ac
2794 2507 2863 2561 ad
2906 2509 3190 2580 marginem
3220 2509 3557 2582 epistularum

246 2614 531 2676 metatis,
552 2609 665 2675 ubi,
683 2619 879 2678 printer
891 2619 1192 2672 sermones,
1208 2605 1466 2674 epistolas
1480 2604 1724 2673 paritera
1740 2617 1799 2657 se
1822 2602 2147 2672 recognitas,
2170 2610 2225 2655 et
2246 2600 2515 2655 variantes
2532 2599 2598 2654 ad
2614 2602 2910 2670 marginem
2928 2601 3179 2657 editionis
3199 2603 3556 2673 epistolarum

248 2715 532 2762 annotatas
559 2702 819 2758 Ostendit.
850 2699 1004 2757 L'nde
1029 2700 1193 2756 etiam
1217 2698 1468 2754 Nicolaus
1496 2696 1670 2753 Faber
1691 2700 1742 2751 in
1768 2696 1996 2767 epistola
2019 2696 2084 2750 ad
2109 2694 2359 2752 eumdem
2388 2694 2635 2749 Vossium
2660 2697 2802 2749 inter
2823 2693 3070 2763 ejusdem
3098 2695 3257 2752 Fabri
3283 2696 3559 2766 Opuscula

249 2817 371 2874 pag.
406 2799 511 2855 M3
537 2809 594 2854 et
627 2796 733 2853 114
764 2811 825 2851 se
856 2795 1074 2849 audisse
1122 2801 1350 2848 testatur
1382 2791 1696 2847 Michaelem
1727 2792 1990 2846 Sonnium
2025 2789 2386 2844 Parisiensem
2420 2786 2818 2860 typographum
2858 2796 3175 2857 exspectare
3203 2805 3359 2859 quam
3409 2789 3563 2844 citius

248 2898 414 2969 ipsius
434 2895 718 2950 editionem
749 2892 977 2962 Operum
1019 2890 1082 2947 S.
1116 2889 1321 2944 Leonis.
1373 2887 1700 2955 Quesnellus
1727 2884 1782 2940 in
1818 2884 1925 2940 ﬁne
1970 2883 2302 2952 praelationis
2342 2881 2615 2953 generalis
2654 2890 2919 2935 memorat
2961 2880 3185 2934 codicem
3218 2880 3446 2947 Operam
3493 2881 3557 2936 S.

249 2989 458 3055 Leonis,
491 3004 660 3060 quem
687 2989 947 3043 collatum
976 3002 1004 3039 a
1037 2986 1352 3043 doctissimo
1383 2983 1505 3038 viro
1532 2981 1823 3036 Francisco
1848 2979 2026 3049 Pegna
2056 2992 2180 3032 cum
2210 2978 2576 3031 Romanarum
2603 2974 3047 3029 bibliothecarum
3080 2988 3213 3028 mss.
3245 2974 3561 3044 codicibus,

252 3086 377 3143 olim
407 3094 529 3154 post
566 3084 758 3153 Pegnze
790 3092 1017 3136 mortem
1045 3080 1183 3151 apud
1220 3081 1444 3134 Mariqu
1493 3077 1676 3133 Sancti
1725 3076 1914 3146 Angeli
1943 3075 2266 3130 canonicum
2294 3071 2503 3127 viderat
2531 3071 2818 3127 Emericus
2858 3071 3117 3141 Bigotius.
3151 3071 3283 3126 Cum
3325 3071 3562 3128 Joannes

250 3178 491 3248 Baptista
524 3177 709 3234 Marus
730 3178 891 3247 paulo
915 3183 1039 3229 ante
1067 3181 1399 3228 memoratus
1427 3169 1491 3226 S.
1518 3169 1712 3241 Ληρειὶ
1738 3171 1789 3223 in
1821 3171 1934 3241 [oro
1958 3168 2175 3239 piscium
2202 3166 2484 3220 canonieus
2513 3165 2565 3219 in
2606 3165 2767 3220 editis
2800 3167 2918 3233 ejus
2942 3165 3207 3235 Operibus
3234 3165 3562 3235 appelletur,

251 3274 388 3331 nihil
421 3274 646 3330 dubium
673 3282 758 3327 est
784 3272 913 3343 quin
945 3271 1144 3327 Marius
1172 3285 1202 3324 a
1235 3267 1525 3337 Quesnello
1556 3266 1802 3321 laudatus
1828 3265 1969 3321 idem
2018 3264 2088 3319 sit
2115 3279 2176 3318 ac
2224 3263 2464 3319 Joannes
2498 3262 2740 3332 Baptista
2769 3263 2967 3318 Marus.
3008 3262 3141 3329 Quis
3171 3272 3353 3318 autem
3403 3263 3566 3319 luerit

251 3370 426 3426 codex
454 3384 617 3440 quem
648 3368 892 3436 Bigotins
917 3366 1057 3434 apud
1101 3365 1275 3437 ipsum
1314 3363 1521 3418 invenit
1553 3378 1619 3417 ex
1653 3361 1945 3417 Barberino
1975 3376 2078 3414 ms.
2110 3360 2430 3424 innotescit;
2472 3368 2526 3414 et
2563 3373 2749 3413 errore
2773 3358 2913 3413 forte
2938 3357 3128 3427 Bigotii
3148 3399 3163 3424 ,
3198 3359 3340 3428 quod
3370 3359 3564 3414 Vossio

252 3473 371 3520 erat
394 3459 819 3532 adjudicandum
858 3458 1118 3513 tributum
1162 3457 1260 3510 fuit
1299 3458 1525 3522 Pegnte,
1555 3469 1620 3507 eo
1651 3452 1794 3523 quod
1824 3451 2003 3507 Vcssii
2033 3450 2203 3507 codcx
2232 3450 2286 3504 in
2316 3449 2478 3519 hujus
2510 3465 2702 3503 manus
2751 3450 2987 3507 venisset
3015 3458 3306 3517 antequam
3345 3451 3398 3504 in
3430 3447 3567 3504 Mari

254 3561 641 3618 bibliothecam
670 3559 951 3614 transiret.
986 3556 1095 3613 Nos
1121 3557 1295 3624 ipsum
1324 3553 1567 3609 codicem
1594 3565 1689 3605 seu
1720 3550 2013 3605 editionem
2034 3546 2235 3603 Leonis
2255 3561 2285 3601 a
2311 3545 2503 3600 Vossio
2525 3560 2647 3599 cum
2667 3559 2799 3599 mss.
2825 3544 3077 3598 collatam
3104 3559 3211 3598 non
3234 3544 3567 3609 invenimus;

255 3655 352 3711 sed
381 3654 513 3709 Mari
545 3651 974 3708 lucubrationem
998 3648 1139 3705 nacti
1168 3661 1357 3702 sumus
1386 3646 1437 3699 in
1466 3643 1654 3700 codice
1685 3640 2005 3707 Barberino,
2031 3654 2149 3709 qua:
2174 3636 2352 3692 Vossii
2384 3646 2439 3690 et
2468 3636 2624 3691 Marii
2655 3638 2928 3691 variantes
2954 3636 3355 3706 complectitur.
3395 3635 3567 3705 llujus

256 3760 390 3803 vero
422 3746 701 3802 Bat‘berini
734 3742 1091 3811 manuscripti
1140 3741 1304 3795 multa
1337 3739 1453 3794 loca
1485 3736 1813 3792 contulimus
1838 3749 1964 3789 cum
2015 3731 2372 3789 Leotionariis
2418 3731 2656 3785 basilica:
2682 3730 2747 3786 S.
2778 3728 2953 3795 Petri;
2998 3746 3232 3799 cumque
3275 3746 3335 3785 ea
3375 3740 3569 3787 exacte

261 3853 453 3897 netata
478 3840 961 3913 deprehendimus,
993 3854 1021 3891 a
1053 3835 1243 3892 fusioii
1273 3835 1566 3890 collatione
1592 3830 1912 3888 earumdem
1943 3830 2104 3885 levati
2134 3828 2362 3894 fuimus;
2403 3828 2723 3897 sicquealiis
2746 3826 3160 3896 quampluribus
3182 3835 3291 3880 tum
3318 3824 3565 3894 ejusdem

260 3939 521 4005 basilicas,
554 3948 664 3991 tum
694 3934 1001 3999 Vaticanis,
1035 3941 1147 3987 tum
1175 3930 1401 3985 aliarum
1426 3927 1791 3983 Romanarum
1820 3923 2276 3980 bibliothecarum
2305 3938 2438 3979 mss.
2464 3921 2865 3993 exemplaribus
2896 3917 3345 3991 recognoscendis
3376 3932 3568 3973 vacare

264 4030 592 4089 commodius
622 4028 926 4101 potuimus.

277 4158 3544 4192 __________________________.___._..___.__—_————

1151 4289 1293 4405 Β.
1348 4285 2005 4403 LEONIS
2054 4286 2682 4399 MAGNI

1431 4503 1973 4568 PONTIFICIS
2041 4504 2409 4567 ROMANI

1063 4669 2781 4833 SERMONES
3144 4790 3173 4815 .

550 4944 676 5030 IN
754 4932 1407 5024 PMCIPUIS
1482 4931 1916 5016 TOTIUS
1994 4933 2277 5018 ANNI
2353 4930 3305 5018 FESTIVITATIBUS

1000 5114 1150 5188 AD
1224 5107 1799 5185 BOMANAM
1881 5110 2326 5183 PLEBEM
2406 5106 2831 5180 HABITI.

1004 5434 1466 5502 ADMONITIO
1510 5435 1588 5496 IN
1630 5432 1839 5500 neos
1882 5428 2343 5507 SEQUENTES
2392 5376 2852 5502 SERMONES,

301 5563 421 5640 Qui
440 5567 501 5628 in
532 5563 1057 5630 antecedentibus
1085 5561 1495 5638 editionibus,
1525 5560 1689 5621 sicut
1720 5562 1779 5618 et
1808 5557 1871 5616 in
1903 5572 2032 5695 n|on
2068 5552 2288 5693 paqcis
2329 5570 2479 5614 mss.
2511 5551 2992 5629 exetnplaribns
3022 5551 3087 5612 in
3115 5566 3319 5611 unum
3351 5566 3584 5630 perpe-

1644 5655 1777 5695 ram
1810 5653 1924 5695 coa
1959 5650 2163 5694 uerun
2202 5677 2215 5691 .

1644 5655 1777 5701 ram
1810 5650 2215 5698 coaluerunt.

372 5769 436 5824 In
461 5774 791 5828 exterioribus
818 5770 1125 5826 editionibus
1167 5783 1301 5822 unus
1326 5776 1434 5821 erat
1463 5781 1629 5819 sermo
1657 5765 1747 5835 qui
1795 5777 1928 5835 nunc
1955 5758 2159 5835 agitabis
2194 5759 2247 5811 in
2277 5757 2407 5835 dites
2436 5756 2628 5835 dit-istis
2657 5754 2935 5835 profertur:
2966 5750 3144 5833 Hujus
3176 5748 3302 5819 {acti
3327 5751 3582 5835 rationem

304 5848 383 5913 ut,
932 5823 1185 5896 nonnulla
1202 5839 1576 5913 promouenda
1621 5823 1760 5913 signa
1805 5832 1871 5886 In
1913 5832 2135 5913 vulgatis
2176 5840 2293 5913 ante
2324 5823 2667 5913 Quesnellum'
2700 5823 3008 5913 coitionibus
3045 5824 3215 5905 primo
3257 5823 3485 5913 setmottr'
3521 5838 3585 5904 es

883 5893 1157 5983 Eos.in
1191 5893 1274 5965 Iiic
1317 5910 1493 5965 titulus
1533 5907 1890 5978 prteﬁgebatttr
1924 5923 1940 5959 :
1976 5893 2032 5958 lit
2079 5901 2449 5956 anniversario
2491 5900 2559 5953 de
2589 5897 2675 5951 die
2703 5896 3087 5965 assumptionis
3117 5895 3234 5962 ejus
3279 5893 3346 5948 ad
3387 5894 3584 5956 summi

612 6007 890 6072 Ρλτιοι.
940 6010 1097 6073 LIV.

3026 5984 3063 6046 5

3956 1450 3957 1515 l

3956 1524 3959 1579 ἠ

3962 1670 3963 1721 l

3964 1744 3965 1775 ι

3966 1816 3967 1873 l

3970 1964 3971 1995 ι
