4014 6350
438 345 544 403 “3

1578 345 1636 401 s.
1676 342 1925 403 LEONIS
1962 336 2607 416 uacutjssnuonss.

3603 348 3705 411 ιιι

437 461 682 515 diernum
707 458 852 517 diem
895 460 1024 517 fecit
1058 460 1243 516 divina
1282 459 1521 531 dignatio
1552 479 1563 516 :
1597 477 1718 533 quae
1757 463 1884 519 dum
1912 463 2017 518 hu-
2046 466 2098 525 Α
2121 460 2400 529 deseruit,
2457 460 2614 531 cujus
2650 468 2678 507 ε
2719 473 2816 515 vos
2853 460 3157 517 reverentia
3205 462 3569 534 congregavit.
3629 461 3706 519 De

435 551 714 608 militatem
761 567 938 609 meam
987 552 1042 607 in
1095 568 1364 607 summum
1408 552 1630 623 gradum
1674 563 1700 591 ιι
1745 554 2015 624 provexit,

404 646 577 714 quod
626 647 894 702 neminem
952 659 1171 699 suorum
1226 653 1551 713 sperneret,
1605 645 2013 701 demonstravit.

400 719 407 770 Ῐ
438 738 589 793 Unde
616 741 715 794 etsi
743 738 1106 794 necessarium
1139 748 1223 793 est
1246 739 1517 808 trepidare
1546 740 1614 795 de
1643 741 1856 806 merito,
1886 738 2013 794 reli-

433 830 640 899 giosum
664 842 745 886 est
778 842 953 887 tamen
983 829 1220 899 gaudere
1248 831 1317 886 de
1344 832 1487 887 dono
1514 848 1531 888 :
1560 837 1810 903 quoniam
1840 833 1898 904 9
1922 832 2015 902 qui

432 924 566 978 mihi
598 924 622 961 δ
663 925 844 978 oneris
881 931 965 978 est
993 933 1200 987 auctor,
1246 925 1363 995 ipse
1405 935 1492 981 est
1533 926 2015 983 administrationis

431 1016 671 1085 adjutor;
714 1026 769 1071 et
814 1031 881 1072 ne
930 1018 1031 1072 sub
1081 1018 1452 1088 magnitudine
1485 1022 1673 1089 gratite
1703 1019 2018 1075 succumbat

436 1106 700 1173 inﬁrmus,
750 1108 900 1163 dabit
943 1109 1219 1174 virtutem,
1270 1110 1361 1178 qui
1411 1110 1643 1165 contulit
1680 1112 2014 1180 dignitatem.

435 1199 770 1254 Recurrente
819 1201 980 1271 igitur
1027 1216 1127 1270 per
1170 1216 1326 1256 suum
1372 1201 1618 1257 ordinem
1664 1202 1751 1257 die
1797 1218 1904 1272 quo
1932 1217 2020 1258 me

433 1289 694 1346 Dominus
727 1302 749 1329 ο
786 1292 1107 1361 episcopalis
1152 1292 1317 1347 ofﬁcii
1358 1293 1527 1346 voluit
1574 1292 1777 1348 habere
1822 1293 2019 1362 princi-

432 1382 602 1449 pium,
628 1397 757 1437 vera
790 1382 922 1437 mihi
950 1384 1004 1437 in
1050 1383 1273 1452 gloriam
1308 1384 1401 1438 Dei
1446 1398 1607 1438 causa
1643 1395 1728 1439 est
1756 1385 1969 1440 laetandi
2000 1403 2014 1441 :

430 1474 521 1543 qui
563 1474 717 1541 mihi,
751 1481 809 1528 ut
852 1474 1080 1528 multum
1109 1489 1137 1526 a
1167 1488 1255 1528 me
1287 1474 1629 1545 diligeretur,
1664 1476 1830 1530 multa
1859 1477 2019 1532 dimi-

428 1567 531 1632 sit;
573 1576 628 1621 et
657 1576 714 1620 ut
745 1565 1043 1620 mirabilem
1090 1566 1293 1621 faceret
1322 1567 1547 1637 gratiam
1594 1582 1769 1634 suam,
1808 1569 1864 1623 iu
1894 1583 2015 1623 eum

429 1672 653 1713 munera
699 1674 795 1713 sua
844 1658 1100 1723 contulit,
1147 1659 1199 1712 in
1245 1674 1352 1727 quo
1401 1660 1720 1715 meritorum
1764 1660 2014 1731 suﬁ'ragia

431 1767 541 1808 non
573 1754 795 1808 invenit.
828 1753 944 1820 Quo
973 1768 1138 1822 opere
1166 1768 1264 1824 suo
1293 1752 1574 1820 Dominus,
1606 1754 1732 1824 quid
1763 1748 2017 1811 cdrdibus

396 1864 399 1867 ’
430 1847 628 1902 nostris
646 1847 902 1910 insinuat,
921 1846 1497 1921 (Inﬂare/commendat,
1519 1846 1621 1901 nisi
1642 1855 1701 1901 ut
1721 1848 1791 1903 de
1801 1848 2012 1917 justitia

429 1955 526 1995 sua
548 1940 1050 2010 nemopmmﬁat,
1082 1950 1135 1995 et
1171 1940 1240 1994 de
1271 1940 1436 2010 ipsius
1467 1941 1833 1996 misericordia
1857 1957 2019 1998 nemo

429 2032 656 2096 difﬁdat,
691 2047 811 2103 qua
840 2041 969 2087 tunc
997 2029 1022 2069 ά
1067 2032 1372 2087 evidentius
1404 2034 1723 2103 praeeminet
1744 2076 1760 2101 ,
1804 2036 2019 2105 quando

430 2136 683 2195 peccator
726 2126 1115 2192 sanctiﬁcatur,
1164 2136 1219 2181 et
1247 2126 1495 2196 abiectus
1543 2128 1786 2197 erigitur.
1833 2128 2016 2199 Neque

428 2223 573 2278 enim
603 2221 670 2276 de
696 2222 956 2292 qualitate
1002 2230 1308 2275 nostrorum
1349 2236 1573 2291 operum
1623 2222 1820 2291 pendet
1847 2219 2045 2279 cmle-'

427 2315 588 2368 stium
622 2328 875 2369 mensura
903 2313 1168 2368 donorum
1194 2330 1209 2367 :
1239 2322 1331 2368 aut
1361 2314 1412 2367 in
1442 2315 1543 2368 isto
1573 2314 1795 2377 saeculo,
1827 2316 1879 2368 in
1909 2330 2016 2384 quo

427 2416 534 2462 tcta
560 2407 665 2461 vita
696 2408 911 2461 tentatio
934 2416 1011 2461 est
1040 2405 1199 2477 (Job.
1228 2421 1323 2475 vn,
1356 2407 1377 2460 l
1404 2405 1443 2475 ).
1479 2406 1580 2460 hoc
1611 2405 1900 2474 unicuique
1931 2422 2016 2461 re-

426 2504 703 2569 tribuitur,
734 2503 877 2574 quod
909 2512 1149 2557 meretur
1180 2521 1191 2555 :
1222 2504 1310 2557 ubi
1336 2503 1381 2556 si
1411 2502 1726 2572 iniquitates
1757 2504 2011 2560 Dominus

426 2592 764 2660 observaret,
797 2593 975 2647 nullus
1001 2593 1260 2662 judicium
1296 2603 1318 2631 ε
1350 2594 1520 2663 ipsius
1547 2595 1858 2650 sustineret.

497 2684 625 2738 Cn.
660 2684 722 2740 ll.
754 2712 826 2725 —
852 2684 1186 2753 Magniﬁcate
1230 2699 1379 2755 ergo,
1413 2684 1772 2751 dilectissimi,
1827 2685 1982 2739 Domi
1995 2716 2015 2729 -

424 2792 547 2829 num
572 2792 790 2843 mecum,
818 2786 866 2829 et
898 2776 1180 2829 exaltemus
1212 2792 1396 2829 nomen
1419 2778 1531 2848 ejus
1558 2776 1613 2829 in
1636 2776 1853 2831 invicem
1890 2776 2010 2848 (Ps.

426 2885 614 2933 xum,
642 2869 719 2936 Δ).
746 2878 804 2923 ιιι
830 2878 941 2924 tota
971 2872 1110 2923 ratio
1131 2869 1461 2924 celebritatis
1501 2869 1777 2925 hodiernae
1797 2870 1864 2924 ad
1900 2871 2015 2924 lau-

422 2962 546 3017 dem
588 2963 671 3015 sui
708 2963 976 3016 referatur
1023 2962 1279 3016 auctoris.
1326 2961 1456 3017 Nam
1502 2963 1643 3033 quod
1687 2963 1906 3033 proprie
1945 2963 2012 3017 ad

422 3054 668 3108 affectum
697 3054 862 3107 animi
891 3055 996 3108 mei
1023 3054 1274 3121 pertinet,
1307 3054 1571 3111 conﬁteor
1602 3070 1688 3110 me
1716 3056 2008 3125 plurimum
2036 3095 2081 3157 Ο

420 3148 488 3203 de
541 3148 780 3201 omnium
837 3156 1072 3201 vestrum
1125 3148 1412 3203 devotione
1459 3149 1713 3218 gaudere.
1764 3149 2008 3220 Cumque

422 3240 561 3292 hanc
602 3238 987 3293 venerabiliunt
1010 3240 1461 3295 consacerdotum
1494 3255 1735 3295 meorum
1768 3242 2009 3310 splendi-

420 3333 743 3388 dissimamf
778 3333 1134 3404 frequentiam
1186 3334 1366 3401 video,
1418 3335 1719 3404 angelicum
1772 3335 2005 3391 nobisin

419 3434 497 3479 tot
517 3424 717 3480 sanctis
748 3425 923 3479 sentio
964 3427 1230 3480 interesse
1281 3419 1629 3480 con'ventum.
1669 3425 1777 3481 Nec
1817 3427 2004 3481 dubito

418 3532 517 3571 nos
555 3516 945 3573 abundantiore
990 3516 1151 3573 hodie
1172 3517 1371 3572 divinae
1395 3518 1696 3587 praesentize
1723 3519 1896 3589 gratia
1918 3522 2001 3575 vi-

418 3606 586 3674 sltriri,
618 3609 834 3678 quando
880 3609 1038 3663 simul
1077 3609 1293 3675 adsunt,
1328 3619 1382 3663 et
1412 3625 1520 3664 uno
1553 3611 1756 3665 lumine
1804 3612 2005 3665 micant

417 3710 491 3753 tot
519 3701 921 3769 speciosissima
970 3699 1317 3754 tabernacula
1346 3700 1464 3765 Dei,
1510 3709 1588 3754 tot
1633 3700 1877 3755 membra
1911 3718 2005 3756 ex-

416 3792 795 3846 cellentissima
825 3793 1069 3861 corporis
1096 3792 1320 3846 Christi.
1344 3792 1453 3846 Nec
1476 3794 1652 3858 abest,
1676 3801 1736 3847 ut
1764 3794 2000 3861 conﬁdo,

414 3890 479 3943 ab
503 3884 602 3943 hoc
632 3894 774 3944 εωιυ
805 3885 965 3944 etiam
998 3885 1292 3939 beatissimi
1342 3887 1572 3954 apostoli
1604 3887 1749 3942 Petri
1782 3889 1869 3957 pia
1920 3888 2003 3943 di-

414 3984 593 4051 gnatio
622 3992 676 4037 et
708 3983 811 4038 ﬁda
838 3986 1089 4047 dilectio;
1145 3992 1244 4039 nec
1271 3988 1506 4035 vestram
1537 3978 1881 4040 devotionem
1912 3981 2002 4061 ille

412 4146 612 4268 stipans,
641 4146 843 4202 dictum
872 4157 976 4202 est.
1009 4148 1129 4203 Mox
1160 4163 1258 4219 pro
1285 4148 1407 4218 fecit
1436 4150 1606 4218 prima
1636 4150 1804 4206 editio
1834 4152 1998 4209 habet

432 4232 555 4269 acu.

485 4296 509 4321 ἰ
542 4287 841 4358 ιρεεὺιιιυι-
871 4289 1118 4358 provehit.
1154 4291 1593 4345 Emendationem
1620 4292 1779 4348 unius
1805 4294 1998 4350 litterae

411 4360 706 4413 mutatione
756 4362 1147 4426 necessariam,
1200 4369 1258 4414 ut
1303 4362 1356 4415 in
1404 4364 1773 4418 admonitione
1817 4376 2000 4421 osten-

411 4430 587 4502 dimus
614 4471 627 4493 ,
666 4430 803 4502 nulli
855 4432 980 4486 licet
1026 4432 1242 4486 codices
1290 4433 1671 4502 suﬁ‘ragentur,
1706 4434 1886 4490 facere
1916 4436 1998 4491 vel

413 4500 565 4553 inviti
595 4500 899 4555 debuimus.

2130 564 2309 610 vestro
2333 555 2513 624 itaque
2528 563 2584 609 et
2610 554 2727 621 ipse
2751 552 2950 623 gaudet
2969 552 3186 621 aﬁ'ectu,
3217 561 3273 610 et
3293 553 3347 608 in
3368 554 3705 612 consortibus

2128 647 2350 701 honoris
2379 648 2464 702 sui
2489 646 2888 701 observantiam
2915 645 3205 701 Dominicac
3223 644 3575 701 institutionis
3596 661 3705 701 am-

2126 740 2397 809 plectitur,
2432 741 2683 809 probans
2731 738 3194 794 ordinatissimam
3247 739 3408 793 totius
3452 739 3705 796 Ecclesiae

2126 832 2442 887 charitatem
2483 848 2605 903 quae
2636 833 2692 886 in
2720 833 2823 904 ιο
2867 832 3010 887 Petri
3052 831 3181 886 sede
3210 830 3428 887 Petrum
3461 834 3702 903 suscipit,
3759 832 3774 904 ξ

2126 932 2181 978 et
2217 937 2248 977 a
2276 925 2407 978 tanti
2430 938 2616 978 amore
2640 923 2871 993 pastoris
2893 937 2994 979 nec
3019 926 3070 977 in
3095 938 3322 992 persona
3350 932 3458 977 tam
3487 924 3706 995 imparis
3760 939 3772 983 ι

2126 1017 2353 1086 tepescit
2389 1015 2638 1071 haercdis.
2692 1014 2761 1071 Ut
2788 1030 2916 1084 ergo
2970 1015 3086 1069 htec
3116 1016 3306 1084 pietas,
3347 1016 3703 1083 dilectissimi,
3752 1019 3773 1050 θ

2127 1125 2284 1178 quam
2308 1124 2435 1179 erga
2461 1110 2820 1164 humilitatem
2842 1124 3018 1164 meam
3052 1109 3381 1163 unanimiter
3410 1110 3701 1173 exhibetis.

2126 1201 2354 1255 fructum
2383 1200 2462 1254 sui
2490 1199 2651 1253 studii
2681 1208 3062 1269 consequatur,
3090 1195 3120 1235 ιι
3149 1199 3705 1256 misericordissimam

2126 1291 2220 1347 Dei
2254 1293 2424 1346 nostri
2444 1292 2784 1347 clementiam
2815 1291 3083 1361 supplices
3110 1292 3417 1353 obsecrate,
3448 1301 3508 1346 ut
3529 1294 3579 1346 in
3598 1293 3709 1349 die-

2126 1382 2228 1439 bus
2256 1384 2455 1438 nostris
2475 1392 2743 1453 expugnet
2769 1384 3143 1453 impugnantes
3170 1398 3289 1447 nos,
3319 1385 3523 1438 muniat
3549 1384 3704 1440 ﬁdem

2134 1474 2150 1511 ¹
2173 1483 2435 1540 nostram,
2461 1484 2651 1544 augeat
2671 1473 3039 1539 dilectionem,
3067 1485 3255 1542 augeat
3284 1488 3493 1543 pacem,
3520 1491 3709 1546 meque

2126 1565 2398 1620 servulum
2416 1579 2594 1632 suum,
2619 1578 2777 1634 quem
2804 1565 2870 1617 ad
2899 1562 3264 1619 ostendendas
3290 1563 3505 1619 divitias
3526 1564 3709 1636 gratias

2125 1674 2239 1715 suae
2266 1659 2646 1730 gubernaculis
2694 1658 2947 1713 Ecclesiae
2991 1658 3164 1712 voluit
3218 1657 3530 1727 praesidere,
3563 1657 3710 1713 sufﬁ-

2126 1752 2356 1806 cientem
2401 1760 2549 1805 tanto
2577 1751 2751 1821 operi,
2793 1761 2847 1804 et
2876 1748 3063 1803 utilem
3095 1759 3289 1804 vestra:
3321 1747 3336 1799 i
3370 1748 3710 1806 aediﬁcationi

2127 1845 2377 1913 dignetur
2397 1847 2634 1911 efﬁcere,
2655 1855 2706 1899 et
2733 1843 2799 1897 ad
2824 1843 2924 1897 hoc
2950 1851 3190 1913 tempora
3210 1852 3409 1898 nostra:
3431 1845 3709 1899 servitutis

2127 1937 2443 2008 extendere,
2484 1947 2542 1991 ut
2572 1936 2819 2006 proﬁciat
2852 1936 3148 2003 devotioni,
3180 1937 3321 2006 quod
3351 1939 3508 1992 fuerit
3546 1937 3707 2008 largi-

2124 2040 2210 2086 tus
2232 2030 2398 2099 aetati,
2431 2045 2527 2101 per
2551 2028 2821 2085 Christum
2856 2028 3141 2083 Dominum
3169 2039 3440 2084 nostrum.
3472 2032 3665 2085 Amen.

2615 2166 2848 2223 SERMO
2880 2164 2947 2219 Ill
2981 2165 3091 2237 [ΑΙ.
3126 2163 3219 2235 11].

2122 2282 2202 2336 De
2231 2282 2410 2335 Natali
2436 2283 2598 2351 ipsius
2632 2280 2724 2334 III
2752 2298 2770 2347 ;
2799 2281 2998 2335 habitus
3025 2281 3078 2333 in
3106 2281 3453 2334 anniuersario
3499 2282 3581 2334 die
3624 2297 3709 2336 as-

2191 2356 2495 2421 sumptionis
2542 2353 2770 2424 ejusdem
2812 2355 2879 2404 ad
2926 2353 3110 2404 summi
3153 2352 3404 2423 pontiﬁcii
3431 2367 3636 2407 munus.

2120 2468 2386 2525 Stuorsxs.
2423 2499 2493 2509 —
2522 2470 2560 2524 Ι.
2594 2468 2674 2521 Ad
2716 2466 2882 2520 Deum
2906 2467 3202 2538 referendus
3229 2466 3393 2521 honor
3412 2467 3707 2522 sacerdotii.

2192 2541 2369 2613 Hujus
2382 2541 2551 2613 ﬁgura
2567 2541 2618 2592 in
2640 2539 3009 2613 Melchisedech
3026 2540 3301 2606 praecessit;
3316 2539 3423 2613 utri
3431 2538 3698 2613 nsquedis-

2191 2610 2502 2666 criinen.—-
2525 2611 2586 2664 ll.
2625 2610 2793 2673 Quam
2832 2614 2996 2677 impar
3028 2620 3167 2662 tanto
3210 2617 3348 2663 oneri
3376 2611 3701 2663 Immanain-

2193 2683 2433 2750 firmitas.
2461 2682 2691 2735 Christus
2723 2680 3007 2734 Ecclesia»:
3036 2697 3233 2751 semper
3268 2682 3417 2749 regit.
3455 2680 3708 2751 Sogditas

2193 2749 2313 2822 ﬁdei
2343 2752 2486 2811 Petri
2507 2766 2787 2819 permanet.
2815 2781 2885 2791 —
2917 2751 2997 2804 Ill.
3032 2749 3172 2804 Petri
3199 2752 3383 2822 elogia,
3410 2754 3495 2822 qui
3527 2749 3708 2804 Eccle-

2190 2826 2281 2879 siae
2304 2841 2479 2877 curam
2506 2824 2661 2877 etiam
2705 2838 2839 2875 nunc
2866 2839 2963 2874 non
2988 2822 3195 2876 deserit.
3230 2823 3343 2886 Quo
3370 2839 3524 2875 sensu
3561 2832 3703 2889 petra

2190 2906 2239 2950 et
2278 2896 2687 2965 fundamentum.
2735 2923 2805 2933 —
2857 2892 2942 2946 lV.
2970 2891 3180 2965 APetrus
3234 2894 3287 2945 in
3326 2893 3707 2965 successoribus

2191 2963 2560 3020 honorandus:
2589 2965 2794 3017 Primos
2840 2963 3067 3017 omnium
3090 2966 3469 3034 episcoporum.
3522 2963 3706 3033 Profe-

2190 3050 2297 3091 ctus
2319 3039 2508 3108 gregis,
2551 3036 2665 3088 laus
2686 3037 2925 3107 pastoris.

2187 3148 2316 3203 Csr.
2349 3148 2390 3201 l.
2418 3147 2723 3212 -Quoties
2754 3145 2910 3199 nobis
2931 3145 3301 3201 misericordia
3323 3144 3417 3199 Dei
3440 3144 3705 3201 donorum

2113 3256 2333 3296 suorum
2358 3240 2473 3293 dies
2492 3253 2761 3293 renovare
2784 3239 3053 3309 dignatur,
3069 3238 3239 3308 jnsta,
3263 3239 3618 3306 dilectissimi,
3648 3250 3705 3297 et

2112 3333 2444 3389 rationabilis
2471 3347 2632 3385 causa
2662 3342 2745 3385 est
2780 3331 3018 3397 laetandi,
3040 3333 3085 3385 si
3113 3331 3275 3385 ofﬁcii
3297 3332 3446 3403 Origo
3469 3334 3703 3403 suscepti

2108 3426 2174 3481 ad
2214 3424 2427 3480 laudem
2454 3426 2533 3478 sui
2578 3423 2844 3479 referatur
2869 3425 3129 3479 auctoris.
3161 3425 3310 3480 lianc
3336 3426 3477 3480 enim
3509 3426 3703 3482 obser-

2110 3522 2343 3573 vantiam
2366 3518 2615 3574 omnibus
2636 3518 2850 3589 quidem
2874 3517 3243 3573 sacerdotibus
3263 3534 3577 3590 congruam,
3603 3520 3700 3577 sed

2111 3614 2239 3667 mihi
2271 3614 2627 3667 necessariam
2673 3614 2906 3666 maxime
2952 3628 3073 3667 esse
3103 3628 3393 3683 cognosco,
3425 3612 3453 3651 ιε
3479 3614 3569 3684 qui
3611 3628 3700 3670 re-

2111 3706 2344 3775 spiciens
2397 3707 2463 3759 ad
2517 3706 2821 3775 exiguitatis
2875 3709 2974 3777 ιι
3002 3721 3134 3760 τηρεε
3163 3709 3475 3761 tenuitatem
3499 3751 3513 3775 ,
3548 3720 3599 3763 et
3627 3708 3699 3763 ad

2112 3798 2348 3867 suscepti
2371 3800 2608 3852 muneris
2639 3796 3081 3866 magnitndmem,
3112 3800 3272 3853 etiam
3291 3814 3392 3868 ego
3418 3799 3547 3853 illud
3572 3813 3700 3868 pro-

2114 3891 2571 3962 pheticumdebco
2598 3892 2965 3959 proclamare:
3003 3888 3241 3957 Domine,
3265 3892 3440 3945 audivi
3458 3892 3698 3946 auditum

2114 3994 2276 4048 tuum,
2302 3994 2348 4041 et
2377 3985 2561 4055 timui;
2585 3983 2899 4044 consideravi
2921 4002 3076 4059 opera
3106 3993 3216 4054 tua,
3240 3992 3287 4043 et
3323 3984 3522 4061 captiui.
3555 3984 3697 4056 Quid

2105 4154 2279 4209 uellus
2310 4164 2366 4209 ct
2396 4155 2447 4208 in
2478 4154 2697 4225 synopsi
2753 4154 2910 4223 hujus
2959 4153 3169 4223 capitis,
3202 4163 3256 4208 et
3298 4156 3350 4209 in
3384 4153 3594 4222 postilla
3625 4155 3698 4212 ad

2105 4227 2400 4294 marginem
2434 4225 2688 4279 editionis
2720 4226 2972 4279 secundae
3005 4234 3303 4288 notaverat,
3337 4227 3699 4296 episcoporum

2106 4307 2383 4351 conventus
2412 4298 2467 4349 in
2515 4309 2690 4348 octava
2728 4297 3126 4350 consecrationis
3167 4296 3392 4350 Romani
3439 4295 3699 4367 pontiﬁcis

2105 4379 2389 4436 promeres
2420 4369 2561 4435 quod
2584 4383 2894 4421 sermonem
2921 4367 3061 4420 hunc
3085 4367 3137 4419 in
3161 4366 3347 4421 eadem
3379 4381 3565 4421 oetava
3598 4368 3698 4422 ha-

2105 4438 2276 4492 bitum
2307 4438 2576 4493 crederet.
2608 4439 2712 4491 Sed
2739 4452 2792 4491 ct
2824 4439 2965 4491 hunc
3002 4451 3334 4502 sermunem,
3367 4447 3420 4491 et
3448 4452 3695 4492 conven-

2106 4519 2217 4563 tum
2251 4511 2631 4577 episcOporum
2674 4511 2725 4562 in
2756 4509 3131 4562 anniversario
3159 4509 3584 4563 consecrationis
3603 4509 3698 4565 die

485 4569 510 4607 ι’
542 4572 629 4649 Sic
656 4572 1059 4649 antiquissimus
1087 4572 1220 4649 ’γρ-ιτ
1259 4572 1399 4649 3_8_5ti
1426 4583 1530 4649 ,_et
1558 4590 1698 4649 unus
1726 4574 1845 4649 Vat.
1889 4575 1999 4649 col-
2028 4574 2081 4632 D
2107 4569 2343 4647 habitos,
2390 4569 2453 4632 in'
2482 4579 2852 4649 admonitione
2881 4579 3237 4634 ostendimus.
3268 4579 3388 4634 Mox
3439 4595 3549 4633 esse
3592 4594 3700 4649 pro

413 4639 536 4693 lect.
580 4642 632 4694 5.
660 4641 1055 4696 Lectionarium
1087 4641 1350 4696 Vallicell.
1373 4646 1415 4696 A
1447 4646 1499 4711 7,
1527 4659 1627 4699 ms.
1661 4646 1872 4710 Casia,
1899 4647 1994 4700 Ito-

411 4715 551 4763 noris
582 4722 778 4775 auctor,
827 4714 933 4777 ipse
983 4723 1073 4765 est.
1109 4713 1451 4777 Quesnellus,
1503 4717 1669 4767 oneris
1700 4726 1771 4767 est
1792 4727 1992 4780 auctor,

411 4784 518 4849 ipse
550 4782 673 4834 mihi
700 4783 784 4850 ﬁet
810 4799 826 4846 ;
854 4790 908 4834 in
939 4783 1177 4852 margine
1216 4794 1396 4837 autem
1423 4800 1517 4844 pro
1550 4786 1783 4839 lectione
1829 4789 1996 4841 oneris

410 4852 595 4922 laudat
630 4854 753 4903 cod.
804 4852 962 4922 Reg,
996 4863 1050 4907 et
1101 4853 1303 4907 Victor.
1356 4864 1507 4907 notat
1551 4871 1679 4908 vero
1720 4856 1773 4909 in
1805 4857 1996 4911 codice

410 4920 578 4995 Regio
611 4924 738 4993 legi,
773 4920 998 4994 ipse-est,
1028 4939 1126 4992 pro
1154 4926 1261 4995 ipse
1303 4924 1426 4977 mihi
1455 4927 1557 4991 ﬁet.
1608 4925 1805 4981 Caeteri
1862 4928 1995 4983 editi

410 4993 654 5046 eamdem
694 4993 973 5067 Quesnelli
1000 4993 1308 5059 lectionem,
1332 4996 1613 5062 exhibent,
1644 5006 1871 5067 excepto
1903 5000 1997 5053 Ito-

410 5068 545 5115 noris
571 5066 688 5117 loco
716 5066 901 5118 oneris.

486 5144 507 5169 ε
539 5133 674 5189 Cod.
709 5134 825 5187 Vat.
856 5136 1221 5205 Longobard.,
1252 5139 1595 5205 episcopatus.
1625 5137 1755 5193 Dein
1789 5139 1996 5194 Masso-

410 5219 509 5256 ntts
536 5205 814 5281 inLeonts
838 5206 957 5261 Vita
985 5209 1112 5281 legit
1144 5208 1494 5281 principatum
1524 5224 1623 5277 pro
1653 5211 1992 5281 principium,

407 5276 550 5341 quod
595 5278 646 5329 in
680 5275 841 5329 nullis
872 5294 977 5330 non
1018 5275 1190 5331 solum
1242 5275 1594 5343 editionibtis,
1647 5275 1743 5335 sed
1790 5275 1994 5337 nostris

406 5347 568 5400 etiam
597 5347 870 5401 codicibus
896 5350 1218 5415 reperimus.
1328 5366 1337 5371 ·
1886 5348 1902 5364 “”

477 5416 504 5451 τι
539 5416 659 5472 Vat.
686 5417 848 5486 3856,
880 5418 1130 5472 euidenter
1157 5419 1430 5486 prominet.
1468 5420 1594 5473 Post
1615 5435 1812 5490 pauca,
1838 5425 1994 5477 meri-

406 5496 574 5609 ltoru‘tln
595 5501 905 5555 nostrorum,
931 5504 1031 5559 pro
1059 5498 1349 5543 nostrorum
1381 5506 1596 5560 operum
1625 5493 1679 5545 in
1710 5494 1835 5548 cod.
1864 5492 1991 5549 Val-

429 5573 509 5609 tce
557 5598 569 5609 .

429 5564 569 5612 icell.

482 5639 504 5663 ε
526 5630 716 5705 _Sic__ex
745 5631 1087 5705 Lectionario
1118 5630 1382 5685 Vallicell.
1416 5641 1469 5686 et
1514 5646 1580 5687 ex
1613 5647 1717 5688 ms.
1778 5633 1990 5705 Longo-

409 5698 563 5769 burd.
591 5701 804 5769 alioque
839 5702 957 5756 Va’t.
991 5701 1102 5769 AL,
1136 5718 1301 5756 suum.

483 5767 501 5806 τ
534 5767 880 5843 Coddfﬂeg.
919 5782 974 5828 et
1006 5767 1142 5827 Vict.
1176 5772 1476 5839 Quesnelli,
1538 5783 1697 5843 atque
1749 5792 1888 5832 unus
1922 5793 1989 5834 ex

408 5843 609 5897 nostris
640 5841 785 5903 Vat.,
823 5841 1295 5908 Irequcntationem.
1332 5844 1441 5899 Hoc
1473 5841 1638 5915 porro
1673 5850 1790 5903 loco
1812 5850 1986 5918 Ques-

2102 4652 2347 4703 interesse
2369 4650 2421 4703 in
2448 4650 2570 4703 cod.
2605 4648 2872 4705 Vallicell.

2174 4728 2200 4766 8
2224 4721 2299 4774 lta
2321 4722 2659 4774 correximus
2680 4736 2750 4774 ex
2782 4736 2912 4774 mss.
2940 4720 3314 4790 antiquissimo
3340 4718 3539 4784 Vatic.,
3569 4718 3698 4774 Val-

2102 4790 2268 4845 licell.
2309 4800 2361 4845 et
2400 4790 2610 4845 duobus
2642 4792 2761 4845 aliis
2799 4790 2938 4856 Vat.,
2998 4806 3119 4845 cum
3151 4801 3306 4845 antea
3347 4790 3527 4845 minus
3552 4805 3693 4845 con-

2100 4876 2232 4930 grue
2264 4864 2315 4914 in
2348 4863 2621 4930 plerisque
2674 4862 2836 4916 editis
2891 4862 3159 4931 legeretur
3189 4878 3300 4915 nos.
3357 4861 3525 4914 Paulo
3567 4871 3696 4930 post

2099 4932 2224 5001 cod.
2262 4932 2627 5001 Longoliard.,
2661 4935 2713 4986 in
2746 4935 3035 4997 consortiis,
3070 4948 3165 4998 pro
3193 4933 3245 4984 in
3276 4931 3614 4987 consortibus.

2174 5000 2203 5040 ιι
2233 5000 2413 5057 Prima
2446 5004 2631 5066 editio,
2667 5004 3065 5057 misericordem.
3098 5001 3234 5056 Cod.
3256 5001 3549 5065 Vallicell.,
3584 5001 3697 5057 Do-

2100 5073 2226 5126 mini
2258 5075 2437 5127 nostri.
2475 5074 2598 5129 Mox
2626 5084 2855 5137 exorate,
2882 5089 2981 5143 pro
3010 5074 3265 5126 obsecr-ate
3295 5080 3346 5126 in
3382 5074 3553 5127 tribus
3582 5073 3695 5128 Va-

2099 5152 2734 5284 υοῗῗὲῖρηρειεηιίοιθς
2762 5213 2921 5268 codd.
2955 5212 3074 5266 Vat.
3097 5213 3266 5284 73856,
3298 5223 3353 5267 et
3380 5212 3696 5283 Langobar-

2100 5283 2274 5351 dicus,
2298 5283 2422 5340 cum
2445 5287 2718 5353 legeretur
2742 5284 2795 5339 in
2822 5285 2981 5339 editis
3009 5303 3020 5335 :
3048 5283 3418 5352 Muniatﬁdsm
3440 5295 3688 5353 uestram,

2104 5356 2405 5427 multiplicet
2435 5356 2755 5427 devotionern
2794 5370 2854 5406 ac
2880 5356 3225 5427 dilectionem,
3274 5365 3459 5425 augeat
3488 5371 3693 5427 pacem.

2103 5424 2275 5480 Codd.
2318 5427 2588 5482 Vallicell.
2636 5439 2689 5481 et
2717 5424 2989 5480 Casin.ac
3021 5424 3141 5479 Vat.
3175 5424 3303 5494 5H,
3348 5424 3575 5480 collect.
3631 5425 3691 5493 4,

2105 5508 2342 5551 nostram
2377 5498 2662 5552 lectionem
2694 5496 3006 5566 prmferunt,
3060 5495 3160 5550 hac
3207 5511 3307 5549 una
3339 5499 3691 5565 exceptione.

2103 5567 2405 5638 multiplicet
2436 5569 2775 5623 dilectionem.

2178 5638 2192 5688 i
2234 5636 2309 5693 lia
2341 5655 2530 5693 omnes
2572 5641 2735 5693 nostri
2773 5652 2960 5691 novem
2993 5636 3210 5691 codices
3260 5646 3316 5691 et
3357 5636 3463 5691 duo
3510 5636 3688 5705 Ques-

2104 5710 2231 5779 nelli
2269 5711 2464 5779 ltegius
2491 5720 2544 5764 et
2574 5709 2900 5763 Gauiliivall.
2939 5708 3105 5779 Editi,
3139 5708 3447 5775 defensioni.

2175 5778 2201 5816 ¹ι
2232 5776 2368 5847 AL,‘
2400 5782 2664 5849 quoniam.
2715 5780 2914 5848 Quesu.
2944 5807 3014 5828 -ο
3043 5778 3116 5833 Ita
3148 5782 3314 5833 etiam
3356 5787 3468 5834 tres
3518 5776 3698 5840 nostri

2103 5852 2318 5905 codices
2356 5850 2615 5905 Vaticani.
