4014 6350
320 413 436 471 115

1782 399 2012 457 SERMO
2052 399 2141 455 lll.

3505 395 3619 458 ιισ

313 523 473 582 enim
504 531 531 561 ι
557 533 666 577 tam
710 521 1013 587 insolitum,
1051 529 1161 575 tam
1192 518 1516 588 pavendum,
1560 531 1719 588 quam
1768 514 1920 569 labor
1949 517 1999 576 Α
2024 513 2262 581 laudata,
2298 517 2314 550 ι
2352 524 2611 583 perpetua
2640 522 2761 579 est;
2792 521 2850 569 et
2894 511 3034 569 sicut
3064 520 3345 583 permanet
3375 514 3519 586 quod
3554 512 3613 572 in

312 619 529 691 fragili,
557 618 859 673 sublimitas
891 614 1102 679 humili,
1135 613 1370 683 dignitas
1400 628 1504 667 non
1536 608 1802 665 merenti?
1848 607 1915 662 Et

310 724 512 770 tamen
541 728 644 767 non
682 710 1034 780 desperamus
1075 721 1250 777 neque
1294 705 1597 770 deficimus,
1626 703 1750 773 quia
1806 716 1916 755 non

309 804 395 860 de
425 804 601 869 nobis,
644 801 737 857 sed
779 801 849 856 de
891 800 985 854 illo
1020 798 1421 869 praesumimus,
1454 798 1542 868 qui
1576 801 1831 866 operatur
1858 794 1914 849 in

307 896 506 952 nobis.
548 895 700 952 Unde
756 901 811 948 et
860 890 1170 947 Davidicum
1200 890 1492 962 psalmum,
1547 886 1910 952 dilectissimi,

304 1003 432 1043 non
474 987 545 1043 ad
572 997 809 1041 nostram
851 984 1163 1051 elationem,
1195 982 1292 1039 sed
1343 982 1410 1036 ad
1462 979 1661 1036 Christi
1701 977 1913 1034 Domini

301 1081 552 1150 gloriam
581 1094 817 1135 consona
842 1092 977 1134 voce
1003 1079 1359 1134 cantavimus.
1403 1075 1524 1145 lpse
1549 1084 1634 1131 est
1673 1073 1815 1129 enim
1844 1073 1913 1130 de

300 1187 432 1241 quo
461 1171 776 1241 prophetice
804 1170 831 1209 δ
864 1170 1123 1239 scriptum
1152 1179 1236 1224 est
1260 1187 1273 1222 :
1305 1167 1384 1222 Tu
1410 1183 1460 1222 es
1491 1168 1729 1223 sacerdos
1751 1170 1805 1219 in
1833 1181 1903 1220 ω-

300 1263 811 1331 ternumsecundum
825 1263 1057 1316 ordinem
1074 1258 1454 1316 Melchisedech
1471 1258 1661 1329 (Hebr.
1684 1273 1778 1324 νιι,
1796 1255 1906 1327 li):

299 1354 425 1411 hoc
453 1364 561 1424 est,
592 1372 694 1410 non
719 1355 1001 1409 secundum
1029 1352 1261 1407 ordinem
1307 1353 1502 1418 Aaron,
1536 1352 1690 1419 cujus
1729 1365 1910 1405 sacer-

296 1448 531 1504 dotium
562 1465 656 1519 per
683 1450 1032 1519 prOpaginem
1054 1449 1137 1502 sui
1161 1447 1384 1501 seminis
1413 1460 1655 1507 currens,
1701 1456 1907 1514 tempo-

294 1542 448 1597 ralis
474 1542 757 1598 ministerii
782 1541 903 1609 fuit,
935 1552 988 1596 et
1015 1556 1135 1596 cum
1168 1541 1370 1597 veteris
1413 1538 1741 1594 Testamenti
1789 1539 1905 1607 lege

294 1635 583 1699 cessavit;
615 1634 708 1689 sed
740 1634 1025 1687 secundum
1055 1630 1699 1696 ordinemdlelchisedech,
1726 1629 1777 1683 in
1797 1644 1903 1699 quo

292 1729 510 1781 aeterni
543 1726 815 1781 POutilicis
837 1727 1005 1780 forma
1038 1727 1331 1795 praecessit.
1359 1725 1424 1779 Et
1450 1725 1574 1779 dum
1592 1724 1788 1794 quibus
1813 1737 1900 1792 pa-

290 1818 565 1871 rentibus
585 1819 653 1871 sit
680 1817 856 1874 editus
881 1834 988 1872 non
1013 1820 1271 1886 refertur,
1301 1818 1352 1871 in
1379 1832 1444 1871 eo
1472 1817 1558 1871 ille
1590 1816 1902 1887 intelligitur
1937 1844 1985 1906 Β

290 1909 551 1976 ostendi,
579 1910 733 1981 cujus
748 1913 1028 1981 generatio
1050 1928 1155 1965 non
1175 1919 1355 1981 potest
1375 1912 1637 1966 enarrari.
1666 1910 1905 1981 Denique

290 2015 432 2055 cum
482 2001 644 2072 hujus
671 2002 837 2057 divini
880 2002 1168 2058 sacerdotii
1213 2010 1610 2058 sacramentum
1640 2004 1800 2056 etiam
1833 2002 1902 2056 ad

291 2092 581 2149 humanas
605 2096 852 2165 pervenit
877 2096 1203 2160 functiones,
1233 2109 1337 2149 non
1371 2111 1467 2164 per
1487 2095 1897 2164 generationum

289 2188 584 2242 tramitem
617 2197 642 2228 ε
664 2189 918 2254 curritur,
952 2204 1053 2243 nec
1078 2188 1221 2257 quod
1246 2202 1373 2242 caro
1415 2196 1469 2241 et
1507 2186 1722 2254 sanguis
1746 2200 1898 2241 crea-

291 2278 405 2342 vit,
436 2279 693 2348 eligitur;
737 2279 831 2335 sed
860 2288 1109 2334 cessante
1146 2278 1427 2349 privilegio
1458 2289 1688 2344 patrum.
1717 2286 1771 2331 et
1815 2277 1897 2331 fa-

287 2371 584 2426 miliarum
604 2373 793 2428 ordine
825 2375 1219 2442 praetermisso,
1243 2387 1340 2427 eos
1371 2384 1611 2427 reetores
1652 2370 1896 2426 Ecclesia

289 2463 538 2532 accipit,
568 2479 703 2534 quos
757 2464 987 2535 Spiritus
1013 2477 1230 2520 sanctus
1260 2464 1602 2535 preparavit;
1622 2473 1674 2517 ut
1708 2464 1759 2517 in
1804 2479 1896 2529 po-

288 2556 434 2623 pulo
456 2556 765 2625 adoptionis
798 2557 914 2623 Dei,
957 2557 1115 2627 cujus
1172 2557 1492 2611 universitas
1538 2554 1895 2615 sacerdotalis

284 2659 473 2715 atque
515 2651 710 2720 regalis
733 2658 849 2717 est,
880 2667 984 2706 non
1019 2652 1374 2720 praerogativa
1412 2660 1640 2705 terrenae
1672 2658 1896 2726 originis

285 2736 317 2776 δ
345 2742 604 2797 obtineat
632 2743 959 2811 unctionem,
1012 2743 1108 2799 sed
1175 2742 1413 2813 dignatio
1444 2743 1681 2804 cmle8tis
1710 2750 1896 2818 gratia:

284 2831 488 2903 gignat
509 2834 823 2890 antistitem.

370 2922 511 2978 Car.
548 2924 614 2977 ll.
643 2924 977 2993 —Quamvis
1007 2940 1155 2995 ergo,
1188 2925 1553 2998 dilectissimi,
1583 2945 1679 2986 nos
1710 2930 1776 2985 ad
1803 2946 1896 2986 ex-

291 3015 565 3084 plendam
596 3016 767 3071 nostri
791 3016 955 3073 officii
979 3018 1317 3090 servitutem,
1342 3032 1398 3078 et
1425 3023 1626 3077 infirmi
1658 3023 1895 3078 invenia-

287 3122 428 3162 mur
460 3117 519 3163 et
548 3123 758 3183 segnes,
786 3113 913 3169 dum
943 3116 987 3168 si
1012 3115 1137 3185 quid
1172 3114 1366 3170 devote
1403 3124 1456 3169 et
1484 3124 1702 3171 strenue
1734 3130 1894 3186 agere

290 3202 581 3273 cupimus,
615 3208 782 3275 ipsius
809 3218 1009 3263 nostra;
1044 3208 1373 3263 conditionis
1397 3206 1689 3279 fragilitate
1712 3210 1894 3265 tarda-

292 3312 462 3362 mur;
522 3297 780 3354 habentes
806 3306 986 3355 tamen
1041 3300 1420 3356 incessabilem
1453 3302 1893 3371 propitiationem

290 3393 695 3462 ornnipotentis
724 3403 780 3448 et
797 3393 1041 3464 perpetui
1064 3394 1391 3462 Sacerdotis,
1424 3396 1516 3465 qui
1559 3396 1753 3451 similis
1797 3411 1898 3450 no-

288 3485 425 3549 stri,
458 3486 683 3556 aequalis
711 3486 879 3554 Patri,
929 3487 1265 3542 divinitatem
1322 3503 1495 3555 usque
1548 3489 1614 3543 ad
1656 3487 1893 3544 humana

288 3576 578 3643 submisit,
613 3577 997 3633 humanitatem
1020 3593 1191 3649 usque
1213 3578 1281 3633 ad
1309 3578 1484 3633 divina
1514 3581 1781 3649 provexit,
1812 3579 1894 3634 di-

292 3684 407 3738 gne
421 3681 475 3723 et
506 3671 595 3739 pie
617 3670 685 3726 de
702 3672 866 3742 ipsius
886 3672 1269 3728 constitutione
1294 3672 1589 3743 gaudemus
1609 3691 1620 3727 :
1638 3674 1892 3743 quoniam

291 3762 402 3818 etsi
424 3764 612 3817 multis
631 3765 933 3834 pastoribus
954 3781 1139 3821 curam
1164 3782 1381 3821 suarum
1404 3766 1581 3821 ovium
1604 3766 1890 3837 delegavit,

299 3855 413 3928 12
436 3857 556 3925 ipse
588 3866 766 3912 tamen
786 3859 969 3914 dilecti
991 3860 1171 3930 gregis
1193 3861 1493 3915 custodiam
1519 3876 1622 3915 non
1651 3860 1888 3932 reliquit.

294 3948 383 4003 De
405 3949 562 4018 cujus
581 3950 860 4020 principali
883 3961 1194 4022 aeternoque
1218 3953 1491 4022 prazsidio,
1520 3955 1682 4009 etiam
1716 3963 1739 3991 ο
1763 3968 1893 4023 apo-

296 4042 512 4097 stolica:
522 4044 639 4113 opis
654 4044 929 4099 munimen
947 4046 1271 4114 accepimus,
1288 4047 1430 4117 quod
1448 4048 1632 4117 utique
1650 4048 1717 4101 ab
1730 4062 1894 4117 opere

295 4150 398 4189 suo
426 4151 534 4190 non
563 4145 719 4191 vacat
757 4154 771 4188 :
813 4146 866 4191 et
906 4137 1132 4192 firmitas
1179 4138 1545 4206 fundamenti,
1591 4140 1677 4193 cui
1728 4140 1894 4194 totius

298 4228 559 4284 Ecclesiae
606 4238 1001 4298 superstruttur
1043 4231 1291 4295 altitudo,
1340 4232 1483 4286 nulla
1531 4231 1890 4285 incumbentis

295 4320 404 4375 sibi
435 4322 623 4391 templi
651 4323 793 4378 mole
824 4324 1040 4379 lacessit
1062 4324 1145 4396 [Ρ.
1176 4327 1276 4396 leg.
1311 4324 1596 4396 lassescit].
1632 4324 1888 4379 Soliditas

296 4416 443 4467 enim
476 4412 626 4469 illius
651 4413 794 4479 fidei,
829 4430 949 4485 qua
1005 4415 1057 4470 in
1106 4416 1476 4486 apostolorum
1527 4415 1773 4487 principe
1804 4427 1890 4473 est

2020 604 2239 660 Christo
2271 604 2462 659 Petrus
2489 605 2743 671 credidit,
2779 606 2849 661 ita
2892 616 3178 677 permanet
3204 606 3349 677 quod
3368 606 3422 662 in
3450 607 3613 664 Petro

2018 699 2263 755 Christus
2296 699 2549 753 instituit.
2577 701 2708 755 Cum
2733 701 2898 764 enim,
2931 701 3069 755 sicut
3090 702 3398 770 evangelica
3421 700 3610 756 feetio-

2019 808 2088 848 ne
2117 801 2419 848 reseratum
2447 801 2555 856 est,
2589 793 2976 863 interrogasset
3006 794 3265 847 Dominus
3292 792 3609 861 discipulos,

2017 901 2176 957 quem
2208 886 2405 955 ipsum,
2439 886 2622 940 multis
2652 886 2863 941 diversa
2895 886 3268 956 opinantibus,
3301 885 3608 951 crederent,

2016 979 2495 1051 respondissetque
2516 980 2705 1035 beatus
2729 990 2753 1027 ε
2776 981 2989 1042 Petrus,
3023 980 3240 1036 dicens:
3272 976 3357 1033 Tu
3376 994 3430 1033 es
3451 976 3609 1034 Chri-

2014 1082 2122 1127 stus
2171 1072 2314 1141 ﬁlius
2339 1071 2436 1127 Dei
2464 1074 2600 1126 vivi:
2622 1074 2878 1129 Dominus
2920 1074 3033 1127 ait:
3066 1072 3257 1127 Beatus
3302 1088 3376 1136 es,
3423 1071 3608 1127 Simon

2014 1167 2309 1233 Bar—Jona,
2345 1170 2465 1237 quia
2508 1183 2630 1221 caro
2658 1174 2703 1219 et
2729 1168 2941 1239 sanguis
2985 1183 3087 1221 non
3120 1168 3357 1221 reuelauit
3376 1166 3490 1233 tibi,
3515 1166 3607 1221 sed

2016 1257 2178 1312 Pater
2208 1276 2350 1314 meus
2403 1261 2492 1329 qui
2518 1259 2571 1313 in
2594 1258 2735 1313 cretis
2767 1268 2861 1313 est.
2895 1257 2963 1313 Et
2990 1275 3082 1329 ego
3126 1260 3240 1312 dico
3273 1258 3362 1312 tibi
3399 1258 3522 1329 quia
3547 1266 3605 1312 tu

2015 1366 2064 1404 es
2097 1350 2305 1422 Petrus,
2338 1360 2386 1405 et
2415 1368 2567 1423 super
2596 1349 2728 1405 hanc
2760 1360 2955 1419 petram
2997 1350 3265 1420 mdiﬁcabo
3314 1349 3605 1404 Ecclesium

2018 1460 2202 1511 meam,
2231 1454 2278 1498 et
2302 1454 2462 1513 partes
2489 1444 2645 1512 inferi
2672 1461 2773 1498 non
2794 1444 3142 1516 pravalebunt
3173 1444 3417 1498 adversus
3466 1458 3602 1497 eam.

2014 1533 2083 1586 Et
2114 1535 2204 1587 tibi
2234 1535 2366 1588 dabo
2396 1532 2563 1590 claves
2598 1536 2744 1606 regni
2784 1535 3049 1589 cmlorum.
3077 1532 3147 1589 Et
3184 1533 3215 1573 ¹ι
3249 1534 3605 1603 quodcumque

2012 1625 2249 1698 ligaveris
2302 1643 2454 1696 super
2509 1636 2723 1691 terram,
2769 1627 2865 1681 erit
2918 1628 3136 1697 ligatum
3185 1636 3232 1680 et
3268 1628 3321 1680 in
3349 1626 3603 1681 caelis:et

2010 1719 2372 1788 quodcumque
2400 1719 2611 1774 solveris
2639 1737 2793 1786 super
2827 1731 3036 1786 terram,
3069 1722 3165 1776 erit
3188 1721 3413 1775 solutum
3451 1728 3502 1775 et
3544 1721 3600 1774 in

2012 1812 2149 1866 caelis
2180 1810 2397 1882 (Matth.
2427 1828 2536 1877 xvr,
2567 1813 2778 1884 16-19).

2082 1904 2214 1958 CAP.
2250 1905 2337 1959 111.
2365 1935 2436 1945 -
2480 1906 2659 1960 Manet
2713 1920 2844 1976 ergo
2876 1906 3159 1975 dispositio
3216 1906 3482 1972 veritatis,
3544 1913 3598 1959 et

2012 1996 2203 2052 beatus
2232 1997 2423 2052 Petrus
2448 1998 2503 2052 in
2532 2008 2751 2068 accepta
2794 1998 3106 2053 fortitudine
3138 1996 3156 2035 ί
3190 2008 3356 2068 petrae
3405 2012 3593 2066 perse-

2010 2107 2226 2157 verans,
2257 2104 2508 2162 suscepta
2530 2093 2787 2150 Ecclesiae
2813 2094 3173 2165 gubernacula
3213 2110 3319 2147 non
3358 2093 3593 2169 reliquit.

2010 2183 2099 2239 Sic
2126 2185 2268 2238 enim
2302 2200 2413 2254 pra:
2458 2187 2668 2241 caneris
2700 2198 2781 2242 est
2824 2187 3121 2249 ordinatus,
3172 2196 3230 2247 ut
3259 2186 3388 2246 dum
3434 2191 3598 2247 Petra

2007 2274 2222 2343 dicitur,
2257 2277 2382 2330 dttm
2415 2278 2822 2333 fundamentum
2859 2287 3254 2355 ptottuutiatur,
3288 2285 3414 2340 dum
3442 2283 3596 2354 regni

2000 2372 2258 2425 caelorum
2286 2371 2492 2437 ianitor
2520 2373 2885 2447 constituitur,
2945 2379 3070 2433 dum
3102 2379 3434 2447 ligandorum
3483 2378 3595 2433 sol-

2001 2460 2410 2537 deorumque
2440 2469 2665 2530 arbiter.
2694 2484 2948 2524 mansura
2980 2471 3142 2526 etiam
3177 2470 3230 2525 in
3262 2472 3416 2526 cmlis
3450 2471 3464 2521 1
3500 2470 3593 2539 ju-

2002 2560 2267 2615 diciorum
2293 2576 2514 2615 suorum
2544 2560 2879 2627 deﬁnitione,
2914 2562 3223 2631 praeficitur,
3273 2562 3446 2630 qualis
3492 2562 3593 2630 ipsi

2001 2668 2123 2708 cum
2150 2653 2368 2707 Christo
2399 2662 2544 2708 esset
2572 2656 2825 2723 societas,
2877 2670 2973 2723 per
3026 2654 3139 2724 ipsa
3170 2654 3591 2723 appellationum

2001 2747 2118 2816 ejus
2146 2747 2399 2818 mysteria
2428 2762 2796 2802 nosceretnus.
2828 2748 2944 2813 Qui
2976 2760 3118 2802 nunc
3145 2749 3357 2816 plenius
3393 2757 3446 2802 et
3493 2760 3590 2815 po-

2000 2840 2199 2896 tentius
2227 2857 2288 2897 ea
2317 2857 2439 2911 qua:
2469 2841 2570 2895 sibi
2592 2843 2882 2897 commissa
2905 2852 3031 2896 sunt
3057 2843 3285 2911 peragit,
3317 2852 3370 2895 et
3400 2856 3587 2896 omnes

2000 2946 2179 3005 partes
2210 2935 2514 2991 officiornrn
2536 2946 2697 3005 atque
2718 2950 2968 2990 curarum
3007 2936 3059 2989 in
3084 2936 3202 3003 ipso
3226 2944 3281 2989 et
3302 2949 3421 2989 cum
3446 2934 3586 3004 ipso,

2000 3042 2095 3097 per
2125 3043 2284 3098 quem
2316 3036 2401 3082 est
2428 3028 2782 3097 glorificatus,
2802 3027 3137 3096 exsequitur.
3166 3027 3222 3081 Si
3249 3026 3374 3095 quid
3407 3025 3588 3095 itaque

1998 3135 2028 3176 a
2058 3121 2213 3175 nobis
2252 3133 2401 3176 recte
2428 3122 2626 3191 agitur,
2656 3132 2914 3188 reeteque
2941 3118 2967 3158 ιι
2992 3119 3343 3184 discernitur,
3386 3118 3431 3172 si
3459 3117 3587 3187 quid

1997 3231 2027 3270 a
2059 3215 2427 3270 misericordia
2460 3215 2555 3271 Dei
2586 3214 2917 3285 quotidianis
2940 3212 3418 3283 supplicationibus
3448 3212 3588 3266 obti-
3630 3196 3633 3201 ’

1998 3319 2177 3374 netur,
2210 3310 2352 3364 illius
2382 3319 2465 3364 est
2492 3324 2721 3379 operum
2771 3318 2933 3377 atque
2974 3309 3313 3372 meritorum,
3345 3305 3501 3373 cujus
3535 3306 3586 3358 in

1998 3401 2129 3455 sede
2180 3416 2277 3455 sua
2325 3402 2454 3455 vivit
2484 3411 2744 3471 potestas,
2775 3414 2829 3455 et
2863 3399 3418 3454 excellitaucteritas.
3472 3397 3586 3451 Hoc

1998 3493 2140 3548 enim
2169 3495 2421 3559 obtinuit,
2448 3494 2807 3556 dilectissimi,
2835 3494 2921 3547 illa
2948 3492 3243 3557 confessio,
3274 3505 3397 3561 quae
3421 3505 3450 3543 a
3486 3488 3586 3561 13

1999 3589 2112 3644 Deo
2160 3591 2319 3645 Patre
2342 3590 2640 3660 apostolico
2670 3591 2933 3659 inspirata
2963 3590 3137 3652 cordi,
3183 3588 3361 3641 omnia
3398 3586 3588 3639 huma-

1999 3699 2187 3737 narum
2210 3683 2525 3752 Opinionum
2560 3684 2764 3737 incerta
2797 3682 3145 3746 transcendit,
3190 3690 3244 3735 et
3276 3679 3584 3733 firmitatem

1998 3787 2188 3846 petrm,
2220 3793 2337 3844 qua:
2364 3776 2525 3831 nullis
2552 3776 2965 3843 impnlsionihus
2990 3783 3326 3842 quateretur,
3352 3770 3583 3837 accepit.

1996 3868 2054 3924 lu
2086 3870 2337 3925 universa
2369 3884 2599 3938 namque
2626 3868 2891 3933 Ecclesia,
2922 3865 3002 3919 Tu
3049 3883 3099 3919 es
3139 3864 3372 3919 Christus
3411 3860 3584 3916 Filius

1999 3960 2099 4016 Dei
2122 3963 2239 4028 vivi,
2274 3962 2513 4029 quotidie
2544 3961 2733 4016 Petrus
2760 3962 2918 4023 dicit,
2953 3968 3006 4015 et
3035 3959 3211 4012 omnis
3244 3959 3442 4025 lingua,
3466 3970 3588 4025 quas

2000 4053 2290 4107 confitetur
2315 4053 2625 4115 Dominum,
2667 4050 2977 4120 magisterio
3006 4049 3164 4117 hujus
3205 4050 3352 4103 vocis
3387 4045 3586 4101 imbui-

2000 4152 2104 4197 tur.
2140 4145 2266 4197 llasc
2296 4143 2430 4197 fides
2462 4142 2733 4195 diabolum
2767 4141 2955 4204 vincit,
3001 4150 3054 4193 et
3099 4139 3431 4208 captivtirutn
3468 4135 3586 4205 ejus

1998 4237 2208 4289 vincula
2238 4235 2507 4288 dissolvit.
2542 4234 2665 4287 Hth
2694 4242 2877 4288 erutos
2903 4232 3106 4284 mundo
3133 4229 3501 4292 inseritcmlo,
3532 4236 3589 4282 et

2000 4336 2167 4392 portae
2192 4325 2345 4380 inferi
2374 4325 2632 4379 adversus
2662 4338 2781 4379 eam
2833 4322 3129 4391 praevalere
3182 4335 3287 4373 non
3337 4325 3585 4386 possunt.

1997 4419 2166 4472 Tanta
2198 4416 2339 4473 enim
2372 4417 2631 4471 divinitus
2677 4414 2950 4468 soliditate
2997 4412 3198 4466 munita
3230 4421 3333 4477 cst,
3370 4422 3427 4464 ut
3466 4425 3586 4464 eam

372 4579 400 4607 ι
420 4568 593 4643 Codd.
622 4571 898 4626 Bodleian.
926 4581 979 4627 et
1000 4571 1385 4627 Gaudiival.ad
1400 4574 1721 4643 marginem,
1744 4575 1862 4628 solli
1874 4604 1891 4615 -
1919 4576 1971 4634 D
2001 4576 2184 4629 ctionis
2214 4586 2494 4643 unguento,
2524 4582 2630 4628 etc.
2664 4573 3036 4640 Qucsueuus.

297 4650 481 4715 crtum.
505 4642 793 4715 Quum—3
811 4643 886 4698 Ita
911 4659 1124 4713 quoque
1146 4642 1555 4715 antiquissimus
1577 4645 1698 4700 Vat.
1725 4645 1887 4701 5856.

374 4712 401 4751 δ
428 4715 546 4768 Duo
577 4729 708 4768 mss.
740 4713 913 4777 Vatt.,
954 4712 1148 4769 dictum
1172 4725 1266 4769 est.

376 4793 401 4853 ς
436 4784 609 4846 Alias,
639 4787 820 4839 currit.
849 4785 1050 4853 QUESN.

369 4850 399 4892 ἀ
440 4855 785 4910 Manifestum
819 4850 922 4922 est,
959 4858 1013 4911 ni
1043 4857 1220 4922 fallor,
1248 4873 1316 4913 ex
1341 4856 1443 4911 hoc
1470 4858 1590 4912 loco
1633 4859 1890 4914 materia-

300 4927 409 4983 lem
436 4926 816 4997 episcoporum
862 4928 1175 4983 unctionem
1201 4928 1311 4997 jam
1341 4938 1452 4982 tum
1478 4930 1530 4983 in
1576 4944 1675 4984 usu
1724 4928 1893 4984 fuisse

300 4999 357 5052 in
414 4996 761 5051 ordinatione
804 4998 1133 5068 episcopali,
1169 4996 1311 5066 apud
1358 4998 1657 5053 Romanam
1698 5000 1889 5055 saltem

300 5069 627 5124 Ecclesiam.
661 5069 938 5140 Siquidem
969 5071 1107 5139 apud
1138 5072 1375 5125 Leonem
1409 5070 1550 5125 idem
1572 5080 1655 5124 est
1674 5070 1896 5123 obtinere

301 5140 595 5194 unctionem
623 5155 687 5195 ac
718 5143 830 5195 fieri
861 5140 1213 5211 episcopum;
1244 5141 1387 5212 quod
1416 5142 1485 5195 de
1518 5142 1631 5195 sola
1665 5143 1892 5211 spiritali

304 5213 563 5266 unctione
589 5213 635 5265 si
658 5211 1069 5282 intelligeretur,
1097 5211 1585 5282 valde’ambignum
1611 5221 1775 5269 esset.
1804 5214 1897 5266 Est

304 5292 359 5337 et
389 5285 439 5335 in
473 5297 727 5338 sermone
751 5284 1017 5352 sequenti,
1057 5299 1179 5351 cap.
1215 5286 1267 5347 1,
1300 5298 1404 5338 nOu
1444 5284 1705 5338 absimilis
1736 5299 1893 5338 men-

304 5364 404 5419 tio,
428 5355 605 5424 magis
631 5363 808 5409 tamen
838 5354 1089 5417 obscura,
1124 5356 1418 5409 materialis
1451 5356 1735 5409 unctionis.
1760 5355 1894 5410 Vide

304 5426 465 5478 etiam
508 5440 676 5480 serm.
709 5424 743 5479 8
774 5427 841 5480 de
860 5425 1121 5480 Passione
1145 5425 1299 5479 Dom.
1332 5440 1451 5493 cap.
1484 5427 1544 5479 7:
1579 5424 1755 5491 Nunc,
1813 5429 1895 5480 in-

299 5497 439 5568 quit,
473 5504 523 5549 et
550 5496 678 5550 ordo
707 5496 897 5551 clarior
923 5497 1215 5561 levitarum,
1245 5505 1294 5551 et
1321 5497 1545 5568 dignitas
1569 5497 1792 5563 amplior
1815 5514 1895 5551 se-

304 5566 532 5631 niorum,
560 5577 608 5619 et
638 5569 888 5621 sacratior
928 5575 999 5621 est
1042 5570 1214 5622 unctio
1244 5566 1588 5622 sacerdotum.
1623 5568 1717 5638 'Ad
1747 5578 1896 5623 exte-

306 5640 505 5692 riorem
527 5639 691 5692 etiam
723 5639 1069 5694 sacerdotum
1098 5639 1408 5694 unctionem
1440 5639 1727 5695 manifeste
1750 5641 1890 5693 allu-

306 5708 381 5781 dit
403 5710 459 5781 in
490 5710 840 5778 subsequenti
865 5725 1135 5776 sermone,
1163 5726 1284 5765 cum
1306 5712 1375 5766 de
1394 5711 1621 5781 spiritali
1651 5711 1891 5766 omnium

307 5778 700 5849 bsptizatorum
732 5795 829 5835 seu
863 5781 1100 5835 fidelium
1135 5784 1383 5837 unctione
1423 5778 1729 5836 sermonem
1764 5782 1895 5838 facit

307 5850 413 5924 cel
439 5869 451 5903 :
489 5850 675 5905 Omnes
696 5852 749 5905 in
772 5851 977 5906 Christo
1000 5863 1319 5924 regeneralos
1342 5853 1504 5907 sancti
1536 5852 1762 5921 Spiritus
1791 5870 1893 5908 un-

306 5922 410 5977 ctio
437 5932 698 5978 conuertit
734 5922 1070 5979 sacerdotesf
1106 5925 1175 5982 Et
1216 5924 1353 5981 infra
1382 5939 1401 5981 :
1454 5924 1637 5996 Effusa
1690 5925 1892 5982 benedi-

2075 4657 2099 4685 ο
2141 4641 2452 4701 Εάίιίἐιηιθ
2490 4644 2867 4713 Quesnellum,
2919 4643 3190 4714 apostolici
3243 4643 3433 4714 aperis.
3490 4641 3589 4697 Ille

1998 4719 2231 4787 praetulit
2273 4719 2557 4771 lectionem
2601 4717 2763 4787 codd.
2798 4714 2933 4768 Vict.
2963 4726 3025 4787 et
3043 4713 3353 4787 Gaudiival.
3385 4714 3591 4780 Quibus

1996 4786 2226 4858 quatuor
2246 4791 2410 4843 nostri
2431 4788 2567 4841 Vati.
2595 4786 2971 4858 suffragantur.
3002 4786 3168 4839 Porro
3192 4786 3469 4853 accipimus
3490 4800 3590 4855 pro

1998 4857 2289 4923 accepimus
2322 4871 2403 4911 est
2438 4861 2488 4911 in
2521 4858 2899 4927 antiquissimo
2931 4857 3212 4909 Vaticano.

2078 4930 2095 4969 ί
2132 4932 2272 4985 Idem
2306 4932 2425 4984 cod.
2462 4929 2607 4991 Vat.,
2656 4926 2945 4999 perpetuat.
2976 4926 3252 4993 Quesnelli
3283 4927 3590 4979 annotatio-

2000 5019 2121 5055 nem
2145 5002 2268 5056 huic
2296 5001 2413 5055 loco
2441 5000 2761 5068 subjectam,
2796 5001 2846 5052 in
2879 4999 3285 5051 observatiOnes
3318 5013 3439 5066 qua:
3469 5007 3590 5063 post

2001 5073 2292 5128 Sermones
2310 5072 2557 5135 edentur,
2591 5070 2905 5139 rt-jeCtmus;
2942 5069 3120 5138 ibique
3142 5068 3341 5123 LeOnis
3371 5079 3589 5124 sentcn-

2002 5148 2131 5197 tiam
2173 5144 2578 5210 explicabimus.

2078 5226 2102 5261 Β
2137 5214 2254 5268 Duo
2284 5231 2412 5267 mss.
2437 5214 2577 5266 Vatt.
2613 5211 2837 5274 addunt,
2870 5212 3156 5278 apostolus.

2076 5283 2101 5320 h
2136 5286 2233 5339 Ms.
2276 5286 2408 5338 Vatt.
2462 5284 2633 5341 5856.
2688 5298 3015 5352 qua'cumque
3064 5281 3413 5349 ligaveris.....
3446 5291 3591 5352 erunt

2004 5358 2163 5426 ligata
2234 5357 2294 5408 Et
2339 5372 2669 5424 quwcumque
2707 5351 3032 5408 θοίνα-ἰδέη..
3079 5362 3223 5407 erunt
3269 5354 3456 5426 soluta.
3502 5351 3591 5426 Si.

2004 5422 2147 5481 milis
2180 5428 2333 5480 lectio
2352 5422 2598 5480 occurrit
2627 5426 2787 5481 etiam
2818 5428 2867 5478 itt
2901 5440 3151 5478 sermone
3180 5424 3495 5491 sequentirc.
3532 5422 3587 5476 5.

2081 5500 2095 5535 ί
2133 5499 2190 5553 In
2217 5500 2401 5553 eodem
2431 5500 2550 5553 cuti.
2588 5509 2640 5551 ct
2681 5498 2733 5551 in
2766 5499 2874 5551 alio
2920 5497 3035 5549 Vat.
3071 5511 3170 5549 vox
3217 5490 3371 5564 petra!
3412 5490 3589 5547 deest.

2002 5569 2132 5625 Post
2160 5585 2324 5639 pauca
2354 5569 2511 5623 iidem
2540 5585 2696 5635 mss.,
2730 5587 2829 5621 non
2856 5568 3117 5639 relinquit.
3320 5636 3327 5639 _
3376 5634 3395 5639 Δ
3442 5636 3451 5639 _
3483 5635 3492 5639 _
3628 5636 3629 5639 η

2077 5644 2091 5691 i
2134 5634 2542 5696 Vetustissimus
2599 5643 2720 5695 cod.
2753 5640 2897 5701 Vat.,
2944 5637 3265 5708 judiciorunt
3296 5634 3590 5705 definitione

2000 5713 2329 5783 prteﬁnitur;
2360 5712 2497 5767 alius
2515 5711 2663 5778 Vat.,
2701 5711 2984 5783 perﬁcitur.

2072 5775 2275 5840 k'ldem
2311 5775 2723 5854 antiquissimus
2766 5775 2971 5845 codex,
3002 5777 3313 5844 decernitur,
3353 5789 3407 5835 et
3451 5775 3590 5837 forte

1998 5856 2213 5913 melius.

2706 6016 2735 6026 μ
2764 6016 2767 6019 λ
