4014 6350
224 390 343 449 153

730 496 971 556 sentio
1007 497 1051 553 v
1089 496 1199 571 [Αι.
1238 492 1355 565 IV}.

225 608 255 635 ³
278 592 581 653 DeNatali
606 593 773 668 ipsius
802 592 871 668 V,
894 595 949 647 in
971 590 1323 668 anniversario
1348 586 1717 659 assumptionis
1736 602 1845 643 sua

798 666 867 719 ad
909 664 1289 737 pontiﬁcatum.

224 761 531 819 Snorsrs.
559 790 634 803 —
668 758 711 816 Ι.
750 757 940 812 Omnia
964 759 1018 811 in
1048 755 1211 809 Deum
1236 770 1342 808 esse
1369 753 1658 825 referenda.
1688 782 1757 793 —
1777 752 1840 808 ll.

308 835 436 901 Quo
465 835 677 900 quisque
703 832 940 883 altiorem
994 830 1047 880 in
1092 826 1322 901 Ecclesia
1354 834 1488 901 tenet
1533 827 1701 878 locum
1728 868 1742 891 ,
1786 841 1845 878 eo

300 895 488 975 inagis
514 895 603 957 illi.
620 903 905 957 timendum
949 916 1074 975 esse.
1112 928 1182 937 —
1228 898 1316 975 ιιι.
1365 895 1631 975 Christum
1669 912 1846 975 verunt

304 966 429 1029 esse
462 976 795 1030 Sacerdotem
835 972 1114 1025 secundum
1162 969 1393 1022 ordinem
1442 966 1843 1036 Melchisedech,

304 1057 363 1101 et
400 1063 510 1101 sua:
535 1060 735 1114 semper
760 1043 937 1098 adesse
964 1040 1232 1095 Ecclesite.
1266 1068 1337 1079 —
1375 1038 1714 1114 lV.__Pe_tr_um
1739 1038 1848 1114 Ro-

308 1136 494 1172 mana:
523 1108 657 1172 sedis
701 1132 899 1184 semper
928 1130 1105 1167 curam
1129 1127 1327 1183 gerere.
1362 1139 1433 1151 —
1466 1108 1528 1163 V.
1561 1108 1653 1164 Illi
1685 1112 1847 1184 potis-

238 1222 243 1223 ν
304 1205 513 1243 uanum
561 1182 817 1241 honorent
864 1201 970 1238 esse
1028 1182 1466 1254 impendendum,
1540 1198 1690 1254 cujus
1737 1182 1849 1236 sedi

304 1276 651 1315 successores
679 1262 788 1330 ejus
818 1258 1065 1311 serviunt.

304 1352 450 1408 Car.
482 1352 526 1407 Ι.
558 1381 630 1393 -
674 1351 827 1406 Sicut
857 1349 1035 1403 honor
1059 1356 1143 1403 est
1184 1346 1443 1415 ﬁliorum,
1488 1344 1845 1412 dilectissimi,

231 1443 492 1514 dignitas
516 1454 752 1515 patrum,
796 1442 867 1494 ita
901 1440 1087 1495 laetitia
1113 1451 1195 1494 est
1229 1438 1421 1509 plebis,
1464 1439 1572 1509 20
1597 1437 1849 1509 gaudium

229 1535 585 1589 sacerdotis.
615 1531 768 1599 Quod
796 1532 921 1601 quia
954 1546 1019 1586 ex
1046 1530 1231 1585 divino
1252 1530 1398 1585 venit
1430 1544 1850 1583 munerezomne

228 1627 411 1691 enim,
440 1628 584 1682 sicut
628 1626 888 1693 scriptum
930 1632 1047 1689 est,
1080 1622 1260 1676 datum
1310 1622 1593 1693 optimum,
1627 1630 1673 1675 et
1701 1637 1852 1676 omne

228 1721 448 1773 donum
495 1720 779 1791 perlectum
824 1718 1095 1771 desursum
1140 1724 1235 1782 est,
1288 1715 1596 1769 descendens
1629 1730 1662 1765 a
1695 1712 1853 1767 Patre

230 1819 507 1869 luminum
544 1814 686 1887 (lac.
718 1830 767 1881 ι,
803 1812 894 1883 17)
926 1831 938 1866 :
972 1813 1175 1883 gratias
1222 1826 1386 1882 agere
1441 1811 1705 1866 bonorum
1736 1826 1852 1865 om-

1728 325 2159 437 δεηῇὀνῖψ

1868 506 1924 564 Α
1948 500 2151 567 vitutis,
2188 502 2290 557 nisi
2323 517 2430 558 non
2459 502 2798 573 dormitaret,
2850 521 3027 580 neque
3072 509 3408 567 obdormiret
3440 516 3535 585 qui

1917 380 1962 435 Ο
2002 379 2057 436 ν.
3436 393 3535 451 154

1950 592 2186 647 custodit
2231 594 2431 663 Israel,
2461 604 2517 651 et
2538 598 2630 668 qui
2679 597 2957 669 discipulis
2996 601 3109 657 suis
3138 602 3212 657 ait
3242 620 3255 657 :
3286 600 3419 658 Ecce
3443 622 3535 678 ego

1949 684 2209 737 uobiscum
2236 702 2352 740 sum
2383 689 2617 743 omnibus
2657 689 2836 745 diebus
2868 707 3025 763 usque
3047 694 3115 746 ad
3136 697 3535 750 consummatio-

1948 792 2066 831 nem
2093 778 2268 832 steculi
2298 778 2515 852 (Matth.
2556 797 2721 837 xxvnt
2745 823 2761 849 ,
2794 782 2928 856 20):
2966 785 3067 841 nisi
3087 786 3400 857 dignaretur
3430 792 3535 861 21

1950 885 2058 925 non
2088 871 2259 925 solum
2287 882 2470 929 custos
2513 875 2719 945 ovium,
2752 880 2843 933 sed
2872 879 3112 949 ipsorum
3164 882 3325 936 etiam
3357 890 3539 951 pastor

1950 977 2073 1018 esse
2121 974 2433 1032 pastorum;
2488 968 2581 1035 qui
2620 983 2883 1039 corporeo
2912 972 3129 1043 quidem
3183 974 3381 1030 intuitu
3431 992 3540 1032 non

1950 1052 2187 1119 videtur,
2218 1056 2311 1111 sed
2333 1058 2565 1127 spiritali
2614 1060 2778 1115 corde
2834 1064 3089 1131 sentitur;
3120 1065 3315 1121 absens
3343 1081 3539 1137 carne,

1950 1161 2053 1217 qua
2086 1148 2261 1216 potuit
2299 1163 2421 1204 esse
2463 1151 2821 1222 conspicuus;
2870 1170 3111 1225 prtesens
3154 1157 3387 1224 deitate,
3434 1176 3537 1230 qua

1953 1240 2151 1308 ubique
2206 1256 2424 1313 semper
2471 1252 2555 1299 est
2600 1254 2764 1301 totus.
2795 1246 2931 1315 Quia
2978 1251 3121 1303 enim
3144 1253 3318 1319 justus-
3347 1268 3411 1305 ex
3440 1251 3542 1319 ﬁde

1950 1331 2072 1386 vivit
2105 1332 2332 1403 (Ilabac.
2364 1350 2422 1402 ιι,
2447 1335 2529 1407 4),
2560 1345 2616 1392 ει
2664 1338 2781 1393 haec
2805 1348 2891 1395 est
2914 1340 3127 1409 justitia
3161 1342 3453 1409 credentis,
3484 1353 3544 1398 ut

1952 1426 2180 1495 recipiat
2223 1430 2405 1484 animo
2442 1430 2585 1498 quod
2618 1447 2723 1485 non
2763 1435 2939 1488 cernit
2980 1446 3235 1505 aspectu;
3266 1438 3544 1491 ascendens
3584 1490 3590 1502 ,

1952 1517 2207 1575 Dominus
2236 1523 2291 1575 in
2316 1525 2480 1578 altum
2510 1528 2759 1595 captivam
2806 1528 2953 1583 duxit
2982 1531 3357 1598 captivitatem,
3405 1531 3545 1586 dedit

1953 1614 2092 1667 dona
2118 1613 2406 1671 hominibus
2450 1616 2571 1687 (Ps.
2623 1636 2804 1686 vatr,
2846 1619 2934 1691 19)
2963 1663 2976 1685 ,
3003 1622 3163 1678 fidem
3214 1621 3459 1692 scilicet,
3489 1632 3545 1679 et

1953 1722 2128 1779 spem,
2169 1718 2224 1764 et
2252 1711 2590 1777 charitatem,
2639 1729 2760 1783 qua:
2803 1713 2930 1769 inde
2980 1731 3172 1787 magna
3217 1728 3363 1782 sunt,
3420 1718 3544 1775 inde

1956 1800 2139 1867 fortia,
2173 1800 2299 1857 inde
2348 1804 2606 1872 pretiosa,
2654 1808 2779 1875 quia
2826 1807 2970 1876 quod
3009 1810 3189 1863 carnis
3235 1810 3405 1865 oculis
3435 1826 3543 1868 non

232 1910 398 1965 nium
424 1911 689 1965 debemus
717 1907 947 1973 auctori,
995 1906 1249 1976 quoniam
1291 1906 1408 1961 sive
1436 1906 1490 1959 in
1516 1905 1848 1961 naturalibus

1956 1893 2259 1963 attingitur,
2295 1895 2346 1949 id
2371 1898 2508 1951 miro
2538 1900 2735 1953 mentis
2761 1899 2953 1955 affectu
2978 1909 3033 1956 et
3060 1902 3320 1971 creditur,
3348 1914 3403 1959 et
3422 1919 3521 1975 spe

232 2002 635 2066 incrementis,
666 2002 780 2055 sive
809 2000 861 2055 in
908 2000 1201 2055 moralibus
1243 1998 1525 2065 institutis,
1569 2001 1678 2068 ipse
1728 2000 1848 2069 fecit

232 2112 368 2159 nos,
388 2107 559 2148 etnon
592 2093 690 2162 ipsi
722 2109 812 2146 nos
836 2090 1009 2163 (Psal.
1040 2107 1188 2157 xcrx,
1206 2092 1541 2161 5);cumque
1556 2092 1657 2145 hoc
1683 2096 1768 2161 pie
1793 2103 1848 2147 et

235 2186 491 2241 ﬁdeliter
522 2186 868 2249 conﬁtemur,
902 2198 1081 2254 neque
1110 2185 1163 2238 in
1198 2184 1373 2248 nobis,
1414 2182 1509 2237 sed
1544 2185 1595 2237 in
1622 2182 1849 2239 Dmnino

233 2281 576 2351 gloriamur,
609 2278 886 2334 fructuose
922 2279 977 2331 in
1022 2277 1179 2331 nobis
1222 2289 1552 2333 renovantur
1583 2288 1703 2333 vota
1728 2294 1846 2333 cum

236 2382 528 2442 tempore,
553 2381 608 2426 et
637 2371 889 2442 religiosa
919 2370 1055 2425 festa
1082 2370 1223 2439 justa
1252 2371 1611 2440 suntgaudiu,
1647 2373 1698 2425 in
1730 2373 1849 2441 qui-

239 2465 354 2521 bus
382 2481 487 2520 nec
511 2463 705 2533 ingrati
727 2478 915 2517 sumus
938 2461 1171 2517 tacendo
1198 2463 1265 2517 de
1286 2461 1465 2529 donis,
1501 2477 1601 2516 nec
1627 2463 1847 2532 superbi

240 2556 638 2628 praesumendo
663 2555 730 2611 de
756 2554 984 2610 meritis.
1015 2554 1242 2609 Omnem
1276 2554 1457 2623 igitur,
1486 2554 1845 2623 dilectissimi,

241 2664 474 2705 causam
498 2658 555 2703 et
580 2646 847 2702 rationem
888 2646 1249 2703 solemnitatis
1281 2646 1559 2701 hodierna:
1585 2647 1652 2701 ad
1676 2648 1847 2718 origi-

242 2759 381 2799 nem
411 2758 566 2797 suam
592 2752 864 2812 caputque
894 2740 1162 2807 feramus;
1187 2750 1242 2797 et
1266 2741 1415 2795 illum
1446 2741 1625 2797 debita
1652 2742 1846 2811 gratia-

239 2852 377 2892 rum
419 2835 635 2890 actione
675 2834 979 2900 laudemus,
1031 2834 1085 2889 in
1138 2834 1292 2904 cujus
1337 2850 1496 2889 manu
1541 2844 1597 2890 et
1648 2835 1849 2905 gradus

242 2930 581 2993 ofﬁcion,
622 2938 676 2983 et
717 2936 992 2983 momenta
1018 2936 1144 2983 sunt
1176 2937 1500 2997 temporum.
1541 2928 1675 2984 Nam
1706 2930 1751 2984 si
1781 2930 1849 2986 ad

245 3039 355 3078 nos
377 3033 433 3079 et
479 3021 550 3077 ad
593 3032 779 3077 nostra
830 3022 1172 3091 respicimus,
1200 3023 1284 3076 vix
1315 3022 1516 3091 aliquid
1548 3022 1851 3093 reperimus

247 3115 399 3169 unde
451 3116 650 3169 merito
679 3113 1028 3184 gaudeamus.
1082 3112 1291 3169 Mortali
1320 3116 1519 3170 etenim
1560 3131 1722 3172 carne
1744 3116 1851 3171 cir-

1955 1996 2124 2051 ratur,
2157 1998 2211 2043 et
2242 1999 2474 2045 amatur.

2026 2079 2157 2135 Cap.
2190 2081 2276 2137 III.
2302 2112 2372 2122 -—-
2400 2082 2569 2138 Adest
2601 2083 2784 2155 igitur,
2816 2085 3197 2155 dilectissimi,
3246 2091 3389 2161 quod
3438 2106 3546 2149 non

1956 2181 2194 2239 temere,
2241 2174 2333 2227 sed
2380 2176 2609 2230 ﬁdeliter
2648 2178 2991 2246 Conﬁtentur,
3026 2180 3079 2235 in
3112 2182 3290 2237 medio
3319 2185 3548 2240 creden-

1956 2267 2088 2322 tium
2118 2269 2371 2323 Dominus
2401 2270 2557 2327 Jesus
2588 2272 2870 2329 Christus:
2900 2284 2954 2330 et
2975 2279 3222 2345 quamvis
3259 2279 3325 2333 ad
3362 2280 3548 2337 dexte-

1956 2377 2069 2417 ram
2103 2363 2197 2418 Dei
2228 2364 2400 2419 Patris
2428 2366 2634 2434 sedeat,
2663 2370 2825 2423 donec
2852 2381 3007 2439 ponat
3034 2373 3267 2429 inimicos
3293 2392 3410 2431 suos
3438 2392 3549 2432 sca-

1957 2453 2145 2509 bellum
2177 2458 2361 2526 pedum
2390 2476 2603 2514 suorum
2638 2462 2754 2529 (Ps.
2790 2478 2897 2526 cux,
2925 2467 3001 2536 5),
3035 2481 3141 2520 non
3184 2466 3336 2523 deest
3367 2478 3548 2525 tamen

1954 2546 2200 2605 Pontifex
2224 2567 2465 2607 summus
2489 2570 2515 2604 a
2541 2569 2758 2609 suorum
2779 2560 3193 2628 congregatione
3211 2561 3546 2631 pontiﬁcum,

1957 2641 2256 2711 meritoque
2278 2644 2351 2698 illi
2382 2644 2545 2699 totius
2573 2646 2829 2701 Ecclesia:
2852 2658 2907 2702 et
2940 2651 3178 2705 omnium
3208 2652 3549 2709 sacerdotum

1956 2747 2053 2789 ore
2082 2742 2363 2791 cantatur:
2395 2735 2596 2791 Iuravit
2622 2736 2898 2807 Dominus,
2924 2750 3096 2795 etnon
3126 2744 3383 2813 paenitebit
3404 2759 3550 2799 eum:

1955 2824 2039 2881 Tu
2057 2843 2109 2881 es
2129 2827 2384 2884 Sacerdos
2398 2832 2452 2884 in
2467 2839 2712 2885 (sternunt
2731 2834 3012 2887 secundum
3034 2834 3265 2889 ordinem
3277 2835 3329 2889 Μ
3337 2837 3549 2893 elo/iise-

1952 2922 2081 2976 declt
2112 2921 2275 2993 (Ibid.
2310 2922 2387 2991 6).
2420 2924 2541 2992 Ipse
2570 2925 2713 2979 enim
2743 2940 2905 2981 verus
2933 2937 2988 2981 et
3015 2936 3246 2983 aeternus
3272 2938 3355 2984 est
3395 2930 3549 2984 Anti-
3597 2942 3621 2977 ιι

1954 3026 2088 3079 stes,
2118 3015 2272 3083 cujus
2300 3016 2692 3072 administratio
2718 3032 2819 3074 nec
2856 3020 3330 3075 commutationem
3374 3029 3552 3090 potest

1954 3104 2175 3176 habere,
2208 3122 2306 3162 nec
2338 3107 2520 3163 ﬁnem.
2556 3109 2672 3178 Ipse
2704 3120 2787 3164 est
2814 3110 2965 3181 cujus
3011 3112 3235 3168 formam
3275 3112 3553 3172 Melchisec

248 3207 527 3275 cumdati,
568 3216 624 3261 et
672 3205 949 3276 fragilitati
1001 3207 1366 3276 corrupticnis
1405 3207 1663 3275 obnoxii,
1693 3225 1851 3264 num-
1878 3216 1927 3281 ο
1956 3198 2093 3255 dech
2123 3201 2359 3270 pontifex
2393 3200 2735 3271 prreferebat,
2773 3218 2878 3257 non
2907 3203 3156 3260 Judaicas
3184 3204 3389 3261 hostias
3419 3204 3554 3263 οπε-

248 3317 413 3372 quam
447 3300 524 3355 ita
552 3300 710 3355 liberi
749 3314 958 3367 sumus,
989 3309 1046 3353 ut
1077 3313 1181 3354 non
1228 3300 1404 3371 aliqua
1444 3300 1850 3372 impugnatione

248 3398 572 3466 pulsemur;
625 3409 725 3449 nec
770 3403 879 3449 tam
927 3394 1055 3450 felix
1087 3396 1298 3464 capitur
1328 3397 1381 3450 in
1415 3395 1518 3452 hoc
1555 3412 1729 3468 agone
1773 3398 1850 3453 vi-

250 3489 443 3557 ctoria,
474 3497 535 3542 ut
564 3503 673 3543 non
694 3487 859 3542 etiam
890 3494 1009 3556 post
1032 3486 1337 3555 triumphos
1358 3497 1581 3558 surgant
1606 3489 1850 3545 rediviva

251 3584 575 3640 certamina.
608 3581 763 3637 Unde
806 3596 966 3637 nemo
1009 3591 1114 3636 tam
1163 3582 1435 3652 perfectus
1464 3592 1548 3637 est
1588 3586 1848 3653 pontifex,

254 3684 364 3730 tam
407 3676 789 3729 immaculatus
831 3674 1091 3740 antistes,
1140 3676 1229 3743 qui
1282 3674 1601 3745 placationis
1645 3676 1851 3733 hostias

256 3784 354 3836 pro
379 3768 571 3839 populi
592 3776 797 3822 tantum
817 3767 1055 3835 delictis,
1078 3782 1189 3824 non
1208 3770 1373 3825 etiam
1397 3784 1495 3840 pro
1516 3772 1631 3826 suis
1657 3772 1854 3829 debeat

255 3862 453 3917 ollerre
498 3862 755 3931 peccatis.

323 3953 456 4008 Cu.
494 3952 559 4006 ll.
590 3982 662 3993 —
687 3952 821 4029 Quae
852 3952 1091 4009 conditio
1121 3953 1166 4009 si
1196 3969 1386 4011 omnes
1413 3956 1726 4014 sacerdotes
1756 3973 1852 4028 ge-

256 4044 519 4099 neraliter
563 4054 743 4109 tenet,
786 4053 990 4113 quanto
1018 4046 1188 4116 magis
1219 4061 1319 4101 nos
1361 4056 1416 4101 et
1444 4059 1637 4104 onerat
1671 4058 1725 4104 et
1753 4050 1850 4105 ob-

255 4133 507 4205 stringit;
536 4135 736 4204 quibus
764 4135 879 4205 ipsa
908 4136 1148 4206 suscepti
1177 4138 1359 4208 operis
1384 4140 1702 4207 magnitudo
1728 4156 1849 4197 cre-

255 4226 494 4281 berrima
536 4233 624 4282 est
659 4225 975 4282 offensionis
1004 4230 1240 4283 occasio.
1274 4230 1533 4295 Quamvis
1559 4230 1703 4287 enim
1735 4234 1847 4288 sin-

255 4318 365 4387 guli
394 4318 600 4388 quique
649 4328 895 4387 pastores
924 4319 1148 4389 speciali
1191 4320 1553 4377 sollicitudine
1594 4324 1848 4393 gregibus

256 4411 368 4464 suis
394 4410 642 4480 praesint,
670 4410 951 4481 sciantque
980 4426 1041 4467 se
1073 4426 1169 4481 pro
1195 4415 1498 4469 commissis
1525 4416 1626 4470 sibi
1656 4416 1847 4471 ovibus

1953 3307 2082 3349 rens
2104 3293 2237 3359 Deo,
2264 3294 2357 3349 sed
2380 3294 2525 3349 illius
2546 3298 2873 3351 sacramenti
2899 3296 3182 3353 immolaris
3202 3298 3551 3366 sacriﬁcium,

1953 3385 2095 3457 quod
2126 3385 2455 3456 Redemptor
2478 3399 2663 3443 noster
2690 3389 2741 3443 in
2783 3404 2881 3444 suo
2927 3404 3156 3460 corpore
3198 3400 3253 3447 et
3294 3392 3553 3461 sanguine

1953 3480 2307 3535 consecravit.
2357 3479 2477 3549 Ipse
2523 3490 2606 3535 est
2648 3481 2803 3550 cujus
2853 3483 3213 3538 sacerdotium
3264 3483 3423 3539 Pater
3450 3499 3553 3539 non

1954 3572 2235 3624 secundum
2266 3572 2497 3626 ordinem
2539 3571 2715 3626 Aaron
2753 3587 2875 3627 cum
2915 3573 3047 3643 legis
3093 3584 3338 3645 tempore
3380 3583 3554 3631 trans-

1957 3664 2180 3731 iturum,
2210 3665 2303 3719 sed
2332 3667 2613 3720 secundum
2633 3667 2865 3721 ordinem
2895 3666 3275 3723 Melchisedech
3300 3670 3553 3739 perenni-

1956 3762 2042 3812 ter
2090 3756 2471 3811 celebrandum
2519 3774 2663 3813 cum
2691 3757 3030 3814 ﬁrmamento
3079 3759 3381 3814 insolubilis
3406 3761 3553 3829 jura-

1957 3850 2119 3905 tionis
2148 3850 2398 3904 inStituit.
2433 3850 2565 3905 Nam
2596 3850 3113 3921 quiajusjurandunn
3144 3852 3287 3908 inter
3307 3850 3554 3909 homines

1952 3942 2021 3999 iis
2045 3942 2449 3997 delinitionibus
2479 3942 2785 4008 adhibetur,
2819 3959 2939 4013 quae
2977 3943 3251 4014 perpetuis
3293 3944 3555 4012 pactioni-

1954 4035 2056 4091 bus
2086 4036 2420 4104 sanciuntur,
2454 4036 2621 4089 divini
2662 4050 2875 4105 quoque
2911 4036 3204 4105 juramenti
3248 4036 3554 4091 testiﬁcatio

1956 4127 2012 4182 in
2042 4128 2123 4182 his
2154 4128 2431 4183 invenitur
2481 4126 2801 4197 promissis,
2855 4143 2974 4197 quae
3024 4127 3554 4183 incommutabilibus

1954 4228 2081 4273 sunt
2128 4220 2232 4273 ﬁxa
2279 4220 2547 4274 decretis:
2593 4228 2647 4274 et
2688 4221 2812 4289 quia
2858 4220 3171 4289 poenitentia
3205 4222 3552 4276 mutationem

1956 4308 2157 4364 indicat
2199 4311 2516 4375 voluntatis,
2568 4313 2621 4365 in
2663 4327 2729 4365 eo
2772 4311 2913 4366 Deus
2944 4328 3050 4366 non
3082 4313 3331 4382 penitet,
3371 4313 3423 4367 in
3450 4327 3554 4382 quo

1955 4402 2249 4457 secundum
2273 4412 2540 4458 aeternum
2569 4402 2826 4473 placitum
2860 4418 2968 4458 non
3002 4412 3181 4475 potest
3215 4403 3363 4459 aliud
3410 4404 3552 4461 velle

253 4502 571 4559 reddituros
598 4518 721 4559 esse
750 4505 1037 4567 rationem,
1066 4506 1221 4560 nobis
1248 4514 1425 4561 tamen
1456 4523 1576 4562 cum
1597 4508 1848 4564 omnibus
1876 4529 1931 4590 ι)
1954 4512 2116 4567 quam
2146 4496 2337 4551 νοίυίί·

252 4610 380 4649 cura
402 4594 713 4649 communis
735 4605 856 4661 est;
887 4611 1063 4666 neque
1089 4596 1402 4666 cujusquam
1432 4598 1846 4666 administratio,

254 4701 363 4740 non
396 4686 574 4741 nostri
615 4686 813 4741 laboris
844 4697 928 4741 est
963 4689 1169 4755 portio:
1209 4697 1268 4743 ut
1298 4689 1424 4743 dum
1457 4690 1522 4743 ad
1552 4692 1692 4746 beati
1719 4708 1851 4762 apo-

254 4779 379 4833 stoli
408 4779 561 4833 Petri
611 4778 794 4833 sedem
828 4794 893 4832 ex
927 4789 1038 4832 toto
1078 4780 1211 4834 orbe
1256 4782 1618 4849 concurritur,
1668 4792 1724 4838 et
1761 4785 1850 4840 illa

256 4873 585 4928 universalis
629 4872 886 4927 Ecclesiae
913 4888 945 4927 a
974 4871 1204 4927 Domino
1252 4873 1429 4929 eidem
1472 4876 1851 4933 commendata

254 4966 476 5020 dilectio
503 4967 668 5019 etiam
716 4979 783 5019 ex
814 4976 999 5019 nostra
1050 4964 1459 5035 dispensatione
1505 4968 1848 5038 deposcitur;

258 5070 405 5113 tanto
432 5058 667 5129 amplius
687 5059 841 5112 nobis
867 5057 1074 5113 instare
1095 5059 1275 5113 oneris
1302 5061 1622 5129 sentiamus,
1650 5073 1852 5131 quanto

253 5153 465 5207 cunctis
495 5152 703 5220 majora
744 5150 1029 5205 debemus.
1060 5149 1120 5205 In
1154 5150 1254 5205 hac
1278 5168 1407 5222 ergo
1435 5155 1658 5208 materia
1687 5155 1852 5225 trepi-

250 5244 515 5311 dationis,
559 5258 682 5314 qua:
708 5243 865 5299 nobis
890 5255 1038 5300 esset
1088 5243 1460 5315 dependendae
1504 5246 1697 5303 ﬁducia
1734 5265 1851 5305 ser-

331 5420 355 5447 ι
387 5411 490 5466 Hic
518 5422 699 5465 sermo
729 5415 855 5460 ante
881 5420 1051 5460 annos
1081 5404 1284 5474 aliquot
1321 5404 1500 5459 editus
1527 5420 1591 5460 ex
1620 5421 1723 5460 ms.
1758 5420 1854 5461 co-

250 5484 368 5536 dice
398 5481 610 5536 Nicolai
641 5477 823 5541 Fabri,
854 5476 948 5546 qui
979 5486 1162 5544 postea
1209 5476 1271 5529 D.
1318 5475 1528 5530 Tliuani
1559 5474 1677 5538 fuit,
1711 5493 1853 5532 nunc

252 5555 305 5605 in
338 5554 653 5608 Colbertina
701 5549 1027 5603 bibliotheca
1069 5560 1338 5602 servatur.
1372 5546 1463 5602 Sic
1508 5548 1850 5615 Quesnellus.

251 5625 556 5679 Antelmius
583 5635 716 5675 vero
738 5619 873 5675 diss.
900 5618 953 5682 6,
986 5619 1049 5673 de
1070 5619 1197 5673 veris
1230 5616 1483 5689 Operibus
1511 5618 1617 5673 SS.
1643 5618 1848 5686 Leonis,

252 5708 298 5747 rt
330 5695 591 5766 Prosperi,
626 5706 777 5766 num.
810 5691 868 5755 4,
895 5689 1175 5766 pag._5<i8.
1207 5690 1413 5766 monuit
1450 5690 1575 5766 huic
1613 5692 1849 5745 sermoni

254 5766 308 5819 in
333 5784 397 5823 eo
423 5761 613 5822 codice
640 5764 812 5832 prima
839 5778 999 5817 manu
1027 5761 1501 5832 Prosperi_numen
1527 5763 1691 5817 luisse
1715 5778 1845 5829 prae-

254 5842 420 5894 ﬁxum
468 5838 569 5893 hoc
614 5830 808 5891 titulo:
840 5832 1034 5903 Incipit
1081 5848 1247 5886 sermo
1275 5830 1520 5902 Prosperi
1560 5833 1621 5887 de
1666 5833 1848 5888 Natali

253 5926 439 5975 van:
470 5907 756 5967 recentiori
788 5915 969 5963 autem
999 5909 1312 5963 charactere
1346 5904 1551 5964 abrasas
1580 5906 1845 5965 membra-

2028 4592 2155 4647 Csp.
2186 4590 2278 4646 IV.
2318 4619 2389 4631 —
2429 4588 2549 4645 Non
2590 4598 2677 4647 est
2714 4591 2894 4660 itaque
2937 4590 3096 4646 nobis
3121 4631 3136 4656 ,
3178 4589 3553 4658 dilectissimi,

1955 4696 2382 4757 praesumptuosa
2408 4684 2689 4753 festivitas,
2714 4701 2816 4755 qua
2837 4685 3071 4755 suscepti
3098 4686 3386 4740 sacerdotii
3407 4684 3554 4740 diem

1955 4780 2121 4835 divini
2172 4779 2413 4835 muneris
2460 4794 2729 4835 memores
2776 4780 3134 4844 honoramus;
3172 4780 3280 4850 22
3310 4776 3556 4849 quando-

1957 4876 2172 4947 quidem
2206 4876 2292 4946 pie
2320 4886 2375 4931 et
2402 4875 2673 4931 veraciter
2696 4874 3039 4940 conﬁtemur,
3068 4873 3211 4944 quod
3239 4888 3377 4943 opus
3399 4873 3557 4928 inini-

1957 4952 2109 5025 sterii
2144 4970 2312 5023 nostri
2344 4968 2400 5022 in
2426 4968 2674 5023 onmibus
2700 4982 2822 5037 quae
2849 4974 2995 5022 recte
3023 4966 3230 5037 agimus
3251 5006 3267 5033 ,
3311 4964 3558 5021 Christus

1956 5066 2297 5134 exsequitur;
2326 5073 2381 5118 et
2408 5078 2515 5117 non
2544 5064 2595 5117 in
2631 5060 2809 5126 nobis,
2843 5061 2933 5130 qui
2957 5060 3073 5115 sine
3115 5059 3209 5113 illo
3252 5058 3389 5113 nihil
3428 5074 3557 5130 pos-

1955 5174 2175 5223 sumus,
2207 5158 2302 5212 sed
2333 5157 2384 5211 in
2418 5156 2557 5227 ipso,
2592 5158 2679 5226 qui
2714 5154 3042 5225 possibilitas
3073 5160 3252 5208 nostra
3285 5162 3399 5221 est,
3444 5152 3555 5222 εισ-

1954 5251 2177 5304 riamur.
2208 5248 2493 5318 Subjuugit
2526 5258 2704 5303 autem
2732 5262 2791 5301 se
2813 5246 2880 5301 ad
2908 5247 3169 5301 rationem
3198 5244 3553 5301 solemnitatis

1963 5421 2047 5460 nae
2076 5406 2395 5473 inscriptum
2429 5404 2595 5460 fuisse
2622 5404 2822 5460 Leonis
2854 5420 3074 5461 nomen.
3102 5405 3235 5461 Cum
3268 5418 3395 5459 vero
3435 5418 3553 5458 ser-

1965 5479 2142 5531 monis
2169 5485 2459 5531 contextus
2489 5489 2764 5531 auelorem
2810 5478 3061 5546 prmferat
3095 5478 3390 5530 Romanum
3422 5490 3554 5544 pon-

1964 5549 2189 5611 tiﬁcem,
2226 5551 2396 5618 stylus
2424 5558 2605 5603 autem
2632 5564 2753 5602 cum
2785 5558 3104 5603 cancrorum
3130 5546 3327 5618 Leonis
3350 5560 3553 5599 sermo—

1961 5636 2089 5675 num
2130 5617 2831 5691 stylo’planeconveniatt
2856 5623 3193 5691 multumque
3224 5617 3493 5691 discrepet
3520 5632 3550 5670 a

1957 5692 2098 5763 stylo
2139 5687 2415 5759 Prosperi,
2447 5690 2515 5745 de
2546 5693 2777 5755 genuino
2809 5690 3008 5763 Leonis
3038 5690 3144 5763 fetu
3196 5687 3550 5763 dubitandum

1955 5760 2064 5817 non
2092 5773 2194 5817 est.
2231 5764 2303 5816 De
2335 5763 2597 5831 inscripto
2629 5771 2806 5814 autem
2837 5760 3089 5829 Prosperi
3118 5762 3338 5818 nomine
3365 5760 3551 5819 confer

1956 5850 2077 5904 quae
2108 5834 2442 5907 coniecimus
2472 5834 2524 5889 iu
2561 5832 2875 5904 praefatione
2910 5846 3056 5888 num.
3096 5831 3181 5889 10.
