4014 6350
512 399 614 458 159

961 510 1194 569 SERMO
1231 506 1325 560 vn
1359 504 1464 577 [AL
1514 498 1625 557 vn.

1086 604 1160 656 De
1181 598 1420 657 Collectis
1438 594 1521 649 11.

547 705 821 762 Smorsrs.
844 728 916 740 —
936 697 1323 764 Eleemosynam
1358 691 1710 764 alterum‘esse
1746 683 2002 764 lavacrum
2029 694 2062 731 a

788 772 1023 842 peccatis,
1058 777 1104 821 et
1136 756 1262 837 opus
1286 762 1521 817 maxima?
1546 756 1833 811 charitatis.

580 888 775 943 Notum
811 885 961 937 vobis
981 924 995 945 ,
1023 879 1378 945 dileCtissimi,
1410 886 1466 932 et
1493 874 1754 929 familiare
1784 868 2093 924 mandatum

513 980 770 1055 pastorali
793 978 1145 1048 praedicamus
1170 973 1409 1035 hortatu,
1434 978 1493 1024 ut
1516 968 1567 1023 in
1598 980 1760 1036 opere
1790 961 2095 1019 misericor-

513 1074 615 1129 dia:
641 1069 908 1127 studeatis
932 1083 1053 1123 esse
1078 1066 1282 1122 devoti.
1307 1064 1458 1130 Quod
1486 1062 1649 1117 etiam
1674 1061 1718 1114 si
1752 1068 2041 1127 numquam
2072 1066 2102 1106 a

514 1176 692 1221 vestra
724 1163 1016 1219 sanctitate
1050 1159 1371 1230 negligitur,
1407 1169 1549 1210 nunc
1585 1164 1761 1208 tamen
1804 1147 2106 1220 promptius

516 1270 599 1317 est
619 1271 673 1316 et
705 1258 1001 1327 impensius
1036 1252 1478 1322 exsequendum:
1526 1247 1649 1317 quia
1684 1247 1889 1313 primus
1926 1239 2109 1296 colle-

518 1363 725 1407 ctarum
748 1349 863 1403 dies
887 1346 1248 1402 saluberrime
1271 1357 1299 1395 a
1331 1340 1532 1395 sanctis
1555 1337 1803 1392 Patribus
1832 1333 2111 1389 institutus

519 1444 623 1499 hoc
646 1445 815 1513 exigit
841 1448 899 1495 ut
924 1438 1315 1507 unusquisque,
1347 1442 1510 1503 prout
1537 1431 1775 1486 vctivum
1800 1437 1959 1497 atque
1988 1441 2106 1496 pos-

521 1536 677 1592 sibile
703 1544 809 1600 est,
836 1532 891 1588 in
937 1546 1067 1586 usus
1110 1524 1655 1598 atqueealimoniam
1700 1536 1994 1594 pauperum
2039 1518 2108 1574 de

520 1628 714 1686 vestris
741 1625 1086 1681 facultatibus
1114 1620 1438 1685 conferatis;
1478 1618 1712 1673 scientes
1742 1624 1937 1686 praeter
1978 1613 2108 1668 illud

521 1719 946 1792 regenerationis
971 1719 1270 1782 lavacrum,
1294 1716 1346 1770 in
1377 1728 1484 1783 quo
1515 1714 1887 1768 universorum
1913 1709 2111 1764 abluta:

1649 380 1706 436 S.
1748 371 1994 433 LEONIS
2033 366 2248 427 MAGNI
2284 365 2678 425 SERMONES.

2119 490 2178 552 Α
2200 483 2558 542 destruendas
2586 481 2793 552 antiqui
2822 480 2999 536 hostis
3046 477 3273 535 insidias
3301 478 3356 533 in
3382 478 3473 535 die
3500 491 3608 547 quo
3643 476 3797 548 impii

2203 578 2309 635 sub
2355 577 2625 633 idolorum
2665 588 2891 631 suorum
2942 571 3163 627 nomine
3202 571 3421 626 diabolo
3473 569 3797 639 serviebant,

2202 669 2687 743 providentissime
2730 667 2784 723 in
2820 675 3007 721 sancta
3040 662 3283 719 Ecclesia
3316 662 3490 732 prima
3515 671 3602 718 est
3647 660 3799 717 insti-

2202 774 2314 821 tuta
2364 763 2617 821 collectio
2648 779 2661 817 :
2707 761 2959 817 volumus
2986 758 3336 814 dilectionem
3362 766 3601 812 vestram
3644 754 3801 812 tertia

2201 860 2336 917 feria
2371 875 2467 930 per
2493 872 2687 915 omnes
2714 857 2997 927 regionum
3029 863 3329 909 vestrarum
3378 850 3652 908 Ecclesias
3679 864 3801 905 cum

2204 952 2527 1008 voluntariis
2556 949 2927 1006 oblationibus
2977 947 3443 1015 eleemosynarum
3488 942 3800 998 convenire.

2207 1045 2264 1101 In
2297 1059 2404 1115 quo
2433 1059 2603 1113 opere
2633 1052 2689 1097 et
2713 1042 2756 1097 si
2786 1055 2895 1095 non
2926 1046 3010 1094 est
3038 1038 3275 1093 omnium
3306 1035 3532 1105 aequalis
3557 1033 3803 1098 facultas,

2208 1137 2372 1193 debet
2394 1150 2517 1192 esse
2541 1150 2636 1205 par
2663 1134 2836 1204 pietas
2864 1149 2879 1187 :
2907 1131 3165 1202 quoniam
3193 1129 3434 1185 ﬁdelium
3457 1128 3678 1198 largitas
3699 1140 3806 1181 non

2208 1231 2278 1286 de
2304 1229 2546 1285 muneris
2575 1235 2837 1297 pensatur
2868 1225 3129 1296 pondere,
3172 1223 3270 1281 sed
3307 1223 3375 1279 de
3418 1219 3809 1278 benevolentia

2208 1324 2531 1395 quantitate.
2565 1322 2674 1393 30
2700 1320 2945 1376 Habeant
2977 1317 2997 1356 ί
3028 1334 3158 1389 ergo
3190 1319 3242 1372 in
3274 1318 3376 1373 hoc
3421 1314 3808 1372 misericordia:

2213 1416 2547 1472 commercio
2579 1417 2741 1470 etiam
2776 1427 3041 1482 pauperes
3072 1413 3302 1478 lucrum,
3344 1419 3400 1466 et
3437 1408 3507 1464 ad
3533 1416 3810 1464 sustenta-

2217 1511 2417 1565 tionem
2438 1508 2709 1577 egentium
2733 1506 2801 1561 de
2827 1513 3265 1576 quantacumque
3286 1502 3585 1560 substantia
3607 1498 3812 1569 aliquid

2217 1601 2361 1672 quod
2384 1615 2481 1656 eos
2509 1616 2616 1655 non
2643 1599 2927 1654 contristet
2950 1605 3268 1666 excerpant.
3301 1596 3382 1651 Sit
3407 1594 3563 1649 dives
3590 1604 3816 1649 munere

2220 1695 2514 1765 copiosior,
2538 1693 2665 1747 dum
2690 1707 2893 1762 pauper
2919 1693 3103 1745 animo
3122 1706 3228 1743 non
3257 1687 3328 1743 sit
3351 1686 3595 1742 inferior.
3616 1686 3789 1751 Quam

523 1825 650 1873 sunt
687 1814 915 1869 maculae
950 1820 1327 1881 peccatorum,
1362 1807 1466 1862 hoc
1492 1805 1790 1861 remedium
1814 1802 2113 1857 inﬁrmitati
2144 1820 2194 1881 Β
2221 1790 2306 1843 Vis
2327 1789 2469 1843 enim
2495 1786 2665 1857 major
2684 1795 2937 1857 speretur
2958 1783 3205 1840 redditus
3237 1782 3305 1836 de
3325 1782 3533 1850 majore
3548 1787 3814 1843 semenle.

524 1908 773 1964 humanae
796 1904 1051 1962 divinitus
1071 1917 1192 1958 esse
1212 1901 1493 1967 donatum,
1522 1906 1582 1954 ut
1606 1896 1652 1953 si
1674 1896 1799 1968 quid
1831 1896 2106 1966 culparum

524 2004 579 2058 in
612 2004 711 2057 hac
739 2012 953 2056 terrena
977 1998 1306 2053 habitatione
1333 1993 1708 2059 contrahitur,
1752 1990 2113 2060 eleemosynis

527 2098 638 2169 29
664 2095 932 2157 deleatur.
949 2092 1324 2161 Eleemosynae
1338 2090 1481 2144 enim
1496 2103 1658 2155 Opera
1674 2086 1955 2141 cltaritatis
1969 2094 2111 2151 sunt,

527 2199 581 2245 et
602 2189 803 2243 scimus
822 2185 962 2255 quod
980 2184 1204 2237 charitas
1225 2181 1383 2253 aperit
1399 2180 1774 2233 multitudinem
1794 2190 2118 2249 peccatorum

527 2280 571 2354 (l
601 2278 746 2334 Petr.
777 2293 853 2345 ιν,
883 2278 950 2343 8;
984 2274 1142 2329 Prov.
1174 2290 1228 2341 χ,
1263 2270 1650 2341 12).Prninde,
1677 2268 2035 2334 dilectissimi,
2063 2270 2116 2323 in

528 2374 817 2429 secundam
848 2370 1032 2424 teriam
1062 2376 1391 2436 Spontaneas
1420 2363 1449 2402 ι’
1480 2366 1740 2420 collectas
1772 2372 1981 2418 vestras
2010 2362 2119 2416 sol-

529 2464 674 2520 licite
703 2476 1036 2533 praeparate,
1068 2470 1124 2515 ut
1150 2459 1408 2530 quidquid
1446 2458 1599 2512 vobis
1630 2458 1699 2512 de
1732 2456 2119 2524 temporalibus

530 2555 845 2611 substantiis
867 2552 1300 2621 desumpseritis,
1325 2550 1377 2605 id
1406 2550 1819 2620 multiplicatum
1842 2549 1897 2603 in
1918 2556 2119 2604 aeterna

532 2646 889 2703 retributione
911 2644 1158 2698 sumatis.

987 2733 1216 2791 SEBMO
1258 2732 1372 2788 Vllf
1401 2733 1509 2805 [Αι.
1545 2731 1675 2803 vn].

1092 2825 1171 2880 De
1193 2824 1431 2881 Collectis
1459 2823 1580 2878 ΙΙΙ.

533 2945 804 2999 ὃτωσιιιειε.
836 2969 907 2981 -
936 2940 1188 2995 Collectas
1219 2941 1484 2993 occasione
1512 2954 1834 3010 paganorum
1878 2939 2128 3005 supersti-

591 3015 783 3067 tionum
813 3029 921 3067 esse
946 3013 1228 3075 institutas,
1254 3027 1287 3063 a
1306 3010 1484 3079 quibus
1508 3026 1569 3062 ne
1598 3026 1791 3080 pauper
1812 3010 2015 3076 quidem
2040 3026 2129 3063 ea:-

607 3084 862 3149 cluditur;
890 3085 1209 3153 eleemosyna
1236 3081 1454 3133 cruciari
1488 3081 1789 3153 dwmones;
1820 3096 2066 3150 pauperes
2095 3097 2128 3134 α

609 3154 942 3209 collectarum
970 3152 1145 3224 fructu
1175 3168 1278 3206 non
1306 3168 1412 3207 esse
1442 3152 1659 3205 alienos.

607 3288 937 3345 Christianae
967 3290 1182 3360 pietatis
1213 3296 1318 3353 est,
1367 3286 1726 3353 dilectissimi,
1756 3294 1815 3340 ut
1852 3300 1973 3355 qua:
2000 3300 2133 3354 apo-
2158 3262 2205 3322 (ἶ

539 3385 745 3441 stolicis
785 3393 911 3441 sunt
940 3383 1319 3440 traditionibus
1345 3381 1608 3445 instituta,
1638 3386 2006 3449 perseveranti
2039 3378 2135 3433 de-

539 3478 759 3533 votione
783 3484 1090 3533 serventur.
1134 3474 1265 3529 Nam
1291 3473 1366 3528 illi
1396 3472 1692 3528 beatissimi
1713 3471 1967 3542 discipuli
1995 3470 2134 3527 veri-

542 3571 687 3640 tatis,
713 3574 814 3626 ltoc
843 3570 1103 3625 divinitus
1124 3568 1383 3640 inspirata
1400 3567 1848 3622 commendavere
1865 3565 2130 3631 doctrina,

542 3667 833 3737 utquoties
862 3664 1080 3720 caecitas
1112 3678 1441 3734 paganorum
1470 3673 1492 3701 ε
1521 3660 1997 3731 superstitionibus
2019 3660 2133 3715 suis

543 3769 688 3818 esset
714 3759 990 3825 intentior,
1027 3771 1152 3813 tunc
1196 3757 1464 3827 praecipue
1495 3755 1723 3826 populus
1754 3754 1847 3809 Dei
1873 3753 2133 3808 orationi-

543 3858 644 3913 bus
672 3863 727 3911 et
754 3852 1009 3924 operibus
1039 3852 1257 3923 pietatis
1289 3853 1533 3906 instaret.
1564 3848 1827 3917 Quoniam
1872 3845 2137 3902 immundi

543 3945 783 4018 spiritus,
811 3956 1070 4017 quantum
1094 3945 1375 4016 gentilium
1406 3958 1594 3999 errore
1626 3944 1898 4006 laetantur,
1925 3948 2132 3995 tantum

545 4056 688 4096 vera:
711 4038 984 4109 religionis
1005 4037 1369 4106 observantia,
1396 4032 1422 4072 ἀ
1441 4044 1747 4090 atteruntur
1769 4042 1822 4087 et
1849 4042 2136 4101 augmenta

546 4134 768 4203 iustitia:
806 4142 971 4188 urunt
1010 4130 1303 4201 impietatis
1334 4140 1632 4185 auctorem.
1666 4127 1831 4197 Cujus
1879 4126 2039 4193 impia
2083 4132 2139 4179 et

548 4224 769 4295 profana
819 4234 1152 4288 commenta,
1197 4239 1265 4277 ne
1306 4221 1535 4277 sacratis
1571 4221 1678 4275 Deo
1709 4235 1841 4275 vero
1889 4218 2146 4273 cordibus

547 4317 749 4389 aliquid
803 4316 1118 4386 pollutionis
1161 4314 1451 4381 inferrent,
1496 4313 1686 4368 beatus
1726 4310 1985 4380 magister
2014 4324 2146 4379 gen-

550 4410 682 4465 tium
713 4409 1074 4480 praecavebat,
1106 4423 1227 4462 cum
1256 4421 1388 4461 voce
1420 4404 1719 4473 apostolica
1748 4403 1991 4458 diceret:
2026 4401 2143 4455 No-

550 4502 637 4556 lite
667 4504 856 4574 juguns
900 4518 1017 4555 cunt
1048 4500 1337 4569 inﬁdelibus
1375 4500 1577 4551 ducere.
1619 4496 1747 4564 Qua:
1774 4495 1907 4548 enim
1934 4494 2148 4565 partici-

2219 1890 2399 1953 potest
2427 1888 2606 1936 tamen
2635 1888 2660 1928 ε
2703 1878 2869 1935 etiam
2897 1876 2966 1933 de
2986 1878 3181 1947 exigua
3212 1875 3423 1930 satione
3471 1872 3671 1929 nmltus
3704 1870 3819 1927 frn-

2220 1987 2338 2031 ctus
2369 1975 2655 2045 provenire
2679 1971 2923 2043 justitite.
2954 1971 3137 2027 Justus
3164 1967 3307 2023 enim
3332 1978 3413 2022 est
3437 1966 3599 2035 judex
3634 1970 3820 2018 noster

2220 2074 2277 2123 et
2307 2083 2490 2134 verax,
2521 2066 2612 2136 qui
2656 2065 2925 2120 neminem
2953 2061 3169 2117 fraudat
3191 2059 3446 2115 mercede
3476 2058 3820 2113 meritorum.

2224 2158 2293 2212 Et
2325 2158 2445 2213 ideo
2493 2174 2589 2212 nos
2618 2171 2801 2211 curam
2832 2168 3128 2224 pauperum
3158 2152 3275 2206 vult
3314 2150 3538 2215 habere,
3570 2158 3626 2204 ut
3652 2147 3706 2202 in
3736 2146 3824 2200 fu-

2226 2258 2366 2303 tura:
2412 2249 2791 2303 retributionis
2833 2246 3102 2309 examine,
3146 2242 3616 2305 misericordibns,
3660 2254 3825 2310 quam

2227 2341 2497 2412 promisit,
2522 2337 2952 2394 misericordiam
2985 2336 3245 2405 largiatur
3271 2333 3522 2389 Christus
3548 2332 3693 2388 Deus
3726 2345 3816 2385 ιιοο

2224 2450 2364 2504 ster,
2394 2438 2485 2507 qni
2526 2452 2646 2491 cum
2685 2435 2843 2488 Patre
2874 2442 2929 2488 et
2956 2433 3161 2503 Spiritu
3190 2441 3377 2487 sancto
3404 2430 3537 2485 vivit
3560 2437 3616 2485 et
3638 2435 3829 2498 regnat

2224 2533 2279 2587 in
2306 2531 2507 2586 saecula
2537 2528 2879 2584 saeculorum.
2908 2524 3104 2581 Amen.

2686 2618 2920 2674 SEBMO
2961 2616 3031 2671 tx
3059 2617 3167 2688 [Αι.
3201 2612 3359 2686 vni].

2786 2712 2864 2766 De
2888 2710 3125 2767 Collectis
3153 2709 3260 2765 ιγ.

2234 2812 2486 2866 quorsrs
2535 2837 2607 2848 —
2635 2806 2675 2860 l.
2720 2804 3183 2877 Euangelicarluce
3213 2802 3479 2877 gentilicia
3507 2800 3833 2877 superstitio-

2302 2883 2379 2935 nis
2406 2879 2633 2933 tenebras
2662 2872 2925 2948 repellifa
2954 2876 3137 2942 quibus
3164 2872 3345 2948 omnia
3365 2881 3575 2948 manant
3604 2872 3829 2948 ﬂagitia.

2303 2983 2372 2993 —
2405 2951 2466 3004 ll.
2510 2949 2637 3003 Ideo
2665 2942 2889 3017 futurum
2934 2948 3185 3015 iudicium
3226 2962 3258 2999 a
3284 2943 3488 3017 Christo
3510 2942 3830 3017 prtzdicitur,

2304 3035 2358 3078 ut
2382 3012 2745 3075 misericordiw
2770 3012 3006 3089 largitate
3032 3012 3239 3087 peccata
3262 3012 3607 3089 redimantur.
3631 3042 3699 3053 —
3734 3012 3829 3067 ιιι.

2306 3094 2555 3148 Collectas
2586 3086 2920 3145 institutionis
2942 3086 3048 3142 esse
3070 3086 3402 3155 apostolicaz:
3444 3086 3707 3139 occasione
3731 3100 3831 3154 pa-

2305 3166 2501 3236 ganij
2538 3161 2916 3229 superstitionis
2949 3175 3053 3236 esse
3076 3160 3373 3236 ordinatas;
3394 3157 3698 3236 uerecunda
3721 3170 3835 3236 nta-

2307 3225 2443 3290 Zrime
2492 3225 2743 3305 pauperes
2774 3248 2881 3305 esse
2923 3226 3503 3305 sublevandos.__—_1Y.
3546 3225 3837 3305 [hereticos

2308 3296 2523 3377 prodere
2556 3296 2663 3357 Deo
2706 3302 2960 3373 imprimis
2989 3312 3212 3370 gratum.
3258 3297 3664 3352 Manichaeorum
3704 3296 3838 3367 dog-

2311 3389 2468 3431 mata.

2306 3471 2435 3525 Car.
2472 3468 2511 3523 l.
2539 3495 2609 3509 —-
2654 3465 3054 3531 Misericordia,
3108 3461 3469 3530 dilectissimi,
3525 3470 3580 3517 et
3628 3458 3843 3530 justitia

2236 3564 2331 3619 Dei
2362 3564 2590 3617 formam
2624 3559 3049 3616 retributionum
3084 3572 3304 3612 suarum
3352 3570 3382 3610 a
3422 3552 3608 3609 mundi
3632 3553 3843 3607 consti-

2237 3658 2449 3714 tutione
2463 3655 2802 3725 dispositam,
2828 3667 2923 3722 per
2948 3651 3253 3706 doctrinam
3280 3648 3495 3703 Domini
3519 3645 3686 3701 nostri
3710 3643 3845 3699 Jesu

2233 3751 2431 3807 Christi
2447 3748 2830 3819 benignissima
2854 3743 3012 3800 nobis
3028 3744 3365 3814 expositione
3382 3739 3664 3800 reseravit,
3684 3747 3739 3791 ut
3751 3751 3847 3791 ac-

2238 3846 2409 3914 ceptis
2428 3859 2608 3899 rerum
2636 3838 3148 3912 significationibus,
3172 3852 3291 3903 quae.
3322 3835 3501 3889 futura
3532 3832 3846 3898 credimus,

2241 3937 2268 3977 ιι
2294 3941 2406 4007 jam
2436 3937 2589 4007 quasi
2620 3945 2772 4005 gesta
2796 3945 3167 3988 nosceremus.
3192 3928 3411 3985 Sciebat
3440 3926 3582 3982 enim
3599 3924 3851 3980 Redem-

2240 4040 2365 4101 ptor
2398 4038 2584 4084 noster
2612 4036 2777 4097 atque
2807 4025 3067 4081 Servator
3115 4034 3346 4092 quantos
3380 4017 3592 4074 fallacia
3637 4015 3854 4072 diaboli

2253 4140 2348 4193 per
2379 4131 2548 4179 totum
2569 4120 2827 4175 mundum
2850 4118 3144 4188 sparsisset
3172 4128 3408 4177 errores,
3432 4121 3488 4168 et
3513 4124 3673 4181 quam
3701 4110 3853 4164 mul-

2252 4218 2324 4271 tis
2368 4213 2849 4286 superstitionibus
2891 4210 3179 4265 maximam
3234 4208 3338 4263 sibi
3383 4215 3590 4278 partem
3622 4204 3856 4259 humani

2250 4311 2468 4382 generis
2513 4307 2860 4364 subdidisset.
2908 4304 3015 4360 Sed
3047 4319 3116 4358 ne
3161 4302 3296 4355 ultra
3347 4314 3443 4370 per
3487 4297 3860 4369 ignorantiam

2251 4405 2493 4461 veritatis
2522 4412 2770 4457 creatura
2813 4398 2880 4453 ad
2921 4398 3208 4468 imaginem
3248 4395 3341 4448 Dei
3374 4392 3590 4448 condita
3619 4390 3671 4445 in
3705 4405 3863 4459 prae-

2251 4494 2433 4565 cipitia
2465 4501 2741 4563 perpetuae
2763 4490 2955 4544 mortis
2979 4496 3253 4559 ageretur,
3285 4484 3612 4554 evangelicis
3638 4481 3863 4552 paginis

550 4595 691 4665 patio
715 4594 931 4664 justitiae
965 4608 1081 4646 cum
1113 4591 1416 4661 iniquitate?
1446 4600 1535 4641 aut
1556 4604 1670 4658 qua:
1694 4588 1911 4640 societas
1942 4585 2045 4639 luci
2070 4585 2137 4639 ad
2167 4579 2220 4639 D
2240 4584 2430 4654 judicii
2461 4587 2543 4640 sui
2587 4583 2821 4639 inseruit
2855 4582 2873 4619 ί
2908 4581 3247 4650 qualitatem,
3279 4595 3399 4646 quae
3428 4591 3645 4633 omnem
3671 4574 3866 4629 homi-

554 4686 780 4741 tenebros
811 4685 880 4756 (ll
905 4684 1021 4740 Cor.
1053 4699 1126 4751 vr,
1158 4683 1274 4752 M)?
1322 4684 1387 4736 Et
1415 4682 1613 4736 deinde
1638 4696 1823 4735 vocem
1848 4678 2146 4749 prophetici

554 4778 779 4849 spiritus
814 4788 837 4816 °
870 4778 1096 4841 addidit,
1128 4776 1350 4830 dicens:
1388 4774 1558 4841 Exite,
1588 4774 1720 4828 exite
1754 4775 1818 4826 de
1862 4772 2028 4826 medio
2052 4788 2145 4827 eo-

556 4887 690 4935 rum,
725 4880 771 4921 et
800 4869 1131 4941 separamini,
1177 4869 1301 4921 dicit
1337 4867 1608 4928 Dominus.
1660 4876 1704 4919 ct
1744 4864 2063 4919 immundum
2088 4883 2150 4920 ne

559 4961 822 5031 tetigeritis
853 4959 1045 5033 (Ibid.,
1080 4959 1166 5026 i7;
1197 4957 1330 5014 1δαὶ.
1355 4974 1450 5025 ιιι,
1484 4957 1596 5029 li).
1633 4956 1780 5014 Unde
1800 4957 2051 5028 quoniam
2081 4957 2151 5013 ad

633 5131 657 5159 ⁸
699 5122 875 5177 Prima
903 5121 1087 5183 editio,
1123 5122 1509 5189 eleemosynam.

631 5193 659 5232 δ
702 5194 810 5255 Al.,
841 5192 1179 5247 collectiones.
1215 5191 1291 5245 Ita
1335 5185 1495 5245 etiam
1531 5203 1632 5242 ms.
1665 5185 1974 5242 Gaudiival.
2005 5185 2150 5254 apud

564 5266 931 5332 Quesnellnm,
960 5274 1015 5317 et
1043 5274 1150 5315 lrt-s
1184 5263 1349 5315 nostri
1378 5261 1639 5325 Vaticani,
1692 5273 1790 5327 pro
1820 5274 1928 5328 quo
1950 5273 2143 5329 perpe-

565 5353 679 5393 ram
705 5336 846 5391 altus
876 5334 1020 5395 Vat..
1050 5333 1371 5387 collationes.

638 5419 661 5447 ε
715 5407 922 5477 Vulgati
956 5405 1159 5477 addunt
1189 5401 1727 5477 praeposit_ioncm__in,
1758 5416 1916 5477 quam
1957 5400 2151 5477 melius

566 5471 865 5535 delevimu's
898 5493 962 5531 ex
994 5491 1097 5529 ms.
1119 5471 1381 5529 Vallicell.
1408 5472 1657 5529 Nonnulli
1684 5472 1842 5525 codd.
1870 5482 1924 5527 et
1949 5471 2152 5540 vulgati

566 5552 632 5606 ad
664 5551 979 5617 marginem,
1004 5563 1155 5617 super
1182 5546 1584 5600 institutionibus
1606 5544 1731 5597 suis.
1755 5542 1935 5598 Prima
1965 5543 2150 5607 editio,

567 5623 620 5675 in
645 5620 1086 5688 superstitionibus
1108 5634 1302 5670 eorum.

638 5690 665 5728 ἀ
698 5686 817 5746 Vat.
874 5692 1083 5746 collect.
1132 5691 1367 5759 quintae,
1415 5686 1789 5759 observantiam
1842 5694 2149 5739 reverentur.

570 5762 701 5819 Cod.
731 5762 991 5816 Vallicell.
1024 5776 1121 5830 pro
1143 5768 1430 5814 atteruntur
1458 5758 1619 5811 habet
1645 5765 1996 5830 conteruntur.

645 5845 667 5870 θ
702 5834 773 5887 lta
803 5849 923 5887 cum
974 5824 1268 5901 potioribus
1311 5843 1364 5887 et
1421 5830 1693 5897 plerisque
1732 5829 1931 5883 nostris
1978 5824 2149 5901 codd.

573 5905 833 5963 editiones
866 5898 1163 5960 anteriores
1190 5903 1501 5972 Quesncllo,
1554 5902 1694 5971 apud
1730 5915 1891 5971 quem
1920 5898 2149 5955 adderet.

2255 4694 2379 4734 nem
2402 4694 2428 4731 a
2452 4675 2783 4732 callidissimi
2814 4674 2984 4728 hostis
3008 4679 3285 4727 revocaret
3312 4669 3563 4725 insidiis:
3590 4682 3713 4723 cum
3735 4666 3863 4736 jam

2255 4769 2392 4825 nulli
2438 4776 2583 4824 esset
2612 4766 2944 4837 incognitum
2972 4779 3093 4835 qua:
3122 4764 3278 4818 bonis
3308 4760 3569 4831 speranda
3601 4760 3861 4829 praemia,

2258 4871 2313 4918 et
2334 4878 2451 4931 qua}
2467 4860 2624 4915 malis
2640 4866 2826 4913 essent
2853 4857 2867 4908 i
2904 4855 3141 4911 timenda
3164 4855 3268 4926 31
3296 4849 3866 4923 supplicia.lncentor

2262 4971 2494 5025 namque
2538 4954 2631 5008 ille
2671 4964 2965 5019 auctorque
2994 4946 3209 5019 peccati
3237 4947 3467 5016 primum
3499 4943 3771 5013 superbus
3804 4950 3871 4997 ut

2331 5112 2349 5151 ί
2385 5112 2704 5168 Addidimus
2746 5124 2886 5179 ergo,
2921 5104 3062 5179 quod
3084 5100 3520 5179 desiderabatur,
3554 5116 3619 5156 ex
3642 5099 3873 5155 duobus

2259 5201 2394 5241 mss.
2421 5184 2595 5237 Vatic.
2628 5191 2682 5235 et
2711 5173 3054 5234 Leétionario
3084 5173 3457 5228 Vallicellano.

2330 5266 2354 5304 s
2386 5256 2464 5309 Ex
2498 5253 2690 5307 iisdem
2734 5266 2867 5304 mss.
2920 5262 3019 5301 nec
3051 5260 3159 5300 non
3187 5260 3254 5299 ex
3294 5243 3533 5299 editione
3580 5242 3871 5312 Antuerp.

2257 5344 2345 5384 an.
2378 5326 2538 5388 15383,
2573 5322 2869 5393 adiecimus
2896 5319 3067 5393 etiam.

2332 5396 2355 5435 δ
2394 5386 2540 5453 Unus
2574 5386 2693 5447 Vn't.
2728 5403 2784 5447 et
2808 5400 2976 5458 prima
3009 5386 3209 5458 editio,
3229 5395 3489 5456 tamquam
3520 5394 3678 5454 gesta.

2338 5474 2350 5507 ί
2388 5471 2608 5522 Latinus
2634 5454 2898 5521 Latinius.
2927 5463 2977 5514 in
2997 5457 3330 5514 Bibliotheca
3348 5454 3505 5512 'sacra
3531 5466 3583 5509 et
3610 5454 3877 5523 profana,

2262 5558 2317 5604 p.
2348 5543 2437 5601 74,
2490 5537 2866 5606 corrigendum
2898 5530 3107 5606 censuit
3133 5528 3450 5606 equitatem,
3482 5527 3564 5580 vel
3591 5526 3883 5595 wqualita-

2259 5598 2377 5666 lem.
2412 5598 2467 5667 In
2499 5598 2814 5670 εοίι.”Βυιι.,
2842 5602 3188 5673 aequalitatem
3219 5598 3470 5673 habetur.

2336 5684 2347 5732 i
2395 5666 2603 5751 angati
2644 5693 2764 5733 cum
2798 5666 3082 5751 plerisque
3130 5685 3286 5751 mss,
3332 5669 3619 5740 inferenda.
3662 5666 3887 5751 Melior

2259 5756 2370 5809 visa
2400 5738 2667 5807 estiectio
2710 5738 2914 5803 codicis
2946 5738 3308 5804 vallicellani,
3340 5738 3462 5795 cum
3488 5754 3590 5795 vox
3634 5738 3889 5794 timenda

2259 5827 2375 5881 voci
2398 5824 2650 5896 speranda
2670 5820 2914 5877 Leonino
2940 5831 3093 5874 more
3122 5821 3452 5885 opponatur.
