4014 6350
159 386 258 445 161

1610 377 1845 436 SERMO
1884 377 1973 436 IX.

157 502 413 567 caderet,
443 499 639 557 deinde
664 497 881 555 invidus
921 507 981 554 ut
1018 505 1261 565 noceret,
1311 496 1432 567 quia
1464 496 1517 549 in
1558 494 1772 549 veritate
1796 493 1842 552 Α
1874 500 1935 545 ιιι
1972 489 2349 545 misericordia
2390 496 2747 560 quaereretur,
2786 490 2840 545 iu
2879 488 3072 546 diebus
3106 491 3465 561 praesentibus

159 612 265 649 non
308 594 448 648 stetit
491 591 671 664 (locu.
697 607 813 659 vni,
846 591 968 661 44),
1000 597 1165 645 totam
1196 590 1302 644 vim
1332 603 1486 644 suam
1530 588 1584 643 in
1618 600 1769 641 men-

158 688 325 742 dicio
376 688 681 750 collocavit,
734 687 1026 755 omniaque
1052 684 1434 753 deceptionum
1473 695 1671 752 genera
1700 679 1770 733 de

160 782 265 834 hoc
302 778 732 835 venenatissimo
762 778 896 831 artis
926 792 1037 831 suae
1066 776 1215 831 fonte
1261 774 1517 845 produxit
1558 790 1571 825 :
1615 782 1671 825 ut
1701 770 1769 826 ab

160 873 256 927 illo
287 872 465 937 bono,
513 870 656 941 quod
703 870 819 938 ipse
868 868 1082 938 pr0pria
1136 867 1376 923 elatione
1430 864 1766 935 perdiderat,

160 980 321 1032 spem
361 966 614 1019 humanae
638 961 955 1017 devotionis
982 960 1320 1024 excluderet,
1340 973 1540 1029 eosque
1567 960 1619 1011 in
1642 972 1770 1012 con-

160 1058 404 1110 sortium
434 1055 810 1110 damnationis
838 1068 951 1107 suze
980 1051 1236 1117 traheret,
1270 1050 1338 1104 ad
1386 1066 1614 1120 quorum
1654 1050 1771 1117 ipse

162 1150 675 1203 reconciliationem
726 1148 997 1216 pertinere
1046 1159 1151 1200 non
1202 1151 1405 1213 posset.
1451 1151 1474 1180 ³
1517 1140 1770 1211 Quisquis

164 1243 336 1310 igitur
362 1242 643 1296 hominum
667 1239 994 1308 quibuslibet
1019 1237 1385 1306 impietatibus
1417 1236 1581 1289 Deum
1612 1233 1768 1296 laesit,

165 1336 339 1403 hujus
371 1335 562 1388 fraude
611 1333 909 1395 traductus,
951 1329 1111 1400 hujus
1136 1338 1222 1384 est
1242 1329 1479 1398 nequitia
1511 1326 1773 1395 deprava-

169 1438 278 1480 tus.
316 1425 514 1480 Facile
541 1426 682 1479 enim
715 1425 768 1478 in
797 1424 977 1476 omnia
1005 1421 1206 1489 ﬂagitia
1229 1421 1459 1489 impulit,
1478 1433 1618 1488 quos
1642 1416 1671 1455 ι)
1692 1433 1777 1473 re-

169 1517 380 1587 ligione
408 1516 644 1585 decepit.
679 1515 869 1570 Sciens
899 1524 1076 1568 autem
1110 1513 1277 1567 Deum
1310 1527 1416 1567 non
1449 1513 1628 1566 solum
1656 1525 1778 1565 ver-

172 1610 276 1675 bis,
327 1609 427 1663 sed
483 1608 645 1663 etiam
688 1607 842 1661 factis
874 1606 1080 1675 negari,
1114 1604 1298 1659 multis
1325 1603 1518 1674 quibus
1564 1600 1779 1657 auferre

175 1720 283 1757 non
311 1706 500 1773 potuit
525 1704 711 1769 ﬁdem,
739 1704 959 1757 sustulit
978 1702 1329 1767 charitatem;
1360 1711 1409 1756 et
1444 1715 1573 1771 agro
1601 1699 1780 1754 cnrdis

173 1797 426 1865 ipsorum
457 1795 700 1849 avaritia:
731 1794 1005 1849 radicibus
1046 1802 1345 1861 occupato,
1378 1790 1629 1860 Spoliavit
1670 1789 1781 1843 fru-

174 1900 263 1943 ctu
312 1901 549 1956 operum
597 1900 733 1955 quos
775 1900 883 1939 non
929 1883 1163 1955 privavit
1209 1883 1549 1939 confessione
1603 1882 1777 1935 labio-

174 1994 315 2033 rum.

241 2069 385 2127 Cn.
416 2070 484 2125 ll.
534 2100 606 2110 —
634 2069 865 2139 Propter
896 2068 994 2122 has
1022 2081 1171 2138 ergo,
1201 2065 1560 2130 dilectissimi,
1596 2078 1779 2119 versu-

176 2165 278 2219 tias
320 2165 504 2219 hostis
542 2163 772 2233 antiqui,
805 2164 952 2217 scire
981 2176 1082 2215 nos
1111 2160 1284 2213 voluit
1309 2156 1599 2212 inel‘l‘abilis
1626 2157 1782 2213 beni-

175 2258 357 2327 gnitas
386 2255 620 2321 Christi,
647 2255 777 2326 quid
810 2255 861 2309 in
893 2253 980 2307 die
1010 2251 1385 2307 retributionis
1416 2250 1483 2305 de
1512 2250 1781 2305 universi—

177 2364 285 2408 tate
327 2353 618 2407 hominum
655 2361 800 2406 esset
852 2348 1279 2413 decernendum,
1317 2356 1376 2401 ut
1414 2346 1545 2401 dum
1579 2347 1629 2399 in
1679 2346 1780 2400 hoc

179 2456 433 2515 tempore
461 2444 828 2515 legitimorum
854 2441 1219 2496 remediorum
1270 2439 1539 2494 medicina
1573 2438 1783 2507 praebe-

184 2552 291 2602 tur,
326 2538 458 2591 dum
495 2536 649 2590 elisis
678 2532 950 2604 reparatio
998 2548 1105 2586 non
1158 2540 1404 2601 negatur,
1458 2539 1515 2584 et
1557 2528 1648 2599 qui
1691 2528 1782 2583 diu

185 2632 400 2684 fuerunt
447 2628 690 2692 steriles,
720 2632 946 2697 possunt
974 2623 1188 2679 tandem
1221 2637 1339 2678 esse
1374 2622 1611 2689 fecundi,
1647 2637 1783 2691 prae-

186 2723 435 2775 veniatur
474 2719 739 2789 disposita
790 2732 1015 2773 censura
1050 2716 1297 2785 iustitiae,
1332 2724 1386 2769 et
1417 2730 1707 2784 numquam
1753 2704 1785 2768 ἐ

188 2813 364 2867 cordis
385 2812 563 2867 oculis
601 2810 799 2864 divinat
828 2820 851 2848 ε
910 2809 1250 2863 discretionis
1296 2809 1470 2877 imago
1521 2807 1783 2863 discedat.

192 2905 382 2960 Veniet
408 2905 559 2958 enim
594 2904 648 2957 in
680 2901 976 2972 majestatis
1008 2918 1119 2957 sua
1141 2903 1309 2973 gloria
1335 2901 1620 2969 Dominus,
1650 2902 1786 2956 sicut

192 2998 303 3069 ipse
344 2998 609 3067 praedixit
636 2996 852 3069 (Matth.
887 3012 1010 3062 xxv,
1046 2996 1160 3067 5i).
1211 2996 1493 3065 aderitque
1544 3010 1664 3049 cum
1717 3009 1784 3049 eo

193 3091 407 3144 radians
439 3091 497 3144 in
527 3088 908 3158 splendoribus
933 3090 1045 3141 suis
1076 3087 1489 3141 innumerabilis
1516 3086 1785 3156 angelica-

196 3199 306 3237 rum
339 3181 639 3237 multitudo
658 3179 949 3249 legionum.
979 3179 1457 3248 Congregabuutur
1485 3188 1611 3233 ante
1637 3177 1786 3231 thro-

197 3292 315 3330 num
344 3275 608 3345 potentiae
624 3274 739 3341 ejus
768 3274 1009 3327 omnium
1037 3271 1281 3341 gentium
1308 3271 1524 3341 populi;
1556 3279 1610 3325 et
1631 3269 1786 3339 quid-

198 3366 316 3435 quid
352 3366 637 3420 hominum
668 3363 932 3417 universis
960 3362 1173 3416 saeculis
1215 3372 1328 3416 toto
1355 3362 1487 3415 orbe
1518 3372 1785 3417 terrarum

200 3462 541 3537 progenitum
575 3466 678 3521 est,
710 3459 764 3511 in
796 3465 1092 3526 conspectu
1114 3456 1402 3524 judicantis
1447 3456 1662 3509 astabit.
1693 3455 1790 3510 Se-

202 3560 532 3628 parahuntur
551 3551 621 3609 ab
642 3549 853 3605 iniustis
874 3548 1025 3616 justi,
1049 3563 1075 3598 a
1105 3547 1422 3601 nocentibus
1446 3548 1785 3613 innocentes;

203 3666 399 3708 etcum
433 3661 798 3722 prmparatum
834 3644 936 3705 sibi
983 3659 1229 3719 regnum,
1264 3644 1549 3705 τεςουιδὶιίε
1588 3642 1796 3705 misert-

207 3750 401 3802 cordia:
433 3746 717 3816 operibus,
754 3745 849 3798 lilii
881 3744 1096 3812 pietatis
1125 3744 1458 3812 acceperint,
1504 3743 1795 3813 exprobra-

206 3842 343 3895 bitur
367 3839 569 3894 duritia
591 3838 895 3892 sterilitatis
926 3836 1170 3905 injustis;
1202 3846 1258 3891 et
1287 3836 1419 3890 nihil
1446 3835 1707 3892 habentes
1728 3839 1797 3893 si-

204 3934 349 3988 nistri
380 3946 675 3987 commune
702 3946 825 3985 cum
853 3930 1076 3997 dextris,
1112 3931 1169 3983 in
1201 3929 1380 3999 ignem
1413 3930 1481 3985 ad
1511 3930 1711 3986 diaboli
1741 3940 1797 3988 et

204 4025 516 4096 angelorum
547 4023 663 4093 ejus
711 4031 982 4078 tormenta
1013 4023 1357 4092 dispositum,
1409 4026 1794 4093 omnipotentis

205 4118 394 4188 iudicis
424 4114 777 4171 damnatione
807 4116 1110 4182 mittentur,
1141 4130 1262 4170 cum
1292 4115 1385 4169 illo
1416 4116 1645 4170 habituri
1681 4133 1796 4186 pte-

207 4227 280 4264 na
306 4209 776 4272 communionem,
808 4206 963 4277 cujus
989 4207 1268 4277 elegerunt
1315 4208 1496 4264 facere
1547 4211 1795 4265 volunta-

208 4312 326 4356 tem.
380 4301 518 4367 Quis
548 4301 708 4370 igitur
737 4299 891 4353 istam
922 4299 1029 4371 32
1058 4309 1259 4353 sortem
1300 4312 1625 4356 aeternorum
1673 4318 1799 4357 cru-

208 4394 437 4449 eiatuum
471 4406 582 4446 non
610 4392 902 4461 pavescat?
923 4392 1054 4458 Quis
1080 4394 1216 4446 mala
1240 4408 1529 4463 numquam
1562 4394 1794 4450 ﬁnienda

1874 597 1997 638 cum
2028 581 2414 638 misericordiae
2444 592 2527 639 est
2560 583 2804 653 largitate
2832 582 3143 650 vivendum,
3171 592 3231 640 ut
3259 583 3465 644 homini

1875 684 1997 745 post
2027 676 2381 745 periculosam
2418 676 2817 747 negligentiam,
2850 679 2916 733 ad
2945 678 3163 749 pictatis
3192 694 3352 750 opera
3384 696 3463 738 re-

1876 770 2127 837 vertenti,
2174 770 2432 840 possibile
2459 770 2527 825 sit
2553 772 2621 824 ab
2651 771 2751 825 hac
2779 771 3045 826 sententia
3075 772 3319 828 liberari.
3352 772 3467 830 Hoc

1877 864 2017 916 enim
2044 864 2148 932 agit
2178 862 2413 931 potentia
2454 863 2675 930 judicis.
2723 862 2827 917 hoc
2864 865 3041 930 gratia
3086 862 3465 933 dServatoritt,

1876 964 1937 1010 ut
1978 955 2245 1024 relinquat
2286 956 2482 1024 impius
2511 958 2625 1023 vias
2651 970 2798 1021 suas,
2830 966 2884 1011 et
2929 957 2998 1012 ab
3027 956 3330 1028 iniquitatis
3355 973 3467 1015 suae

1879 1050 2267 1104 consuetudine
2292 1059 2547 1118 peccator
2575 1048 2854 1104 abscedat.
2876 1050 3237 1105 Miser-cantur
3266 1066 3470 1124 paupe-

1883 1157 2026 1204 rutn,
2057 1141 2149 1211 qui
2178 1141 2280 1195 sibi
2324 1140 2507 1194 volunt
2545 1155 2768 1210 parcere
2793 1137 3091 1195 Christum.
3124 1142 3330 1197 Faciles
3360 1143 3470 1199 sint

1879 1234 1935 1289 in
1974 1235 2226 1288 alimenta
2272 1236 2616 1299 miserorum,
2661 1235 2753 1302 qui
2786 1235 3010 1303 cupiunt
3045 1235 3111 1289 ad
3157 1237 3469 1292 societatem

1883 1326 2163 1397 pervenire
2192 1336 2214 1364 ο
2246 1325 2507 1382 felicium.
2538 1326 2652 1381 Non
2677 1328 2747 1382 sit
2771 1327 2890 1382 vilis
2923 1328 3125 1383 homini
3156 1328 3339 1393 homo,
3368 1344 3472 1385 nec

1885 1419 1937 1472 in
1956 1435 2220 1488 quoquam
2244 1419 2574 1485 despiciatur
2599 1420 2686 1474 illa
2717 1432 2929 1486 natura,
2955 1436 3116 1491 quam
3140 1436 3321 1476 rerum
3338 1436 3473 1477 con-

1887 1511 2031 1567 ditor
2059 1527 2210 1565 suam
2245 1511 2390 1565 fecit.
2417 1511 2515 1567 Cui
2546 1512 2691 1568 enim
2725 1512 3081 1568 laborantium
3114 1514 3242 1570 licet
3272 1530 3474 1587 negare

1884 1604 2026 1674 quod
2055 1604 2299 1659 Christus
2329 1604 2429 1658 sibi
2461 1605 2742 1673 profitetur
2771 1607 3045 1676 impendi?
3076 1607 3302 1663 Juvatur
3331 1623 3467 1664 eon-

1885 1711 2094 1757 servus.
2140 1706 2194 1751 et
2248 1697 2474 1765 gratiam
2528 1696 2692 1753 refert
2737 1698 3013 1753 Dominus.
3069 1700 3234 1757 Cibus
3286 1701 3468 1772 egeni,

1887 1789 2038 1860 regni
2078 1791 2315 1845 caelestis
2346 1800 2431 1845 est
2457 1790 2723 1859 pretium;
2756 1801 2809 1847 et
2842 1792 3065 1862 largitor
3094 1796 3473 1863 temporalium

1884 1883 2061 1939 hwres
2090 1883 2321 1937 efficitur
2367 1894 2717 1938 aeternorum.
2751 1883 2906 1939 Unde
2932 1896 3110 1940 autem
3139 1886 3327 1955 exigua
3372 1886 3476 1941 ista

1884 1975 2153 2045 impendia
2193 1984 2335 2029 tanta
2376 1976 2633 2029 aestimari
2689 1976 2961 2031 taxatione
2997 1986 3330 2044 meruerunt,
3373 1979 3476 2034 nisi

1883 2067 2006 2137 quia
2056 2068 2293 2135 pondera
2323 2082 2547 2137 operum
2576 2067 2856 2121 charitatis
2888 2069 3042 2124 lance
3073 2081 3389 2137 pensantur,
3422 2080 3478 2127 et

1886 2173 2007 2214 cum
2042 2170 2256 2214 amatur
2282 2161 2349 2214 ab
2378 2160 2596 2215 homine
2624 2160 2767 2231 quod
2798 2161 2935 2215 Deus
2966 2161 3158 2231 diligit,
3194 2164 3388 2219 merito
3423 2164 3478 2219 in

1889 2259 2005 2326 ejus
2034 2258 2343 2312 ascenditur
2369 2273 2613 2327 regnum,
2639 2259 2690 2311 in
2716 2258 2871 2326 cujus
2904 2261 3161 2313 transitur
3190 2260 3479 2316 allectum?

1960 2350 2090 2407 Car.
2128 2350 2217 2406 ΙΙΙ.
2248 2382 2316 2394 -
2348 2351 2429 2404 Ad
2462 2350 2657 2405 horum
2685 2367 2813 2421 ergo
2842 2367 3087 2420 operum,
3119 2352 3476 2419 dilectissimi,

1890 2444 2029 2512 piam
2058 2458 2241 2498 curam
2267 2443 2382 2497 dies
2412 2459 2512 2497 nos
2541 2443 2851 2511 apostolica:
2883 2445 3234 2500 institutionis
3268 2447 3478 2513 invitat,

1893 2534 1945 2588 in
1976 2548 2083 2601 quo
2113 2544 2422 2588 sanctarum
2455 2533 2475 2570 ί
2508 2534 2860 2588 collationum
2902 2535 3073 2603 prima
3120 2536 3369 2592 collectio
3398 2546 3481 2594 est

1892 2627 2188 2697 prudenter
2217 2643 2245 2681 a
2278 2627 2525 2681 Patribus
2553 2640 2606 2681 et
2634 2628 2833 2682 utiliter
2860 2628 3143 2687 ordinata:
3177 2640 3230 2683 ut
3262 2630 3386 2699 quia
3426 2631 3480 2686 in

1896 2719 1997 2774 hoc
2027 2730 2267 2789 tempore
2304 2719 2526 2787 gentilis
2571 2719 2841 2788 quondam
2883 2721 3114 2789 populus
3146 2722 3482 2789 superstitio-

1892 2812 2005 2865 sius
2051 2811 2387 2865 daemonibus
2414 2812 2705 2876 serviebat,
2740 2823 2928 2865 contra
2981 2811 3232 2880 profanas
3278 2813 3481 2871 hostias

1893 2902 2202 2972 impiorum,
2237 2912 2263 2951 κ
2296 2904 2657 2957 sacratissima
2682 2911 2987 2958 nostrarum
3011 2904 3480 2976 eleemosynarum

1890 2998 2263 3053 celebraretur
2288 2997 2513 3053 oblatio.
2563 2997 2716 3063 Quod
2747 2998 2868 3068 quia
2909 2998 3263 3055 incrementis
3296 3000 3483 3056 Eccle-

1890 3090 1985 3144 size
2032 3090 2511 3145 fructuosissimum
2547 3091 2665 3158 fuit,
2720 3090 2918 3160 placuit
2972 3106 3094 3147 esse
3134 3103 3474 3163 perpetuum.

1894 3180 2046 3238 Unde
2076 3182 2358 3237 hortamur
2387 3184 2729 3238 sanctitatem
2760 3194 2991 3237 vestram
3021 3194 3189 3254 utper
3210 3185 3484 3243 Ecclesias

1890 3274 2167 3342 regionum
2211 3284 2512 3328 vestrarum
2548 3271 2572 3310 δ
2606 3283 2797 3343 quarta
2847 3276 2980 3330 feria
3028 3276 3095 3331 de
3144 3277 3485 3334 facultatibus

1891 3367 2108 3433 vestris,
2140 3375 2397 3435 quantum
2421 3365 2610 3420 suadet
2640 3366 2970 3434 possibilitas
2996 3375 3052 3422 et
3076 3366 3346 3438 voluntas,
3374 3368 3391 3407 ί
3417 3370 3484 3424 ad

1893 3475 2161 3527 expensas
2214 3458 2605 3513 misericordiae
2646 3457 2962 3527 conferatis,
2992 3469 3049 3513 ut
3095 3460 3311 3530 possitis
3339 3461 3485 3517 illam

1896 3549 2279 3603 beatitudinem
2324 3549 2647 3618 promereri,
2700 3548 2753 3603 in
2786 3564 2887 3619 qua
2925 3550 3033 3604 sine
3082 3552 3189 3606 line
3230 3552 3486 3619 gaudebit

1900 3643 1987 3722 qui
2027 3643 2270 3723 intelligit
2300 3660 2452 3722 super
2480 3658 2692 3722 egenum
2720 3650 2765 3703 et
2794 3658 3073 3721 pauperem
3114 3643 3232 3721 (Ps.
3282 3668 3371 3719 XL,
3407 3654 3483 3723 l).

1900 3743 1981 3798 Ad
2013 3760 2170 3813 quem
2204 3744 2629 3813 intelligendum,
2662 3741 3020 3810 dilectissimi,
3067 3744 3298 3799 sollicita
3329 3745 3485 3801 beni-

1900 3840 2101 3909 gnitate
2146 3838 2472 3909 vigilandum
2517 3848 2621 3906 est,
2653 3850 2711 3895 ut
2756 3856 2915 3909 quem
2954 3839 3215 3896 modestia
3251 3841 3401 3909 tegit,
3432 3849 3488 3897 et

1901 3932 2223 3987 verecundia
2284 3933 2298 3981 i
2374 3932 2655 4002 praepedit,
2711 3932 2951 3987 invenire
3008 3932 3290 4001 possimus.
3351 3931 3489 3988 Sunt

1901 4032 2045 4085 enim
2077 4027 2182 4098 33
2213 4026 2302 4098 qui
2333 4027 2504 4096 palam
2538 4042 2763 4095 poscere
2789 4043 2847 4082 ea
2882 4027 3075 4096 quibus
3097 4026 3341 4096 indigent
3366 4042 3490 4081 eru-

1898 4121 2158 4184 bescunt;
2192 4127 2247 4173 et
2287 4119 2492 4172 malunt
2517 4116 2544 4155 k
2575 4119 2792 4172 miseria
2823 4118 2999 4172 tacitm
3042 4119 3294 4188 egestatis
3324 4118 3488 4188 afﬂigi

1898 4228 2057 4283 quam
2094 4212 2300 4281 publica
2335 4212 2595 4281 petitione
2646 4211 2923 4266 confundi.
2973 4210 3309 4280 lotelligendi
3361 4226 3491 4280 ergo

1903 4305 1989 4358 isti
2020 4312 2169 4369 sunt,
2202 4311 2255 4356 et
2301 4304 2367 4357 ab
2391 4304 2601 4357 occulta
2637 4304 2957 4357 necessitate
2992 4300 3011 4339 ι
3062 4302 3402 4369 sublevandi,
3437 4311 3491 4359 ut

1902 4397 2005 4451 hoc
2037 4398 2153 4464 ipso
2181 4394 2413 4461 amplius
2438 4395 2727 4464 gaudeant,
2753 4410 2875 4449 cum
2903 4402 2956 4448 et
2980 4392 3278 4463 paupertati
3302 4408 3491 4449 eorum

207 4503 306 4542 non
348 4486 581 4542 timeat?
612 4485 717 4540 Sed
743 4499 863 4539 cum
895 4483 1015 4540 ideo
1045 4484 1357 4539 denuntiata
1398 4486 1467 4541 sit
1503 4490 1790 4558 severitas,
1822 4488 1875 4549 D
1899 4489 2203 4547 consultum
2233 4484 2414 4555 fuerit,
2447 4496 2501 4540 et
2529 4486 2741 4556 pudori.
2770 4486 2940 4543 Recte
2968 4494 3009 4523 αι
3029 4495 3207 4542 autem
3237 4486 3292 4541 in
3320 4500 3492 4558 egeno

271 4681 298 4708 ι
326 4671 757 4727 Emendavimus
782 4686 847 4724 ex
880 4685 982 4724 ms.
1018 4669 1204 4723 Vallic.
1239 4671 1295 4725 lu
1339 4671 1549 4725 cmtetis
1599 4673 1801 4729 nostris

209 4745 359 4798 cmid.
390 4745 525 4799 etin
548 4743 797 4814 omnibus
823 4742 980 4795 editis
1008 4741 1312 4814 legebatur:
1350 4742 1614 4814 Quidquid
1645 4746 1803 4814 igitur

211 4816 477 4867 taurinum
511 4813 812 4885 quibuslibet
845 4813 1187 4885 impietatibus
1222 4810 1400 4885 Deum
1446 4812 1602 4879 laesit,
1646 4810 1804 4885 Hujus

212 4887 391 4954 fraude
420 4887 741 4947 traductum,
770 4884 923 4954 hujus
937 4894 1010 4935 est
1036 4883 1277 4954 nequitia:
1303 4883 1657 4953 depravatum.

273 4955 301 4993 δ
325 4953 399 5009 In
418 4955 631 5009 addunt
651 4955 756 5007 duo
773 4953 930 5007 codd.
956 4954 1170 5007 collect.
1198 4953 1251 5019 4,
1284 4964 1337 5007 et
1359 4955 1494 5007 alius
1515 4956 1727 5010 collect.
1747 4957 1801 5022 5,

212 5036 260 5081 et
288 5028 428 5081 edit.
462 5028 733 5093 Antuerp.
768 5039 868 5077 ms.
894 5022 1109 5086 Vallic.,
1138 5026 1189 5076 in
1221 5026 1465 5094 religione
1494 5028 1729 5095 suscepit.

278 5099 465 5221 chod.
495 5096 633 5151 Bon.
666 5112 787 5151 cum
823 5096 991 5164 prima
1022 5095 1281 5161 editione,
1305 5096 1659 5163 districtionis,
1692 5113 1801 5153 non

278 5185 289 5221 l
316 5186 370 5221 ε.

214 5184 370 5223 male.

277 5236 301 5274 ἀ
341 5238 642 5305 Vallicell.,
678 5237 986 5292 Saluatoris.

279 5319 303 5345 ε
339 5308 602 5363 Felicittm
640 5322 825 5362 vocem
856 5308 1154 5374 Oppositam
1184 5307 1306 5361 voci
1352 5306 1653 5362 miserorum
1678 5308 1804 5365 sub-

215 5380 484 5435 stituimus
527 5382 645 5434 loco
672 5378 822 5433 vocis
866 5378 1094 5441 ﬁdelium
1114 5419 1128 5442 ,
1163 5388 1393 5447 quatuor
1420 5394 1549 5432 mss.
1580 5389 1636 5435 et
1668 5380 1800 5435 edit.

217 5451 633 5520 Antuerpiensis
661 5452 978 5505 auctoritate
1006 5449 1164 5503 futili.
1197 5449 1299 5504 Pro
1326 5451 1587 5519 pervenire
1622 5452 1807 5520 legunt

217 5523 376 5592 aliqui
408 5522 597 5582 codd.,
634 5523 904 5584 pertinere.

286 5593 306 5633 ί
342 5593 484 5646 Editi
516 5608 639 5647 cum
670 5593 943 5663 plerisque
989 5605 1143 5663 mss.,
1192 5590 1564 5645 collectionum.
1611 5592 1803 5647 Melius

217 5663 268 5719 in
293 5662 821 5727 Vall.cellano,cum
860 5676 956 5715 vor
987 5662 1316 5715 collationum
1338 5665 1540 5729 Optime
1572 5678 1801 5731 respon-

217 5735 363 5799 deat,
411 5743 469 5790 et
516 5737 779 5789 referatur
808 5733 873 5787 ad
902 5731 1331 5802 eleemosynarum
1361 5733 1685 5796 oblationem,
1734 5733 1806 5788 de

218 5821 319 5872 qua
352 5816 478 5875 post
522 5819 691 5874 pauca
738 5804 797 5859 ﬁt
841 5807 1065 5859 mentio.
1102 5802 1158 5857 In
1202 5802 1370 5872 prima
1428 5805 1663 5858 editione
1710 5804 1808 5858 lia-

219 5875 400 5940 ltetur.
445 5887 740 5931 sanctarum
782 5876 1137 5933 collectionum
1190 5877 1355 5946 prima
1407 5877 1640 5943 collatio;
1696 5889 1805 5933 non

1904 4672 1988 4727 dis
1998 4671 2178 4727 ulicet.

1980 4688 1986 4699 '
2136 4686 2178 4722 ῐ.

1980 4686 2219 4795 ἔρξξῗυιί
2257 4752 2458 4813 sumus
2499 4738 2783 4813 lectionem
2818 4739 3000 4813 primae
3030 4739 3305 4813 editionis,
3335 4756 3495 4813 quam

1907 4828 2038 4869 mss.
2060 4811 2440 4865 collectiontsfi
2457 4820 2510 4863 et
2527 4810 2832 4864 Lertionar.
2858 4810 3120 4866 Vallicell.
3148 4810 3493 4868 confirmant.

1909 4886 2043 4939 Alim
2084 4880 2370 4943 editiones,
2403 4883 2750 4935 sacratissima
2779 4899 2811 4935 a
2839 4882 2984 4935 nobis
3030 4892 3342 4952 nostrarum,
3386 4892 3493 4942 etc.

1908 4953 2253 5023 Quesuellus,
2284 4952 2645 5007 sacratissime.

1982 5022 2010 5062 ιι
2041 5023 2371 5093 Legendum,
2401 5023 2581 5091 quinta
2608 5023 2757 5091 feria,
2790 5032 2845 5076 ut
2885 5024 2938 5077 in
2967 5023 3332 5080 admonitione
3359 5023 3497 5080 dixi-

1908 5110 2058 5161 mus;
2092 5094 2187 5149 sed
2234 5095 2381 5149 nullo
2408 5094 2595 5149 Codice
2625 5094 2945 5163 cpitulante,
2981 5105 3181 5151 textum
3212 5096 3496 5152 immutare

1907 5168 2198 5222 noluimus.

1986 5236 2002 5274 ί
2027 5238 2102 5292 Ex
2127 5235 2477 5291 Vallicellano
2495 5244 2547 5289 et
2574 5234 2694 5289 aliis
2716 5235 2924 5290 duobus
2939 5236 3237 5300 codicibus,
3268 5250 3367 5292 nec
3390 5253 3494 5291 non

1910 5324 1973 5366 ex
2006 5310 2170 5375 prima
2186 5306 2420 5360 editione
2451 5306 2779 5361 inseruimus
2806 5309 3239 5376 praepositionem
3266 5310 3357 5372 ad,
3377 5323 3496 5377 qua:

1910 5380 2192 5436 commode
2222 5377 2423 5431 iudicat
2446 5378 2585 5445 quod
2621 5377 2849 5431 traditur
2874 5393 3038 5431 serm.
3064 5380 3152 5445 tl,
3178 5393 3227 5433 c.
3257 5377 3293 5431 2
3319 5395 3334 5435 :
3358 5377 3496 5432 San-

1912 5461 1992 5505 cta
2008 5449 2260 5511 collectio,
2290 5464 2405 5510 qua:
2455 5465 2542 5517 per
2569 5450 2954 5519 prwstdentium
2981 5465 3157 5503 curam
3200 5448 3497 5503 necessa'iis

1910 5524 2118 5576 serviret
2146 5520 2400 5586 expensis.

1986 5592 1999 5642 i
2043 5592 2220 5645 Prima
2253 5590 2437 5653 editio,
2472 5590 2703 5660 impedit.

1982 5660 2011 5699 ¹ι
2032 5663 2167 5716 Cod.
2194 5662 2405 5726 Vallia,
2432 5663 2689 5714 molestia.

1989 5731 2007 5770 ι
2047 5734 2173 5787 Mss.
2206 5734 2416 5786 collect.
2445 5731 2479 5784 4
2500 5746 2551 5785 et
2583 5738 2636 5795 ὸ,
2661 5728 2938 5784 revelandt'.

1983 5812 2025 5841 ω
2061 5806 2151 5860 Sic
2183 5805 2481 5858 Lectionar.
2514 5802 2781 5857 Vallicell.
2809 5808 2863 5853 et
2890 5812 3023 5853 mss.
3046 5797 3260 5857 collect.
3289 5802 3347 5869 5,
3376 5815 3499 5869 cum

1912 5876 2290 5946 Antuerpiensi
2321 5876 2572 5930 editione.
2606 5873 2777 5933 Alias,
2803 5871 2937 5925 enim
2968 5871 3022 5926 in
3044 5885 3222 5939 egeno.
3483 5874 3498 5891 ‘
