3994 6354
542 286 645 390 iss

541 405 594 502 έι
618 403 852 517 paupere
877 442 1047 514 ipsius
1075 438 1202 496 Jesu
1228 435 1430 494 Christi
1457 431 1666 488 Domini
1695 429 1865 484 nostri
1897 437 2127 517 persona
2159 428 2204 487 Α

539 515 790 603 sentitur,
819 536 908 608 qui
933 549 1046 590 cum
1059 542 1188 588 esset
1215 532 1374 595 dives,
1406 537 1431 564 α
1459 526 1600 582 sicut
1629 524 1704 577 ait
1735 521 1794 576 Β.
1829 515 2127 608 apostolus,

539 644 738 702 pauper
776 604 943 699 fartus
987 635 1080 692 est,
1118 632 1174 677 ut
1213 635 1304 676 nos
1344 634 1441 674 sua
1482 619 1783 686 paupertate
1819 609 2005 667 ditaret
2061 604 2140 676 (11·

539 723 659 779 Cor.
686 738 802 788 vin,
831 721 908 792 9).
940 721 1007 776 Et
1029 735 1094 774 ne
1125 721 1315 773 deesse
1342 714 1498 770 nobis
1524 714 1553 752 δ
1600 728 1696 796 sua
1727 712 2008 781 praesentia
2049 704 2134 758 vi~

540 817 781 884 deretur,
818 818 887 870 ita
942 807 1260 869 humilitatis
1307 819 1361 866 et
1413 809 1599 880 gloria:
1650 823 1760 861 suze
1811 798 2132 873 temperavit

541 891 885 980 mysterium,
935 915 991 980 ut
1045 921 1202 974 quem
1235 895 1437 974 Regem
1470 911 1523 959 et
1566 899 1846 954 Dmninum
1880 887 1942 950 in‘
1967 891 2132 962 maje-

539 1014 678 1058 state
722 999 894 1057 Patris
944 1001 1257 1064 adoramus,
1289 996 1538 1053 eumdem
1573 993 1766 1050 in‘suis
1808 987 2134 1062 pauperibus

538 1107 903 1174 pasceremus,
948 1087 1210 1148 liberandi
1235 1092 1302 1144 ob
1335 1093 1436 1145 hoc
1467 1097 1517 1144 in
1551 1089 1638 1144 die
1684 1087 1822 1143 mala
1853 1101 1890 1154 a,
1914 1083 2138 1138 damna-

544 1189 686 1243 tione
713 1195 992 1258 perpetua,
1019 1194 1071 1240 et
1104 1203 1200 1254 pro
1225 1183 1482 1240 intellecti
1517 1181 1766 1252 pauperis
1795 1191 1948 1245 cura,
1983 1176 2151 1256 regui‘

541 1277 779 1335 coelesﬁs
801 1275 1089 1333 consortiis
1124 1274 1418 1330 inserendi.

611 1371 739 1429 Car.
777 1369 866 1428 IV.
897 1402 966 1414 —
1013 1371 1080 1427 Ut
1126 1380 1302 1425 autem
1337 1369 1389 1422 in
1438 1365 1721 1430 omnibus,
1769 1361 2127 1426 dileCtissimi,

543 1465 750 1537 placeat
775 1465 1002 1520 Domino
1029 1473 1203 1518 vestra
1237 1462 1476 1525 devtitio,
1513 1458 1677 1512 etiam
1730 1456 1797 1510 ad
1848 1455 1987 1510 hanc
2032 1468 2131 1508 vos

543 1560 822 1615 hortamur
853 1558 1168 1613 industriam
1189 1597 1203 1622 ,
1243 1564 1301 1609 ut
1331 1552 1653 1608 Manichaaos
1696 1549 2024 1621 ubicumque
2055 1549 2131 1603 la-

546 1662 720 1706 tentes
747 1631 940 1704 vestris
965 1649 1295 1719 presbyteris
1321 1645 1625 1716 publicetis.
1653 1643 1843 1712 Magna
1874 1650 1957 1696 est
1983 1642 2128 1696 enim

1679 312 1736 369 S.
1776 304 2022 366 LEONIS
2057 297 2274 359 MAGNI
2315 295 2693 356 SERMONES.

3708 287 3815 346 HM

2305 420 2354 472 in
2390 433 2638 486 pauperes
2659 413 2976 477 expendunt.
3004 442 3076 454 —
3098 410 3184 468 Ill.
3218 410 3344 467 Siue
3382 391 3814 486 misericordia

2307 480 2576 562 pauperes,
2633 496 2844 562 caeteras
2889 486 3096 539 virtutes
3144 492 3253 537 non
3300 482 3559 550 prodesse.
3603 509 3675 562 -τ-
3724 480 3815 562 iV.

2304 553 2485 619 Fidem
2523 561 2630 616 sine
2676 557 2908 630 aperibus
2957 565 3215 630 mortuum
3257 570 3366 612 esse
3390 593 3406 618 ,
3456 570 3547 623 per
3592 553 3817 630 charita-
3902 574 3908 579 ν

2305 645 2404 712 teut
2439 624 2718 741 9vivi/icari.‘
2785 629 3136 702 Eteemosynte
3180 629 3241 680 a'c
3295 626 3648 706 temperantia:
3693 624 3820 680 bona

2306 721 2422 741 mm,

2305 721 2448 770 quae:

2305 797 2434 852 Car.
2466 795 2506 849 l.
2537 823 2608 835 —
2637 790 2960 864 Apostolicae
2991 788 3314 856 traditionis.
3347 786 3716 853 dilectissimi,
3745 787 3822 843 in-

2241 892 2424 948 stituta
2463 895 2776 953 servantes,
2809 885 3064 957 pastorali
3099 900 3190 940 vos
3221 883 3590 962 sollicitudine
3634 879 3822 939 cohor-

2243 993 2439 1050 tamur,
2465 981 2524 1038 ut
2553 983 2695 1037 diem
2722 995 2884 1052 quem
2919 980 2992 1036 illi
3022 982 3088 1034 ab
3130 975 3419 1051 impiorum
3446 978 3825 1050 superstitione

2245 1083 2528 1146 purgatum
2560 1117 2574 1141 ,
2607 1071 2993 1128 misericordia:
3021 1071 3273 1142 operibus
3303 1057 3709 1133 consecrarunt,
3737 1069 3828 1124 de-

2245 1171 2460 1224 votione
2490 1163 2754 1239 religiosae
2786 1155 3193 1222 consuetudinis
3224 1165 3561 1222 celebremus
3585 1207 3599 1232 ,
3645 1157 3826 1218 osten-

2245 1262 2436 1316 dentes
2459 1260 2596 1330 apud
2630 1274 2727 1313 nos
2753 1258 3124 1314 auctoritatem
3145 1257 3364 1313 Patrum
3388 1258 3590 1321 vivere,
3618 1267 3829 1311 eorum-

2236 1367 2338 1422 que
2363 1353 2667 1406 doctrinam
2700 1353 2750 1405 in
2787 1362 2970 1406 nostra
2989 1350 3294 1406 obedientia
3319 1363 3656 1420 permanere.
3689 1341 3830 1414 Quo-

2237 1445 2380 1500 tiiam
2420 1441 2438 1482 τ
2477 1455 2660 1499 sancta
2691 1451 2851 1497 tanta:
2873 1443 3276 1498 constitutionis
3309 1441 3529 1507 utilitas,
3560 1453 3667 1496 non
3697 1453 3831 1510 pra!-

2238 1540 2397 1594 terito
2428 1547 2632 1592 tantum
2674 1538 2900 1606 tempori
2929 1581 2943 1604 ,
3000 1536 3092 1589 sed
3121 1536 3280 1591 etiam
3313 1546 3511 1589 nostrae
3559 1535 3833 1604 prospexit

2239 1632 2422 1697 aetati,
2467 1638 2528 1684 ut
2557 1627 2698 1698 quod
2738 1629 2847 1683 illis
2889 1629 2952 1682 ad
2985 1627 3404 1682 destructionem
3449 1625 3646 1698 profuit
3686 1624 3834 1679 vani-

543 1742 715 1815 piemg
747 1743 977 1813 prodere
1013 1718 1244 1795 latebras
1275 1739 1561 1807 impiarum
1583 1780 1597 1805 ν
1637 1747 1689 1791 et
1733 1740 1905 1806 ipsum
1938 1738 1991 1790 In
2032 1737 2132 1801 eis,
2166 1751 2214 1810 Β
2245 1731 2441 1790 talum,
2476 1723 2576 1776 hoc
2608 1722 2760 1776 nobis
2790 1719 3078 1790 proﬁceret
3098 1721 3161 1774 ad
3192 1719 3522 1775 incrementa
3556 1718 3833 1771 virtutum.

543 1837 628 1891 cui
658 1835 923 1899 serviunt,
952 1831 1224 1888 diabolum
1252 1832 1552 1887 debellare.
1578 1813 1931 1884 Contraistos
1962 1827 2132 1892 enim,

543 1926 917 1992 dilectissimi,
967 1939 1179 1981 omnem
1227 1924 1443 1995 quidem
1492 1924 1680 1977 orbem
1733 1932 2033 1987 terrarum,
2083 1929 2136 1975 et

545 2005 712 2074 totam
741 2019 938 2087 ubipie
968 2013 1260 2072 Eaclesiam
1296 2016 1453 2070 decet
1486 2013 1611 2068 ﬁdei
1634 2025 1654 2052 ε
1684 2028 1830 2067 arma
1856 2013 2132 2081 arripere;

544 2113 638 2168 sed
669 2107 845 2166 vestra
870 2111 923 2165 in
958 2111 1059 2164 hoc
1088 2121 1254 2178 opere
1278 2108 1494 2162 devotio
1521 2105 1683 2161 debet
1711 2105 2009 2169 excellere,
2044 2103 2136 2172 qui

545 2205 599 2260 itt
634 2201 1063 2274 progenitoribus
1097 2202 1294 2257 vestris
1326 2200 1683 2271 Evangelium
1731 2199 1908 2253 crucis
1937 2195 2136 2252 Christi

543 2295 613 2354 ab
666 2299 782 2368 ipso
824 2296 1259 2354 beatissimorum
1310 2296 1677 2365 apostolorum
1705 2293 1850 2348 Petri
1881 2303 1935 2348 et
1982 2291 2134 2347 Pauli

543 2405 640 2446 ore
663 2391 946 2446 didicistis.
979 2389 1096 2445 Non
1137 2390 1381 2444 sinantur
1411 2390 1578 2442 latere
1612 2387 1892 2451 homines,
1921 2386 2012 2455 qui
2061 2386 2138 2453 le-

543 2471 678 2555 gent
709 2497 806 2553 per
845 2467 1028 2538 Mosen
1081 2482 1260 2537 datam
1289 2527 1302 2550 ,
1347 2481 1399 2536 in
1435 2495 1543 2550 qua
1575 2480 1717 2536 Deus
1768 2479 2138 2534 universitatis

544 2581 792 2660 conditor
813 2580 1138 2648 ostenditur,
1170 2579 1538 2649 recipiendam
1580 2593 1702 2634 esse
1727 2594 1833 2648 non
1875 2577 2135 2645 credunt;

545 2673 856 2752 prophetis,
886 2666 939 2730 et
972 2683 1160 2729 sancto
1186 2673 1408 2743 Spiritui
1439 2672 1851 2746 contradicunt,
1903 2671 2138 2741 psalmos

545 2757 851 2837 Davidicos,
873 2768 961 2839 qui
988 2782 1086 2834 per
1114 2767 1480 2822 universalem
1515 2763 1810 2820 Ecclesiam
1841 2779 1962 2818 cum
1990 2762 2139 2818 omni

546 2859 748 2930 pietate
797 2869 1124 2925 cantantur,
1174 2857 1471 2914 damnabili
1521 2855 1799 2926 impietate
1847 2855 1965 2911 ausi
2014 2861 2140 2910 sunt

548 2949 823 3017 refutare;
857 2949 1050 3007 Christi
1088 2951 1305 3020 Domini
1330 2950 1662 3005 nativitatem
1695 2947 1990 3004 secundum
2023 2961 2140 3002 car-

554 3060 676 3100 nem
710 3055 906 3115 n'egant
936 3061 950 3110 ;
1000 3046 1306 3115 passionem
1339 3054 1391 3099 et
1422 3044 1877 3099 resurrectionem
1920 3041 2039 3110 ejus
2065 3042 2138 3094 si-

561 3135 819 3214 mulatam
851 3136 1036 3194 dicunt
1069 3137 1232 3194 fuisse
1263 3181 1278 3205 ,
1311 3151 1419 3193 non
1448 3151 1670 3199 veram;
1702 3135 2028 3207 baptismum
2061 3150 2147 3189 re-

552 3225 917 3312 generationis
962 3232 1127 3287 totius
1168 3235 1355 3304 gratia:
1401 3233 1600 3288 virtute
1641 3230 1956 3304 dispoliant.
2003 3227 2146 3282 Nihil

551 3334 636 3404 est
660 3313 800 3396 apud
831 3339 925 3380 eos
950 3315 1194 3379 sanctum
1220 3365 1236 3391 ,
1270 3324 1403 3379 nihil
1436 3324 1704 3393 integrum
1727 3363 1743 3390 ,
1773 3323 1905 3377 nihil
1933 3337 2141 3377 verum.

552 3417 790 3502 Caven'di
825 3427 972 3485 sunt,
1007 3433 1075 3472 ne
1101 3415 1349 3486 cuiqitam
1383 3427 1650 3484 noceant;
1698 3415 1957 3486 prodendi
1996 3423 2143 3481 sunt,

553 3528 623 3569 ne
660 3507 690 3550 ⁸
728 3513 781 3568 in
815 3511 991 3582 aliqua
1021 3501 1256 3566 civitatis
1281 3522 1481 3565 nostra:
1514 3520 1662 3580 parte
1691 3513 2009 3564 consistant.
2045 3507 2148 3562 Vo-

553 3603 657 3672 bis,
689 3603 1051 3670 dilectissimi,
1073 3613 1197 3659 anle
1220 3604 1450 3657 tribunal
1480 3603 1691 3658 Domini
1721 3603 1978 3671 proderit,
2003 3600 2147 3673 quod

553 3695 865 3763 indicimus,
887 3694 1030 3768 quod
1061 3709 1332 3766 rogamus.
1373 3694 1598 3765 Dignum
1630 3703 1714 3750 est
1743 3695 1984 3761 enim,ut
2005 3694 2150 3748 elec-

554 3799 901 3865 mosynarum
944 3789 1212 3845 sacriﬁcio
1245 3797 1269 3827 ε
1314 3793 1477 3846 etiam
1537 3789 1695 3857 hujus
1745 3787 1924 3858 operis
1974 3785 2151 3856 palma

555 3877 809 3958 iungatur
833 3925 849 3953 ,
878 3885 1172 3940 auxiliante
1197 3885 1351 3940 vobis
1395 3895 1492 3954 per
1535 3881 1710 3937 omnia
1756 3873 1986 3938 Domino
2020 3881 2150 3937 Jesu

556 3973 813 4043 Christo,
862 3976 952 4050 qui
984 3977 1118 4031 vivit
1145 3969 1201 4032 et
1243 3985 1432 4046 regnat
1463 3975 1516 4029 in
1557 3974 1753 4030 stecula
1801 3972 2146 4040 saeculorum.

559 4071 754 4127 Amen.

1001 4161 1112 4238 35
1133 4161 1361 4220 SERMO
1387 4161 1434 4218 x
1469 4160 1576 4237 [Αι.
1604 4151 1723 4234 IX].

1139 4254 1216 4336 De
1246 4253 1484 4310 Collectis
1523 4243 1586 4308 V.
1701 4243 1704 4250 ’

566 4397 842 4456 quorsts.
870 4424 940 4436 -—
966 4393 1010 4449 1.
1035 4390 1382 4448 Collectarum
1425 4387 1789 4444 consuetudins
1827 4385 1889 4440 ab
1911 4385 2161 4457 apostolis

636 4468 1007 4539 traditajuvari
1025 4464 1217 4540 ﬁdeles.
1241 4462 1374 4540 Opes
1397 4479 1497 4515 non
1521 4474 1626 4515 tant
1658 4459 1982 4540 possidenda
2003 4473 2160 4540 quant

638 4530 995 4610 dispensanda?
1015 4530 1060 4610 a_
1079 4535 1182 4588 Deo
1206 4530 1406 4610 tradita:
1431 4546 1569 4585 sunt.
1592 4530 1750 4610 ——l|..
1786 4531 1953 4595 Quam
1985 4531 2154 4581 mtseri

635 4604 729 4681 qui
751 4625 872 4678 apes
899 4623 1018 4663 suas
1047 4608 1098 4659 in
1120 4607 1384 4676 proprium
1429 4604 1782 4656 tantummodo
1831 4616 2001 4666 usum,
2053 4616 2154 4652 non

640 4776 668 4806 ι
691 4767 770 4824 Ita
792 4764 1056 4836 Vallicell.
1090 4771 1148 4818 et
1166 4763 1324 4817 codd.
1357 4764 1566 4818 collect.
1601 4765 1636 4820 4
1665 4774 1719 4818 et
1756 4765 1994 4829 5.A|ias,
2027 4768 2158 4820 sicut

570 4842 692 4896 dicit
717 4835 1015 4908 Apostolus,
1042 4838 1189 4906 inops
1214 4837 1381 4906 factus
1408 4841 1500 4890 est.
1687 4835 1690 4838 ’

640 4911 669 4950 δ
695 4907 806 4972 AL,
832 4915 911 4962 sui
933 4907 1229 4980 praseut'ia.

645 4980 880 5106 CﬁEditio
922 4975 1184 5048 Autuerp.
1237 4979 1291 5032 in
1344 4978 1618 5047 margine,
1663 4983 1882 5031 scutum.
1930 4975 2113 5042 Vallic.
2144 5021 2157 5045 ,

645 5068 659 5099 π
701 5065 842 5106 pere.

572 5065 842 5107 οονηνεη.

642 5121 669 5162 ει
700 5118 1140 5192 Praeposi-tionem
1166 5122 1242 5187 iu,
1263 5132 1291 5173 a
1313 5118 1595 5174 Rainaudo
1614 5118 1978 5192 etQuesnello
2001 5119 2162 5174 omis-

575 5209 712 5260 sam,
743 5191 1046 5248 ex’caateris
1076 5193 1402 5247 editionibus
1427 5201 1480 5246 et
1510 5191 1762 5247 omnibus
1789 5191 1988 5246 nostris
2010 5194 2158 5246 codi-

573 5267 723 5323 cibus
743 5265 1095 5319 restituimos.

647 5347 676 5374 σ
707 5333 866 5398 Editi,
896 5343 944 5390 et
973 5335 1151 5405 hujus,
1183 5347 1247 5388 ae
1273 5332 1394 5405 dein
1421 5333 1566 5389 nobis
1594 5346 1693 5405 pro
1720 5333 1877 5391 vobis.
1912 5331 2162 5388 Praetuli-

577 5405 1010 5465 mus‘leetiouem
1040 5403 1256 5461 codicis
1284 5403 1551 5460 Vallicell.
1577 5403 1607 5474 ,ἡ
1636 5420 1758 5460 cum
1795 5415 1900 5475 quo
1944 5405 1997 5460 in
2028 5418 2160 5458 voce

576 5482 716 5536 Ms
742 5479 1025 5536 concinnat
1051 5484 1180 5531 rnss.
1211 5477 1424 5531 collect.
1451 5477 1506 5531 5.

652 5552 671 5591 ί
719 5552 866 5609 Unus
909 5551 1079 5607 codex
1123 5547 1240 5603 Vat.
1269 5589 1284 5613 ,
1318 5558 1466 5602 tanta
1505 5556 1697 5603 sancta:
1733 5547 2016 5610 devotionis
2060 5545 2166 5601 sui-

578 5625 714 5682 ls'tas.
1581 5619 1586 5624 ’
1669 5623 1673 5628 ’
1989 5619 1992 5622 ’

652 5707 676 5746 s
707 5696 779 5751 lta
812 5694 1003 5750 Vallic.
1041 5691 1164 5749 cod.
1200 5691 1367 5757 Alias,
1400 5700 1773 5766 paupertatem.

650 5766 678 5807 Ιι
715 5767 922 5838 verba,
951 5779 1298 5838 quantttrttqtte
1325 5763 1426 5838 ueri
1452 5767 1644 5836 possit,
1687 5763 2060 5838 desiderantur
2106 5779 2158 5818 tu

579 5839 704 5908 eod.
731 5833 834 5895 nis.
853 5833 1135 5894 Victorino
1157 5833 1461 5914 Quesuelli,
1481 5841 1580 5892 nec
1603 5850 1708 5892 non
1736 5838 1788 5892 itt
1817 5835 1934 5892 aliis
1963 5837 2161 5894 nostris

2207 1841 2212 1848 -
2245 1817 2385 1884 Quid
2413 1826 2589 1870 autem
2622 1823 2728 1868 tam
2774 1823 2953 1882 aptum
2985 1813 3143 1878 ﬁdei,
3189 1812 3317 1882 quid
3369 1822 3473 1864 tant
3509 1809 3835 1865 conveniens

2244 1910 2455 1982 pietati,
2483 1923 2641 1978 quam
2676 1908 2949 1978 egentium
2975 1907 3164 1976 juvare
3188 1914 3216 1954 ε
3242 1897 3572 1975 pauperiem,
3599 1901 3838 1957 inﬁrmo-

2244 2019 2364 2058 rum
2393 2017 2584 2056 curam
2617 2001 2881 2069 recipere,
2913 2000 3165 2054 fraternis
3200 1997 3613 2053 necessitatibus
3645 1998 3838 2051 subve-

2245 2097 2395 2160 nire,
2446 2105 2500 2150 et
2532 2094 2858 2149 conditionis
2893 2094 3126 2162 prepritc
3171 2093 3222 2146 in
3255 2093 3480 2146 aliorum
3514 2073 3697 2145 labore
3732 2103 3839 2144 me-

2251 2188 2522 2244 minisse?
2558 2188 2612 2242 In
2644 2202 2751 2258 quo
2773 2201 2958 2256 opere,
2991 2195 3247 2254 quantum
3272 2187 3393 2254 quis
3417 2179 3648 2254 possit,ll
3671 2194 3840 2253 quan-

2243 2290 2468 2352 tumque
2516 2295 2623 2334 non
2663 2284 2861 2348 possit,
2913 2279 3064 2332 solus
3111 2281 3379 2332 veraciter
3423 2275 3512 2330 ille
3551 2276 3843 2342 discernit,

2245 2377 2335 2446 qui
2369 2375 2515 2429 novit
2537 2372 2662 2444 quid
2691 2372 2994 2442 quibusque
3025 2370 3335 2425 contulerit.
3368 2368 3487 2424 Non
3506 2369 3676 2422 solum
3701 2370 3841 2422 enim

2246 2468 2522 2538 Spiritales
2553 2481 2683 2536 opes
2715 2473 2771 2520 et
2799 2465 2939 2519 dona
2962 2464 3202 2519 caelestia
3227 2465 3335 2518 Deo
3363 2463 3592 2517 donante
3624 2461 3842 2530 capiun-

2247 2568 2368 2626 tur,
2422 2559 2517 2614 sed
2563 2559 2726 2613 etiam
2779 2565 3010 2610 terrenae
3055 2563 3113 2611 et
3149 2569 3426 2625 corporea:
3468 2555 3755 2608 facultates
3784 2562 3845 2608 ex

2250 2650 2418 2721 ipsius
2452 2649 2700 2720 largitate
2745 2645 3108 2718 proveniunt,
3153 2654 3212 2700 ttt
3243 2648 3437 2701 merito
3467 2631 3733 2698 rationem
3762 2657 3848 2698 eo-

2249 2763 2367 2802 rtun
2409 2747 2729 2814 quatsiturus
2775 2742 2882 2807 sit,
2929 2739 3103 2811 iqua:
3151 2755 3259 2795 non
3313 2739 3484 2812 magis
3525 2737 3850 2810 possidenda

2249 2839 2490 2906 tradidit,
2524 2852 2681 2908 quam
2705 2835 3066 2906 dispensanda
3093 2833 3383 2888 commisit.
3408 2830 3723 2886 Muneribus
3755 2828 3851 2900 igi-

2252 2942 2339 2987 tur
2371 2933 2628 3001 Deijuste
2672 2942 2726 2986 et
2768 2931 3042 2998 sapienter
3073 2928 3466 3006 utenduntest,
3515 2940 3582 2981 ne
3627 2924 3851 2980 materia

2248 3023 2375 3081 boni
2421 3025 2598 3094 operis
2642 3023 2734 3077 ﬁat
2776 3036 2937 3076 causa
2978 3020 3201 3091 peccati.
3239 3019 3252 3069 t'
3293 3019 3425 3074 Nam
3456 3017 3681 3084 divitiae,
3716 3007 3852 3088 quod

2251 3115 2317 3170 ad
2353 3117 2493 3187 ipsas
2536 3116 2748 3184 Species
2788 3129 2973 3170 earum
3023 3124 3185 3183 atque
3237 3113 3566 3168 substantias
3593 3114 3849 3184 pertinet,

2249 3208 2409 3264 home
2439 3219 2584 3277 sunt,
2619 3217 2675 3264 et
2703 3210 2953 3262 humana:
2981 3206 3230 3262 societati
3283 3205 3571 3274 plurimum
3604 3211 3851 3280 prcsunt,

2251 3317 2373 3358 cum
2405 3315 2434 3354 a
2468 3301 2748 3356 benevolis
2774 3299 3043 3354 habentur
3068 3309 3124 3355 et
3147 3299 3329 3369 largis,
3359 3313 3457 3354 nec
3489 3299 3607 3352 illas
3634 3310 3734 3353 aut
3775 3297 3854 3351 lu-

2252 3393 2502 3446 xuriosus
2531 3389 2636 3463 35
2670 3392 2922 3462 prodigit,
2955 3402 3042 3445 aut
3068 3407 3260 3445 avarus
3292 3389 3318 3426 κ
3348 3381 3632 3454 abstrudit,
3663 3400 3729 3444 ut
3755 3399 3856 3444 tam

2255 3496 2481 3554 pereant
2515 3479 2654 3539 male
2682 3483 2938 3549 conditze,
2970 3499 3128 3552 quam
3159 3482 3476 3552 insipienter
3503 3495 3786 3551 expensa.

2327 3577 2454 3632 Car.
2485 3576 2884 3642 ll.—Quantvis
2905 3583 3083 3630 autem
3113 3573 3382 3629 laudabile
3403 3573 3474 3628 sit
3493 3575 3858 3644 intemperan-

2260 3673 2390 3726 tiam
2423 3671 2641 3741 fugere,
2672 3681 2722 3724 et
2771 3667 3005 3739 turpium
3035 3670 3369 3738 voluptatum
3415 3667 3610 3722 damna
3643 3667 3818 3720 vitare
3839 3703 3858 3732 ,

2258 3766 2520 3834 multique
2561 3763 2831 3834 magniﬁci
2861 3761 3142 3817 facultates
3171 3775 3294 3816 suas
3315 3761 3670 3830 dedignentur
3698 3771 3858 3813 occu-

2258 3857 2393 3923 lere,
2423 3865 2477 3911 et
2512 3853 2529 3893 ι
2566 3856 2617 3909 in
2657 3857 2814 3924 copia
2850 3851 3134 3910 affluentes
3166 3854 3324 3908 vilem
3354 3863 3515 3923 atque
3542 3853 3860 3908 sordentem

2261 3947 2521 4003 horreant
2545 3950 2883 4016 parcitatem,
2925 3959 3030 4001 non
3064 3955 3148 4002 est
3177 3957 3355 4001 tamen
3389 3946 3570 4000 talium
3600 3953 3700 4000 aut
3739 3944 3863 4000 felix

2258 4042 2585 4098 abundantia
2608 4083 2622 4108 ,
2667 4054 2757 4096 aut
2787 4051 2826 4078 πι
2853 4041 3128 4112 probanda
3157 4040 3436 4112 frugalitas
3464 4085 3478 4109 ,
3511 4039 3558 4094 si
3584 4039 3721 4112 ipsis
3751 4047 3862 4094 tan-

2261 4145 2372 4192 tum
2398 4137 2629 4207 pr0priae
2653 4151 2784 4206 opes
2810 4138 3089 4203 serviunt;
3121 4139 3164 4190 si
3197 4151 3388 4192 eorum
3424 4133 3579 4190 bonis
3613 4135 3750 4190 nulli
3778 4119 3863 4204 ii.

2260 4239 2458 4286 vautur
2488 4244 2753 4301 pauperes
2775 4273 2790 4298 ,
2827 4231 2952 4285 nulli
2983 4230 3232 4285 fovemur
3263 4229 3503 4295 inﬁrmi;
3547 4227 3591 4284 si
3631 4223 3702 4283 de
3752 4241 3864 4282 tua-

2262 4337 2490 4394 gnarum
2520 4323 2844 4377 abundantia
2874 4323 3190 4392 facultatum
3229 4338 3335 4376 non
3373 4323 3619 4392 captivus
3651 4319 3866 4377 redem-

2189 4406 2238 4467 D
2265 4420 2502 4486 ptionem
2527 4461 2541 4485 ,
2578 4431 2686 4471 non
2718 4420 3027 4486 peregrinus
3061 4417 3336 4483 Solatium,
3371 4429 3477 4471 non
3516 4414 3670 4470 exsul
3703 4417 3867 4470 sentit

2266 4510 2545 4562 auxilium.
2572 4509 2885 4579 llujusmodi
2909 4509 3102 4564 divites
3132 4511 3440 4580 cgs'ntiores
3465 4507 3720 4564 omnibus
3743 4515 3868 4562 sunt

2261 4602 2466 4680 egenis.
2501 4599 2738 4656 Perdunt
2759 4602 2902 4656 enim
2944 4601 3064 4657 illos
3110 4601 3351 4656 redditus
3393 4617 3528 4672 quos
3568 4609 3594 4637 υ
3640 4612 3868 4674 possent

2265 4764 2482 4820 collect.
2513 4765 2568 4821 5.

2344 4833 2528 4922 f__(1od.
2565 4836 2778 4922 Val_lic.,
2807 4841 2896 4910 qui
2923 4857 3011 4922 eas
3040 4857 3141 4894 non
3177 4840 3338 4922 magis
3368 4839 3717 4922 porrigenda
3759 4850 3868 4922 tra-

2266 4909 2419 4975 didit,
2449 4925 2605 4977 quam
2634 4908 3008 4979 dispenivandas
3045 4908 3315 4965 commisit.
3367 4908 3474 4966 Sed
3521 4908 3575 4966 in
3619 4911 3763 4967 hanc
3793 4915 3872 4968 le-

2266 4990 2498 5052 ctionem
2531 4980 2687 5052 paulo
2729 4992 2852 5038 ante
2879 4985 3223 5042 scribendum
3272 4983 3483 5049 fuerat,
3522 4998 3742 5052 earum,
3792 4983 3871 5038 uti

2267 5047 2485 5126 praefert
2514 5049 2680 5105 editio
2716 5055 2995 5122 Autuerp.,
3027 5069 3146 5126 quae
3187 5055 3366 5110 tamen
3397 5047 3863 5124 in’caateris'wl-

2269 5133 2444 5193 gatam
2477 5124 2761 5177 lectionem
2795 5121 3056 5194 sequitur:
3611 5121 3614 5124 ’

2341 5196 2355 5243 t'
2397 5198 2486 5249 Sic
2529 5210 2650 5249 cum
2709 5195 2998 5260 Quesnello
3049 5197 3217 5252 nostri
3262 5195 3495 5252 codices.
3549 5197 3874 5254 Anteriores

2266 5265 2533 5320 editiones
2572 5283 2584 5318 :

2267 5337 2417 5406 speci.
2436 5355 2478 5402 s,
2508 5349 2612 5404 etc,

2343 5406 2367 5444 ¹ι
2399 5409 2528 5464 Cod.
2575 5407 2804 5475 Vallic.,
2852 5409 3085 5464 obstruit.
3139 5409 3306 5472 Paulo
3351 5418 3471 5480 post
3523 5411 3666 5468 idem
3715 5410 3847 5467 cod.

2268 5493 2423 5551 quam
2451 5481 2761 5544 dissipentur
2784 5495 3040 5551 expenste.

2277 5549 2291 5638 ἐ
2329 5549 2363 5674 tl
2406 5551 2506 5606 Ms.
2534 5551 2804 5634 .Vallicell.
2826 5549 2879 5608 et
2907 5568 3046 5628 unus
3078 5551 3228 5619 Yat...
3253 5568 3376 5610 cum
3407 5552 3577 5624 primit
3607 5551 3872 5616 editione,

2277 5639 2322 5674 ιη
2349 5639 2402 5674 er
2431 5639 2622 5674 comas.

2269 5639 2402 5678 tuter
2431 5639 2622 5693 captas.

2404 5692 2535 5749 Cod.
2561 5692 2816 5750 Victorin.
2843 5693 2982 5765 apud
2999 5693 3350 5764 Quesnellum
3375 5705 3434 5752 et
3452 5695 3626 5756 nostri
3645 5693 3872 5768 collect.

2267 5766 2322 5822 5.
2347 5765 2534 5820 blanda
2555 5765 2846 5822 fruualitas.

2281 5765 2974 5907 ᾖξιίὲῗίᾟὲιῖέὲαλϋεε,
2996 5847 3230 5912 roum.
3261 5836 3434 5898 Paulo
3459 5846 3583 5911 Ροει
3601 5851 3700 5912 ντρ
3721 5839 3870 5894 ἀπίω

2642 5265 2782 5321 Nam
2815 5267 3006 5323 divitia:
3047 5270 3285 5339 quidem,
3323 5277 3574 5338 quantum
3618 5271 3690 5324 ad
3729 5270 3874 5341 ipsas
