3994 6354
567 408 671 469 ΜΠ

1695 408 1755 467 S.
1796 407 2040 466 LEONIS
2074 404 2297 465 MAGNI
2329 404 2715 465 SERMONES.

3750 412 3850 463 ibi!

565 535 747 602 geret,
780 540 902 598 qua
929 526 1243 583 vulneratos
1279 525 1550 583 medicina
1588 537 1845 598 sanaret,
1887 528 1990 583 nisi
2018 528 2162 584 eleeo
2190 530 2239 589 A
2268 528 2543 584 miseriam
2590 526 2887 582 laborantis
2912 567 2926 592 ,
2982 526 3161 583 evadit
3216 534 3481 584 aeternum
3531 526 3849 599 supplicium

566 634 807 693 niosyna
836 621 1109 677 solverent
1135 619 1354 689 culpas,
1386 627 1444 675 et
1477 622 1831 676 necessitates
1856 636 2154 692 pauperum

567 715 758 773 fierent
794 716 1031 772 remedia
1066 714 1428 770 delictorum?
1462 716 1616 772 Unde
1650 718 1774 788 quia
1812 717 2025 773 dixerat
2052 716 2157 772 Do-

564 811 742 866 minus
772 826 786 864 :
817 808 967 863 Beati
995 808 1380 875 misericordes,
1412 809 1533 881 quia
1565 811 1801 879 ipsorum
1836 810 2159 866 miserebitur

563 901 701 958 Deus
731 900 951 974 (Matth.
994 916 1045 966 v,
1090 901 1183 973 71)
1218 918 1231 954 :
1262 916 1425 958 omne
1462 901 1599 959 illud
1636 919 1863 960 examen
1894 918 2000 975 quo
2036 916 2156 958 ma-

559 995 753 1064 jestate
778 992 1033 1063 praesenti
1059 991 1375 1050 universum
1401 994 1741 1065 iudicaturus
1766 1006 1848 1053 est
1868 997 2153 1063 mundum,

560 1086 661 1143 sub
698 1086 799 1141 hac
834 1087 1075 1143 ostendit
1110 1088 1365 1159 tequitate
1408 1088 1749 1159 librandum,
1778 1098 1841 1145 ut
1880 1091 1994 1145 sola
2024 1104 2155 1161 erga

561 1183 751 1252 iu0pes
780 1196 1005 1252 operum
1037 1182 1299 1253 qualitate
1344 1182 1623 1251 discussa,
1653 1192 1707 1238 et
1743 1182 1925 1253 impiis
1963 1183 2157 1239 ardere

558 1292 683 1333 cum
712 1276 962 1343 diabolo,
992 1286 1045 1331 et
1075 1276 1322 1347 benignis
1361 1284 1609 1347 paratum
1651 1276 1724 1331 sit
1764 1292 1993 1347 regnare
2031 1290 2154 1331 eum

557 1369 796 1426 Christo.
828 1370 960 1439 Quae
991 1370 1062 1424 ibi
1092 1370 1145 1425 in
1178 1370 1412 1424 medium
1447 1370 1585 1425 facta
1614 1386 1722 1424 non
1751 1370 2006 1425 venient?
2034 1385 2154 1441 quae

558 1462 771 1519 occulta
801 1477 908 1517 non
936 1461 1297 1531 detegentur?
1323 1477 1447 1531 qua:
1477 1461 1835 1517 conscientia:
1861 1478 1968 1517 non
1999 1472 2154 1531 pate-

559 1556 726 1612 bunt?
758 1556 845 1610 ubi
877 1570 1010 1609 vere
1051 1569 1211 1609 nemo
1250 1553 1573 1624 gloriabitur
1602 1564 1813 1610 castum
1855 1570 1915 1610 se
1955 1554 2155 1611 habere

558 1663 674 1719 cor,
704 1659 795 1703 aut
834 1647 1095 1703 mundum
1131 1662 1191 1702 se
1220 1662 1344 1703 esse
1380 1662 1411 1702 a
1454 1656 1681 1718 peccato
1712 1647 1899 1719 (Prov.
1936 1664 2038 1714 xx,
2071 1647 2150 1720 9).

558 1744 666 1802 Sed
704 1744 959 1813 quoniam
997 1742 1324 1799 exaltabitur
1351 1758 1512 1813 super
1550 1742 1813 1813 judicium
1846 1744 2155 1799 misericor-

558 1837 680 1903 dia,
718 1847 773 1892 et
805 1851 1022 1891 omnem
1060 1834 1473 1891 retributionem
1509 1834 1738 1905 justitiae
1770 1836 2153 1891 transcendent

2261 623 2582 694 peccatoris.

2331 712 2459 771 ΟΑΡ.
2496 714 2561 769 ll.
2586 744 2657 755 —
2678 710 3037 769 Providenter
3066 712 3249 783 igitur,
3278 711 3643 777 dilectissimi,
3677 726 3703 763 a
3733 727 3852 769 san-

2261 810 2361 865 ctis
2392 810 2643 864 Patribus
2684 808 2879 879 pieque
2920 806 3239 877 dispositum
3280 814 3395 873 est,
3429 815 3486 859 ut
3526 806 3579 860 in
3622 805 3853 862 diversis

2263 903 2597 973 temporibus
2622 903 2841 973 quidam
2867 910 3052 958 essent
3079 900 3194 957 dies
3225 902 3317 971 qui
3345 901 3689 956 devotionem
3720 899 3846 955 lide-

2260 996 2326 1052 lis
2356 996 2539 1068 populi
2578 996 2647 1051 ad
2692 995 3038 1051 collationem
3080 994 3346 1063 publicam
3386 1000 3772 1063 provocarent;
3801 998 3857 1047 et

2259 1088 2381 1159 quia
2403 1088 2470 1143 ad
2497 1087 2783 1143 ecclesiam
2815 1085 3053 1142 maxime
3080 1086 3148 1140 ab
3177 1099 3503 1154 unoquoque
3525 1098 3683 1151 opem
3711 1086 3900 1169 quam“

2260 1194 2415 1241 rente
2458 1183 2788 1250 decurritur,
2820 1184 2976 1240 fleret
3021 1198 3087 1239 ex
3134 1182 3495 1252 possibilitate
3540 1170 3900 1261 multorumf.

2259 1275 2561 1330 voluntaria
2584 1285 2639 1331 et
2660 1283 2848 1330 sancta
2875 1274 3147 1340 collectio,
3172 1289 3292 1343 qua:
3324 1289 3419 1342 per
3448 1272 3856 1343 praesidentium

2259 1383 2444 1424 curam
2477 1366 2801 1423 necessariis
2832 1367 3064 1421 serviret
3092 1369 3364 1436 cxpens‘s.
3390 1365 3469 1420 Ad
3498 1364 3653 1435 cujus
3677 1363 3859 1433 operis

2259 1462 2625 1518 desideratum
2671 1461 2852 1524 vobis,
2890 1468 2951 1515 ut
2992 1459 3285 1523 credimus,
3317 1459 3549 1512 fructum
3598 1458 3716 1512 dies
3759 1470 3859 1512 vos

2258 1556 2470 1613 vicinus
2494 1557 2711 1620 invitat;
2738 1553 3122 1611 accedentibus
3144 1551 3606 1607 admonitionibus
3631 1550 3856 1618 nostris,

2258 1658 2319 1703 ut
2348 1660 2369 1687 ο
2398 1648 2464 1703 ad
2492 1648 2748 1703 ecclesias
2777 1646 3058 1717 regionum
3090 1656 3391 1699 veSIrarum
3418 1642 3645 1697 sabbato
3673 1640 3858 1711 proxi-

2258 1758 2346 1798 me
2387 1743 2561 1797 futuro
2606 1739 2992 1795 misericordiae
3037 1751 3265 1792 munera
3306 1734 3583 1791 deieratis.
3629 1736 3692 1789 Et
3731 1734 3856 1803 quia

2260 1836 2475 1889 hilarem
2502 1834 2735 1888 datorem
2756 1832 2925 1903 diligit
2954 1831 3091 1886 Deus
3119 1830 3187 1899 (ll
3212 1830 3333 1884 Cor.
3358 1844 3439 1894 tx,
3462 1826 3541 1899 7),
3571 1844 3729 1883 nemo
3757 1827 3858 1883 sibi

560 1928 701 1984 dona
743 1929 1079 1997 clementiae,
1120 1927 1298 1983 omnis
1326 1929 1432 1981 vita
1465 1927 1775 1983 mortalium
1796 1968 1811 1991 ,
1850 1935 1907 1982 ct
1934 1936 2155 1982 cuncta-
2186 1928 2234 1988 B
2261 1926 2489 1994 amplius
2509 1941 2669 1994 quam
2700 1924 2997 1978 substantia
3024 1924 3142 1992 ejus
3166 1922 3427 1992 permittit
3460 1920 3678 1975 indicat.
3714 1919 3859 1975 Inter

559 2038 679 2078 rum
704 2021 993 2077 diversitas
1014 2020 1287 2075 actionum
1308 2020 1412 2076 sub
1432 2020 1595 2075 unius
1619 2020 1819 2090 regulae
1839 2018 2155 2075 conditione

560 2115 852 2185 taxabitur,
905 2123 965 2170 ut
1014 2115 1159 2169 nulla
1210 2114 1283 2170 ibi
1333 2115 1785 2169 commemoratio
1834 2114 2155 2184 cujusquam

559 2209 806 2266 facienda
829 2209 899 2263 sit
918 2208 1185 2271 criminis,
1209 2207 1299 2263 ubi
1325 2208 1669 2263 confessione
1690 2208 1968 2262 Creatoris
1989 2222 2152 2278 opera

558 2302 757 2359 fuerint
798 2302 1017 2357 inventa
1062 2299 1295 2370 pietatis.
1336 2299 1454 2354 Non
1494 2314 1625 2369 ergo
1665 2300 1842 2355 solum
1883 2299 2028 2369 quod
2071 2301 2150 2355 eis

558 2394 975 2465 exprobrabitur
997 2392 1242 2449 fecerunt
1270 2392 1499 2459 sinistri,
1532 2407 1632 2447 nec
1654 2392 1776 2462 quia
1805 2391 2153 2449 humanitatis

558 2486 896 2542 docebuntur
922 2485 1032 2557 38
1057 2486 1339 2552 extranei,
1368 2484 1597 2539 aliorum
1630 2494 1973 2553 peccatorum
2003 2484 2154 2540 inve-

558 2581 772 2634 nientur
812 2577 1008 2644 alieni;
1054 2577 1147 2632 sed
1189 2578 1240 2631 in
1290 2576 1473 2631 multis
1520 2576 1599 2631 rei
1641 2576 1726 2634 ob.
1762 2576 1864 2631 hoc
1910 2578 2153 2632 maxime

558 2675 971 2738 damnabuntur,
1003 2671 1147 2743 quod
1178 2672 1403 2727 crimina
1443 2684 1539 2725 sua
1581 2671 1743 2725 nullis
1778 2672 2151 2742 eleemosynis

557 2770 924 2825 redemerunt.
948 2767 1083 2822 Cum
1113 2768 1256 2821 enim
1280 2765 1557 2822 durissimi
1586 2767 1768 2821 cordis
1795 2765 1866 2821 sit
1892 2782 2153 2837 quacum-

556 2880 660 2935 que
702 2864 1060 2918 laborantium
1112 2861 1331 2916 miseria
1380 2876 1486 2915 non
1545 2861 1790 2925 moveri,
1840 2868 1896 2914 et
1942 2859 2152 2915 habens

556 2955 851 3012 auxiliandi
881 2953 1095 3018 coniam
1130 2966 1236 3008 tam
1260 2952 1478 3022 iniquus
1504 2952 1573 3006 sit
1596 2953 1686 3022 qui
1719 2967 1824 3007 non
1853 2951 1994 3021 juvit
2023 2950 2153 3005 afﬂi-

554 3061 719 3109 ctum.
747 3063 904 3118 quam
928 3046 1021 3117 qui
1050 3044 1322 3116 oppressit
1352 3043 1647 3110 infirmum,
1673 3060 1795 3114 qua:
1814 3058 1939 3113 spes
1962 3059 2153 3113 super-

556 3153 640 3199 est
668 3143 973 3212 peccatori,
1005 3141 1095 3210 qui
1128 3154 1225 3194 nec
1254 3138 1377 3193 ideo
1404 3138 1714 3205 miseretur,
1747 3147 1808 3193 ut
1843 3138 2153 3193 misericor-

555 3235 698 3289 diam
746 3232 1146 3302 consequatur?
1193 3228 1453 3286 Printitus
1510 3232 1719 3300 itaque,
1768 3230 2148 3299 dilectissimi,

553 3327 657 3381 sibi
697 3326 872 3380 malus
911 3299 1015 3387 etSt.
1046 3323 1137 3394 qui
1178 3323 1335 3378 alteri
1378 3322 1550 3377 bonus
1587 3299 1693 3377 non
1736 3331 1840 3387 est,
1869 3331 1924 3377 et
1953 3324 2148 3377 animae
2175 3318 2222 3380 C
2254 3299 2293 3358 S

555 3428 715 3474 nocet
734 3432 868 3482 suae,
896 3416 985 3486 qui
1011 3424 1066 3469 ut
1093 3423 1270 3485 potest
1297 3429 1402 3469 non
1431 3416 1769 3469 succurrerit
1792 3415 2004 3469 alienae.
2031 3414 2149 3470 Una

554 3524 636 3569 εει
667 3511 892 3566 divitum
925 3523 1329 3581 pauperemque
1359 3517 1549 3563 natura
1569 3548 1584 3571 ,
1625 3516 1651 3543 ι
1692 3515 1749 3562 et
1778 3507 1919 3561 inter
1950 3519 2148 3563 extera

554 3604 860 3674 fragilitatis
884 3602 1154 3665 humanae,
1182 3600 1331 3655 nulla
1358 3608 1445 3655 est
1474 3598 1720 3654 sanitatis
1751 3608 1864 3653 tuta
1893 3600 2144 3667 felicitas,

553 3696 679 3767 quia
710 3694 852 3766 quod
896 3692 1060 3763 aliqui
1110 3702 1335 3763 possunt
1379 3692 1637 3758 incidere,
1671 3707 1777 3746 non
1809 3691 2008 3761 estqui
2053 3694 2151 3748 de-

555 3791 682 3847 beat
718 3805 825 3844 non
867 3789 1078 3842 timere.
1113 3786 1386 3855 Agnoscat
1410 3800 1470 3841 se
1500 3785 1555 3839 in
1585 3787 2017 3856 quibuscumque
2049 3785 2151 3841 ho-

552 3881 788 3936 minibus
820 3878 1094 3934 mutabilis
1122 3885 1177 3933 et
1205 3876 1407 3932 caduca
1439 3878 1745 3933 mortalitas
1764 3919 1780 3944 ,
1814 3889 1869 3933 et
1896 3893 1993 3948 pro
2019 3894 2151 3934 con-

553 3972 759 4028 ditione
774 3970 1050 4027 communi
1068 3970 1320 4025 socialem
1340 3970 1524 4039 generi
1542 3986 1641 4025 suo
1660 3970 1853 4025 reddat
1872 3970 2147 4037 allectum;

554 4063 678 4119 ﬂeat
706 4078 829 4119 cum
861 4062 1146 4127 ﬂentibus,
1179 4070 1234 4117 et
1264 4076 1386 4116 cum
1417 4062 1715 4118 dolentium
1743 4064 2032 4132 gemitibus
2066 4066 2149 4119 in-

552 4158 845 4231 gemiscat;
866 4156 1229 4213 communicet
1258 4170 1379 4211 cum
1405 4156 1768 4226 indigentibus
1788 4158 1976 4228 copias
1997 4174 2146 4227 suas;

551 4250 581 4292 ³)
602 4254 741 4309 bene
763 4252 978 4307 valente
1001 4250 1247 4319 corporis
1276 4251 1600 4317 ministerio,
1622 4252 1688 4307 ad
1712 4253 1853 4308 male
1876 4255 2144 4323 iacentem

554 4344 779 4406 inclinet
810 4359 872 4400 se
902 4352 1161 4415 aegrotum
1196 4360 1209 4396 :
1242 4345 1383 4397 inter
1410 4344 1560 4399 cibos
1590 4360 1716 4400 suos
1749 4361 1996 4403 numeret
2025 4363 2149 4404 csu-

551 4439 807 4497 rientium
841 4437 1170 4507 portionem,
1196 4444 1251 4491 et
1283 4436 1336 4489 in
1372 4437 1588 4506 pallenti
1615 4442 1957 4495 trementium
1988 4442 2148 4497 nudi-

554 4541 667 4591 tate
701 4544 762 4585 se
795 4528 984 4585 credat
1021 4529 1223 4598 algere.
1261 4527 1363 4593 QUI
1393 4545 1521 4584 ENlll
1558 4529 1763 4585 relevat
1794 4535 2148 4602 temporalem

2259 2034 2319 2073 se
2345 2027 2397 2071 et
2428 2032 2719 2086 pauperem
2743 2032 2929 2086 aequus
2954 2017 3183 2086 quisque
3206 2016 3275 2070 sit
3304 2014 3487 2085 judex.
3513 2010 3539 2050 ἀ
3566 2013 3859 2068 Removeat

2258 2109 2613 2164 diffidentiam
2651 2109 2771 2163 laeta
2815 2118 2871 2163 et
2911 2123 3099 2163 secura
3142 2107 3449 2172 miseratio;
3481 2116 3536 2161 et
3569 2107 3657 2177 qui
3689 2119 3859 2175 egeno

2257 2200 2529 2265 subvenit,
2568 2201 2679 2254 Deo
2709 2216 2766 2254 se
2795 2201 3114 2267 impendere
3143 2200 3285 2271 quod
3310 2199 3538 2269 largitur
3563 2197 3851 2268 intelligat.

2259 2295 2335 2349 De
2365 2295 2699 2365 quibuslibet
2738 2293 3085 2360 subStautiis,
3115 2307 3341 2362 quarum
3374 2294 3558 2357 utique
3596 2305 3704 2344 non
3753 2304 3857 2345 una

2258 2385 2367 2457 39
2395 2399 2646 2439 mensura
2681 2395 2786 2450 est,
2820 2393 2996 2454 potest
3039 2398 3161 2438 esse
3203 2398 3301 2452 par
3338 2382 3610 2447 meritum,
3641 2381 3683 2434 si
3717 2380 3861 2436 inter

2259 2483 2503 2537 diversas
2531 2479 2927 2535 conferentium
2960 2478 3291 2549 quantitates
3324 2491 3428 2531 non
3467 2477 3534 2529 sit
3565 2474 3747 2529 minor
3770 2488 3859 2529 cu-

2252 2573 2504 2643 jusquam
2560 2574 2729 2642 pietas
2779 2585 2939 2641 quam
2994 2570 3240 2624 facultas.
3295 2569 3435 2623 Deus
3479 2568 3667 2631 enim,
3717 2565 3859 2637 apud

2259 2684 2417 2738 quem
2454 2684 2559 2721 non
2585 2676 2673 2721 est
2698 2665 2941 2735 acceptio
2974 2677 3348 2733 personarum,
3382 2659 3631 2714 similiter
3661 2658 3861 2728 recipit

2258 2769 2311 2814 et
2350 2758 2532 2813 divitis
2577 2773 2771 2811 munus
2810 2770 2865 2813 et
2912 2757 3165 2826 pauperis
3198 2773 3212 2808 :
3252 2755 3506 2824 quoniam
3550 2750 3699 2806 novit
3732 2750 3859 2822 quid

2256 2850 2482 2917 singulis
2512 2848 2757 2911 dederit,
2785 2847 2984 2917 quidve
3014 2862 3120 2901 non
3148 2845 3391 2909 dedi-rit;
3415 2853 3469 2898 et
3501 2858 3553 2897 IN
3580 2859 3669 2898 ωε
3698 2840 3861 2897 retri-

2256 2941 2496 2997 butionis
2529 2958 2637 2996 non
2672 2940 2864 2995 modus
2891 2940 3221 3010 iudicabitur
3249 2952 3534 3002 Censuum,
3561 2936 3654 2990 sed
3682 2935 3859 3005 quali-

2257 3042 2343 3088 tas
2368 3033 2729 3089 voluntatum.
2765 3032 2865 3087 Per
2892 3032 3166 3086 Christum
3200 3030 3485 3085 Dominum
3514 3037 3785 3085 nostrum.

2729 3127 2962 3183 sermo
3004 3124 3095 3181 xu
3124 3124 3237 3199 [Αι.
3269 3124 3384 3193 xu.

2611 3228 2635 3256 ε
2670 3217 2748 3272 De
2775 3215 2990 3291 Jejunio
3022 3216 3206 3271 decimi
3235 3215 3423 3268 mensis
3452 3211 3506 3271 1.

2299 3314 2527 3355 morsts.
2554 3329 2625 3340 —
2652 3298 2694 3353 1.
2728 3296 2901 3352 Homo
2936 3298 3051 3351 ideo
3080 3298 3339 3358 conditus,
3370 3304 3424 3348 ut
3448 3310 3598 3347 suum
3625 3292 3858 3347 imitetur

2328 3382 2619 3435 auctorem;
2649 3381 2695 3424 et
2730 3368 2829 3421 hoc
2864 3366 2962 3422 Dei
2993 3371 3187 3421 donum
3217 3377 3310 3420 est.
3343 3395 3414 3405 —
3440 3365 3505 3423 ll.
3540 3361 3858 3418 Charitatem

2329 3460 2431 3497 non
2460 3440 2625 3494 Deum
2657 3438 2846 3503 solum,
2875 3444 2962 3493 sed
2991 3451 3037 3492 et
3063 3440 3350 3509 proximum
3380 3436 3668 3509 complecti,
3689 3436 3860 3509 ipsos-

2327 3513 2717 3584 queiiuimicos;
2744 3527 2870 3584 qua:
2887 3506 3193 3584 Christianae
3222 3508 3486 3584 charitatis
3509 3506 3857 3584 latitudoest.

2328 3578 2508 3638 Q—lll.
2543 3578 2791 3635 Omnibus
2833 3580 2927 3634 Det
2957 3582 3173 3653 judiciis
3214 3581 3445 3653 subditus
3466 3580 3682 3653 quisque
3713 3578 3860 3632 debet

2327 3672 2458 3721 esse,
2490 3672 2581 3708 nec
2607 3654 2775 3706 minus
2807 3656 2869 3705 de
2894 3650 3076 3718 inopia
3112 3668 3262 3720 quam
3297 3652 3361 3705 de
3389 3650 3714 3721 abundantia
3740 3664 3859 3720 gra-

2330 3728 2427 3781 tias
2446 3720 2627 3797 agere.
2666 3754 2739 3765 --
2780 3722 2845 3776 IV
2896 3724 3128 3797 Jejunio,
3164 3723 3394 3777 oratione
3438 3731 3487 3775 et
3533 3720 3859 3791 eleetnosyna

2328 3794 2505 3851 omnes
2529 3802 2736 3850 virtutes
2763 3794 3147 3865 comprehendi.

2323 3887 2452 3944 Car.
2486 3889 2528 3943 l.
2555 3918 2624 3929 —
2645 3887 2701 3943 Si
2733 3887 2983 3951 fideliter,
3007 3885 3369 3953 dilectissimi,
3395 3893 3556 3952 atque
3577 3883 3858 3953 sapienter

2253 3979 2545 4036 creationis
2572 3989 2775 4034 nostra:
2813 3976 2830 4015 ί
2869 3978 3231 4048 intelligamus
3263 3976 3577 4044 exordium,
3614 3974 3857 4030 invenie-

2253 4087 2374 4128 ntus
2405 4072 2678 4127 hominem
2722 4072 2846 4127 ideo
2888 4071 2954 4125 ad
3000 4070 3285 4138 imaginem
3330 4070 3424 4125 Dei
3465 4067 3772 4134 conditum,
3797 4074 3855 4122 ut

2252 4167 2492 4223 imitator
2528 4167 2612 4221 sui
2652 4172 2799 4221 esset
2837 4165 3107 4229 auctoris;
3136 4174 3192 4220 et
3230 4163 3515 4227 hancesse
3545 4161 3856 4216 naturalem

2255 4260 2425 4315 nostri
2451 4260 2669 4330 generis
2697 4258 3035 4329 dignitatem,
3066 4258 3111 4312 si
3156 4256 3212 4310 in
3257 4255 3417 4311 nobis
3454 4254 3607 4324 quasi
3637 4251 3694 4307 in
3724 4266 3859 4323 quo-

2255 4354 2379 4408 dam
2408 4354 2631 4420 speculo
2661 4352 2859 4406 divinae
2900 4350 3246 4421 benignitatis
3278 4350 3446 4403 forma
3480 4344 3854 4415 resplendeat.

2258 4446 2340 4501 Ad
2371 4462 2528 4516 quam
2558 4446 2740 4515 utique
2768 4458 2865 4499 nos
2891 4442 3133 4513 quotidie
3164 4450 3377 4511 reparat
3404 4439 3576 4511 gratia
3602 4436 3861 4492 Salvato-

2258 4538 2337 4593 ris
2362 4579 2376 4605 ,
2411 4548 2435 4582 κ
2464 4539 2590 4593 dum
2622 4536 2765 4608 quod
2796 4538 2992 4593 cecidit
3016 4536 3074 4589 in
3105 4533 3275 4589 Adam
3308 4536 3479 4605 primo
3499 4572 3517 4599 ,
3541 4528 3774 4599 erigitur
3805 4527 3858 4582 in

522 4690 531 4708 ³
621 4705 652 4779 ξ
680 4696 740 4751 lu
769 4694 1321 4783 editionelzarisiensi
1352 4696 1873 4783 an..l67l,qua.3_est
1894 4697 2148 4783 repetitio
2176 4700 2229 4761 D
2254 4698 2594 4783 parochiales,
2642 4700 2835 4768 quibus
2888 4702 3134 4757 titulares
3176 4699 3498 4772 presbyteri,
3529 4714 3635 4755 non
3668 4708 3855 4756 autem
3920 4774 3921 4783 χ

552 4769 741 4839 primm
772 4766 1025 4839 editionis
1047 4766 1208 4835 hujus
1237 4770 1523 4839 sermonis,
1556 4771 1634 4823 sic
1664 4766 1887 4837 legitur:
1915 4766 1982 4820 Et
2012 4770 2147 4822 inter

552 4836 735 4894 cwtera
760 4836 1059 4908 fragilitatis
1082 4839 1315 4891 humanm
1337 4838 1496 4905 mala,
1512 4840 1659 4892 nulla
1681 4836 1752 4894 est
1780 4842 2015 4894 sanitatis
2037 4850 2147 4894 tuta

554 4911 805 4982 felicitas:
838 4911 960 4982 quia,
983 4910 1117 4977 quod
1148 4909 1303 4973 alicui
1330 4919 1491 4979 potest
1516 4912 1747 4965 accidere
1767 4951 1782 4975 ,
1814 4927 1914 4964 non
1957 4922 2031 4963 est
2060 4914 2147 4981 qui

552 4981 729 5036 debeat
775 4998 878 5035 non
928 4981 1119 5035 timere.
1170 4982 1425 5045 Quamvis
1458 4983 1572 5036 haec
1603 4984 1763 5039 lectio
1802 4984 1871 5037 sit
1920 4982 2143 5053 melior,

554 5053 877 5107 retinuimus
924 5063 1099 5105 tamen
1130 5053 1419 5108 lectionem
1472 5054 1771 5119 Quesnelli,
1829 5054 2026 5123 quippe
2054 5056 2146 5121 qui

553 5138 677 5178 cum
720 5123 894 5192 ipsum
927 5123 1182 5177 ‘codicem
1238 5126 1594 5190 consuluerit,
1642 5126 1930 5181 lectionem
1980 5126 2145 5193 ipsius

554 5195 756 5250 codicis
775 5194 989 5267 dedisse
1018 5194 1246 5258 videtur,
1278 5205 1332 5250 et
1354 5197 1605 5265 rejecisse
1638 5198 1691 5250 in
1726 5197 2026 5267 marginem
2056 5212 2148 5251 va-

555 5267 761 5321 riantes
790 5266 1103 5331 editionum,
1141 5281 1261 5336 quae
1310 5268 1488 5322 alieno
1536 5267 1760 5322 arbitrio
1806 5266 1873 5322 ad
1923 5282 2147 5323 sensum

558 5338 734 5408 aptius
759 5336 1082 5392 eliciendum
1130 5340 1182 5389 in
1212 5346 1415 5392 textum
1448 5337 1695 5393 videntur
1730 5340 1986 5394 inductae.
2032 5339 2149 5407 Ipse

558 5420 741 5463 autem
773 5423 840 5463 ne
861 5408 1064 5463 codicis
1090 5408 1374 5463 lectionem
1406 5411 1458 5464 in
1495 5418 1643 5464 textu
1684 5421 1942 5475 mutaret,
1978 5413 2150 5465 satius

558 5482 707 5535 duxit
734 5482 787 5534 in
807 5480 1047 5549 margine
1078 5490 1339 5535 aunotare
1369 5497 1465 5548 pro
1492 5482 1625 5535 inter
1649 5494 1833 5535 cwtera
1859 5482 2145 5551 legendum

559 5566 702 5674 sese.
729 5554 861 5607 inter
908 5552 1127 5618 incerta,
1181 5562 1237 5607 et
1264 5567 1365 5623 pro
1415 5554 1650 5608 sanitatis
1678 5554 1961 5623 legendum
2013 5554 2151 5609 forte

598 5634 748 5674 ιυιιη.

598 5624 748 5679 ivitis.

634 5693 661 5731 ιι
694 5694 892 5749 Eadem
923 5693 1088 5749 editio
1101 5693 1440 5757 Parisiensis,
1459 5694 1584 5749 bene
1603 5695 1838 5761 valentis,
1854 5705 1907 5751 et
1936 5696 2150 5750 melius.

637 5775 660 5846 ξ
694 5764 1350 5846 Ιιιιειιίευηιιξιιῆεεοιθδῇω
1398 5766 1705 5846 diaconales
1729 5809 1744 5831 ,
1798 5768 1931 5846 utin
1961 5769 2151 5846 admo-

565 5836 767 5892 nitione
794 5841 1029 5892 sermoni
1059 5840 1091 5893 6
1116 5840 1392 5906 praemissa
1419 5838 1842 5894 observavimus.
1861 5837 1996 5893 Hinc
2015 5840 2153 5893 male

564 5908 888 5985 Quesnellus
937 5910 989 5963 in
1022 5910 1231 5978 postilla
1273 5908 1400 5967 huic
1448 5910 1567 5967 loco
1610 5911 1879 5981 apposuit,
1927 5909 2152 5966 ecclesiae

2252 4771 2466 4840 diaconi
2501 4783 2787 4840 praeerant.

2325 4838 2352 4877 ἀ
2387 4842 2441 4895 In
2475 4838 2711 4897 editione
2747 4844 2982 4911 laudata,
3014 4854 3270 4897 remaneat
3301 4841 3601 4912 difﬁdentia.

2329 4921 2351 4948 ε
2385 4912 2440 4965 1η
2474 4916 2641 4979 prima
2666 4914 2901 4968 editione
2924 4926 2977 4968 et
3001 4918 3049 4968 in
3075 4916 3232 4969 codd.
3258 4916 3470 4967 collect.
3497 4914 3531 4967 5
3562 4913 3646 4968 hic
3669 4926 3856 4968 sermo
3916 4954 3917 4971 η

2254 4984 2586 5047 inscribitur,
2622 4986 2683 5037 de
2724 4984 2964 5040 Collectis
2998 5003 3164 5039 sermo
3191 4985 3420 5056 ejusdem
3458 4984 3557 5056 γι,
3589 4995 3633 5037 et
3669 4987 3738 5039 de
3766 4982 3860 5056 le-

2245 5055 2397 5127 junio
2425 5056 2605 5110 decimi
2634 5058 2818 5110 mensis
2847 5056 2898 5109 1.
2932 5058 3144 5111 Titulus
3176 5052 3373 5124 puriter
3400 5057 3463 5110 de
3491 5055 3735 5112 Collectis
3762 5055 3861 5110 ad-
3912 5052 3915 5127 ί

2254 5124 2398 5181 ditur
2425 5130 2661 5181 sermoni
2684 5128 2954 5197 sequenti,
2987 5138 3041 5181 et
3071 5129 3193 5181 bino
3217 5131 3264 5181 iu
3318 5138 3542 5182 caeteras
3580 5127 3860 5181 editiones
3912 5124 3913 5159 ‘

2252 5201 2509 5253 tnauavit.
2545 5198 2650 5254 Sed
2682 5214 2962 5268 perperam
2993 5217 3004 5251 :
3048 5200 3189 5252 nulla
3236 5201 3377 5253 enim
3424 5198 3475 5253 in
3512 5200 3613 5252 boc
3643 5198 3735 5252 vel
3765 5213 3862 5252 se~

2251 5270 2436 5339 quenti
2465 5285 2715 5325 sermone
2743 5270 3091 5325 collectarum
3134 5272 3189 5323 lit
3221 5271 3442 5336 mentio,
3476 5271 3552 5324 uti
3579 5268 3636 5322 fit
3667 5270 3724 5323 in
3761 5284 3861 5323 sex

2254 5341 2708 5410 praecedentibus,
2738 5345 2823 5412 qui
2854 5358 2977 5397 vere
3006 5343 3070 5395 ad
3109 5342 3364 5395 collectas
3400 5344 3693 5406 pertinent.
3742 5339 3863 5412 lloc

2253 5427 2382 5466 sane
2405 5414 2560 5466 titulo
2579 5415 2640 5466 de
2660 5410 2895 5469 Collectis
2916 5423 3098 5467 carent
3119 5427 3248 5465 mss.
3272 5423 3587 5467 camerarum
3604 5410 3859 5465 omnium

2253 5485 2657 5566 collectionum,
2690 5500 2809 5566 quae
2839 5502 2959 5566 cum
2992 5484 3150 5566 codd.
3181 5484 3507 5566 lectionariis
3528 5496 3723 5566 mones
3756 5483 3862 5535 hos
3904 5488 3905 5535 i

2255 5572 2533 5611 sermones
2564 5554 2892 5609 inscribunt:
2924 5556 2986 5609 de
3008 5556 3220 5623 Jejunio
3252 5556 3437 5608 mensis
3464 5554 3664 5609 decimi.

2335 5626 2354 5663 ί
2383 5627 2484 5681 Ms.
2519 5626 2701 5682 Casin.
2734 5628 2943 5680 ColleCI.
2978 5627 3029 5693 1,
3062 5627 3418 5696 intelligimus.

2334 5705 2359 5743 ε
2394 5699 2505 5753 υυο
2529 5715 2657 5753 mss.
2691 5698 3023 5752 Lectionaria
3067 5693 3308 5751 Basilicm
3339 5699 3395 5751 S.
3441 5694 3607 5759 Petri,
3643 5702 3701 5747 et
3735 5693 3863 5749 Vat.

2262 5769 2388 5834 5H,
2419 5771 2635 5825 Collect.
2667 5771 2720 5833 4,
2749 5781 2803 5821 ut
2833 5770 2967 5839 quod
2992 5769 3171 5823 cecidit
3199 5769 3252 5822 in
3276 5770 3440 5820 Adam
3470 5769 3653 5839 primo,
3685 5766 3863 5839 eriga-

2262 5850 2343 5893 tur
2386 5842 2709 5964 indsecundo.
2744 5840 2798 5897 ltt
2831 5835 3207 5913 antiquissimo
3254 5835 3496 5897 Lectiou.
3531 5838 3647 5893 Val.
3683 5835 3863 5911 3856.

2262 5922 2307 5964 et
2330 5928 2424 5964 nro
2490 5930 2595 5964 um.

2260 5922 2307 5967 et
2326 5928 2424 5979 pro
2450 5922 2595 5968 dum.

3908 5306 3909 5347 ι

3906 5400 3907 5441 t

3904 5488 3905 5535 i

3898 5654 3901 5723 J

3898 5742 3899 5817 ι
