  <div class='ocr_page' id='page_1' title='image "/cluster/home/n/w/nwhite01/storage/ocr_20150623/54/hvd.32044015471584/088.png"; bbox 0 0 3994 6354; ppageno 0'>
   <div class='ocr_carea' id='block_1_1' title="bbox 231 314 333 372">
    <p class='ocr_par' dir='ltr' id='par_1_1' title="bbox 231 314 333 372">
     <span class='ocr_line' id='line_1_1' title="bbox 231 314 333 372; baseline 0.039 -3"><span class='ocrx_word' id='word_1_1' title='bbox 231 314 333 372; x_wconf 75' lang='grc'><strong>169</strong></span> 
     </span>
    </p>
   </div>
   <div class='ocr_carea' id='block_1_2' title="bbox 1682 319 2067 381">
    <p class='ocr_par' dir='ltr' id='par_1_2' title="bbox 1682 319 2067 381">
     <span class='ocr_line' id='line_1_2' title="bbox 1682 319 2067 381; baseline -0.016 0"><span class='ocrx_word' id='word_1_2' title='bbox 1682 319 1912 381; x_wconf 76' lang='lat' dir='ltr'><strong>SERMO</strong></span> <span class='ocrx_word' id='word_1_3' title='bbox 1953 320 2067 377; x_wconf 80' lang='grc' dir='ltr'><strong>ΧΗ.</strong></span> 
     </span>
    </p>
   </div>
   <div class='ocr_carea' id='block_1_3' title="bbox 3427 332 3525 387">
    <p class='ocr_par' dir='ltr' id='par_1_3' title="bbox 3427 332 3525 387">
     <span class='ocr_line' id='line_1_3' title="bbox 3427 332 3525 387; baseline -0.02 0"><span class='ocrx_word' id='word_1_4' title='bbox 3427 332 3525 387; x_wconf 78' lang='grc' dir='ltr'>1ῗο</span> 
     </span>
    </p>
   </div>
   <div class='ocr_carea' id='block_1_4' title="bbox 229 427 3525 509">
    <p class='ocr_par' dir='ltr' id='par_1_4' title="bbox 229 427 3525 509">
     <span class='ocr_line' id='line_1_4' title="bbox 229 427 3525 509; baseline 0.008 -28"><span class='ocrx_word' id='word_1_5' title='bbox 229 427 493 485; x_wconf 78' lang='lat' dir='ltr'><strong>secundo.</strong></span> <span class='ocrx_word' id='word_1_6' title='bbox 521 427 691 483; x_wconf 79' lang='lat' dir='ltr'><strong>Causa</strong></span> <span class='ocrx_word' id='word_1_7' title='bbox 725 434 904 483; x_wconf 82' lang='lat' dir='ltr'><strong>autem</strong></span> <span class='ocrx_word' id='word_1_8' title='bbox 947 429 1306 499; x_wconf 78' lang='lat' dir='ltr'><strong>reparationis</strong></span> <span class='ocrx_word' id='word_1_9' title='bbox 1354 448 1549 491; x_wconf 75' lang='lat' dir='ltr'><strong>nosmie</strong></span> <span class='ocrx_word' id='word_1_10' title='bbox 1592 450 1700 494; x_wconf 86' lang='lat' dir='ltr'><strong>non</strong></span> <span class='ocrx_word' id='word_1_11' title='bbox 1742 449 1823 493; x_wconf 89' lang='lat' dir='ltr'><strong>est</strong></span> <span class='ocrx_word' id='word_1_12' title='bbox 1856 440 1900 497; x_wconf 77' lang='grc' dir='ltr'><strong>Α</strong></span> <span class='ocrx_word' id='word_1_13' title='bbox 1930 436 2029 490; x_wconf 87' lang='lat' dir='ltr'><strong>bus</strong></span> <span class='ocrx_word' id='word_1_14' title='bbox 2071 447 2122 492; x_wconf 89' lang='lat' dir='ltr'><strong>et</strong></span> <span class='ocrx_word' id='word_1_15' title='bbox 2166 436 2349 493; x_wconf 90' lang='lat' dir='ltr'><strong>multis</strong></span> <span class='ocrx_word' id='word_1_16' title='bbox 2381 436 2632 508; x_wconf 76' lang='lat' dir='ltr'><strong>fatigetur</strong></span> <span class='ocrx_word' id='word_1_17' title='bbox 2662 439 3055 509; x_wconf 84' lang='lat' dir='ltr'><strong>incommodis,</strong></span> <span class='ocrx_word' id='word_1_18' title='bbox 3089 443 3226 499; x_wconf 83' lang='lat' dir='ltr'><strong>bona</strong></span> <span class='ocrx_word' id='word_1_19' title='bbox 3267 456 3349 501; x_wconf 84' lang='lat' dir='ltr'><strong>est</strong></span> <span class='ocrx_word' id='word_1_20' title='bbox 3381 447 3403 485; x_wconf 78' lang='grc' dir='ltr'><strong><em>ιι</em></strong></span> <span class='ocrx_word' id='word_1_21' title='bbox 3447 454 3525 508; x_wconf 92' lang='lat' dir='ltr'><strong>illi</strong></span> 
     </span>
    </p>
   </div>
   <div class='ocr_carea' id='block_1_5' title="bbox 230 523 1831 599">
    <p class='ocr_par' dir='ltr' id='par_1_5' title="bbox 230 523 1831 599">
     <span class='ocr_line' id='line_1_5' title="bbox 230 523 1831 599; baseline 0.007 -23"><span class='ocrx_word' id='word_1_22' title='bbox 230 523 329 577; x_wconf 80' lang='lat' dir='ltr'><strong>nisi</strong></span> <span class='ocrx_word' id='word_1_23' title='bbox 362 524 731 578; x_wconf 58' lang='lat' dir='ltr'><strong>misericiirdia</strong></span> <span class='ocrx_word' id='word_1_24' title='bbox 768 523 861 577; x_wconf 89' lang='lat' dir='ltr'><strong>Dei</strong></span> <span class='ocrx_word' id='word_1_25' title='bbox 898 542 912 579; x_wconf 91' lang='lat'><strong>:</strong></span> <span class='ocrx_word' id='word_1_26' title='bbox 944 540 1100 593; x_wconf 96' lang='lat' dir='ltr'><strong>quem</strong></span> <span class='ocrx_word' id='word_1_27' title='bbox 1127 541 1231 580; x_wconf 91' lang='lat' dir='ltr'><strong>non</strong></span> <span class='ocrx_word' id='word_1_28' title='bbox 1259 528 1637 599; x_wconf 71' lang='lat' dir='ltr'><strong>(llllgt&#39;l‘cmlls,</strong></span> <span class='ocrx_word' id='word_1_29' title='bbox 1674 542 1696 565; x_wconf 74' lang='grc'><strong>⁸·</strong></span> <span class='ocrx_word' id='word_1_30' title='bbox 1728 533 1831 589; x_wconf 86' lang='lat' dir='ltr'><strong>nisi</strong></span> 
     </span>
    </p>
   </div>
   <div class='ocr_carea' id='block_1_6' title="bbox 226 618 1832 691">
    <p class='ocr_par' dir='ltr' id='par_1_6' title="bbox 226 618 1832 691">
     <span class='ocr_line' id='line_1_6' title="bbox 226 618 1832 691; baseline 0.004 -20"><span class='ocrx_word' id='word_1_31' title='bbox 226 632 324 671; x_wconf 84' lang='lat' dir='ltr'><strong>nos</strong></span> <span class='ocrx_word' id='word_1_32' title='bbox 360 618 510 685; x_wconf 88' lang='lat' dir='ltr'><strong>prior</strong></span> <span class='ocrx_word' id='word_1_33' title='bbox 537 618 653 686; x_wconf 86' lang='lat' dir='ltr'><strong>ipse</strong></span> <span class='ocrx_word' id='word_1_34' title='bbox 683 620 965 688; x_wconf 78' lang='lat' dir='ltr'><strong>diligeret.</strong></span> <span class='ocrx_word' id='word_1_35' title='bbox 998 629 1051 672; x_wconf 94' lang='lat' dir='ltr'><strong>et</strong></span> <span class='ocrx_word' id='word_1_36' title='bbox 1089 622 1340 675; x_wconf 77' lang='lat' dir='ltr'><strong>tenebras</strong></span> <span class='ocrx_word' id='word_1_37' title='bbox 1384 623 1701 691; x_wconf 66' lang='lat' dir='ltr'><strong>ignorantiae</strong></span> <span class='ocrx_word' id='word_1_38' title='bbox 1734 640 1832 678; x_wconf 85' lang='lat' dir='ltr'><strong>no-</strong></span> 
     </span>
    </p>
   </div>
   <div class='ocr_carea' id='block_1_7' title="bbox 226 710 1831 782">
    <p class='ocr_par' dir='ltr' id='par_1_7' title="bbox 226 710 1831 782">
     <span class='ocr_line' id='line_1_7' title="bbox 226 710 1831 782; baseline 0.002 -19"><span class='ocrx_word' id='word_1_39' title='bbox 226 724 371 774; x_wconf 65' lang='lat' dir='ltr'><strong>suae,</strong></span> <span class='ocrx_word' id='word_1_40' title='bbox 396 726 513 765; x_wconf 73' lang='lat' dir='ltr'><strong>sua:</strong></span> <span class='ocrx_word' id='word_1_41' title='bbox 540 712 779 764; x_wconf 75' lang='lat' dir='ltr'><strong>veritatis</strong></span> <span class='ocrx_word' id='word_1_42' title='bbox 802 712 922 765; x_wconf 66' lang='lat' dir='ltr'><strong>luce</strong></span> <span class='ocrx_word' id='word_1_43' title='bbox 940 710 1253 767; x_wconf 84' lang='lat' dir='ltr'><strong>discuteret.</strong></span> <span class='ocrx_word' id='word_1_44' title='bbox 1279 712 1434 780; x_wconf 84' lang='lat' dir='ltr'><strong>Quod</strong></span> <span class='ocrx_word' id='word_1_45' title='bbox 1470 731 1563 782; x_wconf 89' lang='lat' dir='ltr'><strong>per</strong></span> <span class='ocrx_word' id='word_1_46' title='bbox 1588 725 1831 769; x_wconf 79' lang='lat' dir='ltr'><strong>sanctum</strong></span> 
     </span>
    </p>
   </div>
   <div class='ocr_carea' id='block_1_8' title="bbox 224 800 1833 871">
    <p class='ocr_par' dir='ltr' id='par_1_8' title="bbox 224 800 1833 871">
     <span class='ocr_line' id='line_1_8' title="bbox 224 800 1833 871; baseline 0.005 -17"><span class='ocrx_word' id='word_1_47' title='bbox 224 800 417 854; x_wconf 77' lang='lat' dir='ltr'><strong>Isaiam</strong></span> <span class='ocrx_word' id='word_1_48' title='bbox 453 802 714 857; x_wconf 88' lang='lat' dir='ltr'><strong>Dominus</strong></span> <span class='ocrx_word' id='word_1_49' title='bbox 744 802 769 839; x_wconf 74' lang='grc' dir='ltr'>δ</span> <span class='ocrx_word' id='word_1_50' title='bbox 804 804 1192 871; x_wconf 71' lang='lat' dir='ltr'><strong>przetiuntiaiis,</strong></span> <span class='ocrx_word' id='word_1_51' title='bbox 1224 816 1297 859; x_wconf 85' lang='lat' dir='ltr'><strong>ait</strong></span> <span class='ocrx_word' id='word_1_52' title='bbox 1332 822 1344 856; x_wconf 92' lang='lat'><strong>:</strong></span> <span class='ocrx_word' id='word_1_53' title='bbox 1380 806 1647 859; x_wconf 78' lang='lat' dir='ltr'><strong>Adducam</strong></span> <span class='ocrx_word' id='word_1_54' title='bbox 1673 824 1833 862; x_wconf 67' lang='lat' dir='ltr'><strong>careas</strong></span> 
     </span>
    </p>
   </div>
   <div class='ocr_carea' id='block_1_9' title="bbox 226 894 1832 965">
    <p class='ocr_par' dir='ltr' id='par_1_9' title="bbox 226 894 1832 965">
     <span class='ocr_line' id='line_1_9' title="bbox 226 894 1832 965; baseline 0.008 -26"><span class='ocrx_word' id='word_1_55' title='bbox 226 903 245 929; x_wconf 76' lang='grc' dir='ltr'><em>ε</em></span> <span class='ocrx_word' id='word_1_56' title='bbox 277 910 329 945; x_wconf 81' lang='lat' dir='ltr'><strong>in</strong></span> <span class='ocrx_word' id='word_1_57' title='bbox 366 894 506 945; x_wconf 74' lang='lat' dir='ltr'><strong>ciam</strong></span> <span class='ocrx_word' id='word_1_58' title='bbox 530 912 685 964; x_wconf 66' lang='lat' dir='ltr'><strong>quam</strong></span> <span class='ocrx_word' id='word_1_59' title='bbox 718 896 1047 965; x_wconf 81' lang='lat' dir='ltr'><strong>ignorabam,</strong></span> <span class='ocrx_word' id='word_1_60' title='bbox 1076 906 1119 950; x_wconf 89' lang='lat' dir='ltr'><strong>et</strong></span> <span class='ocrx_word' id='word_1_61' title='bbox 1148 898 1355 951; x_wconf 86' lang='lat' dir='ltr'><strong>semitas</strong></span> <span class='ocrx_word' id='word_1_62' title='bbox 1383 915 1513 965; x_wconf 86' lang='lat' dir='ltr'><strong>quas</strong></span> <span class='ocrx_word' id='word_1_63' title='bbox 1546 900 1832 953; x_wconf 73' lang='lat' dir='ltr'><strong>nesciebant</strong></span> 
     </span>
    </p>
   </div>
   <div class='ocr_carea' id='block_1_10' title="bbox 224 985 1831 1057">
    <p class='ocr_par' dir='ltr' id='par_1_10' title="bbox 224 985 1831 1057">
     <span class='ocr_line' id='line_1_10' title="bbox 224 985 1831 1057; baseline 0.007 -25"><span class='ocrx_word' id='word_1_64' title='bbox 224 985 407 1053; x_wconf 62' lang='lat' dir='ltr'><strong>{etiam</strong></span> <span class='ocrx_word' id='word_1_65' title='bbox 441 986 567 1041; x_wconf 88' lang='lat' dir='ltr'><strong>illos</strong></span> <span class='ocrx_word' id='word_1_66' title='bbox 592 991 813 1040; x_wconf 89' lang='lat' dir='ltr'><strong>calcare.</strong></span> <span class='ocrx_word' id='word_1_67' title='bbox 849 986 1068 1040; x_wconf 79' lang='lat' dir='ltr'><strong>Faciam</strong></span> <span class='ocrx_word' id='word_1_68' title='bbox 1094 988 1199 1041; x_wconf 87' lang='lat' dir='ltr'><strong>illis</strong></span> <span class='ocrx_word' id='word_1_69' title='bbox 1230 992 1461 1044; x_wconf 81' lang='lat' dir='ltr'><strong>tenebras</strong></span> <span class='ocrx_word' id='word_1_70' title='bbox 1492 992 1545 1044; x_wconf 89' lang='lat' dir='ltr'><strong>in</strong></span> <span class='ocrx_word' id='word_1_71' title='bbox 1573 989 1755 1057; x_wconf 81' lang='lat' dir='ltr'><strong>lucem,</strong></span> <span class='ocrx_word' id='word_1_72' title='bbox 1784 999 1831 1045; x_wconf 84' lang='lat' dir='ltr'><strong>et</strong></span> 
     </span>
    </p>
   </div>
   <div class='ocr_carea' id='block_1_11' title="bbox 223 1080 1832 1153">
    <p class='ocr_par' dir='ltr' id='par_1_11' title="bbox 223 1080 1832 1153">
     <span class='ocr_line' id='line_1_11' title="bbox 223 1080 1832 1153; baseline 0.004 -19"><span class='ocrx_word' id='word_1_73' title='bbox 223 1096 379 1134; x_wconf 80' lang='lat' dir='ltr'><strong>arura</strong></span> <span class='ocrx_word' id='word_1_74' title='bbox 408 1080 465 1133; x_wconf 87' lang='lat' dir='ltr'><strong>in</strong></span> <span class='ocrx_word' id='word_1_75' title='bbox 497 1081 715 1136; x_wconf 82' lang='lat' dir='ltr'><strong>directa.</strong></span> <span class='ocrx_word' id='word_1_76' title='bbox 749 1080 877 1136; x_wconf 75' lang='lat' dir='ltr'><strong>[Iter</strong></span> <span class='ocrx_word' id='word_1_77' title='bbox 899 1084 1045 1136; x_wconf 82' lang='lat' dir='ltr'><strong>verba</strong></span> <span class='ocrx_word' id='word_1_78' title='bbox 1071 1083 1265 1153; x_wconf 75' lang='lat' dir='ltr'><strong>{ariam</strong></span> <span class='ocrx_word' id='word_1_79' title='bbox 1284 1084 1412 1150; x_wconf 82' lang='lat' dir='ltr'><strong>illis,</strong></span> <span class='ocrx_word' id='word_1_80' title='bbox 1434 1096 1482 1138; x_wconf 89' lang='lat' dir='ltr'><strong>et</strong></span> <span class='ocrx_word' id='word_1_81' title='bbox 1501 1082 1525 1122; x_wconf 73' lang='grc' dir='ltr'><em>ἀ</em></span> <span class='ocrx_word' id='word_1_82' title='bbox 1552 1103 1651 1140; x_wconf 90' lang='lat' dir='ltr'><strong>non</strong></span> <span class='ocrx_word' id='word_1_83' title='bbox 1675 1087 1832 1141; x_wconf 78' lang='lat' dir='ltr'><strong>relin-</strong></span> 
     </span>
    </p>
   </div>
   <div class='ocr_carea' id='block_1_12' title="bbox 218 1170 1829 1247">
    <p class='ocr_par' dir='ltr' id='par_1_12' title="bbox 218 1170 1829 1247">
     <span class='ocr_line' id='line_1_12' title="bbox 218 1170 1829 1247; baseline 0.004 -23"><span class='ocrx_word' id='word_1_84' title='bbox 218 1186 374 1236; x_wconf 77' lang='lat' dir='ltr'><strong>quam</strong></span> <span class='ocrx_word' id='word_1_85' title='bbox 416 1190 506 1226; x_wconf 91' lang='lat' dir='ltr'><strong>eos</strong></span> <span class='ocrx_word' id='word_1_86' title='bbox 544 1170 700 1237; x_wconf 83' lang='lat' dir='ltr'><strong>(Isai.</strong></span> <span class='ocrx_word' id='word_1_87' title='bbox 750 1189 877 1236; x_wconf 78' lang='lat' dir='ltr'><strong>xui,</strong></span> <span class='ocrx_word' id='word_1_88' title='bbox 918 1175 1026 1243; x_wconf 85' lang='grc'>16).</span> <span class='ocrx_word' id='word_1_89' title='bbox 1068 1173 1179 1247; x_wconf 57' lang='grc' dir='ltr'><strong>[ιο</strong></span> <span class='ocrx_word' id='word_1_90' title='bbox 1227 1176 1288 1229; x_wconf 75' lang='lat' dir='ltr'><strong>Et</strong></span> <span class='ocrx_word' id='word_1_91' title='bbox 1332 1178 1546 1241; x_wconf 81' lang='lat' dir='ltr'><strong>iterum,</strong></span> <span class='ocrx_word' id='word_1_92' title='bbox 1586 1175 1829 1231; x_wconf 72' lang='lat' dir='ltr'><strong>Inventus</strong></span> 
     </span>
    </p>
   </div>
   <div class='ocr_carea' id='block_1_13' title="bbox 220 1266 1827 1341">
    <p class='ocr_par' dir='ltr' id='par_1_13' title="bbox 220 1266 1827 1341">
     <span class='ocr_line' id='line_1_13' title="bbox 220 1266 1827 1341; baseline 0.004 -24"><span class='ocrx_word' id='word_1_93' title='bbox 220 1281 351 1329; x_wconf 77' lang='lat' dir='ltr'><strong>sum,</strong></span> <span class='ocrx_word' id='word_1_94' title='bbox 399 1266 573 1335; x_wconf 90' lang='lat' dir='ltr'><strong>inquit</strong></span> <span class='ocrx_word' id='word_1_95' title='bbox 596 1309 608 1326; x_wconf 90' lang='lat'><strong>.</strong></span> <span class='ocrx_word' id='word_1_96' title='bbox 635 1283 665 1319; x_wconf 84' lang='lat' dir='ltr'><strong>tt</strong></span> <span class='ocrx_word' id='word_1_97' title='bbox 695 1283 793 1319; x_wconf 84' lang='lat' dir='ltr'><strong>non</strong></span> <span class='ocrx_word' id='word_1_98' title='bbox 827 1269 1169 1338; x_wconf 75' lang='lat' dir='ltr'><strong>quierentibus</strong></span> <span class='ocrx_word' id='word_1_99' title='bbox 1194 1285 1292 1333; x_wconf 86' lang='lat' dir='ltr'><strong>me,</strong></span> <span class='ocrx_word' id='word_1_100' title='bbox 1323 1279 1370 1322; x_wconf 85' lang='lat' dir='ltr'><strong>et</strong></span> <span class='ocrx_word' id='word_1_101' title='bbox 1408 1271 1583 1337; x_wconf 88' lang='lat' dir='ltr'><strong><em>palam</em></strong></span> <span class='ocrx_word' id='word_1_102' title='bbox 1606 1271 1827 1341; x_wconf 89' lang='lat' dir='ltr'><strong>apparui</strong></span> 
     </span>
    </p>
   </div>
   <div class='ocr_carea' id='block_1_14' title="bbox 216 1358 1827 1435">
    <p class='ocr_par' dir='ltr' id='par_1_14' title="bbox 216 1358 1827 1435">
     <span class='ocr_line' id='line_1_14' title="bbox 216 1358 1827 1435; baseline 0.004 -26"><span class='ocrx_word' id='word_1_103' title='bbox 216 1358 279 1410; x_wconf 85' lang='lat' dir='ltr'><strong>iis</strong></span> <span class='ocrx_word' id='word_1_104' title='bbox 304 1360 397 1429; x_wconf 79' lang='lat' dir='ltr'><strong>qui</strong></span> <span class='ocrx_word' id='word_1_105' title='bbox 421 1376 506 1412; x_wconf 87' lang='lat' dir='ltr'><strong>me</strong></span> <span class='ocrx_word' id='word_1_106' title='bbox 529 1375 629 1412; x_wconf 88' lang='lat' dir='ltr'><strong>non</strong></span> <span class='ocrx_word' id='word_1_107' title='bbox 653 1361 1035 1429; x_wconf 75' lang='lat' dir='ltr'><strong>interrogabant</strong></span> <span class='ocrx_word' id='word_1_108' title='bbox 1064 1358 1219 1431; x_wconf 85' lang='lat' dir='ltr'><strong>(Isai.</strong></span> <span class='ocrx_word' id='word_1_109' title='bbox 1249 1378 1373 1427; x_wconf 71' lang='grc' dir='ltr'><strong>ων,</strong></span> <span class='ocrx_word' id='word_1_110' title='bbox 1404 1361 1480 1435; x_wconf 90' lang='grc'>1).</span> <span class='ocrx_word' id='word_1_111' title='bbox 1511 1362 1666 1429; x_wconf 85' lang='lat' dir='ltr'><strong>Quod</strong></span> <span class='ocrx_word' id='word_1_112' title='bbox 1694 1378 1827 1431; x_wconf 89' lang='lat' dir='ltr'><strong>quo-</strong></span> 
     </span>
    </p>
   </div>
   <div class='ocr_carea' id='block_1_15' title="bbox 220 1451 1823 1522">
    <p class='ocr_par' dir='ltr' id='par_1_15' title="bbox 220 1451 1823 1522">
     <span class='ocr_line' id='line_1_15' title="bbox 220 1451 1823 1522; baseline 0.002 -19"><span class='ocrx_word' id='word_1_113' title='bbox 220 1451 385 1505; x_wconf 79' lang='lat' dir='ltr'><strong>modo</strong></span> <span class='ocrx_word' id='word_1_114' title='bbox 408 1453 697 1518; x_wconf 78' lang='lat' dir='ltr'><strong>impletum</strong></span> <span class='ocrx_word' id='word_1_115' title='bbox 722 1454 812 1516; x_wconf 84' lang='lat' dir='ltr'><strong>sit,</strong></span> <span class='ocrx_word' id='word_1_116' title='bbox 834 1452 1071 1507; x_wconf 76' lang='lat' dir='ltr'><strong>Joannes</strong></span> <span class='ocrx_word' id='word_1_117' title='bbox 1093 1458 1368 1522; x_wconf 79' lang='lat' dir='ltr'><strong>apostolus</strong></span> <span class='ocrx_word' id='word_1_118' title='bbox 1389 1462 1412 1490; x_wconf 74' lang='grc' dir='ltr'>ε</span> <span class='ocrx_word' id='word_1_119' title='bbox 1430 1454 1587 1507; x_wconf 89' lang='lat' dir='ltr'><strong>docet</strong></span> <span class='ocrx_word' id='word_1_120' title='bbox 1608 1454 1823 1508; x_wconf 85' lang='lat' dir='ltr'><strong>dicens:</strong></span> 
     </span>
    </p>
   </div>
   <div class='ocr_carea' id='block_1_16' title="bbox 219 1542 1823 1615">
    <p class='ocr_par' dir='ltr' id='par_1_16' title="bbox 219 1542 1823 1615">
     <span class='ocr_line' id='line_1_16' title="bbox 219 1542 1823 1615; baseline 0.001 -16"><span class='ocrx_word' id='word_1_121' title='bbox 219 1543 452 1608; x_wconf 76' lang='lat' dir='ltr'><strong>Scimus,</strong></span> <span class='ocrx_word' id='word_1_122' title='bbox 478 1563 725 1613; x_wconf 81' lang='lat' dir='ltr'><strong>quoniam</strong></span> <span class='ocrx_word' id='word_1_123' title='bbox 756 1544 772 1583; x_wconf 72' lang='grc' dir='ltr'>ί</span> <span class='ocrx_word' id='word_1_124' title='bbox 800 1542 974 1599; x_wconf 84' lang='lat' dir='ltr'><strong>Filius</strong></span> <span class='ocrx_word' id='word_1_125' title='bbox 1006 1546 1098 1601; x_wconf 84' lang='lat' dir='ltr'><strong>Dei</strong></span> <span class='ocrx_word' id='word_1_126' title='bbox 1126 1549 1279 1615; x_wconf 85' lang='lat' dir='ltr'><strong>venit,</strong></span> <span class='ocrx_word' id='word_1_127' title='bbox 1307 1560 1354 1601; x_wconf 91' lang='lat' dir='ltr'><strong>et</strong></span> <span class='ocrx_word' id='word_1_128' title='bbox 1376 1548 1514 1601; x_wconf 84' lang='lat' dir='ltr'><strong>dedit</strong></span> <span class='ocrx_word' id='word_1_129' title='bbox 1542 1550 1685 1602; x_wconf 90' lang='lat' dir='ltr'><strong>nobis</strong></span> <span class='ocrx_word' id='word_1_130' title='bbox 1706 1565 1823 1601; x_wconf 89' lang='lat' dir='ltr'><strong>sen-</strong></span> 
     </span>
    </p>
   </div>
   <div class='ocr_carea' id='block_1_17' title="bbox 216 1640 1826 1711">
    <p class='ocr_par' dir='ltr' id='par_1_17' title="bbox 216 1640 1826 1711">
     <span class='ocr_line' id='line_1_17' title="bbox 216 1640 1826 1711; baseline 0.005 -24"><span class='ocrx_word' id='word_1_131' title='bbox 216 1653 349 1701; x_wconf 76' lang='lat' dir='ltr'><strong>sum,</strong></span> <span class='ocrx_word' id='word_1_132' title='bbox 374 1649 430 1690; x_wconf 76' lang='lat' dir='ltr'><strong>ut</strong></span> <span class='ocrx_word' id='word_1_133' title='bbox 452 1655 829 1708; x_wconf 90' lang='lat' dir='ltr'><strong>cognoscamus</strong></span> <span class='ocrx_word' id='word_1_134' title='bbox 850 1654 1048 1705; x_wconf 75' lang='lat' dir='ltr'><strong>verum,</strong></span> <span class='ocrx_word' id='word_1_135' title='bbox 1076 1648 1124 1693; x_wconf 89' lang='lat' dir='ltr'><strong>et</strong></span> <span class='ocrx_word' id='word_1_136' title='bbox 1145 1640 1307 1694; x_wconf 88' lang='lat' dir='ltr'><strong>simus</strong></span> <span class='ocrx_word' id='word_1_137' title='bbox 1330 1641 1383 1693; x_wconf 88' lang='lat' dir='ltr'><strong>in</strong></span> <span class='ocrx_word' id='word_1_138' title='bbox 1408 1658 1525 1695; x_wconf 86' lang='lat' dir='ltr'><strong>vero</strong></span> <span class='ocrx_word' id='word_1_139' title='bbox 1554 1640 1690 1694; x_wconf 84' lang='lat' dir='ltr'><strong>Filio</strong></span> <span class='ocrx_word' id='word_1_140' title='bbox 1715 1642 1826 1711; x_wconf 90' lang='lat' dir='ltr'><strong>ejus</strong></span> 
     </span>
    </p>
   </div>
   <div class='ocr_carea' id='block_1_18' title="bbox 218 1730 1821 1807">
    <p class='ocr_par' dir='ltr' id='par_1_18' title="bbox 218 1730 1821 1807">
     <span class='ocr_line' id='line_1_18' title="bbox 218 1730 1821 1807; baseline 0.002 -22"><span class='ocrx_word' id='word_1_141' title='bbox 218 1730 259 1795; x_wconf 82' lang='grc' dir='ltr'><strong>(Ι</strong></span> <span class='ocrx_word' id='word_1_142' title='bbox 279 1732 440 1785; x_wconf 77' lang='lat' dir='ltr'><strong>Joan.</strong></span> <span class='ocrx_word' id='word_1_143' title='bbox 475 1750 533 1798; x_wconf 87' lang='lat' dir='ltr'><strong>v,</strong></span> <span class='ocrx_word' id='word_1_144' title='bbox 555 1732 591 1787; x_wconf 67' lang='grc' dir='ltr'><strong>Ξ</strong></span> <span class='ocrx_word' id='word_1_145' title='bbox 630 1732 671 1803; x_wconf 92' lang='grc'>).</span> <span class='ocrx_word' id='word_1_146' title='bbox 700 1732 765 1787; x_wconf 85' lang='grc' dir='ltr'><strong>Ει</strong></span> <span class='ocrx_word' id='word_1_147' title='bbox 790 1733 982 1787; x_wconf 87' lang='lat' dir='ltr'><strong>iterum</strong></span> <span class='ocrx_word' id='word_1_148' title='bbox 1006 1751 1018 1785; x_wconf 91' lang='lat'><strong>:</strong></span> <span class='ocrx_word' id='word_1_149' title='bbox 1047 1733 1155 1787; x_wconf 79' lang='lat' dir='ltr'><strong>Nos</strong></span> <span class='ocrx_word' id='word_1_150' title='bbox 1180 1751 1301 1807; x_wconf 85' lang='lat' dir='ltr'><strong>ergo</strong></span> <span class='ocrx_word' id='word_1_151' title='bbox 1326 1735 1604 1807; x_wconf 79' lang='lat' dir='ltr'><strong>diligamus</strong></span> <span class='ocrx_word' id='word_1_152' title='bbox 1633 1736 1821 1802; x_wconf 86' lang='lat' dir='ltr'><strong>Deum,</strong></span> 
     </span>
    </p>
   </div>
   <div class='ocr_carea' id='block_1_19' title="bbox 219 1827 1829 1901">
    <p class='ocr_par' dir='ltr' id='par_1_19' title="bbox 219 1827 1829 1901">
     <span class='ocr_line' id='line_1_19' title="bbox 219 1827 1829 1901; baseline 0.004 -23"><span class='ocrx_word' id='word_1_153' title='bbox 219 1827 467 1891; x_wconf 71' lang='lat' dir='ltr'><strong>quoniam</strong></span> <span class='ocrx_word' id='word_1_154' title='bbox 508 1828 620 1892; x_wconf 88' lang='lat' dir='ltr'><strong>ipse</strong></span> <span class='ocrx_word' id='word_1_155' title='bbox 658 1830 804 1898; x_wconf 88' lang='lat' dir='ltr'><strong>prior</strong></span> <span class='ocrx_word' id='word_1_156' title='bbox 833 1828 1017 1881; x_wconf 75' lang='lat' dir='ltr'><strong>dilexit</strong></span> <span class='ocrx_word' id='word_1_157' title='bbox 1046 1845 1139 1882; x_wconf 88' lang='lat' dir='ltr'><strong>nos</strong></span> <span class='ocrx_word' id='word_1_158' title='bbox 1174 1828 1214 1901; x_wconf 91' lang='grc' dir='ltr'><strong>(Ι</strong></span> <span class='ocrx_word' id='word_1_159' title='bbox 1246 1828 1406 1884; x_wconf 81' lang='lat' dir='ltr'><strong>Joan.</strong></span> <span class='ocrx_word' id='word_1_160' title='bbox 1441 1846 1514 1897; x_wconf 97' lang='lat' dir='ltr'><strong>tv,</strong></span> <span class='ocrx_word' id='word_1_161' title='bbox 1552 1831 1665 1901; x_wconf 78' lang='lat'><strong>19).</strong></span> <span class='ocrx_word' id='word_1_162' title='bbox 1702 1832 1829 1885; x_wconf 78' lang='lat' dir='ltr'><strong>ltili-</strong></span> 
     </span>
    </p>
   </div>
   <div class='ocr_carea' id='block_1_20' title="bbox 212 1921 1828 1993">
    <p class='ocr_par' dir='ltr' id='par_1_20' title="bbox 212 1921 1828 1993">
     <span class='ocr_line' id='line_1_20' title="bbox 212 1921 1828 1993; baseline 0.002 -18"><span class='ocrx_word' id='word_1_163' title='bbox 212 1925 395 1991; x_wconf 83' lang='lat' dir='ltr'><strong>genilo</strong></span> <span class='ocrx_word' id='word_1_164' title='bbox 428 1922 614 1993; x_wconf 80' lang='lat' dir='ltr'><strong>itaque</strong></span> <span class='ocrx_word' id='word_1_165' title='bbox 651 1936 750 1977; x_wconf 90' lang='lat' dir='ltr'><strong>tios</strong></span> <span class='ocrx_word' id='word_1_166' title='bbox 792 1921 956 1986; x_wconf 90' lang='lat' dir='ltr'><strong>Deus,</strong></span> <span class='ocrx_word' id='word_1_167' title='bbox 988 1923 1055 1977; x_wconf 88' lang='lat' dir='ltr'><strong>ad</strong></span> <span class='ocrx_word' id='word_1_168' title='bbox 1100 1924 1385 1991; x_wconf 70' lang='lat' dir='ltr'><strong>imaginem</strong></span> <span class='ocrx_word' id='word_1_169' title='bbox 1421 1939 1572 1978; x_wconf 80' lang='lat' dir='ltr'><strong>suam</strong></span> <span class='ocrx_word' id='word_1_170' title='bbox 1616 1938 1715 1978; x_wconf 88' lang='lat' dir='ltr'><strong>nos</strong></span> <span class='ocrx_word' id='word_1_171' title='bbox 1742 1939 1828 1979; x_wconf 82' lang='lat' dir='ltr'><strong>re-</strong></span> 
     </span>
    </p>
   </div>
   <div class='ocr_carea' id='block_1_21' title="bbox 214 2020 1825 2089">
    <p class='ocr_par' dir='ltr' id='par_1_21' title="bbox 214 2020 1825 2089">
     <span class='ocr_line' id='line_1_21' title="bbox 214 2020 1825 2089; baseline 0.003 -20"><span class='ocrx_word' id='word_1_172' title='bbox 214 2030 394 2089; x_wconf 67' lang='lat' dir='ltr'><strong>parat,</strong></span> <span class='ocrx_word' id='word_1_173' title='bbox 422 2030 482 2075; x_wconf 87' lang='lat' dir='ltr'><strong>et</strong></span> <span class='ocrx_word' id='word_1_174' title='bbox 514 2029 573 2075; x_wconf 87' lang='lat' dir='ltr'><strong>ut</strong></span> <span class='ocrx_word' id='word_1_175' title='bbox 606 2020 658 2075; x_wconf 92' lang='lat' dir='ltr'><strong>in</strong></span> <span class='ocrx_word' id='word_1_176' title='bbox 691 2021 847 2075; x_wconf 86' lang='lat' dir='ltr'><strong>nobis</strong></span> <span class='ocrx_word' id='word_1_177' title='bbox 880 2022 1107 2075; x_wconf 82' lang='lat' dir='ltr'><strong>formam</strong></span> <span class='ocrx_word' id='word_1_178' title='bbox 1135 2036 1245 2075; x_wconf 66' lang='lat' dir='ltr'><strong>suae</strong></span> <span class='ocrx_word' id='word_1_179' title='bbox 1276 2020 1532 2075; x_wconf 84' lang='lat' dir='ltr'><strong>bonitatis</strong></span> <span class='ocrx_word' id='word_1_180' title='bbox 1564 2021 1825 2089; x_wconf 87' lang='lat' dir='ltr'><strong>inveniat,</strong></span> 
     </span>
    </p>
   </div>
   <div class='ocr_carea' id='block_1_22' title="bbox 213 2112 1829 2187">
    <p class='ocr_par' dir='ltr' id='par_1_22' title="bbox 213 2112 1829 2187">
     <span class='ocr_line' id='line_1_22' title="bbox 213 2112 1829 2187; baseline 0.002 -21"><span class='ocrx_word' id='word_1_181' title='bbox 213 2112 301 2166; x_wconf 87' lang='lat' dir='ltr'><strong>dat</strong></span> <span class='ocrx_word' id='word_1_182' title='bbox 340 2116 493 2169; x_wconf 87' lang='lat' dir='ltr'><strong>unde</strong></span> <span class='ocrx_word' id='word_1_183' title='bbox 530 2115 631 2181; x_wconf 88' lang='lat' dir='ltr'><strong>ipsi</strong></span> <span class='ocrx_word' id='word_1_184' title='bbox 672 2130 892 2185; x_wconf 86' lang='lat' dir='ltr'><strong>quoque</strong></span> <span class='ocrx_word' id='word_1_185' title='bbox 934 2116 1076 2187; x_wconf 89' lang='lat' dir='ltr'><strong>quod</strong></span> <span class='ocrx_word' id='word_1_186' title='bbox 1114 2125 1370 2185; x_wconf 81' lang='lat' dir='ltr'><strong>operatur</strong></span> <span class='ocrx_word' id='word_1_187' title='bbox 1401 2131 1706 2186; x_wconf 87' lang='lat' dir='ltr'><strong>operemur.</strong></span> <span class='ocrx_word' id='word_1_188' title='bbox 1739 2130 1829 2170; x_wconf 84' lang='lat' dir='ltr'><strong>ac-</strong></span> 
     </span>
    </p>
   </div>
   <div class='ocr_carea' id='block_1_23' title="bbox 217 2208 1827 2273">
    <p class='ocr_par' dir='ltr' id='par_1_23' title="bbox 217 2208 1827 2273">
     <span class='ocr_line' id='line_1_23' title="bbox 217 2208 1827 2273; baseline 0.002 -12"><span class='ocrx_word' id='word_1_189' title='bbox 217 2208 466 2262; x_wconf 70' lang='lat' dir='ltr'><strong>cendens</strong></span> <span class='ocrx_word' id='word_1_190' title='bbox 515 2208 723 2263; x_wconf 87' lang='lat' dir='ltr'><strong>scilicet</strong></span> <span class='ocrx_word' id='word_1_191' title='bbox 774 2213 1037 2264; x_wconf 81' lang='lat' dir='ltr'><strong>mentium</strong></span> <span class='ocrx_word' id='word_1_192' title='bbox 1089 2219 1394 2263; x_wconf 90' lang='lat' dir='ltr'><strong>nostrarum</strong></span> <span class='ocrx_word' id='word_1_193' title='bbox 1444 2210 1726 2273; x_wconf 88' lang='lat' dir='ltr'><strong>lucernas,</strong></span> <span class='ocrx_word' id='word_1_194' title='bbox 1773 2218 1827 2264; x_wconf 86' lang='lat' dir='ltr'><strong>et</strong></span> 
     </span>
    </p>
   </div>
   <div class='ocr_carea' id='block_1_24' title="bbox 215 2300 1826 2369">
    <p class='ocr_par' dir='ltr' id='par_1_24' title="bbox 215 2300 1826 2369">
     <span class='ocr_line' id='line_1_24' title="bbox 215 2300 1826 2369; baseline 0.002 -17"><span class='ocrx_word' id='word_1_195' title='bbox 215 2300 337 2369; x_wconf 87' lang='lat' dir='ltr'><strong>igne</strong></span> <span class='ocrx_word' id='word_1_196' title='bbox 372 2315 480 2355; x_wconf 90' lang='lat' dir='ltr'><strong>nos</strong></span> <span class='ocrx_word' id='word_1_197' title='bbox 512 2315 625 2355; x_wconf 69' lang='lat' dir='ltr'><strong>suae</strong></span> <span class='ocrx_word' id='word_1_198' title='bbox 652 2301 940 2355; x_wconf 88' lang='lat' dir='ltr'><strong>cliaritatis</strong></span> <span class='ocrx_word' id='word_1_199' title='bbox 972 2310 997 2349; x_wconf 78' lang='grc' dir='ltr'><strong><em>ε</em></strong></span> <span class='ocrx_word' id='word_1_200' title='bbox 1028 2300 1402 2367; x_wconf 81' lang='lat' dir='ltr'><strong>inﬂammatis;</strong></span> <span class='ocrx_word' id='word_1_201' title='bbox 1433 2312 1491 2357; x_wconf 93' lang='lat' dir='ltr'><strong>ut</strong></span> <span class='ocrx_word' id='word_1_202' title='bbox 1522 2318 1626 2356; x_wconf 91' lang='lat' dir='ltr'><strong>non</strong></span> <span class='ocrx_word' id='word_1_203' title='bbox 1652 2305 1826 2356; x_wconf 90' lang='lat' dir='ltr'><strong>solum</strong></span> 
     </span>
    </p>
   </div>
   <div class='ocr_carea' id='block_1_25' title="bbox 210 2389 1829 2462">
    <p class='ocr_par' dir='ltr' id='par_1_25' title="bbox 210 2389 1829 2462">
     <span class='ocr_line' id='line_1_25' title="bbox 210 2389 1829 2462; baseline 0.003 -22"><span class='ocrx_word' id='word_1_204' title='bbox 210 2389 423 2457; x_wconf 89' lang='lat' dir='ltr'><strong>ipsum,</strong></span> <span class='ocrx_word' id='word_1_205' title='bbox 452 2389 552 2444; x_wconf 88' lang='lat' dir='ltr'><strong>sed</strong></span> <span class='ocrx_word' id='word_1_206' title='bbox 586 2392 750 2446; x_wconf 90' lang='lat' dir='ltr'><strong>etiam</strong></span> <span class='ocrx_word' id='word_1_207' title='bbox 781 2392 1045 2461; x_wconf 82' lang='lat' dir='ltr'><strong>quidquid</strong></span> <span class='ocrx_word' id='word_1_208' title='bbox 1077 2392 1252 2462; x_wconf 82' lang='lat' dir='ltr'><strong>diligit</strong></span> <span class='ocrx_word' id='word_1_209' title='bbox 1280 2392 1591 2461; x_wconf 81' lang='lat' dir='ltr'><strong>diligamus.</strong></span> <span class='ocrx_word' id='word_1_210' title='bbox 1624 2393 1753 2446; x_wconf 79' lang='lat' dir='ltr'><strong>Nam</strong></span> <span class='ocrx_word' id='word_1_211' title='bbox 1783 2392 1829 2447; x_wconf 86' lang='lat' dir='ltr'><strong>si</strong></span> 
     </span>
    </p>
   </div>
   <div class='ocr_carea' id='block_1_26' title="bbox 212 2479 1829 2555">
    <p class='ocr_par' dir='ltr' id='par_1_26' title="bbox 212 2479 1829 2555">
     <span class='ocr_line' id='line_1_26' title="bbox 212 2479 1829 2555; baseline 0.003 -22"><span class='ocrx_word' id='word_1_212' title='bbox 212 2479 355 2534; x_wconf 85' lang='lat' dir='ltr'><strong>inter</strong></span> <span class='ocrx_word' id='word_1_213' title='bbox 385 2481 643 2537; x_wconf 87' lang='lat' dir='ltr'><strong>homines</strong></span> <span class='ocrx_word' id='word_1_214' title='bbox 686 2498 749 2537; x_wconf 86' lang='lat' dir='ltr'><strong>ea</strong></span> <span class='ocrx_word' id='word_1_215' title='bbox 794 2484 1014 2538; x_wconf 90' lang='lat' dir='ltr'><strong>demum</strong></span> <span class='ocrx_word' id='word_1_216' title='bbox 1066 2484 1222 2538; x_wconf 82' lang='lat' dir='ltr'><strong>ﬁrma</strong></span> <span class='ocrx_word' id='word_1_217' title='bbox 1261 2484 1498 2539; x_wconf 87' lang='lat' dir='ltr'><strong>amicitia</strong></span> <span class='ocrx_word' id='word_1_218' title='bbox 1538 2495 1640 2549; x_wconf 90' lang='lat' dir='ltr'><strong>est,</strong></span> <span class='ocrx_word' id='word_1_219' title='bbox 1668 2499 1829 2555; x_wconf 85' lang='lat' dir='ltr'><strong>quam</strong></span> 
     </span>
    </p>
   </div>
   <div class='ocr_carea' id='block_1_27' title="bbox 210 2576 1829 2649">
    <p class='ocr_par' dir='ltr' id='par_1_27' title="bbox 210 2576 1829 2649">
     <span class='ocr_line' id='line_1_27' title="bbox 210 2576 1829 2649; baseline 0.003 -22"><span class='ocrx_word' id='word_1_220' title='bbox 210 2590 427 2629; x_wconf 87' lang='lat' dir='ltr'><strong>morum</strong></span> <span class='ocrx_word' id='word_1_221' title='bbox 462 2576 767 2632; x_wconf 73' lang='lat' dir='ltr'><strong>similitudo</strong></span> <span class='ocrx_word' id='word_1_222' title='bbox 799 2579 1044 2644; x_wconf 88' lang='lat' dir='ltr'><strong>sociarit,</strong></span> <span class='ocrx_word' id='word_1_223' title='bbox 1079 2594 1202 2634; x_wconf 91' lang='lat' dir='ltr'><strong>eum</strong></span> <span class='ocrx_word' id='word_1_224' title='bbox 1244 2590 1421 2633; x_wconf 42' lang='lat' dir='ltr'><strong>tami-n</strong></span> <span class='ocrx_word' id='word_1_225' title='bbox 1453 2579 1698 2649; x_wconf 65' lang='lat' dir='ltr'><strong>parilitas</strong></span> <span class='ocrx_word' id='word_1_226' title='bbox 1734 2594 1829 2632; x_wconf 85' lang='lat' dir='ltr'><strong>vo-</strong></span> 
     </span>
    </p>
   </div>
   <div class='ocr_carea' id='block_1_28' title="bbox 214 2672 1827 2741">
    <p class='ocr_par' dir='ltr' id='par_1_28' title="bbox 214 2672 1827 2741">
     <span class='ocr_line' id='line_1_28' title="bbox 214 2672 1827 2741; baseline 0.002 -17"><span class='ocrx_word' id='word_1_227' title='bbox 214 2673 483 2725; x_wconf 85' lang='lat' dir='ltr'><strong>luntatum</strong></span> <span class='ocrx_word' id='word_1_228' title='bbox 514 2688 661 2739; x_wconf 71' lang='lat' dir='ltr'><strong>saepe</strong></span> <span class='ocrx_word' id='word_1_229' title='bbox 689 2672 741 2725; x_wconf 92' lang='lat' dir='ltr'><strong>in</strong></span> <span class='ocrx_word' id='word_1_230' title='bbox 773 2675 1037 2741; x_wconf 83' lang='lat' dir='ltr'><strong>reprolios</strong></span> <span class='ocrx_word' id='word_1_231' title='bbox 1073 2673 1259 2727; x_wconf 87' lang='lat' dir='ltr'><strong>tendat</strong></span> <span class='ocrx_word' id='word_1_232' title='bbox 1291 2672 1536 2735; x_wconf 72' lang='lat' dir='ltr'><strong>allectus,</strong></span> <span class='ocrx_word' id='word_1_233' title='bbox 1571 2685 1827 2741; x_wconf 85' lang='lat' dir='ltr'><strong>quantum</strong></span> 
     </span>
    </p>
   </div>
   <div class='ocr_carea' id='block_1_29' title="bbox 212 2765 1830 2835">
    <p class='ocr_par' dir='ltr' id='par_1_29' title="bbox 212 2765 1830 2835">
     <span class='ocr_line' id='line_1_29' title="bbox 212 2765 1830 2835; baseline 0.002 -18"><span class='ocrx_word' id='word_1_234' title='bbox 212 2765 370 2817; x_wconf 88' lang='lat' dir='ltr'><strong>nobis</strong></span> <span class='ocrx_word' id='word_1_235' title='bbox 413 2766 719 2832; x_wconf 85' lang='lat' dir='ltr'><strong>optandum</strong></span> <span class='ocrx_word' id='word_1_236' title='bbox 752 2776 915 2835; x_wconf 89' lang='lat' dir='ltr'><strong>atque</strong></span> <span class='ocrx_word' id='word_1_237' title='bbox 949 2767 1222 2819; x_wconf 88' lang='lat' dir='ltr'><strong>nitendum</strong></span> <span class='ocrx_word' id='word_1_238' title='bbox 1266 2774 1349 2819; x_wconf 87' lang='lat' dir='ltr'><strong>est</strong></span> <span class='ocrx_word' id='word_1_239' title='bbox 1391 2774 1449 2819; x_wconf 90' lang='lat' dir='ltr'><strong>ut</strong></span> <span class='ocrx_word' id='word_1_240' title='bbox 1487 2766 1538 2818; x_wconf 91' lang='lat' dir='ltr'><strong>in</strong></span> <span class='ocrx_word' id='word_1_241' title='bbox 1583 2766 1731 2818; x_wconf 92' lang='lat' dir='ltr'><strong>nullo</strong></span> <span class='ocrx_word' id='word_1_242' title='bbox 1762 2765 1830 2820; x_wconf 89' lang='lat' dir='ltr'><strong>ab</strong></span> 
     </span>
    </p>
   </div>
   <div class='ocr_carea' id='block_1_30' title="bbox 217 2855 1830 2927">
    <p class='ocr_par' dir='ltr' id='par_1_30' title="bbox 217 2855 1830 2927">
     <span class='ocr_line' id='line_1_30' title="bbox 217 2855 1830 2927; baseline 0.002 -20"><span class='ocrx_word' id='word_1_243' title='bbox 217 2856 281 2908; x_wconf 87' lang='lat' dir='ltr'><strong>iis</strong></span> <span class='ocrx_word' id='word_1_244' title='bbox 313 2872 436 2925; x_wconf 73' lang='lat' dir='ltr'><strong>qua:</strong></span> <span class='ocrx_word' id='word_1_245' title='bbox 465 2856 577 2910; x_wconf 87' lang='lat' dir='ltr'><strong>Deo</strong></span> <span class='ocrx_word' id='word_1_246' title='bbox 611 2866 737 2911; x_wconf 59' lang='lat' dir='ltr'><strong>sunt</strong></span> <span class='ocrx_word' id='word_1_247' title='bbox 765 2856 957 2927; x_wconf 86' lang='lat' dir='ltr'><strong>placita</strong></span> <span class='ocrx_word' id='word_1_248' title='bbox 979 2899 992 2919; x_wconf 84' lang='lat'><strong>,</strong></span> <span class='ocrx_word' id='word_1_249' title='bbox 1024 2858 1427 2925; x_wconf 82' lang='lat' dir='ltr'><strong>discrepi-mus!</strong></span> <span class='ocrx_word' id='word_1_250' title='bbox 1459 2856 1536 2910; x_wconf 92' lang='lat' dir='ltr'><strong>De</strong></span> <span class='ocrx_word' id='word_1_251' title='bbox 1565 2872 1673 2925; x_wconf 91' lang='lat' dir='ltr'><strong>quo</strong></span> <span class='ocrx_word' id='word_1_252' title='bbox 1699 2855 1830 2910; x_wconf 89' lang='lat' dir='ltr'><strong>dicit</strong></span> 
     </span>
    </p>
   </div>
   <div class='ocr_carea' id='block_1_31' title="bbox 218 2949 1829 3021">
    <p class='ocr_par' dir='ltr' id='par_1_31' title="bbox 218 2949 1829 3021">
     <span class='ocr_line' id='line_1_31' title="bbox 218 2949 1829 3021; baseline 0.002 -20"><span class='ocrx_word' id='word_1_253' title='bbox 218 2949 490 3019; x_wconf 75' lang='lat' dir='ltr'><strong>proiilteta</strong></span> <span class='ocrx_word' id='word_1_254' title='bbox 525 2968 537 3001; x_wconf 87' lang='lat'><strong>:</strong></span> <span class='ocrx_word' id='word_1_255' title='bbox 570 2949 827 3017; x_wconf 85' lang='lat' dir='ltr'><strong>Quoniam</strong></span> <span class='ocrx_word' id='word_1_256' title='bbox 853 2951 931 3003; x_wconf 88' lang='lat' dir='ltr'><strong>ira</strong></span> <span class='ocrx_word' id='word_1_257' title='bbox 963 2952 1015 3004; x_wconf 87' lang='lat' dir='ltr'><strong>in</strong></span> <span class='ocrx_word' id='word_1_258' title='bbox 1038 2951 1393 3021; x_wconf 81' lang='lat' dir='ltr'><strong>indignatione</strong></span> <span class='ocrx_word' id='word_1_259' title='bbox 1411 2953 1547 3020; x_wconf 84' lang='lat' dir='ltr'><strong>ejus,</strong></span> <span class='ocrx_word' id='word_1_260' title='bbox 1576 2958 1622 3002; x_wconf 90' lang='lat' dir='ltr'><strong>et</strong></span> <span class='ocrx_word' id='word_1_261' title='bbox 1644 2949 1747 3002; x_wconf 86' lang='lat' dir='ltr'><strong>vita</strong></span> <span class='ocrx_word' id='word_1_262' title='bbox 1776 2949 1829 3004; x_wconf 86' lang='lat' dir='ltr'><strong>in</strong></span> 
     </span>
    </p>
   </div>
   <div class='ocr_carea' id='block_1_32' title="bbox 214 3043 1828 3115">
    <p class='ocr_par' dir='ltr' id='par_1_32' title="bbox 214 3043 1828 3115">
     <span class='ocr_line' id='line_1_32' title="bbox 214 3043 1828 3115; baseline 0.002 -20"><span class='ocrx_word' id='word_1_263' title='bbox 214 3044 478 3096; x_wconf 70' lang='lat' dir='ltr'><strong>uoluntate</strong></span> <span class='ocrx_word' id='word_1_264' title='bbox 500 3047 615 3115; x_wconf 83' lang='lat' dir='ltr'><strong>ejus</strong></span> <span class='ocrx_word' id='word_1_265' title='bbox 649 3043 767 3111; x_wconf 88' lang='lat' dir='ltr'><strong>(Ps.</strong></span> <span class='ocrx_word' id='word_1_266' title='bbox 808 3060 963 3107; x_wconf 75' lang='lat' dir='ltr'><strong>XXIX,</strong></span> <span class='ocrx_word' id='word_1_267' title='bbox 993 3046 1047 3113; x_wconf 89' lang='grc'><strong>6)</strong></span> <span class='ocrx_word' id='word_1_268' title='bbox 1081 3062 1093 3098; x_wconf 93' lang='lat'>:</span> <span class='ocrx_word' id='word_1_269' title='bbox 1122 3048 1243 3115; x_wconf 85' lang='lat' dir='ltr'><strong>quia</strong></span> <span class='ocrx_word' id='word_1_270' title='bbox 1276 3060 1381 3098; x_wconf 93' lang='lat' dir='ltr'><strong>non</strong></span> <span class='ocrx_word' id='word_1_271' title='bbox 1410 3046 1567 3098; x_wconf 77' lang='lat' dir='ltr'><strong>aliter</strong></span> <span class='ocrx_word' id='word_1_272' title='bbox 1594 3046 1645 3098; x_wconf 90' lang='lat' dir='ltr'><strong>in</strong></span> <span class='ocrx_word' id='word_1_273' title='bbox 1674 3044 1828 3100; x_wconf 91' lang='lat' dir='ltr'><strong>nobis</strong></span> 
     </span>
    </p>
   </div>
   <div class='ocr_carea' id='block_1_33' title="bbox 217 3135 1829 3207">
    <p class='ocr_par' dir='ltr' id='par_1_33' title="bbox 217 3135 1829 3207">
     <span class='ocr_line' id='line_1_33' title="bbox 217 3135 1829 3207; baseline 0.002 -18"><span class='ocrx_word' id='word_1_274' title='bbox 217 3136 321 3189; x_wconf 88' lang='lat' dir='ltr'><strong>erit</strong></span> <span class='ocrx_word' id='word_1_275' title='bbox 360 3135 607 3202; x_wconf 82' lang='lat' dir='ltr'><strong>dignitas</strong></span> <span class='ocrx_word' id='word_1_276' title='bbox 648 3135 849 3192; x_wconf 76' lang='lat' dir='ltr'><strong>divina:</strong></span> <span class='ocrx_word' id='word_1_277' title='bbox 892 3139 1221 3207; x_wconf 74' lang='lat' dir='ltr'><strong>majestiitis,</strong></span> <span class='ocrx_word' id='word_1_278' title='bbox 1262 3138 1363 3192; x_wconf 88' lang='lat' dir='ltr'><strong>nisi</strong></span> <span class='ocrx_word' id='word_1_279' title='bbox 1404 3136 1632 3191; x_wconf 85' lang='lat' dir='ltr'><strong>imitatio</strong></span> <span class='ocrx_word' id='word_1_280' title='bbox 1667 3139 1829 3194; x_wconf 80' lang='lat' dir='ltr'><strong>fuerit</strong></span> 
     </span>
    </p>
   </div>
   <div class='ocr_carea' id='block_1_34' title="bbox 214 3229 540 3282">
    <p class='ocr_par' dir='ltr' id='par_1_34' title="bbox 214 3229 540 3282">
     <span class='ocr_line' id='line_1_34' title="bbox 214 3229 540 3282; baseline 0.006 -3"><span class='ocrx_word' id='word_1_281' title='bbox 214 3229 540 3282; x_wconf 72' lang='lat' dir='ltr'><strong>voluntatis.</strong></span> 
     </span>
    </p>
   </div>
   <div class='ocr_carea' id='block_1_35' title="bbox 284 3320 1829 3395">
    <p class='ocr_par' dir='ltr' id='par_1_35' title="bbox 284 3320 1829 3395">
     <span class='ocr_line' id='line_1_35' title="bbox 284 3320 1829 3395; baseline 0.001 -19"><span class='ocrx_word' id='word_1_282' title='bbox 284 3320 414 3376; x_wconf 68' lang='lat' dir='ltr'><strong>CAP.</strong></span> <span class='ocrx_word' id='word_1_283' title='bbox 453 3321 615 3376; x_wconf 85' lang='lat' dir='ltr'><strong>ll.—-</strong></span> <span class='ocrx_word' id='word_1_284' title='bbox 639 3322 864 3378; x_wconf 89' lang='lat' dir='ltr'><strong>Dicente</strong></span> <span class='ocrx_word' id='word_1_285' title='bbox 892 3321 1071 3394; x_wconf 81' lang='lat' dir='ltr'><strong>itaque</strong></span> <span class='ocrx_word' id='word_1_286' title='bbox 1098 3322 1332 3377; x_wconf 89' lang='lat' dir='ltr'><strong>Domino</strong></span> <span class='ocrx_word' id='word_1_287' title='bbox 1366 3340 1379 3376; x_wconf 86' lang='lat'>:</span> <span class='ocrx_word' id='word_1_288' title='bbox 1417 3321 1613 3395; x_wconf 86' lang='lat' dir='ltr'><strong>Diliges</strong></span> <span class='ocrx_word' id='word_1_289' title='bbox 1645 3321 1829 3377; x_wconf 86' lang='lat' dir='ltr'><strong>Dami-</strong></span> 
     </span>
    </p>
   </div>
   <div class='ocr_carea' id='block_1_36' title="bbox 214 3411 1827 3479">
    <p class='ocr_par' dir='ltr' id='par_1_36' title="bbox 214 3411 1827 3479">
     <span class='ocr_line' id='line_1_36' title="bbox 214 3411 1827 3479; baseline 0.002 -14"><span class='ocrx_word' id='word_1_290' title='bbox 214 3429 339 3465; x_wconf 76' lang='lat' dir='ltr'><strong>num</strong></span> <span class='ocrx_word' id='word_1_291' title='bbox 383 3411 557 3467; x_wconf 84' lang='lat' dir='ltr'><strong>Deum</strong></span> <span class='ocrx_word' id='word_1_292' title='bbox 594 3424 736 3467; x_wconf 87' lang='lat' dir='ltr'><strong>tuum</strong></span> <span class='ocrx_word' id='word_1_293' title='bbox 765 3429 832 3467; x_wconf 84' lang='lat' dir='ltr'><strong>ea:</strong></span> <span class='ocrx_word' id='word_1_294' title='bbox 861 3424 967 3467; x_wconf 90' lang='lat' dir='ltr'><strong>toto</strong></span> <span class='ocrx_word' id='word_1_295' title='bbox 1006 3416 1159 3468; x_wconf 87' lang='lat' dir='ltr'><strong>corde</strong></span> <span class='ocrx_word' id='word_1_296' title='bbox 1183 3426 1303 3479; x_wconf 88' lang='lat' dir='ltr'><strong>tuo,</strong></span> <span class='ocrx_word' id='word_1_297' title='bbox 1347 3425 1391 3467; x_wconf 89' lang='lat' dir='ltr'><strong>et</strong></span> <span class='ocrx_word' id='word_1_298' title='bbox 1422 3432 1485 3468; x_wconf 77' lang='lat' dir='ltr'><strong>ex</strong></span> <span class='ocrx_word' id='word_1_299' title='bbox 1521 3425 1624 3469; x_wconf 88' lang='lat' dir='ltr'><strong>tota</strong></span> <span class='ocrx_word' id='word_1_300' title='bbox 1662 3424 1827 3469; x_wconf 81' lang='lat' dir='ltr'><strong>mente</strong></span> 
     </span>
    </p>
   </div>
   <div class='ocr_carea' id='block_1_37' title="bbox 214 3505 1823 3579">
    <p class='ocr_par' dir='ltr' id='par_1_37' title="bbox 214 3505 1823 3579">
     <span class='ocr_line' id='line_1_37' title="bbox 214 3505 1823 3579; baseline 0.003 -23"><span class='ocrx_word' id='word_1_301' title='bbox 214 3514 343 3571; x_wconf 83' lang='lat' dir='ltr'><strong>tua;</strong></span> <span class='ocrx_word' id='word_1_302' title='bbox 377 3515 423 3559; x_wconf 90' lang='lat' dir='ltr'><strong>et</strong></span> <span class='ocrx_word' id='word_1_303' title='bbox 452 3507 645 3578; x_wconf 85' lang='lat' dir='ltr'><strong>diliges</strong></span> <span class='ocrx_word' id='word_1_304' title='bbox 681 3510 975 3577; x_wconf 71' lang='lat' dir='ltr'><strong>proximum</strong></span> <span class='ocrx_word' id='word_1_305' title='bbox 1005 3516 1148 3561; x_wconf 88' lang='lat' dir='ltr'><strong>tuum</strong></span> <span class='ocrx_word' id='word_1_306' title='bbox 1182 3508 1309 3560; x_wconf 86' lang='lat' dir='ltr'><strong>sicut</strong></span> <span class='ocrx_word' id='word_1_307' title='bbox 1348 3508 1567 3575; x_wconf 88' lang='lat' dir='ltr'><strong>leipsum</strong></span> <span class='ocrx_word' id='word_1_308' title='bbox 1606 3505 1823 3579; x_wconf 80' lang='lat' dir='ltr'><strong>(Matth.</strong></span> 
     </span>
    </p>
   </div>
   <div class='ocr_carea' id='block_1_38' title="bbox 214 3595 1824 3667">
    <p class='ocr_par' dir='ltr' id='par_1_38' title="bbox 214 3595 1824 3667">
     <span class='ocr_line' id='line_1_38' title="bbox 214 3595 1824 3667; baseline 0.004 -18"><span class='ocrx_word' id='word_1_309' title='bbox 214 3610 356 3659; x_wconf 81' lang='lat' dir='ltr'><strong>uit,</strong></span> <span class='ocrx_word' id='word_1_310' title='bbox 386 3595 485 3665; x_wconf 78' lang='lat'><strong>57)</strong></span> <span class='ocrx_word' id='word_1_311' title='bbox 522 3613 537 3651; x_wconf 72' lang='grc' dir='ltr'>ε</span> <span class='ocrx_word' id='word_1_312' title='bbox 574 3598 835 3666; x_wconf 72' lang='lat' dir='ltr'><strong>suscipiat</strong></span> <span class='ocrx_word' id='word_1_313' title='bbox 874 3598 1049 3652; x_wconf 82' lang='lat' dir='ltr'><strong>ﬁdelis</strong></span> <span class='ocrx_word' id='word_1_314' title='bbox 1076 3600 1255 3652; x_wconf 87' lang='lat' dir='ltr'><strong>anima</strong></span> <span class='ocrx_word' id='word_1_315' title='bbox 1286 3602 1524 3653; x_wconf 87' lang='lat' dir='ltr'><strong>auctoris</strong></span> <span class='ocrx_word' id='word_1_316' title='bbox 1552 3601 1633 3653; x_wconf 92' lang='lat' dir='ltr'><strong>sui</strong></span> <span class='ocrx_word' id='word_1_317' title='bbox 1663 3608 1824 3667; x_wconf 87' lang='lat' dir='ltr'><strong>atque</strong></span> 
     </span>
    </p>
   </div>
   <div class='ocr_carea' id='block_1_39' title="bbox 212 3690 1821 3762">
    <p class='ocr_par' dir='ltr' id='par_1_39' title="bbox 212 3690 1821 3762">
     <span class='ocr_line' id='line_1_39' title="bbox 212 3690 1821 3762; baseline 0.004 -19"><span class='ocrx_word' id='word_1_318' title='bbox 212 3691 449 3744; x_wconf 82' lang='lat' dir='ltr'><strong>rectoris</strong></span> <span class='ocrx_word' id='word_1_319' title='bbox 496 3690 1007 3747; x_wconf 87' lang='lat' dir='ltr'><strong>immarcescibilein</strong></span> <span class='ocrx_word' id='word_1_320' title='bbox 1055 3691 1400 3755; x_wconf 87' lang='lat' dir='ltr'><strong>cltaritatem,</strong></span> <span class='ocrx_word' id='word_1_321' title='bbox 1447 3703 1719 3762; x_wconf 89' lang='lat' dir='ltr'><strong>totamque</strong></span> <span class='ocrx_word' id='word_1_322' title='bbox 1759 3710 1821 3750; x_wconf 84' lang='lat' dir='ltr'><strong>se</strong></span> 
     </span>
    </p>
   </div>
   <div class='ocr_carea' id='block_1_40' title="bbox 211 3781 1820 3854">
    <p class='ocr_par' dir='ltr' id='par_1_40' title="bbox 211 3781 1820 3854">
     <span class='ocr_line' id='line_1_40' title="bbox 211 3781 1820 3854; baseline 0.002 -17"><span class='ocrx_word' id='word_1_323' title='bbox 211 3781 378 3837; x_wconf 79' lang='lat' dir='ltr'><strong>etiam</strong></span> <span class='ocrx_word' id='word_1_324' title='bbox 402 3783 527 3853; x_wconf 79' lang='lat' dir='ltr'><strong>ejus</strong></span> <span class='ocrx_word' id='word_1_325' title='bbox 548 3783 801 3853; x_wconf 88' lang='lat' dir='ltr'><strong>subjiciat</strong></span> <span class='ocrx_word' id='word_1_326' title='bbox 818 3784 1103 3851; x_wconf 86' lang='lat' dir='ltr'><strong>voluntati,</strong></span> <span class='ocrx_word' id='word_1_327' title='bbox 1127 3785 1179 3839; x_wconf 92' lang='lat' dir='ltr'><strong>in</strong></span> <span class='ocrx_word' id='word_1_328' title='bbox 1202 3786 1358 3853; x_wconf 88' lang='lat' dir='ltr'><strong>cujus</strong></span> <span class='ocrx_word' id='word_1_329' title='bbox 1378 3786 1636 3854; x_wconf 84' lang='lat' dir='ltr'><strong>operibus</strong></span> <span class='ocrx_word' id='word_1_330' title='bbox 1657 3797 1820 3854; x_wconf 86' lang='lat' dir='ltr'><strong>atque</strong></span> 
     </span>
    </p>
   </div>
   <div class='ocr_carea' id='block_1_41' title="bbox 210 3875 1823 3946">
    <p class='ocr_par' dir='ltr' id='par_1_41' title="bbox 210 3875 1823 3946">
     <span class='ocr_line' id='line_1_41' title="bbox 210 3875 1823 3946; baseline 0.003 -18"><span class='ocrx_word' id='word_1_331' title='bbox 210 3875 439 3945; x_wconf 88' lang='lat' dir='ltr'><strong>jndiciis</strong></span> <span class='ocrx_word' id='word_1_332' title='bbox 472 3875 606 3930; x_wconf 85' lang='lat' dir='ltr'><strong>nihil</strong></span> <span class='ocrx_word' id='word_1_333' title='bbox 637 3887 789 3932; x_wconf 89' lang='lat' dir='ltr'><strong>vacat</strong></span> <span class='ocrx_word' id='word_1_334' title='bbox 819 3892 849 3930; x_wconf 90' lang='lat' dir='ltr'><strong>a</strong></span> <span class='ocrx_word' id='word_1_335' title='bbox 882 3879 1112 3932; x_wconf 75' lang='lat' dir='ltr'><strong>veritate</strong></span> <span class='ocrx_word' id='word_1_336' title='bbox 1136 3880 1395 3946; x_wconf 75' lang='lat' dir='ltr'><strong>justitite,</strong></span> <span class='ocrx_word' id='word_1_337' title='bbox 1426 3878 1557 3932; x_wconf 88' lang='lat' dir='ltr'><strong>niliil</strong></span> <span class='ocrx_word' id='word_1_338' title='bbox 1596 3895 1623 3932; x_wconf 91' lang='lat' dir='ltr'><strong>a</strong></span> <span class='ocrx_word' id='word_1_339' title='bbox 1660 3878 1823 3934; x_wconf 89' lang='lat' dir='ltr'><strong>mise-</strong></span> 
     </span>
    </p>
   </div>
   <div class='ocr_carea' id='block_1_42' title="bbox 210 3965 1821 4042">
    <p class='ocr_par' dir='ltr' id='par_1_42' title="bbox 210 3965 1821 4042">
     <span class='ocr_line' id='line_1_42' title="bbox 210 3965 1821 4042; baseline 0.003 -21"><span class='ocrx_word' id='word_1_340' title='bbox 210 3965 431 4023; x_wconf 80' lang='lat' dir='ltr'><strong>ratione</strong></span> <span class='ocrx_word' id='word_1_341' title='bbox 462 3969 785 4024; x_wconf 75' lang='lat' dir='ltr'><strong>clementite.</strong></span> <span class='ocrx_word' id='word_1_342' title='bbox 818 3966 1085 4035; x_wconf 86' lang='lat' dir='ltr'><strong>Quoniam</strong></span> <span class='ocrx_word' id='word_1_343' title='bbox 1108 3970 1209 4024; x_wconf 87' lang='lat' dir='ltr'><strong>etsi</strong></span> <span class='ocrx_word' id='word_1_344' title='bbox 1239 3972 1447 4042; x_wconf 77' lang='lat' dir='ltr'><strong>magnis</strong></span> <span class='ocrx_word' id='word_1_345' title='bbox 1470 3972 1591 4042; x_wconf 90' lang='lat' dir='ltr'><strong>quis</strong></span> <span class='ocrx_word' id='word_1_346' title='bbox 1621 3972 1821 4027; x_wconf 88' lang='lat' dir='ltr'><strong>labori-</strong></span> 
     </span>
    </p>
   </div>
   <div class='ocr_carea' id='block_1_43' title="bbox 218 4152 1816 4239">
    <p class='ocr_par' dir='ltr' id='par_1_43' title="bbox 218 4152 1816 4239">
     <span class='ocr_line' id='line_1_43' title="bbox 218 4152 1816 4239; baseline 0.002 -32"><span class='ocrx_word' id='word_1_347' title='bbox 218 4230 230 4239; x_wconf 76' lang='lat'>_</span> <span class='ocrx_word' id='word_1_348' title='bbox 286 4160 315 4189; x_wconf 77' lang='grc' dir='ltr'>ι</span> <span class='ocrx_word' id='word_1_349' title='bbox 345 4152 604 4225; x_wconf 86' lang='lat' dir='ltr'><strong>Plerique</strong></span> <span class='ocrx_word' id='word_1_350' title='bbox 635 4154 837 4226; x_wconf 83' lang='lat' dir='ltr'><strong>vulgati</strong></span> <span class='ocrx_word' id='word_1_351' title='bbox 865 4162 991 4211; x_wconf 86' lang='lat' dir='ltr'><strong>ante</strong></span> <span class='ocrx_word' id='word_1_352' title='bbox 1024 4154 1394 4224; x_wconf 86' lang='lat' dir='ltr'><strong>Quesnellum,</strong></span> <span class='ocrx_word' id='word_1_353' title='bbox 1422 4156 1521 4210; x_wconf 85' lang='lat' dir='ltr'><strong>nisi</strong></span> <span class='ocrx_word' id='word_1_354' title='bbox 1550 4157 1691 4228; x_wconf 86' lang='lat' dir='ltr'><strong>prius</strong></span> <span class='ocrx_word' id='word_1_355' title='bbox 1724 4172 1816 4211; x_wconf 87' lang='lat' dir='ltr'><strong>nos</strong></span> 
     </span>
    </p>
   </div>
   <div class='ocr_carea' id='block_1_44' title="bbox 295 4241 349 4279">
    <p class='ocr_par' dir='ltr' id='par_1_44' title="bbox 295 4241 349 4279">
     <span class='ocr_line' id='line_1_44' title="bbox 295 4241 349 4279; baseline -0.037 0"><span class='ocrx_word' id='word_1_356' title='bbox 295 4241 349 4279; x_wconf 76' lang='grc' dir='ltr'>ε.</span> 
     </span>
    </p>
   </div>
   <div class='ocr_carea' id='block_1_45' title="bbox 210 4245 1821 4354">
    <p class='ocr_par' dir='ltr' id='par_1_45' title="bbox 210 4245 1821 4354">
     <span class='ocr_line' id='line_1_45' title="bbox 210 4245 1821 4354; baseline 0.002 -3"><span class='ocrx_word' id='word_1_357' title='bbox 210 4245 425 4351; x_wconf 38' lang='grc' dir='ltr'><strong>ψῦξοιω</strong></span> <span class='ocrx_word' id='word_1_358' title='bbox 459 4296 569 4350; x_wconf 89' lang='lat' dir='ltr'><strong>duo</strong></span> <span class='ocrx_word' id='word_1_359' title='bbox 594 4297 757 4352; x_wconf 92' lang='lat' dir='ltr'><strong>codd.</strong></span> <span class='ocrx_word' id='word_1_360' title='bbox 784 4296 843 4354; x_wconf 90' lang='lat' dir='ltr'><strong>S.</strong></span> <span class='ocrx_word' id='word_1_361' title='bbox 875 4296 1018 4353; x_wconf 86' lang='lat' dir='ltr'><strong>Petri</strong></span> <span class='ocrx_word' id='word_1_362' title='bbox 1040 4310 1091 4353; x_wconf 89' lang='lat' dir='ltr'><strong>et</strong></span> <span class='ocrx_word' id='word_1_363' title='bbox 1121 4299 1519 4353; x_wconf 90' lang='lat' dir='ltr'><strong>vetustissimus</strong></span> <span class='ocrx_word' id='word_1_364' title='bbox 1545 4298 1662 4352; x_wconf 91' lang='lat' dir='ltr'><strong>Vat.</strong></span> <span class='ocrx_word' id='word_1_365' title='bbox 1692 4314 1821 4354; x_wconf 88' lang='lat' dir='ltr'><strong>nec—</strong></span> 
     </span>
    </p>
   </div>
   <div class='ocr_carea' id='block_1_46' title="bbox 214 4368 1820 4425">
    <p class='ocr_par' dir='ltr' id='par_1_46' title="bbox 214 4368 1820 4425">
     <span class='ocr_line' id='line_1_46' title="bbox 214 4368 1820 4425; baseline 0.001 -1"><span class='ocrx_word' id='word_1_366' title='bbox 214 4388 325 4425; x_wconf 90' lang='lat' dir='ltr'><strong>non</strong></span> <span class='ocrx_word' id='word_1_367' title='bbox 363 4369 515 4422; x_wconf 83' lang='lat' dir='ltr'><strong>l‘anli</strong></span> <span class='ocrx_word' id='word_1_368' title='bbox 543 4368 764 4423; x_wconf 85' lang='lat' dir='ltr'><strong>Diaconi</strong></span> <span class='ocrx_word' id='word_1_369' title='bbox 798 4369 1165 4424; x_wconf 84' lang='lat' dir='ltr'><strong>Homiliarium</strong></span> <span class='ocrx_word' id='word_1_370' title='bbox 1197 4371 1451 4425; x_wconf 78' lang='lat' dir='ltr'><strong>editionis</strong></span> <span class='ocrx_word' id='word_1_371' title='bbox 1497 4372 1820 4425; x_wconf 71' lang='lat' dir='ltr'><strong>Busdeensis</strong></span> 
     </span>
    </p>
   </div>
   <div class='ocr_carea' id='block_1_47' title="bbox 211 4439 1819 4508">
    <p class='ocr_par' dir='ltr' id='par_1_47' title="bbox 211 4439 1819 4508">
     <span class='ocr_line' id='line_1_47' title="bbox 211 4439 1819 4508; baseline -0.002 -12"><span class='ocrx_word' id='word_1_372' title='bbox 211 4459 305 4497; x_wconf 88' lang='lat' dir='ltr'><strong>an.</strong></span> <span class='ocrx_word' id='word_1_373' title='bbox 340 4439 505 4496; x_wconf 76' lang='grc'>1496.</span> <span class='ocrx_word' id='word_1_374' title='bbox 535 4441 589 4494; x_wconf 94' lang='lat' dir='ltr'><strong>In</strong></span> <span class='ocrx_word' id='word_1_375' title='bbox 621 4444 782 4495; x_wconf 78' lang='lat' dir='ltr'><strong>editis</strong></span> <span class='ocrx_word' id='word_1_376' title='bbox 811 4451 934 4496; x_wconf 86' lang='lat' dir='ltr'><strong>ante</strong></span> <span class='ocrx_word' id='word_1_377' title='bbox 963 4444 1308 4508; x_wconf 77' lang='lat' dir='ltr'><strong>Quesnellum</strong></span> <span class='ocrx_word' id='word_1_378' title='bbox 1338 4451 1454 4497; x_wconf 78' lang='lat' dir='ltr'><strong>et’ul</strong></span> <span class='ocrx_word' id='word_1_379' title='bbox 1476 4444 1819 4508; x_wconf 78' lang='lat' dir='ltr'><strong>denuntians;</strong></span> 
     </span>
    </p>
   </div>
   <div class='ocr_carea' id='block_1_48' title="bbox 212 4513 1820 4584">
    <p class='ocr_par' dir='ltr' id='par_1_48' title="bbox 212 4513 1820 4584">
     <span class='ocr_line' id='line_1_48' title="bbox 212 4513 1820 4584; baseline 0.003 -22"><span class='ocrx_word' id='word_1_380' title='bbox 212 4514 362 4583; x_wconf 76' lang='lat' dir='ltr'><strong>apud</strong></span> <span class='ocrx_word' id='word_1_381' title='bbox 384 4513 590 4578; x_wconf 82' lang='lat' dir='ltr'><strong>Quesu.</strong></span> <span class='ocrx_word' id='word_1_382' title='bbox 621 4527 753 4565; x_wconf 84' lang='lat' dir='ltr'><strong>vero</strong></span> <span class='ocrx_word' id='word_1_383' title='bbox 776 4529 896 4565; x_wconf 89' lang='lat' dir='ltr'><strong>cum</strong></span> <span class='ocrx_word' id='word_1_384' title='bbox 931 4528 1060 4567; x_wconf 86' lang='lat' dir='ltr'><strong>mss.</strong></span> <span class='ocrx_word' id='word_1_385' title='bbox 1091 4514 1309 4568; x_wconf 81' lang='lat' dir='ltr'><strong>collect.</strong></span> <span class='ocrx_word' id='word_1_386' title='bbox 1338 4515 1369 4568; x_wconf 69' lang='grc'><strong>4</strong></span> <span class='ocrx_word' id='word_1_387' title='bbox 1402 4525 1460 4567; x_wconf 91' lang='lat' dir='ltr'><strong>et</strong></span> <span class='ocrx_word' id='word_1_388' title='bbox 1502 4513 1554 4568; x_wconf 86' lang='lat'><strong>5.</strong></span> <span class='ocrx_word' id='word_1_389' title='bbox 1588 4530 1820 4584; x_wconf 82' lang='lat' dir='ltr'><strong>pronun-</strong></span> 
     </span>
    </p>
   </div>
   <div class='ocr_carea' id='block_1_49' title="bbox 1941 532 3525 612">
    <p class='ocr_par' dir='ltr' id='par_1_49' title="bbox 1941 532 3525 612">
     <span class='ocr_line' id='line_1_49' title="bbox 1941 532 3525 612; baseline 0.008 -28"><span class='ocrx_word' id='word_1_390' title='bbox 1941 544 2103 584; x_wconf 88' lang='lat' dir='ltr'><strong>causa</strong></span> <span class='ocrx_word' id='word_1_391' title='bbox 2132 532 2412 593; x_wconf 75' lang='lat' dir='ltr'><strong>tolerandi,</strong></span> <span class='ocrx_word' id='word_1_392' title='bbox 2439 533 2526 601; x_wconf 91' lang='lat' dir='ltr'><strong>qui</strong></span> <span class='ocrx_word' id='word_1_393' title='bbox 2556 548 2616 589; x_wconf 86' lang='lat' dir='ltr'><strong>se</strong></span> <span class='ocrx_word' id='word_1_394' title='bbox 2645 534 2885 590; x_wconf 87' lang='lat' dir='ltr'><strong>adversis</strong></span> <span class='ocrx_word' id='word_1_395' title='bbox 2907 535 2989 590; x_wconf 87' lang='lat' dir='ltr'><strong>vel</strong></span> <span class='ocrx_word' id='word_1_396' title='bbox 3023 539 3217 608; x_wconf 88' lang='lat' dir='ltr'><strong>eorrigi</strong></span> <span class='ocrx_word' id='word_1_397' title='bbox 3255 539 3525 612; x_wconf 82' lang='lat' dir='ltr'><strong>intelligit,</strong></span> 
     </span>
    </p>
   </div>
   <div class='ocr_carea' id='block_1_50' title="bbox 1939 622 3528 702">
    <p class='ocr_par' dir='ltr' id='par_1_50' title="bbox 1939 622 3528 702">
     <span class='ocr_line' id='line_1_50' title="bbox 1939 622 3528 702; baseline 0.01 -26"><span class='ocrx_word' id='word_1_398' title='bbox 1939 622 2025 677; x_wconf 90' lang='lat' dir='ltr'><strong>vel</strong></span> <span class='ocrx_word' id='word_1_399' title='bbox 2056 624 2292 693; x_wconf 90' lang='lat' dir='ltr'><strong>probari.</strong></span> <span class='ocrx_word' id='word_1_400' title='bbox 2318 624 2605 681; x_wconf 73' lang='lat' dir='ltr'><strong>Charitatis</strong></span> <span class='ocrx_word' id='word_1_401' title='bbox 2623 643 2750 683; x_wconf 91' lang='lat' dir='ltr'><strong>vero</strong></span> <span class='ocrx_word' id='word_1_402' title='bbox 2775 628 2927 683; x_wconf 78' lang='lat' dir='ltr'><strong>isuus</strong></span> <span class='ocrx_word' id='word_1_403' title='bbox 2953 632 3121 698; x_wconf 88' lang='lat' dir='ltr'><strong>pietas</strong></span> <span class='ocrx_word' id='word_1_404' title='bbox 3145 633 3380 702; x_wconf 74' lang='lat' dir='ltr'><strong>perlecta</strong></span> <span class='ocrx_word' id='word_1_405' title='bbox 3405 651 3528 692; x_wconf 81' lang='lat' dir='ltr'><strong>esse</strong></span> 
     </span>
    </p>
   </div>
   <div class='ocr_carea' id='block_1_51' title="bbox 1939 718 3526 793">
    <p class='ocr_par' dir='ltr' id='par_1_51' title="bbox 1939 718 3526 793">
     <span class='ocr_line' id='line_1_51' title="bbox 1939 718 3526 793; baseline 0.011 -28"><span class='ocrx_word' id='word_1_406' title='bbox 1939 729 2045 769; x_wconf 88' lang='lat' dir='ltr'><strong>non</strong></span> <span class='ocrx_word' id='word_1_407' title='bbox 2077 719 2301 783; x_wconf 89' lang='lat' dir='ltr'><strong>poterit,</strong></span> <span class='ocrx_word' id='word_1_408' title='bbox 2332 718 2435 773; x_wconf 89' lang='lat' dir='ltr'><strong>nisi</strong></span> <span class='ocrx_word' id='word_1_409' title='bbox 2466 719 2721 789; x_wconf 86' lang='lat' dir='ltr'><strong>diligatur</strong></span> <span class='ocrx_word' id='word_1_410' title='bbox 2751 732 2805 776; x_wconf 89' lang='lat' dir='ltr'><strong>et</strong></span> <span class='ocrx_word' id='word_1_411' title='bbox 2834 725 3129 791; x_wconf 73' lang='lat' dir='ltr'><strong>proximus.</strong></span> <span class='ocrx_word' id='word_1_412' title='bbox 3162 725 3278 793; x_wconf 90' lang='lat' dir='ltr'><strong>Quo</strong></span> <span class='ocrx_word' id='word_1_413' title='bbox 3306 729 3526 783; x_wconf 83' lang='lat' dir='ltr'><strong>nomine</strong></span> 
     </span>
    </p>
   </div>
   <div class='ocr_carea' id='block_1_52' title="bbox 1938 807 3526 885">
    <p class='ocr_par' dir='ltr' id='par_1_52' title="bbox 1938 807 3526 885">
     <span class='ocr_line' id='line_1_52' title="bbox 1938 807 3526 885; baseline 0.013 -28"><span class='ocrx_word' id='word_1_414' title='bbox 1938 820 2046 859; x_wconf 89' lang='lat' dir='ltr'><strong>non</strong></span> <span class='ocrx_word' id='word_1_415' title='bbox 2098 807 2129 860; x_wconf 91' lang='lat' dir='ltr'><strong>ii</strong></span> <span class='ocrx_word' id='word_1_416' title='bbox 2178 816 2381 862; x_wconf 89' lang='lat' dir='ltr'><strong>tantum</strong></span> <span class='ocrx_word' id='word_1_417' title='bbox 2426 809 2754 879; x_wconf 83' lang='lat' dir='ltr'><strong>intelligendi</strong></span> <span class='ocrx_word' id='word_1_418' title='bbox 2798 822 2924 867; x_wconf 88' lang='lat' dir='ltr'><strong>sunt</strong></span> <span class='ocrx_word' id='word_1_419' title='bbox 2961 814 3053 885; x_wconf 90' lang='lat' dir='ltr'><strong>qui</strong></span> <span class='ocrx_word' id='word_1_420' title='bbox 3090 817 3243 871; x_wconf 84' lang='lat' dir='ltr'><strong>nobis</strong></span> <span class='ocrx_word' id='word_1_421' title='bbox 3289 822 3526 877; x_wconf 86' lang='lat' dir='ltr'><strong>amicitia</strong></span> 
     </span>
    </p>
   </div>
   <div class='ocr_carea' id='block_1_53' title="bbox 1937 900 3527 979">
    <p class='ocr_par' dir='ltr' id='par_1_53' title="bbox 1937 900 3527 979">
     <span class='ocr_line' id='line_1_53' title="bbox 1937 900 3527 979; baseline 0.013 -30"><span class='ocrx_word' id='word_1_422' title='bbox 1937 904 2028 951; x_wconf 82' lang='lat' dir='ltr'><strong>aut</strong></span> <span class='ocrx_word' id='word_1_423' title='bbox 2056 900 2453 970; x_wconf 75' lang='lat' dir='ltr'><strong>propinquitate</strong></span> <span class='ocrx_word' id='word_1_424' title='bbox 2476 902 2798 973; x_wconf 82' lang='lat' dir='ltr'><strong>junguntur,</strong></span> <span class='ocrx_word' id='word_1_425' title='bbox 2830 907 2922 961; x_wconf 89' lang='lat' dir='ltr'><strong>sed</strong></span> <span class='ocrx_word' id='word_1_426' title='bbox 2955 921 3143 963; x_wconf 90' lang='lat' dir='ltr'><strong>omnes</strong></span> <span class='ocrx_word' id='word_1_427' title='bbox 3174 926 3395 979; x_wconf 79' lang='lat' dir='ltr'><strong>prorsus</strong></span> <span class='ocrx_word' id='word_1_428' title='bbox 3427 914 3527 970; x_wconf 86' lang='lat' dir='ltr'><strong>lto-</strong></span> 
     </span>
    </p>
   </div>
   <div class='ocr_carea' id='block_1_54' title="bbox 1936 988 3528 1070">
    <p class='ocr_par' dir='ltr' id='par_1_54' title="bbox 1936 988 3528 1070">
     <span class='ocr_line' id='line_1_54' title="bbox 1936 988 3528 1070; baseline 0.013 -29"><span class='ocrx_word' id='word_1_429' title='bbox 1936 988 2131 1057; x_wconf 85' lang='lat' dir='ltr'><strong>mines,</strong></span> <span class='ocrx_word' id='word_1_430' title='bbox 2154 1004 2276 1045; x_wconf 86' lang='lat' dir='ltr'><strong>cum</strong></span> <span class='ocrx_word' id='word_1_431' title='bbox 2302 991 2495 1060; x_wconf 85' lang='lat' dir='ltr'><strong>quibus</strong></span> <span class='ocrx_word' id='word_1_432' title='bbox 2520 995 2677 1049; x_wconf 88' lang='lat' dir='ltr'><strong>nobis</strong></span> <span class='ocrx_word' id='word_1_433' title='bbox 2703 994 2716 1032; x_wconf 76' lang='grc' dir='ltr'>ί</span> <span class='ocrx_word' id='word_1_434' title='bbox 2748 1006 2934 1052; x_wconf 88' lang='lat' dir='ltr'><strong>natura</strong></span> <span class='ocrx_word' id='word_1_435' title='bbox 2958 1004 3260 1057; x_wconf 87' lang='lat' dir='ltr'><strong>communis</strong></span> <span class='ocrx_word' id='word_1_436' title='bbox 3282 1014 3388 1070; x_wconf 85' lang='lat' dir='ltr'><strong>est,</strong></span> <span class='ocrx_word' id='word_1_437' title='bbox 3411 1007 3528 1061; x_wconf 87' lang='lat' dir='ltr'><strong>sive</strong></span> 
     </span>
    </p>
   </div>
   <div class='ocr_carea' id='block_1_55' title="bbox 1937 1078 3543 1161">
    <p class='ocr_par' dir='ltr' id='par_1_55' title="bbox 1937 1078 3543 1161">
     <span class='ocr_line' id='line_1_55' title="bbox 1937 1078 3543 1161; baseline 0.014 -29"><span class='ocrx_word' id='word_1_438' title='bbox 1937 1078 2015 1133; x_wconf 87' lang='lat' dir='ltr'><strong>illi</strong></span> <span class='ocrx_word' id='word_1_439' title='bbox 2042 1082 2222 1135; x_wconf 87' lang='lat' dir='ltr'><strong>hostes</strong></span> <span class='ocrx_word' id='word_1_440' title='bbox 2242 1084 2368 1151; x_wconf 89' lang='lat' dir='ltr'><strong>sint,</strong></span> <span class='ocrx_word' id='word_1_441' title='bbox 2386 1084 2501 1139; x_wconf 87' lang='lat' dir='ltr'><strong>sive</strong></span> <span class='ocrx_word' id='word_1_442' title='bbox 2526 1087 2689 1151; x_wconf 86' lang='lat' dir='ltr'><strong>socii;</strong></span> <span class='ocrx_word' id='word_1_443' title='bbox 2722 1089 2834 1144; x_wconf 90' lang='lat' dir='ltr'><strong>sive</strong></span> <span class='ocrx_word' id='word_1_444' title='bbox 2862 1090 3038 1161; x_wconf 83' lang='lat' dir='ltr'><strong>liberi,</strong></span> <span class='ocrx_word' id='word_1_445' title='bbox 3058 1093 3168 1149; x_wconf 79' lang='lat' dir='ltr'><strong>sive</strong></span> <span class='ocrx_word' id='word_1_446' title='bbox 3190 1098 3352 1151; x_wconf 90' lang='lat' dir='ltr'><strong>servi.</strong></span> <span class='ocrx_word' id='word_1_447' title='bbox 3379 1098 3543 1155; x_wconf 48' lang='lat' dir='ltr'><strong>Unus.</strong></span> 
     </span>
    </p>
   </div>
   <div class='ocr_carea' id='block_1_56' title="bbox 1934 1174 3525 1257">
    <p class='ocr_par' dir='ltr' id='par_1_56' title="bbox 1934 1174 3525 1257">
     <span class='ocr_line' id='line_1_56' title="bbox 1934 1174 3525 1257; baseline 0.012 -28"><span class='ocrx_word' id='word_1_448' title='bbox 1934 1174 2079 1229; x_wconf 88' lang='lat' dir='ltr'><strong>enim</strong></span> <span class='ocrx_word' id='word_1_449' title='bbox 2112 1191 2209 1230; x_wconf 91' lang='lat' dir='ltr'><strong>nos</strong></span> <span class='ocrx_word' id='word_1_450' title='bbox 2226 1175 2483 1233; x_wconf 83' lang='lat' dir='ltr'><strong>Conditor</strong></span> <span class='ocrx_word' id='word_1_451' title='bbox 2504 1178 2677 1247; x_wconf 82' lang='lat' dir='ltr'><strong>ﬁnxit,</strong></span> <span class='ocrx_word' id='word_1_452' title='bbox 2715 1198 2849 1236; x_wconf 91' lang='lat' dir='ltr'><strong>unus</strong></span> <span class='ocrx_word' id='word_1_453' title='bbox 2883 1198 2982 1238; x_wconf 92' lang='lat' dir='ltr'><strong>nos</strong></span> <span class='ocrx_word' id='word_1_454' title='bbox 3004 1186 3225 1243; x_wconf 89' lang='lat' dir='ltr'><strong>Creator</strong></span> <span class='ocrx_word' id='word_1_455' title='bbox 3245 1191 3525 1257; x_wconf 88' lang='lat' dir='ltr'><strong>animavit;</strong></span> 
     </span>
    </p>
   </div>
   <div class='ocr_carea' id='block_1_57' title="bbox 1932 1270 3527 1343">
    <p class='ocr_par' dir='ltr' id='par_1_57' title="bbox 1932 1270 3527 1343">
     <span class='ocr_line' id='line_1_57' title="bbox 1932 1270 3527 1343; baseline 0.011 -20"><span class='ocrx_word' id='word_1_456' title='bbox 1932 1270 2121 1323; x_wconf 87' lang='lat' dir='ltr'><strong>eodem</strong></span> <span class='ocrx_word' id='word_1_457' title='bbox 2161 1273 2337 1325; x_wconf 92' lang='lat' dir='ltr'><strong>cuncti</strong></span> <span class='ocrx_word' id='word_1_458' title='bbox 2369 1274 2508 1328; x_wconf 64' lang='lat' dir='ltr'><strong>caelo</strong></span> <span class='ocrx_word' id='word_1_459' title='bbox 2535 1282 2588 1328; x_wconf 91' lang='lat' dir='ltr'><strong>et</strong></span> <span class='ocrx_word' id='word_1_460' title='bbox 2626 1289 2773 1341; x_wconf 90' lang='lat' dir='ltr'><strong>aere,</strong></span> <span class='ocrx_word' id='word_1_461' title='bbox 2804 1275 3037 1331; x_wconf 79' lang='lat' dir='ltr'><strong>iisdemi</strong></span> <span class='ocrx_word' id='word_1_462' title='bbox 3076 1279 3299 1336; x_wconf 75' lang='lat' dir='ltr'><strong>fruimur</strong></span> <span class='ocrx_word' id='word_1_463' title='bbox 3336 1284 3527 1343; x_wconf 66' lang='lat' dir='ltr'><strong>diebus</strong></span> 
     </span>
    </p>
   </div>
   <div class='ocr_carea' id='block_1_58' title="bbox 1931 1364 3528 1442">
    <p class='ocr_par' dir='ltr' id='par_1_58' title="bbox 1931 1364 3528 1442">
     <span class='ocr_line' id='line_1_58' title="bbox 1931 1364 3528 1442; baseline 0.01 -24"><span class='ocrx_word' id='word_1_464' title='bbox 1931 1374 1986 1419; x_wconf 84' lang='lat' dir='ltr'><strong>et</strong></span> <span class='ocrx_word' id='word_1_465' title='bbox 2005 1364 2111 1437; x_wconf 60' lang='grc' dir='ltr'><strong>ἀι</strong></span> <span class='ocrx_word' id='word_1_466' title='bbox 2148 1368 2425 1433; x_wconf 85' lang='lat' dir='ltr'><strong>noctibus;</strong></span> <span class='ocrx_word' id='word_1_467' title='bbox 2454 1384 2685 1437; x_wconf 89' lang='lat' dir='ltr'><strong>cumque</strong></span> <span class='ocrx_word' id='word_1_468' title='bbox 2714 1370 2802 1423; x_wconf 89' lang='lat' dir='ltr'><strong>alii</strong></span> <span class='ocrx_word' id='word_1_469' title='bbox 2831 1372 2941 1426; x_wconf 83' lang='lat' dir='ltr'><strong>sint</strong></span> <span class='ocrx_word' id='word_1_470' title='bbox 2967 1372 3115 1438; x_wconf 91' lang='lat' dir='ltr'><strong>boni,</strong></span> <span class='ocrx_word' id='word_1_471' title='bbox 3139 1375 3227 1429; x_wconf 89' lang='lat' dir='ltr'><strong>alii</strong></span> <span class='ocrx_word' id='word_1_472' title='bbox 3253 1376 3409 1442; x_wconf 87' lang='lat' dir='ltr'><strong>mali;</strong></span> <span class='ocrx_word' id='word_1_473' title='bbox 3432 1379 3528 1435; x_wconf 83' lang='lat' dir='ltr'><strong>alii</strong></span> 
     </span>
    </p>
   </div>
   <div class='ocr_carea' id='block_1_59' title="bbox 1927 1459 3527 1537">
    <p class='ocr_par' dir='ltr' id='par_1_59' title="bbox 1927 1459 3527 1537">
     <span class='ocr_line' id='line_1_59' title="bbox 1927 1459 3527 1537; baseline 0.009 -25"><span class='ocrx_word' id='word_1_474' title='bbox 1927 1461 2083 1530; x_wconf 80' lang='lat' dir='ltr'><strong>justi,</strong></span> <span class='ocrx_word' id='word_1_475' title='bbox 2101 1459 2188 1513; x_wconf 90' lang='lat' dir='ltr'><strong>alii</strong></span> <span class='ocrx_word' id='word_1_476' title='bbox 2214 1460 2429 1530; x_wconf 85' lang='lat' dir='ltr'><strong>injusti;</strong></span> <span class='ocrx_word' id='word_1_477' title='bbox 2452 1461 2595 1517; x_wconf 89' lang='lat' dir='ltr'><strong>Deus</strong></span> <span class='ocrx_word' id='word_1_478' title='bbox 2618 1470 2796 1517; x_wconf 89' lang='lat' dir='ltr'><strong>tamen</strong></span> <span class='ocrx_word' id='word_1_479' title='bbox 2814 1466 3067 1520; x_wconf 86' lang='lat' dir='ltr'><strong>oinnibus</strong></span> <span class='ocrx_word' id='word_1_480' title='bbox 3091 1468 3331 1537; x_wconf 85' lang='lat' dir='ltr'><strong>largitor,</strong></span> <span class='ocrx_word' id='word_1_481' title='bbox 3348 1469 3527 1526; x_wconf 85' lang='lat' dir='ltr'><strong>omni-</strong></span> 
     </span>
    </p>
   </div>
   <div class='ocr_carea' id='block_1_60' title="bbox 1932 1551 3529 1626">
    <p class='ocr_par' dir='ltr' id='par_1_60' title="bbox 1932 1551 3529 1626">
     <span class='ocr_line' id='line_1_60' title="bbox 1932 1551 3529 1626; baseline 0.009 -21"><span class='ocrx_word' id='word_1_482' title='bbox 1932 1551 2031 1607; x_wconf 84' lang='lat' dir='ltr'><strong>bus</strong></span> <span class='ocrx_word' id='word_1_483' title='bbox 2061 1564 2137 1607; x_wconf 91' lang='lat' dir='ltr'><strong>est</strong></span> <span class='ocrx_word' id='word_1_484' title='bbox 2164 1553 2449 1621; x_wconf 79' lang='lat' dir='ltr'><strong>benignus,</strong></span> <span class='ocrx_word' id='word_1_485' title='bbox 2483 1558 2619 1610; x_wconf 88' lang='lat' dir='ltr'><strong>sicut</strong></span> <span class='ocrx_word' id='word_1_486' title='bbox 2642 1555 2927 1626; x_wconf 87' lang='lat' dir='ltr'><strong>Lycaoniis</strong></span> <span class='ocrx_word' id='word_1_487' title='bbox 2954 1574 2981 1611; x_wconf 86' lang='lat' dir='ltr'><strong>a</strong></span> <span class='ocrx_word' id='word_1_488' title='bbox 3012 1558 3176 1613; x_wconf 87' lang='lat' dir='ltr'><strong>Paulo</strong></span> <span class='ocrx_word' id='word_1_489' title='bbox 3200 1573 3248 1616; x_wconf 90' lang='lat' dir='ltr'><strong>et</strong></span> <span class='ocrx_word' id='word_1_490' title='bbox 3285 1562 3529 1619; x_wconf 83' lang='lat' dir='ltr'><strong>Barnaba</strong></span> 
     </span>
    </p>
   </div>
   <div class='ocr_carea' id='block_1_61' title="bbox 1931 1644 3530 1722">
    <p class='ocr_par' dir='ltr' id='par_1_61' title="bbox 1931 1644 3530 1722">
     <span class='ocr_line' id='line_1_61' title="bbox 1931 1644 3530 1722; baseline 0.008 -25"><span class='ocrx_word' id='word_1_491' title='bbox 1931 1646 2188 1713; x_wconf 88' lang='lat' dir='ltr'><strong>apostolis</strong></span> <span class='ocrx_word' id='word_1_492' title='bbox 2211 1644 2408 1701; x_wconf 89' lang='lat' dir='ltr'><strong>dicitur</strong></span> <span class='ocrx_word' id='word_1_493' title='bbox 2432 1647 2500 1701; x_wconf 90' lang='lat' dir='ltr'><strong>de</strong></span> <span class='ocrx_word' id='word_1_494' title='bbox 2521 1646 2854 1717; x_wconf 89' lang='lat' dir='ltr'><strong>providentia</strong></span> <span class='ocrx_word' id='word_1_495' title='bbox 2880 1650 2978 1704; x_wconf 92' lang='lat' dir='ltr'><strong>Dei</strong></span> <span class='ocrx_word' id='word_1_496' title='bbox 3005 1668 3016 1703; x_wconf 90' lang='lat'>:</span> <span class='ocrx_word' id='word_1_497' title='bbox 3046 1650 3146 1716; x_wconf 80' lang='lat' dir='ltr'><strong>Qui</strong></span> <span class='ocrx_word' id='word_1_498' title='bbox 3173 1652 3225 1706; x_wconf 91' lang='lat' dir='ltr'><strong>in</strong></span> <span class='ocrx_word' id='word_1_499' title='bbox 3254 1656 3530 1722; x_wconf 79' lang='lat' dir='ltr'><strong>prteteritis</strong></span> 
     </span>
    </p>
   </div>
   <div class='ocr_carea' id='block_1_62' title="bbox 1931 1740 3527 1813">
    <p class='ocr_par' dir='ltr' id='par_1_62' title="bbox 1931 1740 3527 1813">
     <span class='ocr_line' id='line_1_62' title="bbox 1931 1740 3527 1813; baseline 0.008 -22"><span class='ocrx_word' id='word_1_500' title='bbox 1931 1740 2339 1809; x_wconf 73' lang='lat' dir='ltr'><strong>generationibus</strong></span> <span class='ocrx_word' id='word_1_501' title='bbox 2368 1741 2563 1794; x_wconf 84' lang='lat' dir='ltr'><strong>dimisit</strong></span> <span class='ocrx_word' id='word_1_502' title='bbox 2589 1757 2763 1796; x_wconf 85' lang='lat' dir='ltr'><strong>omnes</strong></span> <span class='ocrx_word' id='word_1_503' title='bbox 2794 1752 2965 1812; x_wconf 78' lang='lat' dir='ltr'><strong>gentes</strong></span> <span class='ocrx_word' id='word_1_504' title='bbox 2993 1743 3193 1813; x_wconf 85' lang='lat' dir='ltr'><strong>ingredi</strong></span> <span class='ocrx_word' id='word_1_505' title='bbox 3239 1748 3344 1800; x_wconf 84' lang='lat' dir='ltr'><strong>uias</strong></span> <span class='ocrx_word' id='word_1_506' title='bbox 3379 1764 3527 1804; x_wconf 86' lang='lat' dir='ltr'><strong>suas.</strong></span> 
     </span>
    </p>
   </div>
   <div class='ocr_carea' id='block_1_63' title="bbox 1860 1830 3531 1908">
    <p class='ocr_par' dir='ltr' id='par_1_63' title="bbox 1860 1830 3531 1908">
     <span class='ocr_line' id='line_1_63' title="bbox 1860 1830 3531 1908; baseline 0.006 -25"><span class='ocrx_word' id='word_1_507' title='bbox 1860 1836 1905 1897; x_wconf 79' lang='grc' dir='ltr'><strong>Β</strong></span> <span class='ocrx_word' id='word_1_508' title='bbox 1936 1830 1960 1869; x_wconf 82' lang='grc' dir='ltr'><strong>¹ι</strong></span> <span class='ocrx_word' id='word_1_509' title='bbox 1993 1830 2062 1885; x_wconf 87' lang='lat' dir='ltr'><strong>Et</strong></span> <span class='ocrx_word' id='word_1_510' title='bbox 2090 1831 2296 1901; x_wconf 85' lang='lat' dir='ltr'><strong>quidem</strong></span> <span class='ocrx_word' id='word_1_511' title='bbox 2329 1849 2433 1886; x_wconf 88' lang='lat' dir='ltr'><strong>non</strong></span> <span class='ocrx_word' id='word_1_512' title='bbox 2469 1833 2579 1886; x_wconf 88' lang='lat' dir='ltr'><strong>sine</strong></span> <span class='ocrx_word' id='word_1_513' title='bbox 2626 1835 2915 1888; x_wconf 88' lang='lat' dir='ltr'><strong>testimonio</strong></span> <span class='ocrx_word' id='word_1_514' title='bbox 2954 1838 3281 1907; x_wconf 85' lang='lat' dir='ltr'><strong>semetipsum</strong></span> <span class='ocrx_word' id='word_1_515' title='bbox 3322 1839 3531 1908; x_wconf 80' lang='lat' dir='ltr'><strong>reliquit</strong></span> 
     </span>
    </p>
   </div>
   <div class='ocr_carea' id='block_1_64' title="bbox 1931 1926 3532 2004">
    <p class='ocr_par' dir='ltr' id='par_1_64' title="bbox 1931 1926 3532 2004">
     <span class='ocr_line' id='line_1_64' title="bbox 1931 1926 3532 2004; baseline 0.006 -23"><span class='ocrx_word' id='word_1_516' title='bbox 1931 1926 2247 1995; x_wconf 81' lang='lat' dir='ltr'><strong>benefaciens</strong></span> <span class='ocrx_word' id='word_1_517' title='bbox 2269 1928 2361 1992; x_wconf 89' lang='lat' dir='ltr'><strong>eis,</strong></span> <span class='ocrx_word' id='word_1_518' title='bbox 2387 1926 2451 1981; x_wconf 89' lang='lat' dir='ltr'><strong>de</strong></span> <span class='ocrx_word' id='word_1_519' title='bbox 2472 1928 2593 1983; x_wconf 70' lang='lat' dir='ltr'><strong>caelo</strong></span> <span class='ocrx_word' id='word_1_520' title='bbox 2624 1927 2755 1981; x_wconf 87' lang='lat' dir='ltr'><strong>dans</strong></span> <span class='ocrx_word' id='word_1_521' title='bbox 2775 1927 2999 2001; x_wconf 87' lang='lat' dir='ltr'><strong>pluviam</strong></span> <span class='ocrx_word' id='word_1_522' title='bbox 3028 1942 3074 1985; x_wconf 89' lang='lat' dir='ltr'><strong>et</strong></span> <span class='ocrx_word' id='word_1_523' title='bbox 3092 1941 3322 2000; x_wconf 72' lang='lat' dir='ltr'><strong>tempora</strong></span> <span class='ocrx_word' id='word_1_524' title='bbox 3344 1936 3532 2004; x_wconf 78' lang='lat' dir='ltr'><strong>fructi-</strong></span> 
     </span>
    </p>
   </div>
   <div class='ocr_carea' id='block_1_65' title="bbox 1930 2016 3526 2095">
    <p class='ocr_par' dir='ltr' id='par_1_65' title="bbox 1930 2016 3526 2095">
     <span class='ocr_line' id='line_1_65' title="bbox 1930 2016 3526 2095; baseline 0.008 -23"><span class='ocrx_word' id='word_1_525' title='bbox 1930 2022 2065 2090; x_wconf 69' lang='lat' dir='ltr'><strong>fera,</strong></span> <span class='ocrx_word' id='word_1_526' title='bbox 2094 2030 2142 2072; x_wconf 89' lang='lat' dir='ltr'><strong>et</strong></span> <span class='ocrx_word' id='word_1_527' title='bbox 2171 2019 2387 2089; x_wconf 86' lang='lat' dir='ltr'><strong>implens</strong></span> <span class='ocrx_word' id='word_1_528' title='bbox 2408 2020 2519 2072; x_wconf 91' lang='lat' dir='ltr'><strong>cibo</strong></span> <span class='ocrx_word' id='word_1_529' title='bbox 2545 2016 2565 2057; x_wconf 78' lang='grc' dir='ltr'>Ι</span> <span class='ocrx_word' id='word_1_530' title='bbox 2597 2028 2643 2073; x_wconf 90' lang='lat' dir='ltr'><strong>et</strong></span> <span class='ocrx_word' id='word_1_531' title='bbox 2672 2020 2851 2074; x_wconf 63' lang='lat' dir='ltr'><strong>laetitia</strong></span> <span class='ocrx_word' id='word_1_532' title='bbox 2872 2022 3031 2075; x_wconf 91' lang='lat' dir='ltr'><strong>corda</strong></span> <span class='ocrx_word' id='word_1_533' title='bbox 3054 2032 3230 2078; x_wconf 90' lang='lat' dir='ltr'><strong>nostra</strong></span> <span class='ocrx_word' id='word_1_534' title='bbox 3256 2024 3393 2095; x_wconf 79' lang='lat' dir='ltr'><strong>(Act.</strong></span> <span class='ocrx_word' id='word_1_535' title='bbox 3414 2042 3526 2087; x_wconf 76' lang='lat' dir='ltr'><strong>xtv.</strong></span> 
     </span>
    </p>
   </div>
   <div class='ocr_carea' id='block_1_66' title="bbox 1936 2108 3529 2185">
    <p class='ocr_par' dir='ltr' id='par_1_66' title="bbox 1936 2108 3529 2185">
     <span class='ocr_line' id='line_1_66' title="bbox 1936 2108 3529 2185; baseline 0.008 -23"><span class='ocrx_word' id='word_1_536' title='bbox 1936 2109 2026 2175; x_wconf 82' lang='grc'><strong>15,</strong></span> <span class='ocrx_word' id='word_1_537' title='bbox 2052 2108 2163 2180; x_wconf 86' lang='grc'>16).</span> <span class='ocrx_word' id='word_1_538' title='bbox 2198 2109 2360 2163; x_wconf 90' lang='lat' dir='ltr'><strong>Dedit</strong></span> <span class='ocrx_word' id='word_1_539' title='bbox 2382 2118 2559 2165; x_wconf 87' lang='lat' dir='ltr'><strong>autem</strong></span> <span class='ocrx_word' id='word_1_540' title='bbox 2586 2110 2741 2166; x_wconf 87' lang='lat' dir='ltr'><strong>nobis</strong></span> <span class='ocrx_word' id='word_1_541' title='bbox 2763 2111 2995 2180; x_wconf 88' lang='lat' dir='ltr'><strong>majores</strong></span> <span class='ocrx_word' id='word_1_542' title='bbox 3021 2112 3274 2185; x_wconf 89' lang='lat' dir='ltr'><strong>diligendi</strong></span> <span class='ocrx_word' id='word_1_543' title='bbox 3296 2117 3529 2185; x_wconf 81' lang='lat' dir='ltr'><strong>proximi</strong></span> 
     </span>
    </p>
   </div>
   <div class='ocr_carea' id='block_1_67' title="bbox 1930 2198 3527 2278">
    <p class='ocr_par' dir='ltr' id='par_1_67' title="bbox 1930 2198 3527 2278">
     <span class='ocr_line' id='line_1_67' title="bbox 1930 2198 3527 2278; baseline 0.007 -23"><span class='ocrx_word' id='word_1_544' title='bbox 1930 2215 2121 2255; x_wconf 84' lang='lat' dir='ltr'><strong>causas</strong></span> <span class='ocrx_word' id='word_1_545' title='bbox 2151 2198 2473 2255; x_wconf 78' lang='lat' dir='ltr'><strong>Christiante</strong></span> <span class='ocrx_word' id='word_1_546' title='bbox 2504 2202 2687 2272; x_wconf 75' lang='lat' dir='ltr'><strong>gratim</strong></span> <span class='ocrx_word' id='word_1_547' title='bbox 2713 2204 2959 2271; x_wconf 91' lang='lat' dir='ltr'><strong>latitudo,</strong></span> <span class='ocrx_word' id='word_1_548' title='bbox 2983 2220 3103 2276; x_wconf 85' lang='lat' dir='ltr'><strong>quae</strong></span> <span class='ocrx_word' id='word_1_549' title='bbox 3125 2222 3183 2263; x_wconf 90' lang='lat' dir='ltr'><strong>se</strong></span> <span class='ocrx_word' id='word_1_550' title='bbox 3214 2222 3309 2278; x_wconf 89' lang='lat' dir='ltr'><strong>per</strong></span> <span class='ocrx_word' id='word_1_551' title='bbox 3335 2223 3527 2267; x_wconf 88' lang='lat' dir='ltr'><strong>omnes</strong></span> 
     </span>
    </p>
   </div>
   <div class='ocr_carea' id='block_1_68' title="bbox 1930 2296 3528 2375">
    <p class='ocr_par' dir='ltr' id='par_1_68' title="bbox 1930 2296 3528 2375">
     <span class='ocr_line' id='line_1_68' title="bbox 1930 2296 3528 2375; baseline 0.008 -27"><span class='ocrx_word' id='word_1_552' title='bbox 1930 2306 2111 2365; x_wconf 89' lang='lat' dir='ltr'><strong>partes</strong></span> <span class='ocrx_word' id='word_1_553' title='bbox 2130 2297 2290 2351; x_wconf 91' lang='lat' dir='ltr'><strong>totius</strong></span> <span class='ocrx_word' id='word_1_554' title='bbox 2315 2296 2461 2351; x_wconf 90' lang='lat' dir='ltr'><strong>orbis</strong></span> <span class='ocrx_word' id='word_1_555' title='bbox 2487 2296 2863 2365; x_wconf 75' lang='lat' dir='ltr'><strong>extendens,In</strong></span> <span class='ocrx_word' id='word_1_556' title='bbox 2884 2298 3013 2354; x_wconf 90' lang='lat' dir='ltr'><strong>dum</strong></span> <span class='ocrx_word' id='word_1_557' title='bbox 3039 2303 3310 2357; x_wconf 90' lang='lat' dir='ltr'><strong>neminem</strong></span> <span class='ocrx_word' id='word_1_558' title='bbox 3335 2304 3528 2375; x_wconf 56' lang='lat' dir='ltr'><strong>despe-</strong></span> 
     </span>
    </p>
   </div>
   <div class='ocr_carea' id='block_1_69' title="bbox 1932 2389 3525 2462">
    <p class='ocr_par' dir='ltr' id='par_1_69' title="bbox 1932 2389 3525 2462">
     <span class='ocr_line' id='line_1_69' title="bbox 1932 2389 3525 2462; baseline 0.008 -19"><span class='ocrx_word' id='word_1_559' title='bbox 1932 2398 2064 2453; x_wconf 87' lang='lat' dir='ltr'><strong>ctat,</strong></span> <span class='ocrx_word' id='word_1_560' title='bbox 2095 2389 2253 2444; x_wconf 90' lang='lat' dir='ltr'><strong>docet</strong></span> <span class='ocrx_word' id='word_1_561' title='bbox 2284 2390 2554 2445; x_wconf 89' lang='lat' dir='ltr'><strong>neminem</strong></span> <span class='ocrx_word' id='word_1_562' title='bbox 2600 2390 3002 2462; x_wconf 85' lang='lat' dir='ltr'><strong>negligendum.</strong></span> <span class='ocrx_word' id='word_1_563' title='bbox 3036 2395 3102 2450; x_wconf 86' lang='lat' dir='ltr'><strong>Et</strong></span> <span class='ocrx_word' id='word_1_564' title='bbox 3132 2398 3328 2452; x_wconf 90' lang='lat' dir='ltr'><strong>merito</strong></span> <span class='ocrx_word' id='word_1_565' title='bbox 3358 2400 3525 2455; x_wconf 86' lang='lat' dir='ltr'><strong>etiam</strong></span> 
     </span>
    </p>
   </div>
   <div class='ocr_carea' id='block_1_70' title="bbox 1932 2480 3528 2562">
    <p class='ocr_par' dir='ltr' id='par_1_70' title="bbox 1932 2480 3528 2562">
     <span class='ocr_line' id='line_1_70' title="bbox 1932 2480 3528 2562; baseline 0.008 -28"><span class='ocrx_word' id='word_1_566' title='bbox 1932 2480 2179 2535; x_wconf 90' lang='lat' dir='ltr'><strong>inimicos</strong></span> <span class='ocrx_word' id='word_1_567' title='bbox 2224 2482 2392 2546; x_wconf 76' lang='lat' dir='ltr'><strong>diligi,</strong></span> <span class='ocrx_word' id='word_1_568' title='bbox 2437 2492 2490 2537; x_wconf 92' lang='lat' dir='ltr'><strong>et</strong></span> <span class='ocrx_word' id='word_1_569' title='bbox 2524 2497 2620 2551; x_wconf 91' lang='lat' dir='ltr'><strong>pro</strong></span> <span class='ocrx_word' id='word_1_570' title='bbox 2671 2486 3110 2552; x_wconf 85' lang='lat' dir='ltr'><strong>persecutoribus</strong></span> <span class='ocrx_word' id='word_1_571' title='bbox 3150 2489 3250 2544; x_wconf 88' lang='lat' dir='ltr'><strong>sibi</strong></span> <span class='ocrx_word' id='word_1_572' title='bbox 3281 2492 3528 2562; x_wconf 66' lang='lat' dir='ltr'><strong>praecipit</strong></span> 
     </span>
    </p>
   </div>
   <div class='ocr_carea' id='block_1_71' title="bbox 1931 2572 3527 2651">
    <p class='ocr_par' dir='ltr' id='par_1_71' title="bbox 1931 2572 3527 2651">
     <span class='ocr_line' id='line_1_71' title="bbox 1931 2572 3527 2651; baseline 0.006 -23"><span class='ocrx_word' id='word_1_573' title='bbox 1931 2574 2221 2643; x_wconf 86' lang='lat' dir='ltr'><strong>siipplicari</strong></span> <span class='ocrx_word' id='word_1_574' title='bbox 2258 2572 2473 2641; x_wconf 76' lang='lat' dir='ltr'><strong>(Matth.</strong></span> <span class='ocrx_word' id='word_1_575' title='bbox 2506 2590 2557 2639; x_wconf 88' lang='lat' dir='ltr'><strong>v,</strong></span> <span class='ocrx_word' id='word_1_576' title='bbox 2599 2574 2718 2644; x_wconf 70' lang='grc'><strong>44),</strong></span> <span class='ocrx_word' id='word_1_577' title='bbox 2752 2577 2845 2647; x_wconf 92' lang='lat' dir='ltr'><strong>qui</strong></span> <span class='ocrx_word' id='word_1_578' title='bbox 2890 2592 2957 2633; x_wconf 82' lang='lat' dir='ltr'><strong>ex</strong></span> <span class='ocrx_word' id='word_1_579' title='bbox 3001 2579 3249 2635; x_wconf 90' lang='lat' dir='ltr'><strong>omnibus</strong></span> <span class='ocrx_word' id='word_1_580' title='bbox 3288 2583 3527 2651; x_wconf 86' lang='lat' dir='ltr'><strong>quotidie</strong></span> 
     </span>
    </p>
   </div>
   <div class='ocr_carea' id='block_1_72' title="bbox 1930 2668 3527 2742">
    <p class='ocr_par' dir='ltr' id='par_1_72' title="bbox 1930 2668 3527 2742">
     <span class='ocr_line' id='line_1_72' title="bbox 1930 2668 3527 2742; baseline 0.007 -21"><span class='ocrx_word' id='word_1_581' title='bbox 1930 2668 2201 2737; x_wconf 86' lang='lat' dir='ltr'><strong>gentibus,</strong></span> <span class='ocrx_word' id='word_1_582' title='bbox 2227 2677 2254 2705; x_wconf 80' lang='grc' dir='ltr'><strong>ιι</strong></span> <span class='ocrx_word' id='word_1_583' title='bbox 2292 2669 2461 2724; x_wconf 86' lang='lat' dir='ltr'><strong>sacris</strong></span> <span class='ocrx_word' id='word_1_584' title='bbox 2488 2668 2647 2724; x_wconf 71' lang='lat' dir='ltr'><strong>olivae</strong></span> <span class='ocrx_word' id='word_1_585' title='bbox 2679 2685 2791 2725; x_wconf 69' lang='lat' dir='ltr'><strong>sua:</strong></span> <span class='ocrx_word' id='word_1_586' title='bbox 2821 2673 2985 2726; x_wconf 91' lang='lat' dir='ltr'><strong>ramis</strong></span> <span class='ocrx_word' id='word_1_587' title='bbox 3012 2688 3231 2742; x_wconf 90' lang='lat' dir='ltr'><strong>germen</strong></span> <span class='ocrx_word' id='word_1_588' title='bbox 3276 2674 3527 2733; x_wconf 86' lang='lat' dir='ltr'><strong>inserens</strong></span> 
     </span>
    </p>
   </div>
   <div class='ocr_carea' id='block_1_73' title="bbox 1932 2759 3527 2833">
    <p class='ocr_par' dir='ltr' id='par_1_73' title="bbox 1932 2759 3527 2833">
     <span class='ocr_line' id='line_1_73' title="bbox 1932 2759 3527 2833; baseline 0.006 -19"><span class='ocrx_word' id='word_1_589' title='bbox 1932 2759 2154 2815; x_wconf 88' lang='lat' dir='ltr'><strong>oleastri</strong></span> <span class='ocrx_word' id='word_1_590' title='bbox 2179 2760 2358 2827; x_wconf 82' lang='lat' dir='ltr'><strong>(Rom.</strong></span> <span class='ocrx_word' id='word_1_591' title='bbox 2394 2776 2474 2827; x_wconf 81' lang='lat' dir='ltr'><strong>xi,</strong></span> <span class='ocrx_word' id='word_1_592' title='bbox 2508 2762 2623 2832; x_wconf 82' lang='lat' dir='ltr'><strong>l7),</strong></span> <span class='ocrx_word' id='word_1_593' title='bbox 2654 2762 2722 2816; x_wconf 92' lang='lat' dir='ltr'><strong>de</strong></span> <span class='ocrx_word' id='word_1_594' title='bbox 2756 2761 2988 2817; x_wconf 86' lang='lat' dir='ltr'><strong>inimicis</strong></span> <span class='ocrx_word' id='word_1_595' title='bbox 3026 2764 3424 2833; x_wconf 86' lang='lat' dir='ltr'><strong>reconciliatos,</strong></span> <span class='ocrx_word' id='word_1_596' title='bbox 3455 2766 3527 2823; x_wconf 88' lang='lat' dir='ltr'><strong>de</strong></span> 
     </span>
    </p>
   </div>
   <div class='ocr_carea' id='block_1_74' title="bbox 1931 2854 3527 2934">
    <p class='ocr_par' dir='ltr' id='par_1_74' title="bbox 1931 2854 3527 2934">
     <span class='ocr_line' id='line_1_74' title="bbox 1931 2854 3527 2934; baseline 0.005 -27"><span class='ocrx_word' id='word_1_597' title='bbox 1931 2855 2125 2908; x_wconf 90' lang='lat' dir='ltr'><strong>alienis</strong></span> <span class='ocrx_word' id='word_1_598' title='bbox 2152 2854 2453 2921; x_wconf 88' lang='lat' dir='ltr'><strong>adoptivos,</strong></span> <span class='ocrx_word' id='word_1_599' title='bbox 2475 2854 2543 2909; x_wconf 93' lang='lat' dir='ltr'><strong>de</strong></span> <span class='ocrx_word' id='word_1_600' title='bbox 2570 2855 2747 2924; x_wconf 89' lang='lat' dir='ltr'><strong>impiis</strong></span> <span class='ocrx_word' id='word_1_601' title='bbox 2774 2854 2899 2910; x_wconf 80' lang='lat' dir='ltr'><strong>facit</strong></span> <span class='ocrx_word' id='word_1_602' title='bbox 2916 2856 3119 2926; x_wconf 85' lang='lat' dir='ltr'><strong>justos;</strong></span> <span class='ocrx_word' id='word_1_603' title='bbox 3142 2868 3197 2912; x_wconf 90' lang='lat' dir='ltr'><strong>ut</strong></span> <span class='ocrx_word' id='word_1_604' title='bbox 3222 2876 3372 2915; x_wconf 89' lang='lat' dir='ltr'><strong>omne</strong></span> <span class='ocrx_word' id='word_1_605' title='bbox 3391 2878 3527 2934; x_wconf 84' lang='lat' dir='ltr'><strong>genu</strong></span> 
     </span>
    </p>
   </div>
   <div class='ocr_carea' id='block_1_75' title="bbox 1931 2947 3528 3021">
    <p class='ocr_par' dir='ltr' id='par_1_75' title="bbox 1931 2947 3528 3021">
     <span class='ocr_line' id='line_1_75' title="bbox 1931 2947 3528 3021; baseline 0.008 -24"><span class='ocrx_word' id='word_1_606' title='bbox 1931 2948 2189 3016; x_wconf 70' lang='lat' dir='ltr'><strong>flectatur,</strong></span> <span class='ocrx_word' id='word_1_607' title='bbox 2223 2947 2521 3011; x_wconf 70' lang='lat' dir='ltr'><strong>caelestium,</strong></span> <span class='ocrx_word' id='word_1_608' title='bbox 2546 2948 2878 3017; x_wconf 83' lang='lat' dir='ltr'><strong>terrestrium,</strong></span> <span class='ocrx_word' id='word_1_609' title='bbox 2905 2958 2954 3002; x_wconf 91' lang='lat' dir='ltr'><strong>et</strong></span> <span class='ocrx_word' id='word_1_610' title='bbox 2972 2950 3330 3021; x_wconf 78' lang='lat' dir='ltr'><strong>infernarum:</strong></span> <span class='ocrx_word' id='word_1_611' title='bbox 3352 2963 3400 3008; x_wconf 91' lang='lat' dir='ltr'><strong>et</strong></span> <span class='ocrx_word' id='word_1_612' title='bbox 3416 2970 3528 3009; x_wconf 87' lang='lat' dir='ltr'><strong>om-</strong></span> 
     </span>
    </p>
   </div>
   <div class='ocr_carea' id='block_1_76' title="bbox 1933 3037 3525 3111">
    <p class='ocr_par' dir='ltr' id='par_1_76' title="bbox 1933 3037 3525 3111">
     <span class='ocr_line' id='line_1_76' title="bbox 1933 3037 3525 3111; baseline 0.006 -18"><span class='ocrx_word' id='word_1_613' title='bbox 1933 3040 2012 3093; x_wconf 91' lang='lat' dir='ltr'><strong>nis</strong></span> <span class='ocrx_word' id='word_1_614' title='bbox 2033 3037 2214 3111; x_wconf 86' lang='lat' dir='ltr'><strong>lingua</strong></span> <span class='ocrx_word' id='word_1_615' title='bbox 2245 3039 2570 3106; x_wconf 83' lang='lat' dir='ltr'><strong>conﬁteatur,</strong></span> <span class='ocrx_word' id='word_1_616' title='bbox 2594 3041 2718 3110; x_wconf 82' lang='lat' dir='ltr'><strong>quia</strong></span> <span class='ocrx_word' id='word_1_617' title='bbox 2750 3039 2999 3096; x_wconf 89' lang='lat' dir='ltr'><strong>Dominus</strong></span> <span class='ocrx_word' id='word_1_618' title='bbox 3028 3041 3183 3098; x_wconf 77' lang='lat' dir='ltr'><strong>Iesus</strong></span> <span class='ocrx_word' id='word_1_619' title='bbox 3203 3042 3438 3102; x_wconf 82' lang='lat' dir='ltr'><strong>Christus</strong></span> <span class='ocrx_word' id='word_1_620' title='bbox 3466 3047 3525 3102; x_wconf 89' lang='lat' dir='ltr'><strong>in</strong></span> 
     </span>
    </p>
   </div>
   <div class='ocr_carea' id='block_1_77' title="bbox 1933 3130 3021 3204">
    <p class='ocr_par' dir='ltr' id='par_1_77' title="bbox 1933 3130 3021 3204">
     <span class='ocr_line' id='line_1_77' title="bbox 1933 3130 3021 3204; baseline 0.002 -19"><span class='ocrx_word' id='word_1_621' title='bbox 1933 3132 2101 3203; x_wconf 85' lang='lat' dir='ltr'><strong>gloria</strong></span> <span class='ocrx_word' id='word_1_622' title='bbox 2128 3142 2198 3186; x_wconf 85' lang='lat' dir='ltr'><strong>est</strong></span> <span class='ocrx_word' id='word_1_623' title='bbox 2229 3131 2323 3185; x_wconf 83' lang='lat' dir='ltr'><strong>Dei</strong></span> <span class='ocrx_word' id='word_1_624' title='bbox 2350 3130 2529 3186; x_wconf 88' lang='lat' dir='ltr'><strong>Patris</strong></span> <span class='ocrx_word' id='word_1_625' title='bbox 2560 3130 2787 3204; x_wconf 75' lang='lat' dir='ltr'><strong>(Philip.</strong></span> <span class='ocrx_word' id='word_1_626' title='bbox 2820 3148 2879 3197; x_wconf 83' lang='lat' dir='ltr'><strong>tt,</strong></span> <span class='ocrx_word' id='word_1_627' title='bbox 2910 3133 3021 3204; x_wconf 73' lang='grc'>10).</span> 
     </span>
    </p>
   </div>
   <div class='ocr_carea' id='block_1_78' title="bbox 1853 3217 3522 3301">
    <p class='ocr_par' dir='ltr' id='par_1_78' title="bbox 1853 3217 3522 3301">
     <span class='ocr_line' id='line_1_78' title="bbox 1853 3217 3522 3301; baseline 0.004 -21"><span class='ocrx_word' id='word_1_628' title='bbox 1853 3217 1900 3280; x_wconf 88' lang='lat' dir='ltr'><strong><em>C</em></strong></span> <span class='ocrx_word' id='word_1_629' title='bbox 2004 3223 2135 3280; x_wconf 67' lang='lat' dir='ltr'><strong>Car.</strong></span> <span class='ocrx_word' id='word_1_630' title='bbox 2170 3222 2259 3282; x_wconf 84' lang='lat' dir='ltr'><strong>Ill.</strong></span> <span class='ocrx_word' id='word_1_631' title='bbox 2293 3254 2361 3264; x_wconf 96' lang='lat'><strong>—</strong></span> <span class='ocrx_word' id='word_1_632' title='bbox 2382 3222 2517 3279; x_wconf 87' lang='lat' dir='ltr'><strong>Cum</strong></span> <span class='ocrx_word' id='word_1_633' title='bbox 2545 3239 2676 3295; x_wconf 86' lang='lat' dir='ltr'><strong>ergo</strong></span> <span class='ocrx_word' id='word_1_634' title='bbox 2724 3225 2865 3280; x_wconf 87' lang='lat' dir='ltr'><strong>Deus</strong></span> <span class='ocrx_word' id='word_1_635' title='bbox 2903 3225 3076 3282; x_wconf 85' lang='lat' dir='ltr'><strong>bonos</strong></span> <span class='ocrx_word' id='word_1_636' title='bbox 3105 3242 3205 3284; x_wconf 83' lang='lat' dir='ltr'><strong>nos</strong></span> <span class='ocrx_word' id='word_1_637' title='bbox 3225 3243 3348 3285; x_wconf 87' lang='lat' dir='ltr'><strong>esse</strong></span> <span class='ocrx_word' id='word_1_638' title='bbox 3373 3230 3522 3301; x_wconf 90' lang='lat' dir='ltr'><strong>velit,</strong></span> 
     </span>
    </p>
   </div>
   <div class='ocr_carea' id='block_1_79' title="bbox 1931 3316 3525 3392">
    <p class='ocr_par' dir='ltr' id='par_1_79' title="bbox 1931 3316 3525 3392">
     <span class='ocr_line' id='line_1_79' title="bbox 1931 3316 3525 3392; baseline 0.006 -21"><span class='ocrx_word' id='word_1_639' title='bbox 1931 3318 2053 3389; x_wconf 82' lang='lat' dir='ltr'><strong>quia</strong></span> <span class='ocrx_word' id='word_1_640' title='bbox 2085 3318 2256 3373; x_wconf 92' lang='lat' dir='ltr'><strong>bonus</strong></span> <span class='ocrx_word' id='word_1_641' title='bbox 2275 3325 2381 3384; x_wconf 89' lang='lat' dir='ltr'><strong>est,</strong></span> <span class='ocrx_word' id='word_1_642' title='bbox 2413 3316 2549 3373; x_wconf 85' lang='lat' dir='ltr'><strong>nihil</strong></span> <span class='ocrx_word' id='word_1_643' title='bbox 2580 3317 2737 3374; x_wconf 88' lang='lat' dir='ltr'><strong>nobis</strong></span> <span class='ocrx_word' id='word_1_644' title='bbox 2757 3318 2919 3375; x_wconf 89' lang='lat' dir='ltr'><strong>debet</strong></span> <span class='ocrx_word' id='word_1_645' title='bbox 2944 3320 3013 3376; x_wconf 89' lang='lat' dir='ltr'><strong>de</strong></span> <span class='ocrx_word' id='word_1_646' title='bbox 3033 3321 3153 3391; x_wconf 90' lang='lat' dir='ltr'><strong>ejus</strong></span> <span class='ocrx_word' id='word_1_647' title='bbox 3172 3322 3387 3392; x_wconf 88' lang='lat' dir='ltr'><strong>judiciis</strong></span> <span class='ocrx_word' id='word_1_648' title='bbox 3409 3325 3525 3381; x_wconf 80' lang='lat' dir='ltr'><strong>dis-</strong></span> 
     </span>
    </p>
   </div>
   <div class='ocr_carea' id='block_1_80' title="bbox 1931 3410 3525 3486">
    <p class='ocr_par' dir='ltr' id='par_1_80' title="bbox 1931 3410 3525 3486">
     <span class='ocr_line' id='line_1_80' title="bbox 1931 3410 3525 3486; baseline 0.004 -21"><span class='ocrx_word' id='word_1_649' title='bbox 1931 3411 2155 3481; x_wconf 90' lang='lat' dir='ltr'><strong>plicere.</strong></span> <span class='ocrx_word' id='word_1_650' title='bbox 2187 3410 2318 3464; x_wconf 87' lang='lat' dir='ltr'><strong>Nam</strong></span> <span class='ocrx_word' id='word_1_651' title='bbox 2355 3426 2459 3466; x_wconf 92' lang='lat' dir='ltr'><strong>non</strong></span> <span class='ocrx_word' id='word_1_652' title='bbox 2502 3426 2597 3478; x_wconf 91' lang='lat' dir='ltr'><strong>per</strong></span> <span class='ocrx_word' id='word_1_653' title='bbox 2632 3411 2814 3466; x_wconf 87' lang='lat' dir='ltr'><strong>omnia</strong></span> <span class='ocrx_word' id='word_1_654' title='bbox 2844 3411 2921 3466; x_wconf 91' lang='lat' dir='ltr'><strong>illi</strong></span> <span class='ocrx_word' id='word_1_655' title='bbox 2958 3412 3159 3483; x_wconf 84' lang='lat' dir='ltr'><strong>gratias</strong></span> <span class='ocrx_word' id='word_1_656' title='bbox 3180 3429 3360 3485; x_wconf 85' lang='lat' dir='ltr'><strong>agere,</strong></span> <span class='ocrx_word' id='word_1_657' title='bbox 3394 3415 3525 3486; x_wconf 89' lang='lat' dir='ltr'><strong>quid</strong></span> 
     </span>
    </p>
   </div>
   <div class='ocr_carea' id='block_1_81' title="bbox 1927 3503 3525 3577">
    <p class='ocr_par' dir='ltr' id='par_1_81' title="bbox 1927 3503 3525 3577">
     <span class='ocr_line' id='line_1_81' title="bbox 1927 3503 3525 3577; baseline 0.003 -17"><span class='ocrx_word' id='word_1_658' title='bbox 1927 3514 2012 3560; x_wconf 80' lang='lat' dir='ltr'><strong>est</strong></span> <span class='ocrx_word' id='word_1_659' title='bbox 2038 3503 2182 3559; x_wconf 88' lang='lat' dir='ltr'><strong>aliud</strong></span> <span class='ocrx_word' id='word_1_660' title='bbox 2213 3518 2372 3575; x_wconf 88' lang='lat' dir='ltr'><strong>quam</strong></span> <span class='ocrx_word' id='word_1_661' title='bbox 2400 3519 2465 3558; x_wconf 84' lang='lat' dir='ltr'><strong>ex</strong></span> <span class='ocrx_word' id='word_1_662' title='bbox 2497 3503 2727 3575; x_wconf 87' lang='lat' dir='ltr'><strong>quadam</strong></span> <span class='ocrx_word' id='word_1_663' title='bbox 2750 3519 2873 3561; x_wconf 90' lang='lat' dir='ltr'><strong>eum</strong></span> <span class='ocrx_word' id='word_1_664' title='bbox 2907 3514 3055 3573; x_wconf 90' lang='lat' dir='ltr'><strong>parte</strong></span> <span class='ocrx_word' id='word_1_665' title='bbox 3080 3507 3525 3577; x_wconf 79' lang='lat' dir='ltr'><strong>reprehendere?</strong></span> 
     </span>
    </p>
   </div>
   <div class='ocr_carea' id='block_1_82' title="bbox 1930 3596 3525 3669">
    <p class='ocr_par' dir='ltr' id='par_1_82' title="bbox 1930 3596 3525 3669">
     <span class='ocr_line' id='line_1_82' title="bbox 1930 3596 3525 3669; baseline 0.004 -17"><span class='ocrx_word' id='word_1_666' title='bbox 1930 3596 2105 3653; x_wconf 84' lang='lat' dir='ltr'><strong>Audet</strong></span> <span class='ocrx_word' id='word_1_667' title='bbox 2137 3605 2162 3633; x_wconf 88' lang='grc' dir='ltr'>ο</span> <span class='ocrx_word' id='word_1_668' title='bbox 2191 3597 2333 3651; x_wconf 88' lang='lat' dir='ltr'><strong>enini</strong></span> <span class='ocrx_word' id='word_1_669' title='bbox 2368 3596 2684 3667; x_wconf 86' lang='lat' dir='ltr'><strong>plerumque</strong></span> <span class='ocrx_word' id='word_1_670' title='bbox 2714 3597 2951 3653; x_wconf 87' lang='lat' dir='ltr'><strong>humana</strong></span> <span class='ocrx_word' id='word_1_671' title='bbox 2993 3600 3300 3669; x_wconf 89' lang='lat' dir='ltr'><strong>insipientia</strong></span> <span class='ocrx_word' id='word_1_672' title='bbox 3331 3601 3525 3657; x_wconf 85' lang='lat' dir='ltr'><strong>adver-</strong></span> 
     </span>
    </p>
   </div>
   <div class='ocr_carea' id='block_1_83' title="bbox 1928 3690 3520 3762">
    <p class='ocr_par' dir='ltr' id='par_1_83' title="bbox 1928 3690 3520 3762">
     <span class='ocr_line' id='line_1_83' title="bbox 1928 3690 3520 3762; baseline 0.002 -17"><span class='ocrx_word' id='word_1_673' title='bbox 1928 3707 2021 3745; x_wconf 89' lang='lat' dir='ltr'><strong>sus</strong></span> <span class='ocrx_word' id='word_1_674' title='bbox 2046 3690 2360 3746; x_wconf 88' lang='lat' dir='ltr'><strong>Creatorem</strong></span> <span class='ocrx_word' id='word_1_675' title='bbox 2382 3706 2562 3754; x_wconf 87' lang='lat' dir='ltr'><strong>suum,</strong></span> <span class='ocrx_word' id='word_1_676' title='bbox 2585 3704 2690 3745; x_wconf 91' lang='lat' dir='ltr'><strong>non</strong></span> <span class='ocrx_word' id='word_1_677' title='bbox 2720 3691 2894 3745; x_wconf 90' lang='lat' dir='ltr'><strong>solum</strong></span> <span class='ocrx_word' id='word_1_678' title='bbox 2924 3690 2993 3746; x_wconf 91' lang='lat' dir='ltr'><strong>de</strong></span> <span class='ocrx_word' id='word_1_679' title='bbox 3023 3692 3332 3762; x_wconf 88' lang='lat' dir='ltr'><strong>iii0pia,sed</strong></span> <span class='ocrx_word' id='word_1_680' title='bbox 3356 3695 3520 3748; x_wconf 89' lang='lat' dir='ltr'><strong>etiam</strong></span> 
     </span>
    </p>
   </div>
   <div class='ocr_carea' id='block_1_84' title="bbox 1929 3782 3521 3853">
    <p class='ocr_par' dir='ltr' id='par_1_84' title="bbox 1929 3782 3521 3853">
     <span class='ocr_line' id='line_1_84' title="bbox 1929 3782 3521 3853; baseline 0.002 -16"><span class='ocrx_word' id='word_1_681' title='bbox 1929 3782 1998 3837; x_wconf 92' lang='lat' dir='ltr'><strong>de</strong></span> <span class='ocrx_word' id='word_1_682' title='bbox 2020 3784 2177 3852; x_wconf 89' lang='lat' dir='ltr'><strong>copia</strong></span> <span class='ocrx_word' id='word_1_683' title='bbox 2207 3797 2575 3846; x_wconf 84' lang='lat' dir='ltr'><strong>murmurare;</strong></span> <span class='ocrx_word' id='word_1_684' title='bbox 2606 3791 2662 3837; x_wconf 93' lang='lat' dir='ltr'><strong>ut</strong></span> <span class='ocrx_word' id='word_1_685' title='bbox 2687 3793 2742 3838; x_wconf 87' lang='lat' dir='ltr'><strong>et</strong></span> <span class='ocrx_word' id='word_1_686' title='bbox 2770 3798 2891 3836; x_wconf 86' lang='lat' dir='ltr'><strong>cum</strong></span> <span class='ocrx_word' id='word_1_687' title='bbox 2915 3782 3117 3853; x_wconf 88' lang='lat' dir='ltr'><strong>aliquid</strong></span> <span class='ocrx_word' id='word_1_688' title='bbox 3142 3800 3246 3838; x_wconf 93' lang='lat' dir='ltr'><strong>non</strong></span> <span class='ocrx_word' id='word_1_689' title='bbox 3263 3786 3521 3853; x_wconf 87' lang='lat' dir='ltr'><strong>suppetit,</strong></span> 
     </span>
    </p>
   </div>
   <div class='ocr_carea' id='block_1_85' title="bbox 1927 3876 3517 3949">
    <p class='ocr_par' dir='ltr' id='par_1_85' title="bbox 1927 3876 3517 3949">
     <span class='ocr_line' id='line_1_85' title="bbox 1927 3876 3517 3949; baseline 0.004 -22"><span class='ocrx_word' id='word_1_690' title='bbox 1927 3880 2183 3948; x_wconf 89' lang='lat' dir='ltr'><strong>querula,</strong></span> <span class='ocrx_word' id='word_1_691' title='bbox 2241 3885 2445 3931; x_wconf 88' lang='lat' dir='ltr'><strong>etcum</strong></span> <span class='ocrx_word' id='word_1_692' title='bbox 2498 3876 2742 3946; x_wconf 62' lang='lat' dir='ltr'><strong>quadam</strong></span> <span class='ocrx_word' id='word_1_693' title='bbox 2790 3876 3119 3942; x_wconf 82' lang='lat' dir='ltr'><strong>exuberant,</strong></span> <span class='ocrx_word' id='word_1_694' title='bbox 3166 3877 3237 3931; x_wconf 88' lang='lat' dir='ltr'><strong>sit</strong></span> <span class='ocrx_word' id='word_1_695' title='bbox 3284 3878 3517 3949; x_wconf 76' lang='lat' dir='ltr'><strong>ingrata.</strong></span> 
     </span>
    </p>
   </div>
   <div class='ocr_carea' id='block_1_86' title="bbox 1931 3968 3523 4041">
    <p class='ocr_par' dir='ltr' id='par_1_86' title="bbox 1931 3968 3523 4041">
     <span class='ocr_line' id='line_1_86' title="bbox 1931 3968 3523 4041; baseline 0 -14"><span class='ocrx_word' id='word_1_696' title='bbox 1931 3971 2113 4027; x_wconf 61' lang='lat' dir='ltr'><strong>Multae</strong></span> <span class='ocrx_word' id='word_1_697' title='bbox 2139 3970 2332 4025; x_wconf 86' lang='lat' dir='ltr'><strong>messis</strong></span> <span class='ocrx_word' id='word_1_698' title='bbox 2357 3968 2641 4037; x_wconf 90' lang='lat' dir='ltr'><strong>dominus,</strong></span> <span class='ocrx_word' id='word_1_699' title='bbox 2673 3970 2991 4025; x_wconf 86' lang='lat' dir='ltr'><strong>horreorum</strong></span> <span class='ocrx_word' id='word_1_700' title='bbox 3024 3982 3247 4025; x_wconf 85' lang='lat' dir='ltr'><strong>suorum</strong></span> <span class='ocrx_word' id='word_1_701' title='bbox 3281 3972 3523 4041; x_wconf 90' lang='lat' dir='ltr'><strong>plenitu-</strong></span> 
     </span>
    </p>
   </div>
   <div class='ocr_carea' id='block_1_87' title="bbox 1922 4152 3521 4224">
    <p class='ocr_par' dir='ltr' id='par_1_87' title="bbox 1922 4152 3521 4224">
     <span class='ocr_line' id='line_1_87' title="bbox 1922 4152 3521 4224; baseline 0 -14"><span class='ocrx_word' id='word_1_702' title='bbox 1922 4170 2030 4211; x_wconf 92' lang='lat' dir='ltr'><strong>non</strong></span> <span class='ocrx_word' id='word_1_703' title='bbox 2058 4168 2124 4211; x_wconf 78' lang='lat' dir='ltr'><strong>es</strong></span> <span class='ocrx_word' id='word_1_704' title='bbox 2175 4167 2306 4209; x_wconf 92' lang='lat' dir='ltr'><strong>mss.</strong></span> <span class='ocrx_word' id='word_1_705' title='bbox 2333 4153 2548 4209; x_wconf 88' lang='lat' dir='ltr'><strong>collect.</strong></span> <span class='ocrx_word' id='word_1_706' title='bbox 2582 4152 2636 4207; x_wconf 83' lang='grc'>4.</span> <span class='ocrx_word' id='word_1_707' title='bbox 2664 4152 2835 4218; x_wconf 82' lang='lat' dir='ltr'><strong>Alias,</strong></span> <span class='ocrx_word' id='word_1_708' title='bbox 2880 4154 3103 4224; x_wconf 83' lang='lat' dir='ltr'><strong>iustitia.</strong></span> <span class='ocrx_word' id='word_1_709' title='bbox 3138 4153 3204 4209; x_wconf 89' lang='lat' dir='ltr'><strong>Et</strong></span> <span class='ocrx_word' id='word_1_710' title='bbox 3245 4168 3366 4209; x_wconf 81' lang='lat' dir='ltr'><strong>mox</strong></span> <span class='ocrx_word' id='word_1_711' title='bbox 3408 4164 3521 4211; x_wconf 81' lang='lat' dir='ltr'><strong>tres</strong></span> 
     </span>
    </p>
   </div>
   <div class='ocr_carea' id='block_1_88' title="bbox 1923 4225 2711 4286">
    <p class='ocr_par' dir='ltr' id='par_1_88' title="bbox 1923 4225 2711 4286">
     <span class='ocr_line' id='line_1_88' title="bbox 1923 4225 2711 4286; baseline -0.003 -5"><span class='ocrx_word' id='word_1_712' title='bbox 1923 4229 2090 4281; x_wconf 89' lang='lat' dir='ltr'><strong>nostri</strong></span> <span class='ocrx_word' id='word_1_713' title='bbox 2121 4225 2307 4286; x_wconf 81' lang='lat' dir='ltr'><strong>codd.,</strong></span> <span class='ocrx_word' id='word_1_714' title='bbox 2339 4225 2499 4278; x_wconf 87' lang='lat' dir='ltr'><strong>corda</strong></span> <span class='ocrx_word' id='word_1_715' title='bbox 2525 4234 2711 4279; x_wconf 78' lang='lat' dir='ltr'><strong>vestra.</strong></span> 
     </span>
    </p>
   </div>
   <div class='ocr_carea' id='block_1_89' title="bbox 1994 4295 3517 4366">
    <p class='ocr_par' dir='ltr' id='par_1_89' title="bbox 1994 4295 3517 4366">
     <span class='ocr_line' id='line_1_89' title="bbox 1994 4295 3517 4366; baseline -0.001 -13"><span class='ocrx_word' id='word_1_716' title='bbox 1994 4306 2034 4334; x_wconf 74' lang='grc' dir='ltr'>ω</span> <span class='ocrx_word' id='word_1_717' title='bbox 2062 4296 2379 4366; x_wconf 69' lang='grc' dir='ltr'><strong>Ᾱῑιιυίυτθηι</strong></span> <span class='ocrx_word' id='word_1_718' title='bbox 2402 4296 2673 4350; x_wconf 90' lang='lat' dir='ltr'><strong>credimus</strong></span> <span class='ocrx_word' id='word_1_719' title='bbox 2704 4299 2839 4350; x_wconf 89' lang='lat' dir='ltr'><strong>lianc</strong></span> <span class='ocrx_word' id='word_1_720' title='bbox 2870 4295 3154 4351; x_wconf 89' lang='lat' dir='ltr'><strong>lectionem</strong></span> <span class='ocrx_word' id='word_1_721' title='bbox 3180 4298 3368 4365; x_wconf 67' lang='lat' dir='ltr'><strong>prima:</strong></span> <span class='ocrx_word' id='word_1_722' title='bbox 3397 4298 3517 4352; x_wconf 86' lang='lat' dir='ltr'><strong>edi-</strong></span> 
     </span>
    </p>
   </div>
   <div class='ocr_carea' id='block_1_90' title="bbox 1926 4367 3513 4435">
    <p class='ocr_par' dir='ltr' id='par_1_90' title="bbox 1926 4367 3513 4435">
     <span class='ocr_line' id='line_1_90' title="bbox 1926 4367 3513 4435; baseline -0.001 -12"><span class='ocrx_word' id='word_1_723' title='bbox 1926 4370 2090 4423; x_wconf 86' lang='lat' dir='ltr'><strong>tionis</strong></span> <span class='ocrx_word' id='word_1_724' title='bbox 2119 4380 2173 4423; x_wconf 89' lang='lat' dir='ltr'><strong>et</strong></span> <span class='ocrx_word' id='word_1_725' title='bbox 2199 4383 2325 4422; x_wconf 44' lang='lat' dir='ltr'><strong>mss.</strong></span> <span class='ocrx_word' id='word_1_726' title='bbox 2360 4369 2575 4422; x_wconf 73' lang='lat' dir='ltr'><strong>collem.</strong></span> <span class='ocrx_word' id='word_1_727' title='bbox 2608 4370 2660 4421; x_wconf 82' lang='grc'>5.</span> <span class='ocrx_word' id='word_1_728' title='bbox 2696 4367 2748 4421; x_wconf 93' lang='lat' dir='ltr'><strong>ln</strong></span> <span class='ocrx_word' id='word_1_729' title='bbox 2775 4370 2993 4421; x_wconf 68' lang='lat' dir='ltr'><strong>cruoris</strong></span> <span class='ocrx_word' id='word_1_730' title='bbox 3021 4370 3211 4435; x_wconf 90' lang='lat' dir='ltr'><strong>editis,</strong></span> <span class='ocrx_word' id='word_1_731' title='bbox 3259 4369 3513 4423; x_wconf 86' lang='lat' dir='ltr'><strong>neminem</strong></span> 
     </span>
    </p>
   </div>
   <div class='ocr_carea' id='block_1_91' title="bbox 1922 4437 3519 4509">
    <p class='ocr_par' dir='ltr' id='par_1_91' title="bbox 1922 4437 3519 4509">
     <span class='ocr_line' id='line_1_91' title="bbox 1922 4437 3519 4509; baseline 0.001 -16"><span class='ocrx_word' id='word_1_732' title='bbox 1922 4445 2203 4509; x_wconf 81' lang='lat' dir='ltr'><strong>despectat,</strong></span> <span class='ocrx_word' id='word_1_733' title='bbox 2228 4440 2354 4492; x_wconf 88' lang='lat' dir='ltr'><strong>dum</strong></span> <span class='ocrx_word' id='word_1_734' title='bbox 2381 4441 2545 4493; x_wconf 89' lang='lat' dir='ltr'><strong>docet.</strong></span> <span class='ocrx_word' id='word_1_735' title='bbox 2577 4437 2750 4493; x_wconf 85' lang='lat' dir='ltr'><strong>Codd.</strong></span> <span class='ocrx_word' id='word_1_736' title='bbox 2788 4438 2954 4499; x_wconf 80' lang='lat' dir='ltr'><strong>Viel..</strong></span> <span class='ocrx_word' id='word_1_737' title='bbox 2988 4439 3132 4509; x_wconf 82' lang='lat' dir='ltr'><strong>Corb</strong></span> <span class='ocrx_word' id='word_1_738' title='bbox 3160 4480 3175 4502; x_wconf 86' lang='lat'><strong>,</strong></span> <span class='ocrx_word' id='word_1_739' title='bbox 3207 4438 3413 4494; x_wconf 88' lang='lat' dir='ltr'><strong>Thuan.</strong></span> <span class='ocrx_word' id='word_1_740' title='bbox 3460 4448 3519 4495; x_wconf 84' lang='lat' dir='ltr'><strong>et</strong></span> 
     </span>
    </p>
   </div>
   <div class='ocr_carea' id='block_1_92' title="bbox 1924 4508 3518 4577">
    <p class='ocr_par' dir='ltr' id='par_1_92' title="bbox 1924 4508 3518 4577">
     <span class='ocr_line' id='line_1_92' title="bbox 1924 4508 3518 4577; baseline -0.001 -9"><span class='ocrx_word' id='word_1_741' title='bbox 1924 4508 2226 4568; x_wconf 83' lang='lat' dir='ltr'><strong>Gaudiival.</strong></span> <span class='ocrx_word' id='word_1_742' title='bbox 2258 4512 2395 4577; x_wconf 89' lang='lat' dir='ltr'><strong>apud</strong></span> <span class='ocrx_word' id='word_1_743' title='bbox 2420 4510 2767 4576; x_wconf 74' lang='lat' dir='ltr'><strong>Quesuellum</strong></span> <span class='ocrx_word' id='word_1_744' title='bbox 2794 4520 2850 4565; x_wconf 90' lang='lat' dir='ltr'><strong>et</strong></span> <span class='ocrx_word' id='word_1_745' title='bbox 2880 4518 3063 4565; x_wconf 89' lang='lat' dir='ltr'><strong>noster</strong></span> <span class='ocrx_word' id='word_1_746' title='bbox 3094 4508 3213 4563; x_wconf 87' lang='lat' dir='ltr'><strong>Vat.</strong></span> <span class='ocrx_word' id='word_1_747' title='bbox 3244 4509 3371 4571; x_wconf 72' lang='lat' dir='ltr'><strong>3H.</strong></span> <span class='ocrx_word' id='word_1_748' title='bbox 3402 4513 3518 4567; x_wconf 86' lang='lat' dir='ltr'><strong>i-ol-</strong></span> 
     </span>
    </p>
   </div>
   <div class='ocr_carea' id='block_1_93' title="bbox 213 4577 3515 4655">
    <p class='ocr_par' dir='ltr' id='par_1_93' title="bbox 213 4577 3515 4655">
     <span class='ocr_line' id='line_1_93' title="bbox 213 4577 3515 4655; baseline -0.002 -17"><span class='ocrx_word' id='word_1_749' title='bbox 213 4577 376 4639; x_wconf 72' lang='lat' dir='ltr'><strong>tiaris.</strong></span> <span class='ocrx_word' id='word_1_750' title='bbox 404 4577 475 4655; x_wconf 67' lang='lat' dir='ltr'><strong>At</strong></span> <span class='ocrx_word' id='word_1_751' title='bbox 514 4583 607 4636; x_wconf 90' lang='lat' dir='ltr'><strong>ille</strong></span> <span class='ocrx_word' id='word_1_752' title='bbox 622 4586 1011 4638; x_wconf 83' lang='lat' dir='ltr'><strong>correctionem</strong></span> <span class='ocrx_word' id='word_1_753' title='bbox 1037 4588 1241 4648; x_wconf 81' lang='lat' dir='ltr'><strong>Optime</strong></span> <span class='ocrx_word' id='word_1_754' title='bbox 1267 4577 1822 4655; x_wconf 58' lang='lat' dir='ltr'><strong>coiijiciens,&#39;noiavit</strong></span> <span class='ocrx_word' id='word_1_755' title='bbox 1851 4577 1897 4636; x_wconf 85' lang='grc' dir='ltr'><strong>ι)</strong></span> <span class='ocrx_word' id='word_1_756' title='bbox 1927 4587 2051 4638; x_wconf 80' lang='lat' dir='ltr'><strong>lect.</strong></span> <span class='ocrx_word' id='word_1_757' title='bbox 2082 4582 2139 4648; x_wconf 76' lang='grc'><strong>4,</strong></span> <span class='ocrx_word' id='word_1_758' title='bbox 2173 4584 2701 4655; x_wconf 77' lang='lat' dir='ltr'><strong>nentineui_t_1esperat,</strong></span> <span class='ocrx_word' id='word_1_759' title='bbox 2730 4582 2854 4655; x_wconf 73' lang='lat' dir='ltr'><strong>dum</strong></span> <span class='ocrx_word' id='word_1_760' title='bbox 2876 4581 3230 4655; x_wconf 70' lang='lat' dir='ltr'><strong>docet._Alter</strong></span> <span class='ocrx_word' id='word_1_761' title='bbox 3266 4582 3383 4655; x_wconf 84' lang='lat' dir='ltr'><strong>V_:it.</strong></span> <span class='ocrx_word' id='word_1_762' title='bbox 3407 4583 3515 4655; x_wconf 71' lang='lat' dir='ltr'><strong>5H3</strong></span> 
     </span>
    </p>
   </div>
   <div class='ocr_carea' id='block_1_94' title="bbox 212 4654 1124 4723">
    <p class='ocr_par' dir='ltr' id='par_1_94' title="bbox 212 4654 1124 4723">
     <span class='ocr_line' id='line_1_94' title="bbox 212 4654 1124 4723; baseline -0.004 -11"><span class='ocrx_word' id='word_1_763' title='bbox 212 4658 269 4712; x_wconf 85' lang='lat' dir='ltr'><strong>in</strong></span> <span class='ocrx_word' id='word_1_764' title='bbox 304 4654 576 4721; x_wconf 74' lang='lat' dir='ltr'><strong>&quot;uirgine,</strong></span> <span class='ocrx_word' id='word_1_765' title='bbox 601 4658 666 4723; x_wconf 76' lang='lat' dir='ltr'><strong>[oi</strong></span> <span class='ocrx_word' id='word_1_766' title='bbox 683 4663 729 4707; x_wconf 88' lang='lat' dir='ltr'><strong>te</strong></span> <span class='ocrx_word' id='word_1_767' title='bbox 754 4658 1124 4723; x_wconf 66' lang='lat' dir='ltr'><strong>praenuntiam.</strong></span> 
     </span>
    </p>
   </div>
   <div class='ocr_carea' id='block_1_95' title="bbox 293 4727 1674 4794">
    <p class='ocr_par' dir='ltr' id='par_1_95' title="bbox 293 4727 1674 4794">
     <span class='ocr_line' id='line_1_95' title="bbox 293 4727 1674 4794; baseline -0.001 -13"><span class='ocrx_word' id='word_1_768' title='bbox 293 4739 318 4766; x_wconf 73' lang='grc' dir='ltr'><strong>τ</strong></span> <span class='ocrx_word' id='word_1_769' title='bbox 351 4728 530 4781; x_wconf 86' lang='lat' dir='ltr'><strong>Prima</strong></span> <span class='ocrx_word' id='word_1_770' title='bbox 565 4727 731 4779; x_wconf 88' lang='lat' dir='ltr'><strong>editio</strong></span> <span class='ocrx_word' id='word_1_771' title='bbox 760 4742 881 4779; x_wconf 89' lang='lat' dir='ltr'><strong>cum</strong></span> <span class='ocrx_word' id='word_1_772' title='bbox 912 4742 1040 4780; x_wconf 78' lang='lat' dir='ltr'><strong>mss.</strong></span> <span class='ocrx_word' id='word_1_773' title='bbox 1072 4728 1284 4781; x_wconf 86' lang='lat' dir='ltr'><strong>collect.</strong></span> <span class='ocrx_word' id='word_1_774' title='bbox 1317 4728 1372 4794; x_wconf 76' lang='lat'><strong>3,</strong></span> <span class='ocrx_word' id='word_1_775' title='bbox 1408 4744 1497 4794; x_wconf 87' lang='lat' dir='ltr'><strong>per</strong></span> <span class='ocrx_word' id='word_1_776' title='bbox 1518 4729 1674 4781; x_wconf 76' lang='lat' dir='ltr'><strong>viam.</strong></span> 
     </span>
    </p>
   </div>
   <div class='ocr_carea' id='block_1_96' title="bbox 287 4796 1207 4869">
    <p class='ocr_par' dir='ltr' id='par_1_96' title="bbox 287 4796 1207 4869">
     <span class='ocr_line' id='line_1_96' title="bbox 287 4796 1207 4869; baseline 0.001 -19"><span class='ocrx_word' id='word_1_777' title='bbox 287 4796 319 4836; x_wconf 67' lang='grc' dir='ltr'><strong><em>ἀ</em></strong></span> <span class='ocrx_word' id='word_1_778' title='bbox 360 4798 482 4850; x_wconf 81' lang='lat' dir='ltr'><strong>Vat.</strong></span> <span class='ocrx_word' id='word_1_779' title='bbox 515 4796 680 4854; x_wconf 76' lang='grc'>5856.</span> <span class='ocrx_word' id='word_1_780' title='bbox 716 4813 813 4869; x_wconf 83' lang='lat' dir='ltr'><strong>non</strong></span> <span class='ocrx_word' id='word_1_781' title='bbox 837 4796 1207 4869; x_wconf 80' lang='lat' dir='ltr'><strong>derelinquunt.</strong></span> 
     </span>
    </p>
   </div>
   <div class='ocr_carea' id='block_1_97' title="bbox 296 4868 1819 4937">
    <p class='ocr_par' dir='ltr' id='par_1_97' title="bbox 296 4868 1819 4937">
     <span class='ocr_line' id='line_1_97' title="bbox 296 4868 1819 4937; baseline -0.001 -12"><span class='ocrx_word' id='word_1_782' title='bbox 296 4879 323 4907; x_wconf 71' lang='grc' dir='ltr'><strong>ε</strong></span> <span class='ocrx_word' id='word_1_783' title='bbox 356 4870 453 4925; x_wconf 90' lang='lat' dir='ltr'><strong>Sic</strong></span> <span class='ocrx_word' id='word_1_784' title='bbox 487 4872 655 4921; x_wconf 86' lang='lat' dir='ltr'><strong>nostri</strong></span> <span class='ocrx_word' id='word_1_785' title='bbox 688 4868 900 4922; x_wconf 78' lang='lat' dir='ltr'><strong>codices</strong></span> <span class='ocrx_word' id='word_1_786' title='bbox 932 4883 984 4923; x_wconf 88' lang='lat' dir='ltr'><strong>et</strong></span> <span class='ocrx_word' id='word_1_787' title='bbox 1014 4868 1145 4923; x_wconf 88' lang='lat' dir='ltr'><strong>editi</strong></span> <span class='ocrx_word' id='word_1_788' title='bbox 1175 4879 1299 4922; x_wconf 84' lang='lat' dir='ltr'><strong>ante</strong></span> <span class='ocrx_word' id='word_1_789' title='bbox 1325 4868 1696 4937; x_wconf 84' lang='lat' dir='ltr'><strong>Qitesnelluin,</strong></span> <span class='ocrx_word' id='word_1_790' title='bbox 1730 4869 1819 4937; x_wconf 90' lang='lat' dir='ltr'><strong>qui</strong></span> 
     </span>
    </p>
   </div>
   <div class='ocr_carea' id='block_1_98' title="bbox 343 4942 1820 5006">
    <p class='ocr_par' dir='ltr' id='par_1_98' title="bbox 343 4942 1820 5006">
     <span class='ocr_line' id='line_1_98' title="bbox 343 4942 1820 5006; baseline 0.001 -12"><span class='ocrx_word' id='word_1_791' title='bbox 343 4942 494 4994; x_wconf 88' lang='lat' dir='ltr'><strong>docet</strong></span> <span class='ocrx_word' id='word_1_792' title='bbox 522 4943 700 5004; x_wconf 68' lang='lat' dir='ltr'><strong>(insuit</strong></span> <span class='ocrx_word' id='word_1_793' title='bbox 722 4952 1099 5006; x_wconf 88' lang='lat' dir='ltr'><strong>commemorat,</strong></span> <span class='ocrx_word' id='word_1_794' title='bbox 1135 4942 1206 4996; x_wconf 91' lang='lat' dir='ltr'><strong>uti</strong></span> <span class='ocrx_word' id='word_1_795' title='bbox 1234 4952 1317 4995; x_wconf 78' lang='lat' dir='ltr'><strong>est</strong></span> <span class='ocrx_word' id='word_1_796' title='bbox 1351 4950 1512 4995; x_wconf 84' lang='lat' dir='ltr'><strong>etiam</strong></span> <span class='ocrx_word' id='word_1_797' title='bbox 1556 4960 1606 4995; x_wconf 89' lang='lat' dir='ltr'><strong>iit</strong></span> <span class='ocrx_word' id='word_1_798' title='bbox 1636 4942 1820 4996; x_wconf 86' lang='lat' dir='ltr'><strong>Homi-</strong></span> 
     </span>
    </p>
   </div>
   <div class='ocr_carea' id='block_1_99' title="bbox 212 5010 840 5068">
    <p class='ocr_par' dir='ltr' id='par_1_99' title="bbox 212 5010 840 5068">
     <span class='ocr_line' id='line_1_99' title="bbox 212 5010 840 5068; baseline -0.005 -1"><span class='ocrx_word' id='word_1_799' title='bbox 212 5010 382 5068; x_wconf 82' lang='lat' dir='ltr'><strong>liario</strong></span> <span class='ocrx_word' id='word_1_800' title='bbox 415 5010 566 5067; x_wconf 82' lang='lat' dir='ltr'><strong>Pauli</strong></span> <span class='ocrx_word' id='word_1_801' title='bbox 603 5011 840 5064; x_wconf 88' lang='lat' dir='ltr'><strong>Diaconi.</strong></span> 
     </span>
    </p>
   </div>
   <div class='ocr_carea' id='block_1_100' title="bbox 301 5080 1585 5155">
    <p class='ocr_par' dir='ltr' id='par_1_100' title="bbox 301 5080 1585 5155">
     <span class='ocr_line' id='line_1_100' title="bbox 301 5080 1585 5155; baseline 0 -18"><span class='ocrx_word' id='word_1_802' title='bbox 301 5084 323 5121; x_wconf 71' lang='grc' dir='ltr'>ί</span> <span class='ocrx_word' id='word_1_803' title='bbox 353 5084 512 5149; x_wconf 79' lang='lat' dir='ltr'><strong>Apud</strong></span> <span class='ocrx_word' id='word_1_804' title='bbox 545 5082 764 5135; x_wconf 88' lang='lat' dir='ltr'><strong>Paulum</strong></span> <span class='ocrx_word' id='word_1_805' title='bbox 802 5082 1113 5155; x_wconf 85' lang='lat' dir='ltr'><strong>Diacouum,</strong></span> <span class='ocrx_word' id='word_1_806' title='bbox 1139 5088 1255 5155; x_wconf 89' lang='lat' dir='ltr'><strong>jam</strong></span> <span class='ocrx_word' id='word_1_807' title='bbox 1279 5080 1585 5155; x_wconf 30' lang='lat' dir='ltr'><strong>FiliusADei.</strong></span> 
     </span>
    </p>
   </div>
   <div class='ocr_carea' id='block_1_101' title="bbox 292 5153 1823 5220">
    <p class='ocr_par' dir='ltr' id='par_1_101' title="bbox 292 5153 1823 5220">
     <span class='ocr_line' id='line_1_101' title="bbox 292 5153 1823 5220; baseline 0.002 -17"><span class='ocrx_word' id='word_1_808' title='bbox 292 5164 326 5203; x_wconf 77' lang='grc' dir='ltr'>ε</span> <span class='ocrx_word' id='word_1_809' title='bbox 363 5156 788 5220; x_wconf 76' lang='lat' dir='ltr'><strong>Aiitiqtiissimtts</strong></span> <span class='ocrx_word' id='word_1_810' title='bbox 824 5153 1217 5219; x_wconf 55' lang='grc' dir='ltr'><strong>γυιιωηυεζυι</strong></span> <span class='ocrx_word' id='word_1_811' title='bbox 1256 5172 1393 5209; x_wconf 82' lang='lat' dir='ltr'><strong>unus</strong></span> <span class='ocrx_word' id='word_1_812' title='bbox 1436 5153 1492 5209; x_wconf 86' lang='lat' dir='ltr'><strong>S.</strong></span> <span class='ocrx_word' id='word_1_813' title='bbox 1536 5154 1700 5217; x_wconf 63' lang='lat' dir='ltr'><strong>Patri,</strong></span> <span class='ocrx_word' id='word_1_814' title='bbox 1740 5154 1823 5207; x_wconf 80' lang='lat' dir='ltr'><strong>itt-</strong></span> 
     </span>
    </p>
   </div>
   <div class='ocr_carea' id='block_1_102' title="bbox 256 5237 487 5280">
    <p class='ocr_par' dir='ltr' id='par_1_102' title="bbox 256 5237 487 5280">
     <span class='ocr_line' id='line_1_102' title="bbox 256 5237 487 5280; baseline 0 -1"><span class='ocrx_word' id='word_1_815' title='bbox 256 5237 487 5280; x_wconf 77' lang='lat' dir='ltr'><strong>animat.</strong></span> 
     </span>
    </p>
   </div>
   <div class='ocr_carea' id='block_1_103' title="bbox 215 5228 1818 5363">
    <p class='ocr_par' dir='ltr' id='par_1_103' title="bbox 215 5228 1818 5363">
     <span class='ocr_line' id='line_1_103' title="bbox 215 5228 1818 5363; baseline -0.001 -10"><span class='ocrx_word' id='word_1_816' title='bbox 215 5228 534 5352; x_wconf 33' lang='lat' dir='ltr'><strong>“armillas</strong></span> <span class='ocrx_word' id='word_1_817' title='bbox 566 5296 732 5350; x_wconf 84' lang='lat' dir='ltr'><strong>editio</strong></span> <span class='ocrx_word' id='word_1_818' title='bbox 751 5306 805 5351; x_wconf 85' lang='lat' dir='ltr'><strong>et</strong></span> <span class='ocrx_word' id='word_1_819' title='bbox 828 5311 927 5352; x_wconf 92' lang='lat' dir='ltr'><strong>ms.</strong></span> <span class='ocrx_word' id='word_1_820' title='bbox 957 5297 1189 5356; x_wconf 84' lang='lat' dir='ltr'><strong>Bonon..</strong></span> <span class='ocrx_word' id='word_1_821' title='bbox 1220 5297 1313 5349; x_wconf 85' lang='lat' dir='ltr'><strong>illa</strong></span> <span class='ocrx_word' id='word_1_822' title='bbox 1342 5313 1499 5349; x_wconf 86' lang='lat' dir='ltr'><strong>causa</strong></span> <span class='ocrx_word' id='word_1_823' title='bbox 1530 5298 1818 5363; x_wconf 83' lang='lat' dir='ltr'><strong>tolerandi,</strong></span> 
     </span>
    </p>
   </div>
   <div class='ocr_carea' id='block_1_104' title="bbox 212 5366 1671 5439">
    <p class='ocr_par' dir='ltr' id='par_1_104' title="bbox 212 5366 1671 5439">
     <span class='ocr_line' id='line_1_104' title="bbox 212 5366 1671 5439; baseline -0.003 -15"><span class='ocrx_word' id='word_1_824' title='bbox 212 5386 330 5439; x_wconf 73' lang='lat' dir='ltr'><strong>qua</strong></span> <span class='ocrx_word' id='word_1_825' title='bbox 358 5387 417 5424; x_wconf 91' lang='lat' dir='ltr'><strong>se</strong></span> <span class='ocrx_word' id='word_1_826' title='bbox 444 5368 680 5421; x_wconf 81' lang='lat' dir='ltr'><strong>adversis</strong></span> <span class='ocrx_word' id='word_1_827' title='bbox 709 5366 787 5420; x_wconf 75' lang='lat' dir='ltr'><strong>uel</strong></span> <span class='ocrx_word' id='word_1_828' title='bbox 814 5368 1005 5438; x_wconf 87' lang='lat' dir='ltr'><strong>corrigi</strong></span> <span class='ocrx_word' id='word_1_829' title='bbox 1034 5368 1305 5438; x_wconf 80' lang='lat' dir='ltr'><strong>intelligat,</strong></span> <span class='ocrx_word' id='word_1_830' title='bbox 1345 5367 1422 5422; x_wconf 76' lang='lat' dir='ltr'><strong>vel</strong></span> <span class='ocrx_word' id='word_1_831' title='bbox 1448 5368 1671 5433; x_wconf 81' lang='lat' dir='ltr'><strong>probari.</strong></span> 
     </span>
    </p>
   </div>
   <div class='ocr_carea' id='block_1_105' title="bbox 300 5440 1675 5510">
    <p class='ocr_par' dir='ltr' id='par_1_105' title="bbox 300 5440 1675 5510">
     <span class='ocr_line' id='line_1_105' title="bbox 300 5440 1675 5510; baseline -0.004 -14"><span class='ocrx_word' id='word_1_832' title='bbox 300 5440 320 5479; x_wconf 77' lang='grc' dir='ltr'><strong>ί</strong></span> <span class='ocrx_word' id='word_1_833' title='bbox 357 5442 478 5496; x_wconf 87' lang='lat' dir='ltr'><strong>Duo</strong></span> <span class='ocrx_word' id='word_1_834' title='bbox 507 5440 671 5495; x_wconf 88' lang='lat' dir='ltr'><strong>codd.</strong></span> <span class='ocrx_word' id='word_1_835' title='bbox 704 5440 761 5493; x_wconf 90' lang='grc'><strong>8.</strong></span> <span class='ocrx_word' id='word_1_836' title='bbox 800 5441 960 5501; x_wconf 80' lang='lat' dir='ltr'><strong>Petri,</strong></span> <span class='ocrx_word' id='word_1_837' title='bbox 997 5456 1231 5493; x_wconf 83' lang='lat' dir='ltr'><strong>mensura</strong></span> <span class='ocrx_word' id='word_1_838' title='bbox 1276 5449 1433 5510; x_wconf 86' lang='lat' dir='ltr'><strong>atque</strong></span> <span class='ocrx_word' id='word_1_839' title='bbox 1469 5449 1675 5492; x_wconf 88' lang='lat' dir='ltr'><strong>natura.</strong></span> 
     </span>
    </p>
   </div>
   <div class='ocr_carea' id='block_1_106' title="bbox 296 5510 1826 5577">
    <p class='ocr_par' dir='ltr' id='par_1_106' title="bbox 296 5510 1826 5577">
     <span class='ocr_line' id='line_1_106' title="bbox 296 5510 1826 5577; baseline 0.003 -14"><span class='ocrx_word' id='word_1_840' title='bbox 296 5517 315 5563; x_wconf 77' lang='lat' dir='ltr'><strong><em>t</em></strong></span> <span class='ocrx_word' id='word_1_841' title='bbox 358 5514 437 5567; x_wconf 80' lang='lat' dir='ltr'><strong>lia</strong></span> <span class='ocrx_word' id='word_1_842' title='bbox 464 5529 529 5567; x_wconf 75' lang='lat' dir='ltr'><strong>ex</strong></span> <span class='ocrx_word' id='word_1_843' title='bbox 568 5512 734 5577; x_wconf 85' lang='lat' dir='ltr'><strong>prima</strong></span> <span class='ocrx_word' id='word_1_844' title='bbox 778 5512 1017 5566; x_wconf 78' lang='lat' dir='ltr'><strong>ediltoiie</strong></span> <span class='ocrx_word' id='word_1_845' title='bbox 1074 5520 1129 5566; x_wconf 82' lang='lat' dir='ltr'><strong>et</strong></span> <span class='ocrx_word' id='word_1_846' title='bbox 1165 5512 1373 5566; x_wconf 79' lang='lat' dir='ltr'><strong>duiibus</strong></span> <span class='ocrx_word' id='word_1_847' title='bbox 1424 5525 1552 5567; x_wconf 69' lang='lat' dir='ltr'><strong>mss.</strong></span> <span class='ocrx_word' id='word_1_848' title='bbox 1606 5510 1719 5567; x_wconf 85' lang='lat' dir='ltr'><strong>Vat.</strong></span> <span class='ocrx_word' id='word_1_849' title='bbox 1772 5520 1826 5567; x_wconf 92' lang='lat' dir='ltr'><strong>et</strong></span> 
     </span>
    </p>
   </div>
   <div class='ocr_carea' id='block_1_107' title="bbox 214 5584 924 5641">
    <p class='ocr_par' dir='ltr' id='par_1_107' title="bbox 214 5584 924 5641">
     <span class='ocr_line' id='line_1_107' title="bbox 214 5584 924 5641; baseline -0.006 -2"><span class='ocrx_word' id='word_1_850' title='bbox 214 5584 277 5639; x_wconf 58' lang='lat' dir='ltr'><strong>St</strong></span> <span class='ocrx_word' id='word_1_851' title='bbox 315 5584 484 5640; x_wconf 80' lang='lat' dir='ltr'><strong>Petri.</strong></span> <span class='ocrx_word' id='word_1_852' title='bbox 517 5584 678 5641; x_wconf 62' lang='lat' dir='ltr'><strong>Alias,</strong></span> <span class='ocrx_word' id='word_1_853' title='bbox 715 5585 924 5635; x_wconf 88' lang='lat' dir='ltr'><strong>tttimur.</strong></span> 
     </span>
    </p>
   </div>
   <div class='ocr_carea' id='block_1_108' title="bbox 292 5652 1363 5720">
    <p class='ocr_par' dir='ltr' id='par_1_108' title="bbox 292 5652 1363 5720">
     <span class='ocr_line' id='line_1_108' title="bbox 292 5652 1363 5720; baseline -0.004 -11"><span class='ocrx_word' id='word_1_854' title='bbox 292 5655 327 5695; x_wconf 74' lang='grc' dir='ltr'>ι</span> <span class='ocrx_word' id='word_1_855' title='bbox 361 5656 614 5720; x_wconf 66' lang='lat' dir='ltr'><strong>Equidem</strong></span> <span class='ocrx_word' id='word_1_856' title='bbox 646 5657 695 5707; x_wconf 89' lang='lat' dir='ltr'><strong>in</strong></span> <span class='ocrx_word' id='word_1_857' title='bbox 731 5653 1010 5709; x_wconf 74' lang='lat' dir='ltr'><strong>Honnlizir.</strong></span> <span class='ocrx_word' id='word_1_858' title='bbox 1038 5652 1183 5707; x_wconf 87' lang='lat' dir='ltr'><strong>Pauli</strong></span> <span class='ocrx_word' id='word_1_859' title='bbox 1212 5653 1363 5707; x_wconf 84' lang='lat' dir='ltr'><strong>Diac.</strong></span> 
     </span>
    </p>
   </div>
   <div class='ocr_carea' id='block_1_109' title="bbox 298 5724 1818 5793">
    <p class='ocr_par' dir='ltr' id='par_1_109' title="bbox 298 5724 1818 5793">
     <span class='ocr_line' id='line_1_109' title="bbox 298 5724 1818 5793; baseline -0.002 -12"><span class='ocrx_word' id='word_1_860' title='bbox 298 5725 317 5765; x_wconf 76' lang='grc'><em>³</em></span> <span class='ocrx_word' id='word_1_861' title='bbox 355 5729 506 5781; x_wconf 84' lang='lat' dir='ltr'><strong>Hanc</strong></span> <span class='ocrx_word' id='word_1_862' title='bbox 550 5728 834 5780; x_wconf 87' lang='lat' dir='ltr'><strong>lectionem</strong></span> <span class='ocrx_word' id='word_1_863' title='bbox 881 5725 1051 5780; x_wconf 75' lang='lat' dir='ltr'><strong>textui</strong></span> <span class='ocrx_word' id='word_1_864' title='bbox 1101 5724 1290 5782; x_wconf 65' lang='lat' dir='ltr'><strong>Graeco</strong></span> <span class='ocrx_word' id='word_1_865' title='bbox 1335 5733 1389 5779; x_wconf 83' lang='lat' dir='ltr'><strong>el.</strong></span> <span class='ocrx_word' id='word_1_866' title='bbox 1418 5724 1645 5793; x_wconf 71' lang='lat' dir='ltr'><strong>Vulgum</strong></span> <span class='ocrx_word' id='word_1_867' title='bbox 1685 5739 1818 5778; x_wconf 84' lang='lat' dir='ltr'><strong>con-</strong></span> 
     </span>
    </p>
   </div>
   <div class='ocr_carea' id='block_1_110' title="bbox 210 5796 1822 5870">
    <p class='ocr_par' dir='ltr' id='par_1_110' title="bbox 210 5796 1822 5870">
     <span class='ocr_line' id='line_1_110' title="bbox 210 5796 1822 5870; baseline -0.001 -17"><span class='ocrx_word' id='word_1_868' title='bbox 210 5811 511 5870; x_wconf 64' lang='lat' dir='ltr'><strong>gruentem</strong></span> <span class='ocrx_word' id='word_1_869' title='bbox 544 5796 880 5867; x_wconf 69' lang='lat' dir='ltr'><strong>prauulimus</strong></span> <span class='ocrx_word' id='word_1_870' title='bbox 904 5799 1378 5870; x_wconf 73' lang='lat' dir='ltr'><strong>ex_antiqtti~sittto</strong></span> <span class='ocrx_word' id='word_1_871' title='bbox 1401 5798 1657 5851; x_wconf 85' lang='lat' dir='ltr'><strong>Vaticano</strong></span> <span class='ocrx_word' id='word_1_872' title='bbox 1687 5796 1822 5851; x_wconf 68' lang='lat' dir='ltr'><strong>Lec~</strong></span> 
     </span>
    </p>
   </div>
   <div class='ocr_carea' id='block_1_111' title="bbox 212 5868 1817 5941">
    <p class='ocr_par' dir='ltr' id='par_1_111' title="bbox 212 5868 1817 5941">
     <span class='ocr_line' id='line_1_111' title="bbox 212 5868 1817 5941; baseline -0.002 -14"><span class='ocrx_word' id='word_1_873' title='bbox 212 5868 482 5941; x_wconf 71' lang='lat' dir='ltr'><strong>iiunario,</strong></span> <span class='ocrx_word' id='word_1_874' title='bbox 528 5886 595 5927; x_wconf 80' lang='lat' dir='ltr'><strong>es</strong></span> <span class='ocrx_word' id='word_1_875' title='bbox 623 5878 938 5941; x_wconf 83' lang='lat' dir='ltr'><strong>pervetusto</strong></span> <span class='ocrx_word' id='word_1_876' title='bbox 983 5868 1137 5926; x_wconf 87' lang='lat' dir='ltr'><strong>Pauli</strong></span> <span class='ocrx_word' id='word_1_877' title='bbox 1163 5869 1383 5926; x_wconf 89' lang='lat' dir='ltr'><strong>Diaconi</strong></span> <span class='ocrx_word' id='word_1_878' title='bbox 1414 5872 1680 5939; x_wconf 75' lang='lat' dir='ltr'><strong>exemplo,</strong></span> <span class='ocrx_word' id='word_1_879' title='bbox 1714 5882 1817 5925; x_wconf 91' lang='lat' dir='ltr'><strong>nec</strong></span> 
     </span>
    </p>
   </div>
   <div class='ocr_carea' id='block_1_112' title="bbox 588 5966 1074 6028">
    <p class='ocr_par' dir='ltr' id='par_1_112' title="bbox 588 5966 1074 6028">
     <span class='ocr_line' id='line_1_112' title="bbox 588 5966 1074 6028; baseline -0.004 -1"><span class='ocrx_word' id='word_1_880' title='bbox 588 5968 863 6027; x_wconf 57' lang='lat' dir='ltr'><strong>Panos”</strong></span> <span class='ocrx_word' id='word_1_881' title='bbox 916 5967 987 6028; x_wconf 87' lang='lat' dir='ltr'><strong>Ll</strong></span> <span class='ocrx_word' id='word_1_882' title='bbox 1000 5966 1074 6025; x_wconf 74' lang='grc' dir='ltr'>ν.</span> 
     </span>
    </p>
   </div>
   <div class='ocr_carea' id='block_1_113' title="bbox 1924 4651 3519 4713">
    <p class='ocr_par' dir='ltr' id='par_1_113' title="bbox 1924 4651 3519 4713">
     <span class='ocr_line' id='line_1_113' title="bbox 1924 4651 3519 4713; baseline -0.002 -2"><span class='ocrx_word' id='word_1_883' title='bbox 1924 4656 2139 4711; x_wconf 71' lang='lat' dir='ltr'><strong>collect.</strong></span> <span class='ocrx_word' id='word_1_884' title='bbox 2172 4652 2227 4713; x_wconf 72' lang='grc'>4.</span> <span class='ocrx_word' id='word_1_885' title='bbox 2262 4668 2398 4707; x_wconf 87' lang='lat' dir='ltr'><strong>unus</strong></span> <span class='ocrx_word' id='word_1_886' title='bbox 2429 4651 2546 4706; x_wconf 86' lang='lat' dir='ltr'><strong>Vat.</strong></span> <span class='ocrx_word' id='word_1_887' title='bbox 2577 4652 2681 4707; x_wconf 70' lang='lat' dir='ltr'><strong>5M</strong></span> <span class='ocrx_word' id='word_1_888' title='bbox 2710 4652 2923 4707; x_wconf 87' lang='lat' dir='ltr'><strong>collect.</strong></span> <span class='ocrx_word' id='word_1_889' title='bbox 2955 4651 3007 4713; x_wconf 86' lang='lat'><strong>5,</strong></span> <span class='ocrx_word' id='word_1_890' title='bbox 3040 4653 3148 4705; x_wconf 92' lang='lat' dir='ltr'><strong>duo</strong></span> <span class='ocrx_word' id='word_1_891' title='bbox 3188 4652 3246 4709; x_wconf 92' lang='grc'><strong>8.</strong></span> <span class='ocrx_word' id='word_1_892' title='bbox 3292 4651 3437 4708; x_wconf 88' lang='lat' dir='ltr'><strong>Petri</strong></span> <span class='ocrx_word' id='word_1_893' title='bbox 3461 4665 3519 4708; x_wconf 89' lang='lat' dir='ltr'><strong>et</strong></span> 
     </span>
    </p>
   </div>
   <div class='ocr_carea' id='block_1_114' title="bbox 1929 4721 3515 4790">
    <p class='ocr_par' dir='ltr' id='par_1_114' title="bbox 1929 4721 3515 4790">
     <span class='ocr_line' id='line_1_114' title="bbox 1929 4721 3515 4790; baseline -0.004 -8"><span class='ocrx_word' id='word_1_894' title='bbox 1929 4726 2210 4782; x_wconf 80' lang='lat' dir='ltr'><strong>lioniiliar.</strong></span> <span class='ocrx_word' id='word_1_895' title='bbox 2253 4724 2401 4778; x_wconf 86' lang='lat' dir='ltr'><strong>Pauli</strong></span> <span class='ocrx_word' id='word_1_896' title='bbox 2437 4724 2582 4777; x_wconf 88' lang='lat' dir='ltr'><strong>Diae.</strong></span> <span class='ocrx_word' id='word_1_897' title='bbox 2604 4764 2619 4781; x_wconf 93' lang='lat'><strong>.</strong></span> <span class='ocrx_word' id='word_1_898' title='bbox 2677 4726 2931 4779; x_wconf 89' lang='lat' dir='ltr'><strong>neminem</strong></span> <span class='ocrx_word' id='word_1_899' title='bbox 2958 4721 3216 4777; x_wconf 81' lang='lat' dir='ltr'><strong>hominem</strong></span> <span class='ocrx_word' id='word_1_900' title='bbox 3244 4724 3515 4790; x_wconf 83' lang='lat' dir='ltr'><strong>desperat,</strong></span> 
     </span>
    </p>
   </div>
   <div class='ocr_carea' id='block_1_115' title="bbox 1927 4794 3516 4863">
    <p class='ocr_par' dir='ltr' id='par_1_115' title="bbox 1927 4794 3516 4863">
     <span class='ocr_line' id='line_1_115' title="bbox 1927 4794 3516 4863; baseline -0.003 -11"><span class='ocrx_word' id='word_1_901' title='bbox 1927 4799 2049 4852; x_wconf 87' lang='lat' dir='ltr'><strong>dum</strong></span> <span class='ocrx_word' id='word_1_902' title='bbox 2091 4800 2254 4851; x_wconf 88' lang='lat' dir='ltr'><strong>docet.</strong></span> <span class='ocrx_word' id='word_1_903' title='bbox 2291 4796 2532 4851; x_wconf 87' lang='lat' dir='ltr'><strong>Tandem</strong></span> <span class='ocrx_word' id='word_1_904' title='bbox 2588 4794 2709 4851; x_wconf 84' lang='lat' dir='ltr'><strong>Vat.</strong></span> <span class='ocrx_word' id='word_1_905' title='bbox 2753 4796 2917 4863; x_wconf 77' lang='lat'><strong>3856,</strong></span> <span class='ocrx_word' id='word_1_906' title='bbox 2963 4796 3214 4850; x_wconf 88' lang='lat' dir='ltr'><strong>neminem</strong></span> <span class='ocrx_word' id='word_1_907' title='bbox 3251 4796 3516 4850; x_wconf 74' lang='lat' dir='ltr'><strong>hominum</strong></span> 
     </span>
    </p>
   </div>
   <div class='ocr_carea' id='block_1_116' title="bbox 1925 4868 2531 4934">
    <p class='ocr_par' dir='ltr' id='par_1_116' title="bbox 1925 4868 2531 4934">
     <span class='ocr_line' id='line_1_116' title="bbox 1925 4868 2531 4934; baseline -0.005 -10"><span class='ocrx_word' id='word_1_908' title='bbox 1925 4871 2185 4934; x_wconf 84' lang='lat' dir='ltr'><strong>desperat,</strong></span> <span class='ocrx_word' id='word_1_909' title='bbox 2210 4870 2332 4920; x_wconf 89' lang='lat' dir='ltr'><strong>dum</strong></span> <span class='ocrx_word' id='word_1_910' title='bbox 2363 4868 2531 4921; x_wconf 90' lang='lat' dir='ltr'><strong>docet.</strong></span> 
     </span>
    </p>
   </div>
   <div class='ocr_carea' id='block_1_117' title="bbox 2000 4937 3514 5010">
    <p class='ocr_par' dir='ltr' id='par_1_117' title="bbox 2000 4937 3514 5010">
     <span class='ocr_line' id='line_1_117' title="bbox 2000 4937 3514 5010; baseline -0.001 -16"><span class='ocrx_word' id='word_1_911' title='bbox 2000 4949 2029 4976; x_wconf 77' lang='grc' dir='ltr'><strong>η</strong></span> <span class='ocrx_word' id='word_1_912' title='bbox 2059 4942 2356 5009; x_wconf 86' lang='lat' dir='ltr'><strong>Legebatur</strong></span> <span class='ocrx_word' id='word_1_913' title='bbox 2385 4941 2565 5010; x_wconf 78' lang='lat' dir='ltr'><strong>fractis</strong></span> <span class='ocrx_word' id='word_1_914' title='bbox 2591 4952 2688 5005; x_wconf 88' lang='lat' dir='ltr'><strong>pro</strong></span> <span class='ocrx_word' id='word_1_915' title='bbox 2717 4938 2879 4992; x_wconf 87' lang='lat' dir='ltr'><strong>sacris</strong></span> <span class='ocrx_word' id='word_1_916' title='bbox 2910 4954 3015 4992; x_wconf 89' lang='lat' dir='ltr'><strong>non</strong></span> <span class='ocrx_word' id='word_1_917' title='bbox 3048 4937 3219 4991; x_wconf 90' lang='lat' dir='ltr'><strong>solum</strong></span> <span class='ocrx_word' id='word_1_918' title='bbox 3254 4939 3306 4992; x_wconf 93' lang='lat' dir='ltr'><strong>in</strong></span> <span class='ocrx_word' id='word_1_919' title='bbox 3335 4937 3514 5004; x_wconf 89' lang='lat' dir='ltr'><strong>editis,</strong></span> 
     </span>
    </p>
   </div>
   <div class='ocr_carea' id='block_1_118' title="bbox 1929 5010 3516 5079">
    <p class='ocr_par' dir='ltr' id='par_1_118' title="bbox 1929 5010 3516 5079">
     <span class='ocr_line' id='line_1_118' title="bbox 1929 5010 3516 5079; baseline -0.002 -14"><span class='ocrx_word' id='word_1_920' title='bbox 1929 5028 2118 5067; x_wconf 90' lang='lat' dir='ltr'><strong>verum</strong></span> <span class='ocrx_word' id='word_1_921' title='bbox 2165 5011 2327 5065; x_wconf 81' lang='lat' dir='ltr'><strong>etiam</strong></span> <span class='ocrx_word' id='word_1_922' title='bbox 2378 5012 2432 5062; x_wconf 91' lang='lat' dir='ltr'><strong>iii</strong></span> <span class='ocrx_word' id='word_1_923' title='bbox 2466 5010 2733 5079; x_wconf 87' lang='lat' dir='ltr'><strong>plerisque</strong></span> <span class='ocrx_word' id='word_1_924' title='bbox 2773 5010 3079 5073; x_wconf 79' lang='lat' dir='ltr'><strong>codicibus;</strong></span> <span class='ocrx_word' id='word_1_925' title='bbox 3131 5021 3183 5062; x_wconf 85' lang='lat' dir='ltr'><strong>et</strong></span> <span class='ocrx_word' id='word_1_926' title='bbox 3229 5010 3516 5066; x_wconf 57' lang='lat' dir='ltr'><strong>videbatur</strong></span> 
     </span>
    </p>
   </div>
   <div class='ocr_carea' id='block_1_119' title="bbox 1928 5080 3520 5138">
    <p class='ocr_par' dir='ltr' id='par_1_119' title="bbox 1928 5080 3520 5138">
     <span class='ocr_line' id='line_1_119' title="bbox 1928 5080 3520 5138; baseline -0.002 0"><span class='ocrx_word' id='word_1_927' title='bbox 1928 5082 2221 5138; x_wconf 84' lang='lat' dir='ltr'><strong>ciiiivenire</strong></span> <span class='ocrx_word' id='word_1_928' title='bbox 2264 5098 2386 5135; x_wconf 90' lang='lat' dir='ltr'><strong>cum</strong></span> <span class='ocrx_word' id='word_1_929' title='bbox 2422 5082 2730 5135; x_wconf 78' lang='lat' dir='ltr'><strong>testimonio</strong></span> <span class='ocrx_word' id='word_1_930' title='bbox 2777 5081 2923 5135; x_wconf 91' lang='lat' dir='ltr'><strong>Pauli</strong></span> <span class='ocrx_word' id='word_1_931' title='bbox 2957 5081 3021 5134; x_wconf 81' lang='lat' dir='ltr'><strong>ad</strong></span> <span class='ocrx_word' id='word_1_932' title='bbox 3073 5080 3228 5135; x_wconf 81' lang='lat' dir='ltr'><strong>Rom.</strong></span> <span class='ocrx_word' id='word_1_933' title='bbox 3263 5098 3337 5136; x_wconf 74' lang='lat' dir='ltr'><strong>XI.</strong></span> <span class='ocrx_word' id='word_1_934' title='bbox 3368 5081 3431 5135; x_wconf 89' lang='grc'><strong>17</strong></span> <span class='ocrx_word' id='word_1_935' title='bbox 3463 5090 3520 5135; x_wconf 88' lang='lat' dir='ltr'><strong>ct</strong></span> 
     </span>
    </p>
   </div>
   <div class='ocr_carea' id='block_1_120' title="bbox 1930 5152 3519 5223">
    <p class='ocr_par' dir='ltr' id='par_1_120' title="bbox 1930 5152 3519 5223">
     <span class='ocr_line' id='line_1_120' title="bbox 1930 5152 3519 5223; baseline -0.001 -14"><span class='ocrx_word' id='word_1_936' title='bbox 1930 5156 2016 5213; x_wconf 84' lang='grc'>19.</span> <span class='ocrx_word' id='word_1_937' title='bbox 2049 5154 2135 5206; x_wconf 88' lang='lat' dir='ltr'><strong>ulii</strong></span> <span class='ocrx_word' id='word_1_938' title='bbox 2171 5154 2301 5207; x_wconf 89' lang='lat' dir='ltr'><strong>rami</strong></span> <span class='ocrx_word' id='word_1_939' title='bbox 2327 5152 2477 5223; x_wconf 82' lang='lat' dir='ltr'><strong>fracti</strong></span> <span class='ocrx_word' id='word_1_940' title='bbox 2509 5163 2891 5223; x_wconf 82' lang='lat' dir='ltr'><strong>memorantur.</strong></span> <span class='ocrx_word' id='word_1_941' title='bbox 2917 5152 3021 5208; x_wconf 88' lang='lat' dir='ltr'><strong>Sed</strong></span> <span class='ocrx_word' id='word_1_942' title='bbox 3051 5155 3387 5221; x_wconf 70' lang='lat' dir='ltr'><strong>pnetuliinus</strong></span> <span class='ocrx_word' id='word_1_943' title='bbox 3418 5156 3519 5207; x_wconf 86' lang='lat' dir='ltr'><strong>tria</strong></span> 
     </span>
    </p>
   </div>
   <div class='ocr_carea' id='block_1_121' title="bbox 1926 5222 3515 5285">
    <p class='ocr_par' dir='ltr' id='par_1_121' title="bbox 1926 5222 3515 5285">
     <span class='ocr_line' id='line_1_121' title="bbox 1926 5222 3515 5285; baseline -0.004 -4"><span class='ocrx_word' id='word_1_944' title='bbox 1926 5227 2184 5281; x_wconf 66' lang='lat' dir='ltr'><strong>Romanae</strong></span> <span class='ocrx_word' id='word_1_945' title='bbox 2229 5222 2485 5277; x_wconf 68' lang='lat' dir='ltr'><strong>Beelesite</strong></span> <span class='ocrx_word' id='word_1_946' title='bbox 2532 5222 2866 5277; x_wconf 86' lang='lat' dir='ltr'><strong>Lectiouaria</strong></span> <span class='ocrx_word' id='word_1_947' title='bbox 2922 5224 3037 5277; x_wconf 85' lang='lat' dir='ltr'><strong>Vat.</strong></span> <span class='ocrx_word' id='word_1_948' title='bbox 3097 5223 3266 5285; x_wconf 77' lang='grc'>5856,</span> <span class='ocrx_word' id='word_1_949' title='bbox 3302 5234 3359 5279; x_wconf 87' lang='lat' dir='ltr'><strong>et</strong></span> <span class='ocrx_word' id='word_1_950' title='bbox 3406 5224 3515 5277; x_wconf 88' lang='lat' dir='ltr'><strong>duo</strong></span> 
     </span>
    </p>
   </div>
   <div class='ocr_carea' id='block_1_122' title="bbox 1928 5294 3514 5363">
    <p class='ocr_par' dir='ltr' id='par_1_122' title="bbox 1928 5294 3514 5363">
     <span class='ocr_line' id='line_1_122' title="bbox 1928 5294 3514 5363; baseline -0.004 -12"><span class='ocrx_word' id='word_1_951' title='bbox 1928 5298 2163 5351; x_wconf 69' lang='lat' dir='ltr'><strong>basilica:</strong></span> <span class='ocrx_word' id='word_1_952' title='bbox 2193 5297 2253 5352; x_wconf 88' lang='lat' dir='ltr'><strong>S.</strong></span> <span class='ocrx_word' id='word_1_953' title='bbox 2285 5294 2428 5349; x_wconf 89' lang='lat' dir='ltr'><strong>Petri</strong></span> <span class='ocrx_word' id='word_1_954' title='bbox 2455 5312 2470 5359; x_wconf 86' lang='lat'><strong>;</strong></span> <span class='ocrx_word' id='word_1_955' title='bbox 2502 5310 2622 5349; x_wconf 88' lang='lat' dir='ltr'><strong>cuin</strong></span> <span class='ocrx_word' id='word_1_956' title='bbox 2654 5296 2951 5363; x_wconf 71' lang='lat' dir='ltr'><strong>pratsertim</strong></span> <span class='ocrx_word' id='word_1_957' title='bbox 2988 5310 3090 5349; x_wconf 91' lang='lat' dir='ltr'><strong>iioii</strong></span> <span class='ocrx_word' id='word_1_958' title='bbox 3127 5298 3176 5349; x_wconf 91' lang='lat' dir='ltr'><strong>in</strong></span> <span class='ocrx_word' id='word_1_959' title='bbox 3212 5312 3374 5349; x_wconf 63' lang='lat' dir='ltr'><strong>ramis</strong></span> <span class='ocrx_word' id='word_1_960' title='bbox 3408 5294 3514 5346; x_wconf 79' lang='lat' dir='ltr'><strong>fru-</strong></span> 
     </span>
    </p>
   </div>
   <div class='ocr_carea' id='block_1_123' title="bbox 1924 5366 3517 5436">
    <p class='ocr_par' dir='ltr' id='par_1_123' title="bbox 1924 5366 3517 5436">
     <span class='ocr_line' id='line_1_123' title="bbox 1924 5366 3517 5436; baseline -0.003 -13"><span class='ocrx_word' id='word_1_961' title='bbox 1924 5373 2027 5423; x_wconf 90' lang='lat' dir='ltr'><strong>ctis</strong></span> <span class='ocrx_word' id='word_1_962' title='bbox 2056 5380 2111 5423; x_wconf 89' lang='lat' dir='ltr'><strong>et</strong></span> <span class='ocrx_word' id='word_1_963' title='bbox 2142 5370 2383 5434; x_wconf 67' lang='lat' dir='ltr'><strong>abscisis,</strong></span> <span class='ocrx_word' id='word_1_964' title='bbox 2437 5369 2529 5422; x_wconf 81' lang='lat' dir='ltr'><strong>sed</strong></span> <span class='ocrx_word' id='word_1_965' title='bbox 2566 5367 2617 5419; x_wconf 92' lang='lat' dir='ltr'><strong>in</strong></span> <span class='ocrx_word' id='word_1_966' title='bbox 2672 5370 2834 5420; x_wconf 84' lang='lat' dir='ltr'><strong>ramis</strong></span> <span class='ocrx_word' id='word_1_967' title='bbox 2862 5381 2927 5422; x_wconf 77' lang='lat' dir='ltr'><strong>ex</strong></span> <span class='ocrx_word' id='word_1_968' title='bbox 2977 5367 3172 5436; x_wconf 86' lang='lat' dir='ltr'><strong>quibus</strong></span> <span class='ocrx_word' id='word_1_969' title='bbox 3205 5367 3288 5421; x_wconf 75' lang='lat' dir='ltr'><strong>isti</strong></span> <span class='ocrx_word' id='word_1_970' title='bbox 3317 5366 3517 5420; x_wconf 64' lang='lat' dir='ltr'><strong>abscisi</strong></span> 
     </span>
    </p>
   </div>
   <div class='ocr_carea' id='block_1_124' title="bbox 1926 5436 3516 5504">
    <p class='ocr_par' dir='ltr' id='par_1_124' title="bbox 1926 5436 3516 5504">
     <span class='ocr_line' id='line_1_124' title="bbox 1926 5436 3516 5504; baseline -0.003 -11"><span class='ocrx_word' id='word_1_971' title='bbox 1926 5438 2145 5495; x_wconf 84' lang='lat' dir='ltr'><strong>fuerunt</strong></span> <span class='ocrx_word' id='word_1_972' title='bbox 2190 5440 2377 5494; x_wconf 74' lang='lat' dir='ltr'><strong>in~itio</strong></span> <span class='ocrx_word' id='word_1_973' title='bbox 2411 5438 2531 5502; x_wconf 75' lang='lat' dir='ltr'><strong>iiut;</strong></span> <span class='ocrx_word' id='word_1_974' title='bbox 2583 5436 2637 5491; x_wconf 91' lang='lat' dir='ltr'><strong>lti</strong></span> <span class='ocrx_word' id='word_1_975' title='bbox 2666 5450 2845 5491; x_wconf 86' lang='lat' dir='ltr'><strong>autem</strong></span> <span class='ocrx_word' id='word_1_976' title='bbox 2878 5440 3009 5493; x_wconf 90' lang='lat' dir='ltr'><strong>rami</strong></span> <span class='ocrx_word' id='word_1_977' title='bbox 3043 5439 3196 5491; x_wconf 69' lang='lat' dir='ltr'><strong>oliva:</strong></span> <span class='ocrx_word' id='word_1_978' title='bbox 3229 5438 3393 5490; x_wconf 78' lang='lat' dir='ltr'><strong>sancti</strong></span> <span class='ocrx_word' id='word_1_979' title='bbox 3419 5451 3516 5504; x_wconf 88' lang='lat' dir='ltr'><strong>ap-</strong></span> 
     </span>
    </p>
   </div>
   <div class='ocr_carea' id='block_1_125' title="bbox 1930 5507 3513 5580">
    <p class='ocr_par' dir='ltr' id='par_1_125' title="bbox 1930 5507 3513 5580">
     <span class='ocr_line' id='line_1_125' title="bbox 1930 5507 3513 5580; baseline -0.003 -14"><span class='ocrx_word' id='word_1_980' title='bbox 1930 5513 2198 5580; x_wconf 79' lang='lat' dir='ltr'><strong>pellantur</strong></span> <span class='ocrx_word' id='word_1_981' title='bbox 2224 5510 2293 5564; x_wconf 85' lang='lat' dir='ltr'><strong>ab</strong></span> <span class='ocrx_word' id='word_1_982' title='bbox 2323 5511 2585 5577; x_wconf 66' lang='lat' dir='ltr'><strong>Apestolo</strong></span> <span class='ocrx_word' id='word_1_983' title='bbox 2607 5524 2659 5562; x_wconf 92' lang='lat' dir='ltr'><strong>v.</strong></span> <span class='ocrx_word' id='word_1_984' title='bbox 2694 5508 2780 5575; x_wconf 85' lang='grc'>16,</span> <span class='ocrx_word' id='word_1_985' title='bbox 2811 5524 2914 5562; x_wconf 89' lang='lat' dir='ltr'><strong>uou</strong></span> <span class='ocrx_word' id='word_1_986' title='bbox 2941 5510 3117 5564; x_wconf 84' lang='lat' dir='ltr'><strong>minus</strong></span> <span class='ocrx_word' id='word_1_987' title='bbox 3147 5524 3306 5577; x_wconf 61' lang='grc' dir='ltr'><strong>φιλίη</strong></span> <span class='ocrx_word' id='word_1_988' title='bbox 3339 5507 3513 5580; x_wconf 79' lang='lat' dir='ltr'><strong>radix.</strong></span> 
     </span>
    </p>
   </div>
   <div class='ocr_carea' id='block_1_126' title="bbox 1929 5579 3513 5649">
    <p class='ocr_par' dir='ltr' id='par_1_126' title="bbox 1929 5579 3513 5649">
     <span class='ocr_line' id='line_1_126' title="bbox 1929 5579 3513 5649; baseline -0.004 -13"><span class='ocrx_word' id='word_1_989' title='bbox 1929 5579 2094 5637; x_wconf 81' lang='lat' dir='ltr'><strong>Paulo</strong></span> <span class='ocrx_word' id='word_1_990' title='bbox 2126 5591 2247 5649; x_wconf 78' lang='lat' dir='ltr'><strong>post</strong></span> <span class='ocrx_word' id='word_1_991' title='bbox 2278 5586 2327 5635; x_wconf 86' lang='lat' dir='ltr'><strong>iu</strong></span> <span class='ocrx_word' id='word_1_992' title='bbox 2380 5580 2528 5634; x_wconf 81' lang='lat' dir='ltr'><strong>Pauli</strong></span> <span class='ocrx_word' id='word_1_993' title='bbox 2581 5582 2889 5635; x_wconf 70' lang='lat' dir='ltr'><strong>tesﬁmonin</strong></span> <span class='ocrx_word' id='word_1_994' title='bbox 2921 5582 3089 5649; x_wconf 85' lang='lat' dir='ltr'><strong>prima</strong></span> <span class='ocrx_word' id='word_1_995' title='bbox 3129 5580 3296 5635; x_wconf 83' lang='lat' dir='ltr'><strong>editio</strong></span> <span class='ocrx_word' id='word_1_996' title='bbox 3325 5588 3379 5633; x_wconf 91' lang='lat' dir='ltr'><strong>et</strong></span> <span class='ocrx_word' id='word_1_997' title='bbox 3401 5579 3513 5633; x_wconf 84' lang='lat' dir='ltr'><strong>duo</strong></span> 
     </span>
    </p>
   </div>
   <div class='ocr_carea' id='block_1_127' title="bbox 1926 5650 3109 5709">
    <p class='ocr_par' dir='ltr' id='par_1_127' title="bbox 1926 5650 3109 5709">
     <span class='ocr_line' id='line_1_127' title="bbox 1926 5650 3109 5709; baseline -0.004 -1"><span class='ocrx_word' id='word_1_998' title='bbox 1926 5668 2059 5708; x_wconf 79' lang='lat' dir='ltr'><strong>mss.</strong></span> <span class='ocrx_word' id='word_1_999' title='bbox 2092 5654 2150 5709; x_wconf 89' lang='lat' dir='ltr'><strong>S.</strong></span> <span class='ocrx_word' id='word_1_1000' title='bbox 2185 5652 2323 5708; x_wconf 78' lang='lat' dir='ltr'><strong>Petri</strong></span> <span class='ocrx_word' id='word_1_1001' title='bbox 2352 5654 2607 5707; x_wconf 88' lang='lat' dir='ltr'><strong>omittunt</strong></span> <span class='ocrx_word' id='word_1_1002' title='bbox 2635 5666 2822 5707; x_wconf 78' lang='lat' dir='ltr'><strong>voCem</strong></span> <span class='ocrx_word' id='word_1_1003' title='bbox 2855 5650 3109 5706; x_wconf 78' lang='lat' dir='ltr'><strong>Christus.</strong></span> 
     </span>
    </p>
   </div>
   <div class='ocr_carea' id='block_1_128' title="bbox 1998 5720 3510 5794">
    <p class='ocr_par' dir='ltr' id='par_1_128' title="bbox 1998 5720 3510 5794">
     <span class='ocr_line' id='line_1_128' title="bbox 1998 5720 3510 5794; baseline -0.001 -13"><span class='ocrx_word' id='word_1_1004' title='bbox 1998 5733 2024 5762; x_wconf 86' lang='grc' dir='ltr'><strong>ο</strong></span> <span class='ocrx_word' id='word_1_1005' title='bbox 2053 5724 2442 5794; x_wconf 83' lang='lat' dir='ltr'><strong>Suppleviinus</strong></span> <span class='ocrx_word' id='word_1_1006' title='bbox 2468 5725 2606 5779; x_wconf 86' lang='lat' dir='ltr'><strong>enim</strong></span> <span class='ocrx_word' id='word_1_1007' title='bbox 2627 5740 2689 5777; x_wconf 80' lang='lat' dir='ltr'><strong>ex</strong></span> <span class='ocrx_word' id='word_1_1008' title='bbox 2720 5723 2971 5780; x_wconf 87' lang='lat' dir='ltr'><strong>omnibus</strong></span> <span class='ocrx_word' id='word_1_1009' title='bbox 2994 5721 3191 5778; x_wconf 83' lang='lat' dir='ltr'><strong>nostris</strong></span> <span class='ocrx_word' id='word_1_1010' title='bbox 3211 5720 3510 5792; x_wconf 84' lang='lat' dir='ltr'><strong>codicibus,</strong></span> 
     </span>
    </p>
   </div>
   <div class='ocr_carea' id='block_1_129' title="bbox 1925 5794 2753 5855">
    <p class='ocr_par' dir='ltr' id='par_1_129' title="bbox 1925 5794 2753 5855">
     <span class='ocr_line' id='line_1_129' title="bbox 1925 5794 2753 5855; baseline -0.008 0"><span class='ocrx_word' id='word_1_1011' title='bbox 1925 5806 1983 5855; x_wconf 84' lang='lat' dir='ltr'><strong>et</strong></span> <span class='ocrx_word' id='word_1_1012' title='bbox 2005 5812 2074 5855; x_wconf 76' lang='lat' dir='ltr'><strong>ex</strong></span> <span class='ocrx_word' id='word_1_1013' title='bbox 2101 5796 2301 5855; x_wconf 82' lang='lat' dir='ltr'><strong>Homil.</strong></span> <span class='ocrx_word' id='word_1_1014' title='bbox 2331 5796 2480 5853; x_wconf 85' lang='lat' dir='ltr'><strong>Pauli</strong></span> <span class='ocrx_word' id='word_1_1015' title='bbox 2514 5794 2753 5851; x_wconf 86' lang='lat' dir='ltr'><strong>Diaconi.</strong></span> 
     </span>
    </p>
   </div>
   <div class='ocr_carea' id='block_1_130' title="bbox 3509 5946 3517 5970">
    <p class='ocr_par' dir='ltr' id='par_1_130' title="bbox 3509 5946 3517 5970">
     <span class='ocr_line' id='line_1_130' title="bbox 3509 5946 3517 5970; baseline 0 0"><span class='ocrx_word' id='word_1_1016' title='bbox 3509 5946 3517 5970; x_wconf 79' lang='grc' dir='ltr'><strong><em>ι</em></strong></span> 
     </span>
    </p>
   </div>
   <div class='ocr_carea' id='block_1_131' title="bbox 3036 5965 3074 6024">
    <p class='ocr_par' dir='ltr' id='par_1_131' title="bbox 3036 5965 3074 6024">
     <span class='ocr_line' id='line_1_131' title="bbox 3036 5965 3074 6024; baseline 0 0"><span class='ocrx_word' id='word_1_1017' title='bbox 3036 5965 3074 6024; x_wconf 87' lang='grc'><strong>6</strong></span> 
     </span>
    </p>
   </div>
  </div>
