3994 6354
488 354 591 414 175

1605 337 1665 393 5.
1705 330 1951 391 LEONIS
1988 327 2205 389 MAGNI
2242 325 2625 387 SEBMONES.

3664 316 3774 377 176

485 476 568 532 dis
598 471 760 541 igitur
785 462 1100 522 ltesiouibus
1130 472 1264 531 quas
1290 468 1433 524 saepe
1456 449 1697 506 incidunt
1724 452 1813 519 qui
1842 463 1963 503 cum
1994 446 2076 501 in-
2101 450 2154 509 Α
2180 454 2263 500 est
2294 457 2510 541 census.
2556 440 2685 497 Haec
2713 438 2893 508 itaque
2920 444 2982 493 ut
3017 435 3306 541 adiuvante
3337 433 3450 491 Deo
3486 433 3571 505 pia
3601 432 3772 491 devo-

484 566 684 624 visibtli
717 566 872 618 hoste
893 559 1207 625 conﬂigunt,
1254 551 1412 607 trittm
1442 547 1675 602 maxime
1708 543 2070 600 remediorum

485 673 565 715 est
603 654 906 713 adhibenda
952 648 1213 705 medicina
1248 662 1261 697 :
1297 645 1348 698 in
1387 640 1649 696 orationis
1698 637 1977 705 instantia,
2019 634 2073 690 in

483 752 834 821 castigatione
867 744 1080 816 jejunii,
1131 740 1181 794 in
1213 738 1576 807 eleemosynae
1620 732 1867 803 largitate
1895 746 1909 782 :
1934 728 2076 798 qua:

483 862 605 899 cum
627 820 831 912 pariter
851 843 1191 893 exercentur,
1217 832 1355 886 Deus
1384 829 1721 899 propitiatur,
1753 825 1913 892 culpa
1928 820 2077 876 dele-

486 950 593 1001 tur,
621 943 857 989 tentatur
877 930 1114 984 eliditur.
1144 926 1208 981 Et
1231 927 1294 979 iis
1322 922 1538 995 quidem
1570 918 1836 987 prazsidiis
1857 928 2073 985 semper

484 1029 660 1083 fidelis
693 1027 869 1079 anima
899 1019 1308 1087 debetaccingi,
1342 1017 1439 1073 sed
1469 1010 1916 1070 tunc'studiosius
1938 1024 2077 1079 pra:«

483 1122 686 1192 parari.
726 1134 845 1173 cum
880 1118 913 1171 ii
945 1117 1137 1169 adsunt
1175 1114 1292 1168 dies
1322 1113 1411 1182 qui
1453 1110 1668 1181 proprie
1705 1114 1834 1161 sunt
1858 1103 1926 1159 ad
1961 1104 2077 1159 haec

484 1214 700 1285 pietatis
731 1211 909 1266 officia
941 1209 1244 1277 praestituti.
2076 1192 2085 1237 ι’

554 1306 684 1362 Cap.
719 1307 781 1359 ll.
810 1333 883 1345 -——
917 1304 993 1357 De
1024 1314 1252 1371 quorum
1279 1308 1305 1335 ἰ
1339 1309 1565 1352 numero
1593 1302 1676 1349 est
1695 1295 1856 1349 etiam
1879 1289 2076 1347 decimi

486 1400 649 1471 hujus
672 1399 873 1453 mensis
897 1390 1439 1462 solemnejejunium,
1464 1388 1606 1459 quod
1634 1404 1739 1441 non
1765 1387 1885 1441 ideo
1908 1383 2077 1453 negli—

485 1495 720 1564 gendum
765 1497 866 1553 est,
911 1488 1035 1556 quia
1080 1484 1147 1538 de
1189 1480 1531 1535 observantia
1574 1478 1772 1534 veteris
1816 1475 1949 1546 legis
1986 1488 2073 1527 as'

484 1592 756 1653 sumptum
782 1589 885 1648 est,
909 1590 1180 1647 tamquam
1212 1576 1314 1631 hoc
1340 1575 1407 1629 de
1437 1574 1542 1629 illis
1570 1575 1638 1627 sit
1665 1572 1945 1639 quaeinter
1969 1568 2081 1623 dis-

486 1680 757 1733 cretiones
806 1674 1070 1735 ciborum,
1122 1671 1263 1723 inter
1303 1667 1687 1736 baptismatum
1744 1661 2079 1717 dilierentias

484 1781 540 1827 et
563 1770 743 1826 avium
770 1766 1145 1837 pecudumque
1172 1762 1377 1816 hostias
1398 1758 1426 1797 ι)
1454 1774 1577 1814 esse
1597 1757 1939 1812 destiterunt.
1968 1753 2082 1807 lllis

488 1864 634 1918 enim
660 1836 783 1931 quze
808 1873 987 1913 rerum
1022 1857 1317 1908 futurarum
1349 1850 1546 1920 ﬁguras
1578 1848 1860 1919 gerebant,
1888 1844 2079 1915 imple-
2106 1836 2154 1896 Β

484 1956 575 2018 tis,
607 1968 725 2023 quae
748 1949 1191 2021 signiﬁcaverunt
1215 1945 1360 1998 finita
1393 1951 1537 1997 sunt.
1584 1941 1918 2010 chuniorum
1951 1951 2082 1993 vero

485 2047 770 2103 utilitatem
818 2044 940 2098 novi
972 2037 1305 2095 Testamenti
1346 2034 1515 2107 gratia
1565 2050 1672 2088 non
1714 2030 1981 2094 removit;
2027 2036 2083 2083 et

484 2139 876 2195 continentiam
909 2134 1121 2201 corpori
1150 2141 1310 2200 atque
1346 2129 1540 2183 animae
1582 2142 1799 2197 semper
1839 2122 2097 2195 profutuA

485 2250 600 2289 ram
634 2234 719 2303 pia
763 2229 1143 2287 observatione
1175 2226 1432 2293 suscepit.
1466 2222 1735 2290 Quoniam
1782 2220 1922 2275 sicut
1962 2234 2085 2285 per-

486 2334 671 2380 manet
718 2324 858 2393 apud
902 2319 1313 2389 intelligentiam
1357 2313 1719 2370 Chrt5tiunam
1754 2330 1765 2366 :
1804 2312 2083 2365 Dominum

486 2420 654 2475 Deum
680 2426 821 2472 tuum
844 2414 1107 2478 adorabis,
1128 2420 1174 2465 et
1202 2410 1281 2464 illi
1302 2409 1399 2464 soli
1425 2404 1834 2478 servies(.i!atth.
1856 2421 1930 2470 tv,
1961 2405 2081 2473 10);

485 2523 561 2579 et,
611 2522 632 2549 α
663 2509 863 2580 Diliges
893 2506 1168 2561 Dominum
1202 2503 1367 2557 Deum
1408 2512 1551 2555 tuum
1592 2517 1652 2554 ea:
1681 2509 1785 2553 toto
1818 2500 1970 2552 corde
1998 2508 2085 2551 tuo

488 2603 702 2676 (Matth.
743 2616 877 2664 uti,
910 2598 1035 2665 37);
1067 2606 1145 2664 et,
1186 2594 1385 2665 Diliges
1426 2594 1717 2662 proximum
1767 2600 1911 2643 tuum
1952 2589 2085 2642 sicut

486 2696 705 2765 teipsum
719 2690 912 2761 (Ibid.,
929 2690 1043 2757 39),
1060 2700 1113 2743 et
1131 2696 1324 2742 czetera
1354 2686 1535 2739 talium
1550 2684 1657 2755 47
1675 2683 2083 2737 mandatorum:

490 2789 561 2841 ita
586 2787 727 2856 quod
749 2788 802 2838 in
824 2784 1026 2839 eisdem
1049 2782 1200 2837 libris
1220 2780 1288 2835 de
1306 2779 1634 2849 jejuniorum
1660 2778 2089 2832 sanctificatione

489 2886 543 2933 ct
582 2876 863 2933 curatione
904 2882 1241 2947 prieceptum
1290 2880 1393 2939 est,
1444 2872 1590 2925 nulla
1641 2871 2089 2940 interpretatione

491 2981 768 3026 vacuatur.
799 2970 857 3025 In
891 2970 1036 3023 omni
1059 2968 1202 3022 enim
1233 2976 1498 3034 tempore,
1522 2964 1549 3001 ἀ
1582 2965 1941 3034 omnibusque
1964 2965 2088 3019 vita:

492 3065 648 3120 istius
666 3063 847 3117 saeculi
865 3060 1073 3126 diebus,
1097 3059 1301 3129 jejunia
1318 3072 1416 3112 nos
1439 3066 1626 3111 contra
1641 3064 1863 3128 peceata
1889 3058 2090 3110 faciunt

492 3160 568 3213 for
583 3154 986 3225 tiores,jejunia
1007 3154 1472 3223 ccucupiscentias
1494 3153 1736 3219 vincunt,
1760 3154 2086 3206 tentationes

2176 539 2323 594 tione
2344 530 2619 601 ctfrenlur,
2645 545 2832 605 quarta
2853 544 2911 590 et
2935 543 3086 591 sexta
3118 531 3251 589 feria
3277 532 3615 601 jejunemus;
3644 532 3773 588 sabc

2176 630 2302 686 bato
2328 646 2458 686 vero
2504 628 2646 699 apud
2698 629 2911 683 beatum
2943 628 3159 682 Petrum
3215 626 3516 695 apostolum
3558 623 3773 695 vigilias

2176 723 2539 786 celebremus,
2580 732 2637 776 ut
2675 721 2791 791 ejus
2831 719 3167 775 orationibus
3208 718 3398 787 adjuti,
3433 717 3484 772 in
3516 717 3771 773 omnibus

2178 818 2600 873 misericordiam
2636 816 2725 870 Dei
2756 830 3081 870 mereamur.

2615 908 2849 965 SERMO
2893 908 3003 963 xw
3049 906 3154 980 [Αι.
3188 904 3329 978 xv].

2510 1003 2587 1057 De
2635 1003 2851 1075 Jejunio
2900 1003 3079 1056 decimi
3132 1001 3319 1055 mensis
3369 998 3428 1056 V.

2179 1096 2452 1153 Svuorsts.
2472 1127 2541 1138 —
2568 1096 2608 1150 1.
2641 1097 2828 1152 Divites
2847 1107 2892 1149 et
2915 1095 3024 1149 Deo
3041 1097 3235 1169 gratias
3255 1104 3432 1163 agant,
3460 1093 3547 1169 qui
3567 1109 3681 1163 opes
3700 1093 3779 1147 eis

2250 1170 2505 1239 largitur,
2549 1178 2595 1222 et
2641 1170 2732 1221 has
2780 1184 2897 1220 cum
2935 1166 3245 1239 pauperibus
3280 1166 3674 1239 communicent:
3704 1191 3779 1204 —-

2257 1234 2457 1298 "(Cur
2488 1234 2775 1293 institutum
2815 1234 2995 1293 decimi
3040 1239 3227 1291 mensis
3258 1238 3537 1309 jejunium_.
3580 1234 3783 1309 Eﬂicaa:

2252 1312 2436 1369 oratio.
2461 1312 2541 1364 cui
2569 1314 2891 1381 elecmoayna
2913 1305 3345 1378 suﬂ'ragoturfé
3371 1307 3466 1381 lll.
3483 1305 3773 1381 Htegreiicos

2257 1382 2463 1436 diabolo
2492 1384 2559 1435 ad
2595 1376 2992 1452 corrunipendos
3024 1376 3199 1452 ﬁdeles
3224 1379 3468 1452 famulari
3505 1379 3597 1452 sub
3628 1376 3784 1431 Chri-

2256 1454 2421 1507 stiano
2472 1454 2690 1507 nomine.
2723 1450 2907 1504 -·ιν.
2960 1450 3363 1505 Manio/urorum
3405 1450 3613 1502 heresis
3660 1465 3780 1501 ont-

2254 1526 2398 1577 nium
2422 1524 2655 1577 sordium
2677 1526 2895 1578 sentina.
2924 1523 3061 1587 Quid
3083 1523 3133 1575 in
3163 1538 3246 1575 eos
3268 1520 3373 1576 Leo
3394 1524 3546 1591 gessit
3576 1519 3779 1574 Roma.

2253 1625 2325 1635 ——
2349 1595 2413 1648 V.
2446 1595 2664 1648 Eosdem
2702 1600 2898 1649 esseet
2939 1594 3327 1665 fugiendos,'et
3368 1592 3675 1665 prodenda}.
3706 1620 3787 1632 —

2258 1666 2342 1719 Vl.
2378 1665 2501 1719 Zeto
2522 1669 2765 1720 adversus
2783 1662 3045 1719 hwreticos
3062 1668 3307 1734 gratiores
3324 1665 3433 1734 ﬁeri
3452 1664 3593 1734 apud
3610 1662 3785 1719 Deum

2208 1798 2211 1801 μ
2258 1740 2533 1806 orationes,
2555 1739 2783 1810 jejunio,
2811 1747 2858 1791 et
2889 1736 3261 1807 eleemosynas.
3328 1782 3331 1787 ,

2254 1850 2385 1906 Car.
2423 1852 2461 1905 Ι.
2493 1882 2562 1892 -
2592 1850 2905 1905 Sublimitas
2932 1851 3173 1921 quidem,
3201 1849 3561 1917 dilectissimi,
3592 1849 3790 1920 gratia:

2186 1944 2281 1998 Dei
2308 1945 2407 1999 hoc
2428 1946 2668 2015 quotidie
2686 1953 2938 2012 operatur
2958 1944 3011 1999 in
3032 1944 3287 2000 cordibus
3307 1942 3418 2015 ﬁs
3436 1942 3788 2009 Christianis,

2186 2047 2245 2093 ut
2272 2054 2431 2093 omne
2459 2038 2789 2095 desiderium
2842 2047 3087 2093 nostrum
3116 2053 3149 2092 a
3181 2048 3412 2094 terrenis
3440 2037 3507 2093 ad
3538 2036 3792 2093 coalestia

2188 2134 2559 2187 transferatur.
2613 2131 2717 2187 Sed
2749 2132 2910 2187 etiam
2957 2146 3194 2201 praesens
3235 2130 3343 2185 vita
3389 2145 3483 2199 per
3509 2126 3794 2184 Creatoris

2186 2240 2344 2295 opem
2376 2225 2614 2291 ducitur,
2639 2234 2694 2281 et
2725 2240 2818 2295 per
2841 2223 3011 2294 ipsius
3035 2223 3424 2294 providentiam
3451 2222 3788 2277 sustinetur:

2187 2316 2312 2385 quia
2344 2316 2483 2371 ldem
2513 2325 2597 2371 est
2647 2317 2869 2385 largitor
2897 2316 3297 2384 temporalium,
3352 2314 3445 2385 qui
3488 2313 3797 2384 promissor

2188 2418 2274 2463 est
2300 2420 2653 2464 aeternorum.
2699 2411 2850 2464 Sicut
2876 2419 2900 2457 II
2941 2423 3073 2478 ergo
3109 2424 3206 2479 spe
3248 2408 3443 2463 futura:
3490 2407 3792 2479 felicitatis,

2188 2502 2256 2556 ad
2288 2518 2447 2573 quam
2482 2518 2579 2573 per
2606 2502 2763 2557 fidem
2790 2502 3080 2567 currimus,
3124 2502 3327 2572 gratias
3363 2501 3475 2557 Deo
3502 2516 3661 2572 agere
3684 2501 3792 2556 de-

2190 2593 2381 2649 bemus
2421 2595 2564 2662 quod
2612 2595 2678 2649 ad
2732 2597 3132 2665 perceptionem
3182 2605 3344 2649 tantae
3374 2594 3792 2665 prmparationis

2191 2686 2493 2752 eVebimur,
2540 2690 2612 2741 ita
2643 2702 2743 2757 pro
2772 2689 2836 2741 iis
2863 2703 3075 2757 quoque
3110 2686 3408 2741 commodis
3437 2702 3556 2757 qua
3598 2688 3792 2757 singu-

2193 2781 2369 2835 lorum
2417 2796 2680 2837 annorum
2726 2782 3062 2837 revolutioue
3102 2781 3517 2851 consequimur,
3567 2780 3714 2838 Deus
3756 2798 3795 2839 ε

2192 2874 2350 2928 nobis
2381 2870 2409 2911 ιι
2450 2872 2799 2929 honorandus
2828 2884 2987 2944 atque
3013 2875 3314 2929 laudandus
3339 2881 3443 2942 est,
3466 2875 3557 2944 qui
3580 2876 3660 2931 sic
3684 2884 3795 2930 ter-

2191 2982 2268 3022 ra:
2314 2966 2699 3022 fecunditatem
2750 2967 2818 3021 ab
2866 2968 3019 3023 initio
3059 2967 3229 3033 dedit,
3282 2968 3360 3023 sic
3406 2968 3793 3038 pariendorum

2192 3059 2461 3116 fructuum
2493 3060 2638 3131 leges
2666 3066 2716 3114 in
2736 3060 3035 3131 quibusque
3056 3061 3392 3131 germiuibus
3410 3070 3465 3116 et
3485 3062 3793 3117 seminibus

2194 3154 2484 3217 ordinavit,
2519 3164 2575 3208 ut
2606 3170 2895 3225 numquam
2927 3169 3021 3219 sua
3066 3154 3308 3209 instituta
3346 3155 3646 3220 desereret,
3684 3154 3793 3211 sed

491 3250 796 3319 repellunt,
846 3248 1155 3316 superbiam
1197 3246 1491 3311 inclinant,
1543 3247 1675 3299 iram
1718 3247 1984 3316 mitigant,
2035 3256 2088 3301 et
2116 3226 2162 3289 C
2196 3250 2247 3302 in
2279 3248 2441 3302 rebus
2486 3248 2716 3303 conditis
2764 3248 2989 3319 benigna
3035 3247 3345 3302 Conditoris
3392 3248 3795 3303 administratio

493 3357 683 3398 omnes
702 3341 857 3395 bonze
877 3340 1170 3393 voluntatis
1197 3337 1421 3392 allectus
1443 3337 1508 3390 ad
1533 3337 1894 3391 maturitatem
1922 3339 2089 3392 totius

493 3434 709 3491 virtutis
738 3435 1051 3496 enutriunt;
1100 3433 1143 3486 si
1181 3440 1359 3485 tamen
1388 3431 1440 3484 in
1473 3432 1783 3485 societatem
1812 3440 1835 3467 ο
1865 3430 1966 3484 sibi
1998 3432 2091 3486 be-

496 3529 856 3584 nevolentiam
887 3526 1167 3581 cbaritatis
1198 3534 1497 3589 assumant,
1533 3534 1587 3579 et
1619 3542 1671 3579 tn
1703 3526 1960 3593 operibus
1993 3526 2092 3580 mi-

496 3619 807 3675 sericordiae
842 3632 901 3672 se
943 3617 1236 3686 prudenter
1282 3626 1590 3671 exerceant.
1627 3616 1897 3687 Jejunium
1943 3616 2088 3671 enim

496 3714 969 3783 siueeleemosyna
991 3725 1095 3765 non
1116 3720 1222 3763 tam
1246 3714 1489 3779 purgatio
1512 3710 1705 3764 anima:
1728 3726 1885 3780 quam
1912 3708 2091 3764 carnis

497 3806 717 3860 afﬂictio
740 3814 854 3869 est;
901 3804 1178 3873 magisque
1211 3802 1279 3855 ad
1316 3804 1594 3856 avaritiam
1627 3818 1785 3872 quam
1816 3805 1881 3857 ad
1913 3804 2088 3855 conti-

498 3898 736 3953 nentiam
782 3896 1122 3951 referendum
1170 3904 1274 3960 est,
1318 3895 1533 3965 quando
1563 3895 1757 3962 aliquis
1811 3894 1889 3949 sic
1918 3912 1943 3944 a
1969 3893 2091 3947 cibo

497 3992 752 4055 abstinet,
780 4001 835 4043 ut
857 3991 1018 4045 etiam
1050 3986 1067 4025 ί
1102 4005 1128 4040 a
1164 3988 1363 4057 pietate
1379 3987 1611 4057 jejuuet.
1644 3987 1833 4041 Nostra
1858 4002 1986 4057 ergo
2008 3985 2093 4054 je-

495 4084 667 4154 junia,
701 4081 1059 4144 dilectissimi,
1104 4080 1382 4135 abundent
1424 4080 1686 4134 fructibus
1720 4079 2007 4148 largitatis,
2035 4086 2092 4133 et

497 4179 552 4233 in
584 4194 845 4249 pauperes
867 4179 1061 4232 Christi
1096 4178 1339 4247 benignis
1367 4177 1473 4229 sint
1503 4176 1727 4230 fecunda
1754 4174 2086 4230 muneribus.

497 4274 607 4329 Nec
634 4274 916 4329 tardentur
946 4273 996 4326 in
1028 4272 1130 4326 hoc
1170 4287 1335 4341 opere
1366 4270 1689 4335 mediocres,
1735 4272 1858 4340 quia
1899 4285 2089 4341 parum

496 4369 566 4421 sit
597 4368 740 4434 quod
774 4367 981 4438 possint
1020 4366 1089 4421 dc
1128 4383 1221 4419 sua
1267 4366 1525 4420 facultate
1566 4365 1877 4431 decerpere.
1933 4363 2093 4417 Novit

498 4459 760 4514 Dominus
799 4462 1038 4513 omnium
1070 4460 1231 4525 vires,
1278 4468 1331 4512 et
1373 4458 1474 4511 scit
1510 4457 1686 4525 justus
1719 4458 1993 4525 inspector
2024 4455 2092 4509 de

496 4566 601 4620 qua
625 4566 876 4606 mensura
901 4555 1128 4621 quisque
1146 4551 1268 4619 quid
1300 4550 1519 4603 tribuat.
1553 4550 1850 4603 Dissimiles
1872 4548 2087 4616 quidem

2195 3355 2560 3415 permaneret.
2599 3344 2864 3412 Quidquid
2900 3358 3029 3415 ergo
3066 3343 3131 3397 ad
3163 3358 3290 3399 usus
3322 3343 3596 3399 hominum
3626 3359 3794 3414 sege-

2194 3446 2295 3499 tes,
2324 3440 2512 3500 vineae,
2553 3438 2791 3505 oleaeque
2820 3436 2835 3473 ί
2875 3437 3208 3505 pepererint,
3256 3444 3423 3492 totum
3458 3436 3561 3491 hoc
3587 3436 3793 3492 divina:

2192 3530 2446 3584 bonitatis
2478 3529 2725 3599 largitate
2753 3528 3001 3593 proﬂuxit
3030 3546 3045 3581 :
3074 3544 3215 3599 quae,
3248 3528 3641 3584 elementorum
3662 3544 3795 3599 qua-

2196 3624 2347 3677 litate
2380 3623 2605 3680 variata.
2637 3621 2833 3676 dubios
2862 3622 3217 3691 agricolarum
3250 3622 3461 3675 labores
3489 3620 3796 3676 clementer

2194 3715 2420 3782 adjuvit,
2452 3724 2510 3769 ut
2532 3714 2850 3768 utilitatibus
2884 3715 3082 3768 nostris
3109 3713 3254 3768 venti
3272 3724 3327 3768 et
3348 3712 3568 3779 imbres,
3590 3712 3795 3783 frigora

2192 3818 2247 3862 et
2276 3817 2460 3873 aestus,
2488 3808 2604 3861 dies
2637 3818 2932 3877 nocteque
2958 3810 3248 3862 servirent.
3281 3805 3393 3860 Non
3421 3807 3563 3859 enim
3588 3805 3693 3861 sibi
3722 3805 3795 3860 ad

2192 3899 2415 3955 ellvctus
2436 3915 2658 3967 operum
2682 3916 2903 3954 suorum
2935 3900 3165 3953 humana
3192 3900 3331 3953 ratio
3357 3898 3651 3963 sufﬁceret,
3683 3898 3795 3953 nisi

2194 3990 2615 4061 plantationihus
2636 4002 2686 4045 et
2708 3991 3059 4059 rigzttionibus
3085 3990 3260 4046 solitis
3276 3990 3416 4044 Deus
3447 3992 3787 4045 incrementa

2195 4087 2483 4155 praeberet.
2514 4083 2666 4140 Unde
2690 4084 2904 4152 plenum
2935 4083 3152 4152 pietatis
3176 4093 3334 4151 atque
3351 4082 3572 4149 Ῑυςιίιίω
3594 4088 3697 4145 est,
3723 4090 3791 4136 ut.

2193 4177 2261 4233 de
2289 4177 2371 4233 bis
2399 4194 2516 4247 quae
2552 4178 2705 4232 nobis
2731 4177 2969 4233 caelestis
3003 4176 3160 4231 Pater
3189 4172 3614 4230 misericorditer
3647 4187 3792 4229 con~

2194 4273 2337 4335 tulit,
2392 4288 2490 4326 nos
2518 4286 2732 4341 quoque
2758 4269 2895 4324 alios
2942 4268 3277 4335 adjuvemus.
3318 4263 3458 4323 Sunt
3488 4265 3631 4321 enim
3663 4264 3789 4335 plu-

2194 4364 2315 4420 rimi
2356 4364 2444 4434 qui
2484 4365 2687 4418 nullam
2729 4364 2780 4417 in
2809 4364 2972 4434 agris,
3017 4363 3216 4417 nullam
3244 4362 3297 4416 in
3337 4360 3532 4425 vineis,
3584 4359 3793 4414 nullam

2196 4457 2393 4509 habent
2418 4456 2469 4507 in
2495 4456 2628 4509 oleis
2651 4456 2975 4523 portiOuem,
2997 4468 3222 4522 quorum
3250 4450 3446 4523 inopia:
3464 4449 3533 4505 de
3546 4464 3606 4504 ea
3622 4464 3794 4519 quam

2199 4547 2459 4600 Dominus
2487 4546 2637 4600 dedit
2656 4546 2808 4615 copia
2832 4544 3223 4599 consulendum
3248 4551 3363 4605 est;
3396 4550 3455 4596 ut
3479 4551 3534 4597 et
3560 4540 3659 4610 ipsi
3687 4554 3796 4594 uo-

495 4643 833 4706 substantiae,
868 4644 1069 4697 similes
1099 4642 1435 4711 erogationes
1464 4642 1664 4695 habt-re
1694 4659 1796 4695 non
1834 4651 2083 4709 possunt:
2124 4610 2169 4670 θ
2197 4642 2401 4694 biscum
2448 4638 2559 4692 Deo
2614 4653 2709 4707 pro
2760 4649 2917 4692 terra:
2968 4635 3299 4692 fecunditate
3338 4633 3682 4697 benedicant,
3733 4638 3795 4685 et

497 4736 592 4791 sed
619 4745 860 4805 aequatur
888 4736 1202 4805 plerumque
1249 4738 1461 4799 merito,
1513 4736 1654 4804 quod
1688 4736 1849 4789 distat
1882 4738 2087 4804 impen—

496 4829 625 4884 dio:
656 4830 778 4898 quia
813 4837 989 4899 potest
1019 4843 1140 4885 esse
1172 4844 1267 4898 par
1304 4829 1536 4898 animus,
1586 4830 1747 4883 etiam
1788 4828 1875 4882 ubi
1914 4830 2089 4898 impar

568 5021 596 5049 ε
629 5011 701 5068 Ita
742 5026 873 5067 mss.
905 5009 1010 5065 duo
1041 5008 1162 5065 Vat.
1204 5018 1258 5064 et
1284 5008 1342 5064 S.
1376 5007 1542 5077 Petri,
1586 5022 1649 5064 ac
1679 5008 1848 5079 prima
1891 5008 2082 5064 editio.

498 5086 667 5147 Alias,
697 5084 892 5138 ordine.

569 5157 597 5196 δ
626 5156 858 5209 Verbum
887 5169 995 5207 esse
1028 5168 1056 5207 a
1089 5152 1382 5219 Quesnello
1412 5152 1551 5207 sicut
1580 5162 1628 5206 et
1664 5151 1715 5205 in
1749 5168 1852 5206 ms.
1882 5151 2078 5204 Padili-

496 5244 618 5284 ron.
649 5236 974 5293 expunctum
1003 5240 1073 5279 ex
1095 5224 1305 5279 caeteris
1326 5224 1575 5277 omnibus
1598 5224 1755 5277 CdIilS
1781 5223 2083 5289 nostrisque

495 5299 772 5356 codicibus
804 5299 1192 5351 revocavimus.
1223 5296 1286 5349 Et
1312 5306 1429 5364 post
1453 5311 1620 5365 pauca
1653 5309 1754 5348 ms.
1778 5294 1938 5358 Bott.,
1970 5310 2085 5347 cor-

496 5389 679 5445 porum
707 5370 981 5445 animique.

574 5456 595 5483 ο
633 5436 1003 5505 Restituimus,
1038 5438 1230 5508 Diliges
1246 5436 1521 5492 Dominum
1542 5436 1702 5493 Deum
1730 5446 1873 5491 tuum
1896 5454 1958 5491 ex
1978 5446 2080 5491 toto

497 5517 651 5571 corde
688 5527 777 5569 tuo
815 5528 881 5567 ex
911 5526 1039 5563 mss.
1082 5510 1294 5564 collect.
1337 5511 1390 5575 Ξ),
1438 5526 1503 5563 Px
1544 5509 1664 5563 Cod.
1704 5510 1973 5564 Padiliron
2028 5518 2084 5564 et

499 5589 638 5641 libro
661 5584 1000 5640 Lectiunariu
1020 5582 1078 5638 S.
1096 5580 1259 5647 Petri,
1290 5583 1375 5649 qui
1401 5594 1709 5651 postremus
1736 5581 1872 5635 infra
1899 5581 2080 5643 liabet,

496 5661 720 5712 aliorum
751 5661 1112 5709 mandatorum
1142 5670 1235 5723 pro
1262 5654 1438 5706 talium
1468 5652 1863 5719 mandatorum;
1894 5665 1947 5706 et
1968 5668 2083 5705 era-

498 5739 679 5783 cuatur
707 5745 800 5796 pro
830 5738 1096 5780 vacuatur.
1790 5758 1793 5761 .

570 5803 593 5835 ι¹
626 5799 701 5854 lta
731 5816 798 5854 ex
821 5798 979 5853 codd.
1014 5798 1071 5854 S.
1106 5796 1249 5852 Petri
1274 5803 1328 5850 et
1360 5796 1681 5861 Padtliron.,
1714 5813 1742 5850 a
1769 5797 1961 5867 quibus
1990 5812 2082 5866 pa-

498 5887 616 5930 rum
648 5872 796 5927 abest
836 5870 1174 5938 Quesnellus,
1217 5868 1551 5940 omnibusque
1580 5869 1752 5924 diebus
1782 5872 1897 5924 rittr
1925 5869 2080 5940 hujus

2196 4734 2465 4806 gaudeant
2516 4733 2919 4805 possidentibus
2962 4732 3128 4787 fuisse
3170 4730 3399 4797 donata,
3448 4742 3569 4799 quas
3618 4722 3790 4780 etiam

2196 4830 2524 4900 pauperibus
2570 4842 2632 4881 ac
2683 4827 2981 4897 peregrinis
3028 4824 3227 4881 fuerint
3272 4823 3411 4878 facta
3454 4817 3784 4878 communia.

2186 5005 2380 5062 strculi.
2416 5005 2635 5061 Caeterre
2674 5003 2963 5069 editiones,
2999 5002 3238 5072 omnique
3263 4999 3368 5054 vita
3396 4999 3551 5072 hujus
3579 4997 3792 5072 stecttli.

2187 5079 2444 5132 Similiter
2489 5078 2611 5132 libri
2654 5077 2869 5130 collect.
2900 5068 3018 5128 Aet
3045 5071 3099 5139 5,
3152 5072 3242 5142 qui
3280 5068 3474 5127 solum'
3498 5086 3593 5142 pro
3621 5068 3790 5141 hujus

2190 5150 2387 5203 habent
2418 5150 2587 5204 istius.

2262 5231 2284 5258 θ
2322 5223 2426 5282 AL,
2463 5236 2632 5273 suam.
2668 5219 2937 5286 QUEsNEL.

2264 5290 2283 5329 τ
2318 5281 2557 5345 Sicmss
2588 5294 2644 5343 Β.
2672 5281 2814 5343 Ft-tri
2846 5300 2898 5341 et
2936 5284 3229 5341 Padiliron.
3253 5281 3596 5351 Quesnellus.
3616 5281 3793 5407 agie—
3846 5288 3853 5295 ‘

2265 5381 2291 5407 ρ
2313 5380 2366 5407 an
2386 5365 2629 5407 subdurnt
2688 5362 2783 5407 Alii
2810 5358 2938 5407 milli
2961 5372 3082 5407 cum
3106 5356 3498 5407 codd.collect.
3519 5355 3555 5407 ὦ
3584 5362 3641 5407 et
3704 5392 3720 5407 .
3750 5370 3787 5407 a

2188 5373 2291 5417 tate
2313 5380 2366 5417 se
2386 5365 2629 5416 subducat
2688 5362 2785 5415 Alii
2810 5358 2939 5414 editi
2961 5372 3082 5412 cum
3106 5356 3265 5411 codd.
3280 5356 3498 5411 collect.
3519 5355 3555 5410 ιι
3584 5362 3641 5410 et
3662 5355 3720 5419 5,
3750 5370 3787 5409 a

2189 5438 2376 5509 pietate
2408 5440 2676 5509 abstineat.

2264 5516 2288 5553 ε
2324 5506 2471 5559 Enim
2504 5524 2597 5575 pro
2625 5520 2744 5576 ergo
2774 5512 2887 5556 erat
2918 5500 2978 5576 in
3001 5498 3157 5576 editis
3180 5506 3303 5552 ante
3330 5495 3705 5566 Quesnellum.

2260 5577 2287 5613 δ
2316 5579 2449 5633 Cod.
2473 5573 2529 5633 ς.
2564 5573 2724 5637 Petri,
2757 5573 3201 5641 honoriﬁcandus.

2268 5647 2284 5685 ί
2321 5650 2462 5703 Idem
2495 5666 2621 5714 ms.,
2650 5634 2984 5718 peperci-nni;
3008 5653 3060 5695 et
3090 5642 3223 5718 inira
3252 5639 3390 5718 idem
3414 5638 3581 5718 cades
3602 5634 3763 5718 S_.Po

2191 5724 2257 5776 tri
2289 5737 2334 5776 et
2364 5723 2497 5773 altus
2528 5711 2729 5773 B-tuou.
2765 5732 2826 5767 ac
2856 5716 3021 5779 prima
3050 5713 3237 5767 editio.
3270 5713 3424 5763 nubes
3448 5725 3541 5774 pro
3562 5711 3790 5773 imbres;

2190 5808 2242 5849 et
2268 5805 2387 5856 post
2415 5789 3019 5861 pauca,vegetotionibus
3043 5799 3140 5855 pro
3156 5783 3493 5854 rigationibus
3520 5780 3629 5833 duo
3650 5794 3790 5832 mss.

2192 5866 2363 5923 Vatic.
2388 5874 2444 5920 et
2465 5865 2637 5934 prima
2665 5861 2853 5917 editio.

3310 5959 3343 5977 υ
