3994 6354
227 404 323 463 I77

1661 419 1894 478 SERMO
1934 421 2071 481 XVI.

3408 435 3513 495 178

225 522 372 582 Felix
401 536 486 583 est
514 527 648 584 illud
676 531 959 598 horreum,
989 539 1043 586 et
1072 531 1313 586 omnium
1344 531 1614 589 fructuum
1640 535 1813 589 multi-
1839 540 1895 599 Α
1918 553 2010 605 vn,
2046 539 2146 611 15)
2172 560 2184 595 :
2209 541 2331 611 quia
2364 557 2471 598 non
2509 552 2735 614 possent
2776 558 2931 600 veras
2963 554 3020 601 et
3056 546 3334 618 simplices
3378 564 3511 608 oves

219 621 502 692 plicatione
532 621 931 693 dignissimum.
960 624 1029 680 de
1047 639 1156 696 quo
1177 628 1446 696 egentium
1471 639 1522 683 et
1551 628 1807 683 debilium

218 724 485 770 saturatur
515 718 751 783 esuries,
784 726 809 755 ⁸
854 718 924 772 de
952 734 1058 788 quo
1095 720 1365 773 relevatur
1405 722 1671 792 peregrini
1711 738 1805 777 ne-

217 810 453 873 ceSsitas,
507 810 578 865 de
623 825 732 881 quo
770 810 1098 867 desiderium
1142 812 1358 866 fovetur
1403 813 1620 869 inﬁrmi.
1662 815 1811 881 Quos

217 906 327 957 ideo
358 904 463 957 Sub
494 904 730 959 diversis
762 904 1023 960 molestiis
1048 906 1252 974 jnstilia
1288 905 1382 961 Dei
1411 906 1660 962 laborare
1689 924 1807 976 per-

217 998 376 1059 misit,
413 1005 471 1051 ut
513 1008 568 1053 et
605 999 836 1053 miseros
874 1015 969 1064 pro
1017 1000 1293 1069 patientia,
1344 1007 1400 1053 et
1428 1001 1806 1056 misericordes

216 1106 302 1161 pro
327 1090 710 1145 benevolentia
736 1101 1045 1147 coronaret.

274 1182 400 1237 Car.
438 1182 503 1237 ll.
535 1214 607 1225 —
640 1184 774 1238 Huic
822 1193 999 1239 autem
1049 1184 1223 1253 operi,
1266 1183 1638 1243 dilectissimi.
1682 1200 1802 1239 cum

214 1277 382 1329 omnia
424 1286 732 1345 opportuna
775 1277 883 1331 siut
914 1288 1179 1346 tempora,
1226 1277 1327 1331 hoc
1364 1294 1506 1332 nunc
1538 1281 1804 1347 praecipue

213 1383 383 1433 apium
433 1378 521 1421 est
567 1377 730 1433 atque
769 1369 1117 1434 conveniens,
1170 1368 1223 1421 in
1269 1382 1375 1438 quo
1407 1369 1577 1423 sancti
1622 1379 1802 1436 patres

209 1460 371 1515 nostri
400 1458 667 1515 divinitus
705 1459 951 1529 inspirati
982 1459 1177 1514 decimi
1222 1462 1423 1515 mensis
1472 1475 1701 1515 sanxere
1722 1462 1802 1529 je-

205 1553 429 1623 juniutn,
475 1568 538 1607 ut
577 1555 816 1607 omnium
863 1552 1130 1607 fructuum
1172 1554 1492 1607 collectione
1521 1556 1796 1619 conclusa,

211 1644 545 1699 rationabilis
574 1645 684 1699 Deo
702 1645 1052 1712 abstinentia,
1077 1644 1367 1703 dicaretur.
1386 1656 1440 1699 et
1468 1648 1799 1700 meminisset

206 1740 423 1809 quisque
454 1742 529 1792 ita
557 1742 629 1793 ιιιὶ
676 1738 1027 1805 abundantia,
1078 1753 1131 1793 ut
1175 1750 1228 1793 et
1258 1744 1398 1794 circa
1430 1754 1489 1794 se
1520 1741 1799 1795 abstinen-

203 1834 315 1896 tior,
352 1843 408 1886 et
435 1832 585 1888 circa
629 1848 893 1903 pauperes
936 1842 1085 1889 esset
1117 1832 1360 1887 effusior.
1406 1831 1796 1887 Efﬁcacissitna

1914 631 2126 699 fallere,
2160 635 2261 689 nisi
2291 635 2490 691 Christi
2518 640 2740 695 nomine
2769 648 3015 709 tegerent
3058 643 3266 699 rabiem
3308 644 3506 701 bestia-

1913 724 2041 778 lem.
2073 724 2128 778 In
2163 725 2229 779 iis
2256 738 2434 780 autem
2468 730 2720 785 omnibus
2752 744 3012 801 operatur
3047 743 3068 771 ε
3102 733 3196 788 ille
3237 736 3350 806 qui,
3382 751 3506 791 cum

1912 817 1981 870 sit
2012 834 2153 872 verm.
2180 819 2587 875 illttminationis
2615 822 2892 890 inimicus,
2926 824 2980 879 in
3003 826 3138 879 lucis
3167 842 3225 881 se
3252 828 3507 896 angelum

1912 912 2282 982 transfigurat.
2336 914 2510 982 Huius
2559 926 2674 970 arte
2719 916 3004 985 Basilides,
3059 919 3216 988 hujus
3264 920 3504 977 Marcion

1910 1003 2069 1058 callet
2099 1003 2333 1068 ingenio.
2372 1008 2473 1061 hoc
2498 1006 2635 1061 duce
2656 1009 2834 1078 agitur
2855 1008 3147 1075 Sabellius,
3182 1010 3284 1065 hoc
3315 1013 3508 1080 pra-ci-

1911 1095 2117 1164 pitatu;
2150 1107 2363 1150 recnire
2410 1096 2700 1163 Photinus,
2736 1099 2892 1167 hujus
2925 1102 3179 1169 potestati
3211 1104 3507 1157 famulatur

1911 1187 2093 1255 Arius,
2140 1191 2297 1256 hujus
2336 1191 2549 1259 Spiritui
2581 1191 2749 1246 servit
2777 1192 3101 1259 Ennomius;
3135 1204 3241 1249 tota
3272 1195 3508 1265 denique

1906 1278 1931 1316 ά
1965 1282 2255 1335 bestiarum
2291 1285 2476 1337 talium
2520 1283 2721 1338 cohors
2754 1285 2855 1339 hoc
2886 1285 3115 1353 praeside
3144 1289 3212 1340 ab
3246 1287 3505 1345 Eet-Iesiaz

1908 1376 2111 1449 unitate
2143 1374 2414 1441 discessit,
2448 1376 2547 1429 hoc
2581 1375 2841 1446 magistro
2861 1392 2893 1431 a
2916 1379 3146 1433 veritate
3175 1378 3425 1434 descivit.

1976 1463 2104 1519 CAP.
2149 1466 2459 1521 IV.—Sed
2506 1483 2627 1522 eum
2679 1469 2730 1523 in
2780 1470 2994 1524 cunctis
3055 1471 3505 1539 perversitatibus

1907 1556 2299 1612 multiformem
2328 1566 2511 1613 tenent
2542 1560 2925 1629 principatum,
2968 1576 3148 1616 arcem
3182 1572 3357 1617 tamen
3399 1565 3504 1620 sibi

1903 1649 1957 1703 in
1988 1650 2403 1707 Manichaeorum
2433 1655 2630 1707 struxit
2660 1654 2889 1721 insania,
2916 1668 2969 1710 et
2991 1654 3312 1711 latissimam
3342 1657 3394 1712 itt
3422 1659 3503 1714 eis

1902 1744 2105 1809 aulam,
2146 1744 2199 1798 in
2242 1761 2346 1815 qua
2380 1762 2439 1800 se
2480 1749 2840 1801 exsultantius
2858 1748 3108 1817 jactaret,
3142 1749 3379 1816 invenit;
3411 1751 3502 1806 ubi

1903 1852 2009 1890 non
2040 1838 2196 1891 unius
2221 1837 2495 1902 pravitatis
2521 1839 2629 1910 50
2656 1838 2917 1909 speciem,
2948 1841 3043 1894 sed
3071 1841 3310 1894 omnium
3338 1842 3501 1896 simul

202 1928 335 1980 enim
371 1942 473 1995 pro
506 1928 747 1995 peccatis
776 1928 1089 1997 deprecatio
1118 1938 1200 1981 est
1240 1926 1293 1981 in
1326 1928 1685 1987 eleeuiosvnis
1716 1940 1797 1981 :tt-
1826 1934 1874 1995 Β
1902 1946 2147 1986 errorum
2182 1930 2631 1999 impietatuinque
2654 1936 2943 1985 mixturam
2968 1933 3293 2001 generaliter
3324 1935 3500 2001 possi-

200 2034 290 2087 que
313 2019 569 2088 jejuuiis.
599 2030 655 2075 et
681 2020 943 2075 velociter
968 2020 1033 2074 ad
1060 2020 1269 2074 divinas
1296 2022 1610 2075 conscendit
1640 2038 1798 2077 aures

186 2111 383 2165 ‘talibns
419 2110 537 2183 49
561 2114 737 2167 oratio
769 2114 980 2168 elevata
1019 2112 1309 2183 sutfragiis.
1343 2114 1627 2180 Quoniam.
1659 2116 1801 2169 sicut

196 2207 452 2271 scriptum
482 2219 591 2271 est,
620 2211 804 2263 animi:
818 2226 924 2265 sum
942 2210 1189 2281 benefacit
1219 2212 1297 2264 vir
1312 2212 1629 2281 misericors(
1643 2210 1793 2265 Prov.

193 2314 279 2361 ιιι.
310 2302 431 2369 i7),
487 2310 548 2354 et
596 2302 727 2355 nihil
762 2313 846 2356 est
895 2304 1319 2373 uniuscujusque
1369 2316 1473 2357 tam
1521 2306 1795 2373 proprium

192 2408 341 2459 quam
366 2392 522 2461 quod
550 2394 818 2463 impendit
846 2395 897 2449 in
930 2398 1255 2463 proximum.
1287 2398 1416 2451 Pars
1439 2401 1579 2452 enim
1603 2415 1794 2467 corpo-

190 2482 379 2539 ralium
411 2484 761 2551 facultatum,
789 2502 910 2557 quae
945 2488 1309 2556 indigentibus
1338 2492 1697 2558 ministratur,
1741 2495 1795 2547 in

191 2578 402 2632 divitias
437 2580 639 2634 transit
662 2591 916 2650 atteruas,
949 2592 1004 2637 et
1032 2584 1135 2637 illae
1165 2598 1297 2653 opes
1324 2584 1392 2638 de
1422 2584 1521 2637 hac
1548 2585 1794 2655 largitate

188 2672 496 2741 pariuntur,
531 2688 656 2740 qua:
684 2672 837 2728 nullo
868 2690 968 2728 usu
997 2674 1183 2735 minui.
1221 2675 1367 2730 nulla
1397 2686 1647 2745 poterunt
1674 2694 1795 2732 cor-

188 2766 438 2830 ruptione
466 2764 685 2818 violari.
734 2763 929 2819 Beati”
961 2783 1195 2838 namque
1234 2770 1625 2834 misericordes,
1666 2786 1795 2837 quo-

188 2857 317 2909 niam
362 2858 602 2928 ipsorum
634 2857 951 2912 miserebitur
985 2858 1125 2914 Deus
1152 2859 1363 2930 (Matth.
1399 2876 1451 2927 v,
1485 2863 1569 2931 7);
1603 2872 1657 2916 et
1681 2863 1794 2931 ipse

187 2952 280 3006 erit
310 2950 419 3004 illis
446 2965 665 3004 summa
700 2952 929 3021 praemii,
963 2952 1057 3024 qui
1089 2964 1171 3009 est
1204 2954 1372 3007 foima
1408 2956 1680 3023 praecepti.

248 3040 379 3096 Cn.
434 3042 775 3097 lll.—lnter
818 3045 933 3099 haec
972 3054 1174 3111 autem,
1209 3047 1578 3111 dilectissimi,
1622 3062 1792 3115 opera

186 3134 421 3204 pietatis,
452 3150 582 3205 quae
611 3150 710 3189 nos
744 3135 855 3190 Deo
883 3138 1055 3206 magis
1085 3141 1363 3206 magisque
1388 3139 1791 3202 commendant,

188 3226 405 3281 dubium
437 3243 552 3281 non
585 3238 671 3282 est
694 3228 823 3295 quin
855 3228 1027 3282 hostis
1061 3239 1266 3295 noster,
1304 3230 1530 3284 nocendi
1562 3230 1793 3297 copidns

1905 2025 2078 2079 deret.
2109 2023 2263 2091 Quod
2305 2025 2447 2078 enim
2475 2024 2525 2077 itt
2554 2025 2773 2095 paganis
2806 2024 3107 2091 profanum,
3150 2025 3292 2095 quod
3329 2027 3381 2080 in
3404 2026 3502 2081 Ju-

1903 2119 2037 2172 daeis
2057 2117 2365 2171 carnalibus
2388 2134 2616 2184 caecum,
2647 2116 2791 2187 quod
2817 2118 2869 2172 in
2894 2119 3124 2172 secretis
3156 2119 3380 2187 magica:
3411 2135 3502 2174 ar-

1906 2211 1973 2264 tis
1998 2212 2268 2276 illicitum,
2299 2212 2440 2280 quod
2470 2211 2705 2279 denique
2727 2212 2779 2265 in
2805 2212 3053 2267 omnibus
3080 2212 3377 2267 haeresibus
3405 2227 3498 2266 sa-

1901 2305 2161 2374 crilegum
2194 2314 2358 2374 atque
2396 2304 2772 2374 blasplieinum
2810 2315 2915 2369 est,
2948 2305 3048 2358 hoc
3078 2306 3129 2359 in
3161 2307 3313 2371 istos,
3342 2304 3499 2374 quasi

1900 2396 1954 2450 in
1985 2399 2254 2451 sentinam
2282 2396 2568 2467 quamdam
2595 2412 2717 2451 cum
2741 2396 2982 2451 omnium
3009 2396 3248 2452 sordium
3271 2412 3499 2452 concre-

1902 2490 2049 2545 tione
2092 2491 2377 2545 conﬂuxit.
2422 2488 2577 2545 Unde
2626 2492 2905 2546 universas
2946 2506 3136 2545 eorum
3187 2491 3496 2561 impietates

1899 2597 1964 2635 ac
2012 2581 2374 2650 turpitudines
2416 2596 2673 2635 enarrare
2727 2582 3048 2652 perlongum
3106 2592 3224 2647 est;
3274 2589 3495 2649 superat

1900 2674 2043 2728 enim
2091 2675 2379 2726 verborum
2425 2674 2635 2742 copiam
2682 2674 2969 2729 criminum
3017 2673 3324 2728 multitudo.
3359 2682 3381 2709 ο
3415 2672 3496 2727 Ex

1897 2763 2094 2833 quibus
2121 2763 2187 2817 ad
2212 2763 2556 2818 indicandum
2590 2779 2755 2830 pauca
2788 2763 3086 2829 sufﬁciunt,
3112 2774 3169 2817 ut
3195 2763 3263 2818 de
3286 2763 3351 2817 iis
3372 2778 3494 2832 quas

1898 2856 2202 2921 audieritis,
2225 2858 2387 2911 etiam
2414 2856 2501 2910 illa
2528 2872 2647 2927 qua:
2688 2857 2994 2911 verecunde
3030 2855 3495 2925 praetermittimus

1898 2950 2197 3006 aestimetis.
2249 2950 2322 3003 De
2366 2949 2535 3004 sacris
2564 2959 2742 3003 tamen
2778 2964 2989 3015 eorum,
3022 2965 3142 3019 qua:
3185 2948 3325 3015 apud
3371 2946 3494 3001 illos

1898 3054 2003 3100 tam
2050 3044 2286 3098 obscena
2320 3052 2446 3097 sunt
2489 3060 2651 3112 quam
2682 3042 2934 3109 nefanda,
2976 3043 3120 3113 quod
3154 3040 3494 3109 inquisitioni

1897 3147 2097 3191 nostra:
2126 3135 2387 3190 Dominus
2412 3134 2765 3189 manifeSIare
2786 3136 2977 3201 voluit,
3006 3150 3110 3189 non
3137 3144 3398 3198 tacemus,
3424 3147 3494 3187 ne

1896 3232 2178 3301 quisquam
2212 3240 2362 3299 putet
2394 3246 2490 3283 nos
2518 3230 2585 3284 de
2616 3230 2714 3283 hac
2752 3245 2811 3283 re
2841 3229 3017 3283 dubia:
3052 3227 3209 3283 fama;
3231 3237 3284 3281 et
3322 3229 3495 3281 incer-

187 3332 237 3375 et
266 3321 513 3391 peritus,
550 3321 859 3375 acrioribus
900 3322 1118 3375 invidia:
1150 3322 1388 3376 stimulis
1418 3322 1671 3377 incitetur
1697 3340 1709 3375 :
1735 3333 1793 3377 ut
1820 3330 1866 3393 ο
1903 3323 1969 3377 tis
1999 3321 2345 3390 opinionibus
2390 3322 2709 3375 credidisse.
2750 3320 3133 3375 Residentibus
3162 3319 3343 3388 itaque
3372 3332 3491 3373 me-

189 3428 316 3483 quos
348 3413 562 3482 apertis
591 3424 650 3467 et
678 3414 919 3468 cruentis
948 3414 1425 3477 persecutiOnibus
1464 3417 1790 3485 impugnare

186 3522 288 3559 non
317 3505 549 3569 sinitur,
576 3507 679 3560 sub
709 3506 841 3560 falsa
866 3508 1162 3562 Christiani
1186 3510 1420 3562 nominis
1454 3511 1792 3577 professione

186 3608 526 3669 corrumpat,
559 3598 775 3653 habens
808 3599 1097 3655 haereticos
1127 3600 1255 3656 buic
1280 3604 1429 3670 operi
1464 3606 1785 3669 servientes,

186 3706 313 3760 quos
346 3706 375 3743 a
416 3691 697 3745 catholica
731 3691 835 3745 fide
865 3692 1055 3747 devios
1094 3693 1308 3761 sibique
1340 3693 1613 3761 subjectos
1646 3693 1789 3747 mili-

186 3793 292 3837 tare
319 3786 375 3838 in
421 3785 630 3838 castris
660 3784 772 3837 suis
804 3785 906 3838 sub
948 3784 1179 3839 diversis
1210 3785 1492 3840 erroribus
1536 3784 1620 3840 fec
1646 3796 1683 3839 t.
1724 3787 1789 3841 Et

183 3874 320 3928 sicut
350 3875 701 3943 decipiendis
732 3876 923 3944 primis
948 3876 1261 3930 hominibus
1296 3879 1661 3932 muniSIerintn
1684 3878 1786 3932 sibi

183 3971 455 4036 serpentis
501 3971 799 4036 assumpsit
827 3967 1050 4039 (Genet.
1088 3985 1173 4034 ιιι,
1210 3969 1301 4042 l),
1329 3970 1400 4023 ita
1437 3973 1629 4024 horum
1680 3971 1786 4025 lin-

183 4076 306 4129 guas
340 4061 408 4114 ad
442 4060 792 4115 seducendos
838 4069 1112 4115 rectorum
1145 4063 1377 4129 animos,
1418 4078 1633 4117 veneno
1673 4078 1787 4119 sua:

184 4152 436 4208 falsitatis
470 4155 729 4209 armavit.
772 4156 875 4209 Sed
905 4155 971 4208 iis
1003 4155 1239 4217 insidiis,
1285 4156 1649 4222 dilectissimi,
1685 4174 1784 4229 pa-

154 4238 362 4310 storali
388 4256 797 4320 sollicitudine.
820 4256 875 4310 in
898 4266 1158 4326 quantum
1186 4257 1445 4311 Dominus
1468 4260 1783 4325 auxiliatur,

182 4355 544 4410 occurrimus.
576 4355 642 4410 Et
668 4372 737 4410 ne
762 4355 890 4426 quid
913 4357 980 4411 de
1005 4368 1194 4411 sancto
1222 4374 1387 4429 grege
1414 4371 1618 4428 pereat,
1649 4376 1784 4427 prte-

179 4468 458 4525 eaventes,
498 4461 743 4525 paternis
765 4472 861 4513 vos
882 4459 1380 4514 denuntiatiOnibus
1405 4461 1779 4530 adtnoiiemns,

180 4570 236 4610 ut
254 4558 400 4613 labia
421 4559 613 4627 iniqua
636 4569 691 4613 et
714 4558 947 4629 linguam
971 4558 1235 4625 dolosam,
1266 4575 1293 4612 a
1323 4560 1518 4629 quibus
1544 4560 1779 4616 animam

178 4672 325 4712 suam
370 4658 646 4728 propheta
699 4657 915 4714 liberari
959 4660 1195 4729 postulat
1226 4659 1244 4733 (
1270 4660 1359 4714 Ps.
1390 4676 1535 4725 cxix,
1565 4662 1599 4715 2
1619 4662 1660 4731 ),
1686 4662 1779 4717 de-

179 4760 733 4828 clinetiszquoniam
789 4777 955 4813 sermo
1015 4762 1399 4827 eorum,sicut
1457 4764 1532 4816 ait
1591 4764 1782 4818 beatus

178 4861 503 4932 Apostolus,
529 4863 689 4933 serpit
713 4870 766 4915 ut
792 4878 971 4916 cancer
1000 4861 1065 4935 (ll
1092 4860 1226 4916 Tim.
1260 4878 1317 4927 ll,
1349 4863 1459 4933 Η).
1489 4864 1777 4920 liumiliter

177 4963 444 5033 irrepunt,
492 4962 696 5017 blande
739 4964 987 5033 capiunt,
1038 4964 1274 5018 molliter
1316 4963 1509 5033 ligant,
1544 4966 1777 5021 latenter

175 5066 454 5122 occidunt.
494 5064 715 5120 Veniunt
745 5067 901 5133 enim,
931 5065 1073 5121 sicut
1104 5067 1351 5121 Salvator
1377 5067 1649 5137 praedixit,
1682 5068 1778 5122 sub

175 5172 356 5225 restitit
392 5168 589 5235 ovium,
633 5169 768 5226 intus
810 5176 978 5225 autem
1004 5179 1124 5224 sunt
1152 5170 1263 5241 lupi
1306 5186 1517 5241 rapaces
1549 5169 1777 5241 (Matth.

242 5382 269 5411 ι
289 5370 373 5428 Ita
394 5386 585 5426 omnes
615 5371 780 5425 nostri
810 5370 1027 5426 codices
1048 5379 1103 5425 et
1124 5370 1251 5426 editi
1274 5378 1398 5423 ante
1416 5370 1765 5436 Quesnellum

174 5445 259 5567 aui
296 5445 484 5509 habet,
518 5445 583 5497 de
619 5460 722 5514 quo
758 5443 1009 5497 relevetur
1045 5444 1317 5496 necessitas
1358 5443 1763 5513 peregrinorum,

209 5533 236 5567 e
259 5532 366 5567 auo
395 5516 707 5567 desiderium
735 5515 935 5567 fovetur
958 5514 1304 5567 infirmorum.

209 5533 236 5568 e
259 5532 366 5585 quo
395 5516 707 5568 desiderium
733 5515 935 5585 fovetur
958 5514 1304 5582 infirmorum.

241 5587 268 5625 δ
315 5586 446 5641 Erat
472 5588 523 5639 in
554 5588 712 5641 editis
740 5598 865 5640 ante
893 5590 1119 5650 Qucum,
1144 5598 1310 5638 autem
1346 5600 1441 5653 pro
1468 5600 1706 5654 namque.

245 5668 268 5697 ε
309 5658 632 5712 Addidimus
663 5672 851 5712 vocem
883 5658 969 5710 ille
994 5673 1056 5711 ex
1086 5674 1187 5709 ms.
1219 5655 1277 5711 S.
1316 5655 1477 5711 Petri.

240 5726 269 5765 ἀ
442 5728 501 5781 S.
538 5730 701 5799 lLetri,
732 5730 913 5782 talium
940 5729 1153 5799 pestium
1186 5728 1391 5781 Cohors.

247 5809 272 5837 ⁸
316 5798 382 5852 Et
411 5815 508 5868 pro
539 5798 624 5854 Ea:
655 5794 1016 5869 lcgetutur'tn
1050 5799 1373 5851 ('d'limtibus
1416 5794 1675 5850 Rainandi
1714 5805 1768 5851 et

174 5872 470 5938 Quesnellt.
493 5868 837 5927 Cori-eximus
862 5887 925 5927 ex
954 5872 1153 5924 nostris
1175 5869 1453 5924 codicibus
1482 5876 1535 5921 et
1554 5868 1767 5923 cie-teris

178 5943 354 5999 editis.
383 5941 553 5999 Paulo
578 5953 699 6013 post
728 5958 829 6013 pro
862 5942 1190 6011 manifestare
1209 5984 1223 6012 ,
1258 5941 1392 5996 alias
1423 5940 1763 6009 manifestari.

1894 3434 2018 3473 eum
2045 3418 2312 3487 episcopis
2343 3431 2406 3471 ac
2448 3416 2806 3487 presbyteris.
2837 3430 2901 3469 ac
2938 3415 2989 3468 in
3023 3413 3271 3469 eumdem
3301 3411 3320 3450 ί
3353 3428 3490 3466 con-

1894 3528 2101 3569 seSsutn
2151 3511 2479 3565 Christianis
2526 3512 2657 3562 viris
2685 3524 2749 3562 ac
2779 3507 3055 3562 nobilibus
3102 3506 3445 3577 c0ngregatis
3470 3546 3488 3570 ,

1897 3605 2108 3659 Electos
2146 3612 2201 3657 ct
2244 3602 2458 3657 Electas
2498 3594 2685 3656 eorum
2714 3600 2977 3670 jussimus
3007 3600 3352 3669 praesentari.
3385 3598 3491 3664 Qui

1891 3713 2011 3753 cntn
2041 3698 2108 3752 de
2140 3695 2497 3764 perversitate
2527 3695 2793 3764 dogmatis
2822 3694 2928 3759 sui,
2956 3704 3009 3748 et
3041 3693 3109 3747 de
3134 3691 3487 3746 festivitatutn

1891 3805 2109 3843 suarum
2144 3787 2539 3841 consuetudine
2564 3789 2731 3839 multa
2756 3794 2780 3832 ε
2807 3793 3167 3849 reserassent,
3201 3782 3328 3837 illud
3355 3795 3489 3851 quo-

1890 3896 1995 3951 que
2025 3880 2225 3947 scelus,
2279 3878 2423 3948 quod
2466 3878 2641 3943 eloqui
2678 3877 3039 3931 verecundum
3072 3886 3174 3939 εει,
3228 3873 3487 3944 prodide-

1890 3980 2049 4037 runt,
2104 3972 2245 4040 qttod
2295 3979 2437 4025 tanta
2484 3969 2759 4039 diligentia
2816 3970 3205 4037 investigatum
3254 3977 3367 4033 est,
3427 3974 3490 4021 ut

1890 4064 2021 4119 nihil
2045 4061 2075 4100 ιι
2099 4064 2274 4116 minus
2298 4062 2552 4124 credulis.
2581 4062 2710 4115 nihil
2734 4060 3187 4115 obtrectatoribus
3219 4058 3489 4128 relinque-

1890 4166 2040 4213 retur
2069 4157 2399 4223 ambiguuin.
2439 4156 2681 4209 Aderant
2708 4155 2852 4209 enim
2877 4168 3067 4208 omnes
3098 4168 3363 4220 personae,
3391 4168 3487 4221 per

1889 4266 2024 4321 quas
2058 4247 2074 4286 ί
2111 4248 2389 4302 infandum
2432 4246 2636 4300 facinus
2679 4246 2853 4300 fuerat
2883 4255 3273 4314 perpetratum,
3306 4244 3487 4313 puclla

1889 4341 2096 4395 scilicet
2130 4347 2187 4392 ιιι
2215 4340 2440 4392 multum
2473 4338 2752 4402 decennis,
2794 4346 2850 4389 et
2877 4338 2999 4389 dine
3038 4334 3316 4399 mulieres,
3362 4348 3483 4401 quce

1886 4431 2057 4501 ipsam
2078 4429 2463 4493 nutrier:tnt,et
2484 4427 2607 4481 huic
2630 4429 2823 4481 sceleri
2855 4434 3245 4494 praepararant.
3273 4424 3482 4478 PrteSto

1888 4534 2005 4578 erat
2027 4525 2189 4577 etiam
2221 4521 2657 4576 adulescentulus
2681 4522 2898 4573 vitiator
2926 4519 3139 4587 puellae,
3168 4528 3223 4571 et
3260 4516 3479 4584 episco-

1887 4633 1985 4688 pus
2011 4619 2248 4687 ipsorum
2281 4615 2583 4669 detestandi
2616 4614 2857 4669 criminis
2888 4613 3187 4667 ordinator.
3217 4622 3231 4661 ι
3276 4611 3480 4665 Horum

1813 4728 1861 4787 D
1888 4714 2126 4766 omnium
2164 4726 2260 4778 par
2288 4710 2389 4763 fuit
2414 4720 2469 4765 et
2500 4724 2604 4763 una
2627 4709 2918 4769 confessio.
2951 4719 3005 4762 et
3036 4709 3360 4776 patefactum
3392 4715 3479 4760 est

1885 4810 2353 4859 exsecramentum
2384 4800 2525 4871 quod
2571 4817 2735 4855 aures
2767 4810 2966 4854 nostra:
2999 4801 3083 4853 vix
3123 4800 3266 4853 ferre
3300 4813 3483 4867 ponte.

1886 4906 2033 4951 runt.
2064 4894 2143 4949 De
2174 4908 2280 4963 quo
2321 4908 2388 4947 ne
2416 4896 2659 4963 apertius
2690 4894 2975 4962 loquentes
3019 4902 3201 4943 castos
3240 4890 3419 4945 ofl'end
3440 4913 3481 4941 :-

1888 5006 2007 5044 mns
2037 4990 2272 5052 auditus,
2306 4998 2579 5057 gestorum
2605 4987 2928 5040 documenta
2960 4984 3258 5046 sufﬁciunt.
3283 4984 3481 5053 quibus

1888 5080 2201 5151 plenissime
2228 5080 2454 5135 docetur
2484 5079 2685 5133 nullam
2717 5077 2769 5131 in
2814 5078 2912 5131 hac
2945 5087 3091 5131 secta
3139 5075 3475 5145 pudicitiam,

1888 5172 2087 5227 nullam
2122 5171 2486 5237 honestatem,
2517 5172 2721 5225 nullam
2767 5170 2982 5239 penitus
3010 5168 3235 5237 reperiri
3263 5167 3479 5223 castita-

1950 5369 1970 5408 π
2015 5371 2115 5428 Ms.
2166 5370 2223 5424 S.
2256 5369 2425 5435 Petri,
2478 5378 2796 5423 conventum.
2844 5368 2917 5421 De
2960 5368 3063 5423 hoc
3104 5383 3362 5424 consessu
3409 5384 3478 5427 ac

1871 5440 2075 5511 judicio
2104 5441 2223 5494 vide
2252 5440 2310 5495 S.
2344 5442 2610 5506 pointtficis
2638 5439 2896 5508 epistulas
2928 5440 2957 5492 7
2987 5452 3037 5494 et
3077 5442 3159 5494 15.

1949 5523 1973 5560 ε
2020 5513 2096 5567 Ex
2126 5512 2320 5567 eodem
2367 5527 2469 5566 ms.
2518 5514 2573 5567 S.
2622 5511 2769 5567 Petri
2808 5514 3141 5566 correximus
3168 5524 3289 5579 pro,
3335 5526 3477 5568 rece-

1873 5596 2067 5639 rarent.

1946 5652 1977 5691 ¹ι
2018 5655 2163 5708 Idem
2188 5668 2316 5719 ms.,
2346 5654 2641 5709 incredulis.

1953 5726 1970 5763 ί
2017 5727 2193 5780 Prima
2225 5725 2412 5790 editio,
2449 5726 2749 5791 nefandum.

1952 5798 1966 5847 t'
2019 5798 2089 5851 Ita
2116 5812 2180 5851 ex
2205 5813 2305 5849 ms.
2335 5801 2391 5850 ὃ.
2430 5798 2569 5851 Ρειινι
2599 5794 2807 5865 syntaxi
2838 5793 3097 5865 Leonina.
3126 5795 3295 5859 Alias.
3345 5797 3476 5853 0m-

1875 5868 2020 5923 nium
2048 5885 2141 5939 par
2172 5868 2269 5938 fuit
2312 5870 2516 5942 hanno,
2552 5877 2598 5918 et
2630 5864 2731 5919 una
2768 5864 3044 5936 confessio,
3078 5876 3126 5924 et
3158 5872 3475 5942 patefactum

1878 5950 1949 5995 est
1972 5948 2311 6005 exsecratum,
2340 5941 2497 6007 quod,
2520 5946 2623 5994 etc.
