3994 6354
522 388 624 446 ιιι)

1658 379 1713 431 9.
1759 372 1999 431 LEHNIS
2038 370 2256 429 MACM
2300 373 2691 433 ,SbliiNIONES.

3711 386 3813 447 180

517 542 659 599 teut;
709 531 759 585 in
801 541 902 601 qua
950 530 1040 585 lex
1080 535 1164 584 est
1208 522 1570 587 mendacium,
1618 521 1868 576 diabolus
1898 517 2115 591 religio,
2148 489 2202 553 Α
2413 506 2603 601 “fore
2626 494 2701 551 ιίῑ
2729 493 2917 551 liberae
2954 494 3057 551 Per
3092 495 3363 554 Christum
3394 496 3682 560 Dominum
3715 517 3812 562 no.

519 621 850 681 sacriﬁcium
880 620 1178 693 turpitudo.

588 715 720 772 CAP.
756 714 819 770 Υ.
840 714 1037 770 —-IIos
1064 714 1249 784 itaque
1274 718 1301 749 υ
1324 706 1599 778 homines,
1628 705 1994 774 dilectissimi,
2020 719 2121 776 per

516 808 696 866 omnia
732 802 1096 862 exsecrabiles
1131 812 1297 874 atque
1329 799 1639 871 pestiferos,
1669 813 1807 869 quos
1834 795 1863 837 ³
1892 798 2119 853 aliarum

515 902 799 971 regionum
826 894 1160 967 perturbatio
1182 893 1339 951 nobis
1363 892 1543 948 intulit
1562 890 1888 955 crebriores,
1904 890 1971 946 ab
1984 890 2119 945 ami-

516 996 644 1051 citia
678 1006 859 1050 veSIra
889 992 1103 1065 penitus
1134 990 1412 1058 abdicate;
1442 1003 1650 1061 vosque
1673 988 1966 1060 praecipue,
1998 1003 2120 1043 mu-

516 1090 700 1157 lieres,
730 1105 759 1143 a
807 1089 997 1145 talium
1037 1087 1228 1143 notitia
1274 1096 1329 1143 et
1374 1085 1659 1157 colloquiis
1708 1083 2119 1145 abstinigzno

518 1184 644 1240 dum
677 1183 935 1241 fabulosis
968 1181 1376 1240 narrationibus
1414 1182 1663 1237 incautus
1696 1178 1996 1235 delectatur
2022 1195 2118 1233 au-

517 1278 684 1345 ditus,
715 1279 768 1333 in
801 1276 999 1333 diaboli
1031 1278 1255 1349 laqueos
1300 1274 1573 1331 incidatis.
1604 1275 1705 1342 Qui
1749 1276 1928 1330 sciens
1973 1273 2117 1345 quod

516 1373 754 1445 primum
787 1372 960 1427 virum
991 1369 1236 1426 mulieris
1268 1383 1365 1425 ore
1396 1366 1499 1441 51
1527 1367 1824 1435 seduxerit,
1859 1376 1881 1406 ε
1915 1381 2116 1437 perque

516 1463 809 1522 femineam
853 1462 1229 1521 credulitatem
1271 1475 1461 1517 omnes
1500 1447 1761 1516 ltomincs
1804 1476 1834 1516 a
1879 1460 2118 1531 paradisi

517 1556 776 1615 felicitate
816 1556 1094 1628 dejecerit,
1124 1552 1152 1593 ιι
1184 1566 1365 1611 vestro
1402 1570 1547 1609 nunc
1592 1570 1805 1626 quoque
1833 1554 1985 1610 sexui
2030 1570 2117 1611 se-

517 1652 734 1708 curiore
764 1650 1049 1707 insidiatur
1078 1650 1297 1717 astutia,
1343 1658 1400 1704 ut
1428 1663 1520 1704 eas
1550 1663 1683 1718 quas
1728 1647 1832 1703 sibi
1874 1648 2117 1719 potuerit

515 1760 617 1817 per
663 1744 941 1801 ministros
986 1759 1097 1800 suae
1129 1742 1381 1799 falsitatis
1412 1742 1641 1811 illicere,
1673 1750 1730 1797 et
1757 1740 1865 1797 ﬁde
1912 1742 2119 1812 spoliet

518 1848 573 1894 et
598 1839 819 1908 pudore.
854 1835 993 1891 Illud
1021 1849 1237 1909 quoque
1267 1850 1383 1901 vos,
1415 1831 1785 1901 dilectissimi,
1819 1833 2117 1891 obsecrans

517 1946 735 1999 moneo,
770 1940 825 1985 ut
847 1929 892 1987 si
936 1929 1022 1985 cui
1066 1938 1305 1985 vestrum
1338 1926 1639 1986 innotuerit
1671 1934 1695 1967 °
1731 1926 1820 1983 ubi
1849 1928 2119 1997 habitent,

519 2027 611 2083 ubi
638 2026 889 2096 doceant,
924 2040 1059 2096 quos
1092 2022 1464 2097 frequentant,
1494 2031 1550 2079 et
1580 2024 1635 2079 in
1669 2038 1899 2095 quorum
1949 2026 2125 2081 socie-

518 2129 627 2174 tate
672 2121 1042 2191 requiescant,
1074 2128 1275 2173 nostrae
1324 2115 1681 2172 sollicitudini
1710 2114 1947 2173 ﬁdeliter
1984 2116 2126 2173 indi-

518 2214 652 2271 cetis
672 2232 682 2265 :
700 2214 821 2283 quia
848 2228 1033 2283 parum
1061 2212 1285 2284 prodest
1305 2212 1595 2283 unicuique
1615 2211 1781 2283 quod,
1805 2219 2125 2284 protegente

522 2306 544 2345 τ
573 2307 775 2379 Spiritu
801 2317 1011 2374 sancto,
1028 2307 1095 2363 ab
1122 2307 1239 2363 istis
1261 2306 1378 2378 ipse
1396 2323 1505 2363 non
1526 2309 1758 2380 capitur,
1774 2308 1819 2362 si
1843 2323 1965 2364 cum
1988 2308 2125 2365 alios

522 2402 640 2471 capi
674 2401 927 2472 intelligit
972 2416 1079 2456 non
1111 2411 1381 2455 movetur.
1416 2398 1619 2457 Contra
1663 2414 1981 2459 communes
2025 2401 2125 2459 lto-

522 2502 636 2553 stcs
666 2510 765 2567 pro
794 2496 967 2553 salute
997 2494 1271 2551 communi
1299 2509 1403 2549 una
1432 2494 1674 2550 omnium
1703 2493 1868 2550 debet
1894 2509 2015 2551 esse
2044 2495 2124 2551 vi-

522 2590 765 2665 gilantia,
791 2606 859 2646 ne
886 2598 912 2644 ι
940 2588 1009 2647 de
1035 2587 1262 2661 alicujus
1306 2586 1541 2645 membri
1568 2587 1793 2645 vulnere
1821 2589 1985 2644 etiam
2015 2588 2124 2644 alia

524 2684 737 2753 possint
768 2682 1010 2741 membra
1049 2682 1347 2751 corrumpi,
1380 2690 1433 2737 et
1461 2680 1553 2755 qui
1582 2680 1718 2737 tales
1745 2696 1852 2737 non
1882 2680 2121 2753 proden-

523 2780 622 2838 dos
644 2788 853 2851 putant,
878 2779 932 2837 in
952 2778 1156 2851 judicio
1177 2775 1378 2839 Christi
1408 2777 1752 2833 inveniantur
1778 2775 1857 2834 rei
1880 2777 1949 2836 de
1968 2777 2124 2834 silens

523 2878 620 2945 tio,
650 2878 813 2935 etiam
843 2877 890 2934 si
920 2892 1028 2933 non
1056 2876 1494 2934 contaminantur
1520 2889 1770 2933 assensu.

594 2970 723 3026 CAP.
757 2969 848 3028 γι.
874 2968 1231 3029 -Αεειιωίιθ
1254 2969 1419 3041 igitur
1442 2968 1711 3040 religiosze
1741 2969 2124 3027 sollicitudinis

524 3065 670 3135 pium
694 3064 893 3133 zelum,
915 3072 973 3123 et
998 3071 1187 3121 contra
1233 3062 1563 3119 saevissimos
1606 3062 1905 3120 animarum
1940 3064 2125 3121 hostes

524 3158 763 3214 omnium
794 3155 1033 3213 ﬁdelium
1060 3170 1189 3217 cura
1217 3164 1529 3228 consurgat.
1564 3150 1595 3192 ¹ι
1622 3154 1750 3213 Ideo
1782 3156 1927 3213 enim
1961 3157 2126 3215 mise-

2228 591 2424 641 strum.
2452 583 2650 642 Amen.

2514 682 2622 753 ω
2652 680 2918 737 saeuo
2958 680 3127 739 xvn
3156 680 3281 755 [ΑΛ.
3312 681 3517 755 xw].

2588 774 2667 829 De
2686 774 2897 848 Jejuaio
2926 776 3111 830 decimi
3140 778 3329 832 maia
3364 775 3467 832 VI.

2225 862 2498 941 Statorius.
2523 896 2593 941 -ς
2616 868 2654 922 Ι.
2686 866 2957 941 Jejunium
2986 885 3017 921 a
3052 870 3161 939 lege
3184 870 3338 924 veteri
3358 871 3411 923 in
3438 886 3620 924 novam
3649 882 3816 927 trans-

2298 937 2460 990 latum
2487 948 2532 990 et
2561 939 2666 993 Deo
2698 937 2761 993 ea:
2800 942 2933 1011 grati
2962 937 3122 994 animi
3157 958 3303 994 sensu
3335 942 3525 1007 deberi,
3558 953 3604 998 et
3629 946 3819 998 oratio-

2294 1024 2411 1083 n_em
2463 1010 2811 1080 e/ﬁcaciorent
2840 1011 3051 1083 officere.
3085 1042 3158 1053 -—-
3194 1013 3256 1067 ll.
3313 1012 3466 1067 Pium
3514 1016 3657 1078 fenus
3708 1033 3821 1071 cum

2296 1078 2410 1160 Deo
2440 1078 2812 1160 exercendum;
2854 1078 2999 1152 feuus
3028 1098 3153 1160 vero
3185 1101 3348 1160 quam
3370 1085 3563 1160 iniuste
3593 1096 3637 1139 et
3667 1089 3823 1160 impie

2297 1152 2360 1227 ab
2390 1152 2684 1208 hminibus
2722 1158 2981 1225 exigatur.
3004 1152 3205 1211 -—Il|.'
3228 1156 3451 1220 Quilibet
3482 1168 3725 1227 sequatur
3743 1152 3824 1215 ἐκ

2296 1224 2538 1299 [eborea
2570 1237 2737 1293 entus,
2774 1224 2972 1289 seraper
3002 1228 3141 1281 mala
3168 1238 3240 1282 est
3271 1232 3405 1282 ratio
3436 1224 3733 1299 fenerantis.
3756 1262 3822 1273 —-

2296 1294 2387 1367 IV.
2430 1296 2735 1367 Aliquorum
2765 1299 3138 1351 abundantiam
3169 1312 3211 1351 et
3242 1294 3469 1353 aliorum
3500 1303 3728 1366 inopiam
3756 1303 3823 1358 ad

2295 1363 2395 1421 hoc
2414 1363 2850 1434 esse'erdiuatam,
2887 1379 2941 1423 ut
2973 1371 3112 1424 dives
3143 1369 3238 1423 Dei
3270 1373 3545 1427 bonitatem
3574 1363 3823 1431 imitetur.

2294 1455 2941 1530 Car.I.—-Evangelicis
2998 1460 3393 1529 sanctionibus,
3456 1462 3823 1536 dilectissimi,

2223 1550 2454 1606 multum
2504 1552 2519 1602 ἱ
2568 1554 2903 1608 auctoritatis
2935 1554 3141 1623 przebet
3186 1556 3431 1610 doctrina
3467 1558 3672 1626 legalis,
3704 1573 3826 1616 cum

2221 1648 2467 1720 quaedam
2494 1647 2564 1705 de
2589 1650 2846 1707 mandato
2877 1652 3042 1708 veteri
3091 1652 3157 1707 ad
3204 1666 3396 1708 novam
3428 1653 3827 1712 observantiam

2222 1746 2645 1815 transferuntur,
2682 1756 2736 1803 et
2765 1764 2835 1803 ex
2867 1748 2983 1818 ipsa
3012 1748 3377 1805 ecclesiastica
3417 1749 3704 1807 devotione
3730 1750 3827 1807 de-

2227 1850 2581 1911 monstratur,
2617 1842 2758 1913 quod
2800 1843 3059 1900 Dominus
3089 1845 3247 1901 .Iesns
3278 1845 3522 1902 Christus
3559 1862 3661 1902 non
3696 1849 3829 1904 venit

2228 1933 2391 2008 legem
2418 1937 2631 2003 solvere,
2664 1939 2751 1991 sed
2780 1936 3064 2009 adimplere
3094 1936 3114 2009 (
3136 1932 3327 1992 Matth.
3355 1953 3406 2004 v,
3434 1936 3557 2011 17).
3592 1938 3829 1996 Cessan-

2228 2027 2379 2083 tibus
2408 2028 2552 2083 enim
2583 2028 3073 2099 signiﬁcationibus
3104 2030 3301 2099 quibus
3329 2029 3628 2087 Salvatoris
3656 2033 3829 2088 nostri

2230 2121 2581 2178 nuntiabatur
2599 2122 2885 2189 adventus,
2912 2132 2967 2179 ct
2992 2122 3222 2192 peractis
3249 2122 3434 2193 ﬁguris
3454 2138 3587 2194 quas
3608 2124 3831 2181 abstulit

2230 2216 2345 2287 ipsa
2375 2216 2660 2286 prmsentia
2691 2216 2955 2279 veritatis,
2997 2228 3060 2271 ea
3094 2230 3213 2285 quae
3240 2215 3325 2269 vel
3370 2215 3436 2269 ad
3468 2218 3684 2286 regulas
3717 2231 3831 2273 mo-

2230 2325 2351 2366 rum
2383 2310 2469 2366 vel
2498 2308 2564 2365 ad
2588 2310 2889 2380 simplicem
2915 2307 3011 2364 Dei
3034 2309 3237 2363 cultum
3264 2309 3401 2364 ratio
3426 2310 3642 2379 pietatis
3672 2310 3829 2365 insti-

2231 2406 2352 2477 tuit,
2402 2405 2455 2461 in
2503 2405 2693 2460 eadem
2726 2404 2867 2474 apud
2902 2417 2998 2460 nos
3029 2402 3200 2460 forma
3232 2406 3283 2460 in
3323 2420 3426 2477 qua
3460 2413 3586 2461 sunt
3610 2404 3833 2463 condita

2229 2508 2615 2573 perseverant;
2648 2509 2702 2557 et
2728 2515 2848 2571 quae
2882 2502 3099 2572 utrique
3139 2498 3487 2557 Testamento
3520 2509 3678 2557 erant
3707 2516 3834 2557 con-

2229 2610 2386 2666 grua,
2411 2595 2556 2649 nulla
2584 2603 2711 2650 sunt
2740 2596 3166 2651 commutatione
3192 2593 3421 2651 variata.
3449 2595 3528 2651 Ex
3554 2595 3619 2651 iis
3646 2604 3834 2651 autem

2230 2698 2315 2746 est
2344 2690 2505 2745 etiam
2554 2687 2748 2745 decimi
2795 2688 2999 2745 mensis
3032 2688 3275 2746 solemne
3302 2674 3590 2761 jejunium,
3625 2687 3775 2761 quod
3805 2703 3835 2744 a

2230 2782 2390 2838 nobis
2436 2798 2577 2838 nunc
2606 2797 2783 2837 annua
2830 2790 2915 2838 est
2958 2780 3354 2839 consuetudine
3402 2781 3834 2840 celebrandum:

2230 2872 2261 2915 ιι
2290 2875 2412 2946 quia
2454 2875 2675 2947 plenum
2702 2873 2922 2946 iustitiae
2952 2884 3035 2931 est
3065 2882 3225 2946 atque
3254 2874 3489 2947 pietatis,
3521 2877 3731 2948 gratias
3757 2875 3837 2931 di-

2229 2970 2373 3025 vinae
2420 2984 2583 3040 agere
2623 2967 2857 3040 largitati
2889 2983 2986 3039 pro
3016 2967 3282 3024 fructibus
3309 2984 3445 3041 quos
3468 2969 3523 3025 in
3570 2984 3709 3026 usus
3738 2968 3837 3026 bo-

2231 3061 2436 3118 minum
2470 3062 2770 3117 secundum
2800 3076 3028 3116 summa:
3058 3061 3415 3133 providentiae
3440 3071 3837 3132 temperamen-

2232 3164 2347 3211 tum
2398 3164 2543 3211 terra
2591 3153 2865 3225 produxit.
2914 3153 3069 3224 Quod
3114 3161 3173 3209 ut
3218 3165 3467 3224 prompto
3516 3154 3703 3212 animo
3739 3170 3837 3213 nos

525 3252 697 3308 ricors
742 3251 885 3309 Deus
908 3249 1203 3322 quamdam
1247 3250 1405 3305 nobis
1436 3256 1644 3320 partem
1678 3248 1921 3323 prodidit
1952 3249 2126 3307 homi-
2151 3285 2199 3351 ο
2232 3250 2414 3308 facere
2455 3248 2474 3287 ι
2506 3258 2889 3317 monstremus,
2928 3264 3033 3305 non
3067 3248 3247 3306 solum
3274 3248 3672 3306 continentiam
3700 3250 3841 3322 jeju-

527 3363 654 3403 num
680 3346 989 3415 noxiorum,
1018 3354 1099 3414 ut,
1130 3342 1475 3407 manifestato
1505 3341 1771 3415 periculo,
1793 3343 2129 3402 excitaretur

528 3440 808 3510 diligentia
849 3438 1142 3501 cautionis.
1183 3436 1302 3497 Non
1331 3436 1567 3495 sufﬁciat
1608 3436 1755 3509 quod
1794 3446 1974 3495 actum
2022 3447 2126 3507 est,

526 3534 624 3591 sed
645 3533 836 3592 eadem
856 3532 1136 3604 inquisitio
1164 3539 1513 3603 perseveret:
1538 3545 1659 3603 quae
1681 3529 1806 3598 hoc,
1834 3531 2132 3588 auxiliante

531 3630 669 3698 Deo,
698 3627 715 3669 ί
742 3638 1128 3698 consequatur,
1144 3636 1203 3685 ut
1226 3641 1334 3687 non
1365 3624 1542 3685 solum
1566 3625 1655 3698 qui
1679 3623 1814 3681 recti
1834 3634 1960 3681 sunt
1982 3625 2132 3683 inco-

530 3726 703 3783 lumes
749 3730 1125 3795 perseverent,
1174 3721 1271 3778 sed
1313 3719 1481 3777 etiam
1532 3719 1689 3777 multi
1729 3719 1820 3791 qui
1864 3718 2133 3775 diabolica

530 3819 855 3878 reductiona
902 3817 1115 3887 decepti
1145 3823 1293 3881 sunt,
1322 3814 1391 3870 ab
1418 3828 1605 3873 errore
1647 3823 1997 3871 revocentur.
2030 3812 2135 3871 Ve-

529 3923 663 3970 stra:
692 3921 874 3969 autem
914 3911 1192 3969 orationes
1229 3918 1285 3968 et
1322 3908 1687 3980 elumOsynre
1728 3916 1889 3979 atque
1924 3907 2134 3979 jejuuia

533 4005 875 4064 misericordi
912 4003 1025 4060 Deo
1055 4017 1149 4074 per
1179 4001 1319 4061 hanc
1348 4000 1523 4071 ipsam
1546 3998 1915 4059 'devotiouem
1945 4015 2135 4057 sacra-

532 4104 642 4157 tius
676 4098 998 4169 niterentur,
1027 4112 1154 4155 cum
1191 4096 1357 4154 etiam
1400 4093 1505 4153 hoc
1532 4107 1670 4164 opus
1698 4092 1823 4151 fidei
1853 4094 1924 4150 ad
1953 4096 2136 4153 omnia

534 4196 710 4254 ofﬁcia
739 4196 955 4268 pietatis
981 4191 1303 4251 accesserit.
1328 4188 1531 4258 Quarta
1558 4190 1721 4260 igitur
1741 4198 1799 4249 et
1822 4198 1980 4247 sexta
2003 4190 2138 4249 feria

532 4293 876 4365 ieiunamus;
922 4289 1147 4346 sabbato
1190 4295 1373 4343 autem
1400 4285 1541 4357 apud
1579 4295 1906 4355 praesentem
1937 4287 2140 4344 beatis-

535 4388 731 4444 simum
763 4385 1068 4457 apostolum
1101 4384 1322 4439 Petrum
1349 4380 1564 4451 vigilias
1594 4381 1968 4449 celebremus;
2021 4384 2138 4453 qui,

538 4480 681 4535 sicut
713 4480 1025 4548 experimur
1055 4485 1111 4532 et
1139 4474 1435 4541 credimus,
1468 4488 1567 4544 pro
1595 4473 1989 4530 commendatis
2036 4475 2139 4531 sibi

540 4587 571 4626 a
604 4572 836 4626 Domino
863 4571 1053 4626 ovibus
1095 4568 1467 4623 indesinenter
1510 4567 1814 4637 pastorales
1854 4568 2143 4638 pratendit

2234 3349 2334 3419 nii,
2357 3348 2451 3404 sed
2475 3348 2635 3403 etiam
2663 3347 3131 3420 eleemosynarum
3155 3361 3340 3401 curam
3364 3356 3577 3419 oportet
3604 3348 3837 3415 assumi,

2236 3450 2294 3499 ut
2322 3441 2391 3497 de
2421 3450 2562 3497 terra
2593 3455 2808 3511 quoque
2851 3439 3036 3496 cordis
3080 3438 3252 3495 nostri
3281 3456 3501 3510 germen
3526 3440 3762 3513 justitiie
3790 3449 3843 3498 et

2234 3538 2440 3593 fructus
2465 3535 2745 3591 charitatis
2773 3535 3000 3600 oriatur,
3036 3543 3089 3589 et
3115 3533 3542 3590 misericordiam
3574 3533 3675 3591 Dei
3704 3550 3837 3607 pau-

2236 3645 2426 3703 perum
2469 3629 2639 3702 ipsius
2696 3626 3008 3683 miserendo
3062 3642 3390 3683 mereamur.
3445 3625 3843 3684 Elﬁcacissima

2239 3724 2386 3782 enim
2417 3731 2501 3779 est
2530 3722 2599 3777 ad
2625 3720 2965 3778 exorandum
2994 3719 3161 3775 Deum
3194 3719 3510 3791 postulatio,
3550 3720 3635 3775 cui
3669 3720 3845 3791 pieta-

2242 3817 2312 3874 tis
2340 3831 2503 3888 opera
2536 3814 2900 3885 suffragantur
2922 3854 2937 3880 ,
2979 3810 3235 3884 quoniam
3267 3813 3358 3883 qui
3387 3828 3542 3867 suum
3574 3812 3642 3868 ab
3682 3813 3846 3884 inope

2240 3927 2350 3969 non
2378 3910 2576 3966 avertit
2603 3909 2864 3974 animum,
2893 3909 3002 3964 cito
3024 3908 3090 3963 ad
3118 3923 3178 3964 se
3214 3907 3425 3962 Domini
3452 3909 3727 3964 convertit
3752 3924 3846 3964 au-

2241 4004 2432 4071 ditum,
2481 4003 2693 4059 dicente
2734 4002 3009 4057 Domino:
3044 4000 3227 4056 Estote
3271 4000 3661 4069 misericordes,
3715 4002 3849 4056 sicut

2242 4108 2291 4157 et
2322 4098 2483 4154 Pater
2515 4105 2675 4152 vester
2704 4094 2994 4149 misericors
3031 4103 3143 4160 est;
3174 4093 3280 4165 53
3310 4093 3566 4160 dimittite,
3591 4102 3639 4148 et
3668 4092 3851 4149 dimit-

2245 4203 2382 4252 tetur
2416 4192 2555 4248 vobis
2580 4191 2748 4265 (Luc.
2774 4206 2848 4255 vr,
2878 4188 2970 4256 56,
2997 4190 3065 4244 57
3090 4190 3130 4261 ).
3161 4188 3301 4257 Quid
3332 4189 3432 4244 hac
3454 4188 3662 4259 justitia
3698 4189 3853 4246 beni-

2243 4290 2437 4364 gnius?
2465 4287 2601 4357 Quid
2628 4287 2726 4340 hac
2754 4285 3112 4341 retributione
3137 4284 3482 4351 clementius,
3512 4282 3601 4339 ubi
3623 4292 3854 4342 senten-

2246 4385 2319 4439 tia
2351 4380 2644 4454 judicaturi
2672 4378 2726 4434 in
2772 4384 3040 4447 potestate
3084 4377 3297 4447 ponitur
3336 4375 3653 4447 judicandi?
3690 4378 3849 4446 Date,

2247 4476 2439 4547 inquit,
2467 4482 2511 4529 et
2547 4473 2750 4527 dabitur
2780 4472 2917 4525 vobis
2948 4469 3147 4543 (Ibid.,
3191 4468 3315 4544 '58).
3349 4471 3519 4539 Quam
3559 4468 3671 4527 cito
3712 4471 3857 4527 difﬁ-

2246 4570 2444 4626 dentiae
2470 4565 2776 4624 sollicitudo
2800 4573 2854 4621 et
2881 4564 3123 4622 avaritiae
3146 4574 3227 4621 est
3250 4572 3522 4634 amputata
3545 4566 3852 4635 cunetatio,

541 4665 804 4721 excubias
830 4679 843 4719 :
870 4671 1197 4719 exoraturus
1222 4660 1700 4731 deprecationibus
1731 4661 1846 4717 suis
1871 4671 1928 4717 ut
1952 4663 2144 4720 Eccle-
2172 4693 2227 4755 D
2252 4674 2309 4721 ut
2339 4662 2481 4734 quod
2513 4658 2840 4716 reddituram
2870 4672 2930 4715 se
2959 4657 3223 4729 promittit
3264 4658 3486 4731 veritas,
3533 4672 3729 4717 secura
3760 4672 3857 4717 ex-

542 4758 621 4813 sia
649 4757 771 4826 Dei,
799 4770 921 4827 quae
950 4756 1120 4825 ipsius
1148 4763 1234 4811 est
1259 4752 1742 4825 praedicationibus
1772 4753 2040 4827 instituta,
2074 4759 2141 4817 ab

617 4904 645 4933 ει
694 4895 946 4951 Homines
985 4892 1139 4949 deest
1178 4892 1231 4947 in
1260 4908 1363 4949 ms.
1390 4890 1522 4947 Bon.
1561 4899 1613 4947 et
1640 4888 1812 4969 prima
1860 4893 2134 4970 editione,

622 4983 664 5019 in
690 4967 852 5019 etiam
888 4980 983 5019 nro
1005 4966 1177 5019 itaque
1204 4963 1369 5019 habet
1393 4965 1527 5019 ideo.

545 4983 664 5039 quin
690 4970 852 5021 etiam
888 4980 983 5037 pro
1005 4970 1177 5033 itaque
1204 4970 1369 5020 habet
1393 4970 1527 5019 ideo.

622 5037 649 5077 ιι
690 5038 1016 5113 Monichier
1040 5037 1451 5113 Rpmaejamdiu
1476 5044 1641 5113 ante:
1662 5035 1947 5113 delituisse
1970 5042 2138 5113 liquet

484 5114 499 5139 ‘
549 5126 616 5166 ex
648 5109 929 5179 Augustini
956 5107 1201 5166 Confess.
1238 5110 1276 5166 l.
1303 5125 1358 5175 v,
1391 5124 1442 5165 c.
1468 5108 1557 5173 I0,
1583 5109 1677 5179 sed
1705 5110 1930 5169 aliarum
1962 5107 2141 5179 regio-

550 5132 616 5166 ex
648 5132 929 5179 augustum
956 5132 1201 5166 υιιιιιυδδ.
1239 5132 1276 5166 ι.
1304 5132 1358 5175 v,
1391 5132 1442 5165 ε.
1468 5132 1557 5173 ru,
1583 5132 1677 5165 seu
1705 5132 1930 5169 auarum
1962 5132 2021 5169 re
2062 5132 2112 5173 I0

550 5196 703 5249 num,
737 5197 799 5235 ac
828 5182 1127 5250 praesertim
1162 5181 1357 5235 Africa:
1388 5178 1822 5250 perturbationes
1856 5184 1957 5239 sub
1999 5132 2112 5243 (gen

548 5253 748 5325 serico,
793 5249 881 5323 qui
928 5268 1067 5307 anno
1095 5251 1201 5306 ηε)
1250 5249 1531 5325 occupavit
1576 5249 1976 5325 Carthaginem,
2017 5273 2140 5317 cre-

547 5324 789 5381 briurem
824 5339 1011 5378 eorum
1041 5340 1324 5379 numerum
1351 5324 1667 5379 intulerunt.

626 5409 649 5470 ς
692 5398 788 5470 ills.
826 5396 959 5470 Bon.
986 5404 1042 5470 e_t
1070 5398 1239 5465 prima
1265 5397 1451 5462 editio,
1483 5405 1531 5449 et
1560 5396 1696 5463 quod
1719 5414 1811 5467 per
1843 5401 2138 5470 femineam.

621 5464 649 5507 ⁸
691 5469 750 5522 In
782 5481 884 5523 ms.
916 5467 971 5522 S.
1004 5464 1173 5532 Petri,
1216 5478 1381 5522 vestro
1409 5477 1684 5538 nostroque
1713 5464 1857 5525 sexui
1886 5480 2141 5529 securiore

549 5540 825 5593 insidiatur
848 5540 1057 5599 astutia,
1092 5549 1144 5591 ut
1175 5557 1257 5593 eos
1288 5541 1468 5609 quibus
1500 5541 1720 5608 potuerit
1764 5560 1855 5611 per
1882 5546 2143 5603 ministros

551 5626 658 5683 sum
688 5611 929 5679 falsitatis
952 5611 1193 5683 illudere.
1227 5622 1271 5665 et
1303 5612 1406 5681 ﬁde
1430 5612 1612 5683 spoliet
1638 5621 1685 5666 et
1711 5618 1924 5681 pudore.
1958 5616 2061 5672 Sed
2088 5629 2146 5673 ut

552 5682 619 5735 ad
665 5683 919 5735 mulieres
952 5682 1067 5736 haec
1101 5682 1797 5753 potissimum’refersntur,
1823 5690 2149 5745 anteceden-

551 5753 651 5820 tia,
681 5767 866 5827 vosque
892 5756 1147 5826 prwciptu
1170 5757 1431 5819 mulieres,
1463 5754 1711 5812 videntur
1738 5758 2035 5827 requirere.

693 5824 793 5877 Ms.
839 5824 975 5878 Bon.
1006 5824 1061 5899 et
1097 5828 1267 5894 prima
1309 5828 1500 5893 editio,
1542 5829 1628 5883 ubi
1667 5824 1913 5899 habitim,
1957 5832 2036 5887 vel
2065 5834 2151 5889 ubi

496 5880 503 5896 ’
556 5899 901 5967 frangentem,
943 5880 1181 5963 omissis,
1213 5900 1298 5952 ubi
1324 5880 1561 5956 doceant.

630 5965 651 6008 ί
680 5965 756 6023 Id.
782 5965 932 6031 ϐοά..
949 5967 1145 6030 Spiritu
1161 5968 1295 6032 Dei;
1324 5983 1374 6030 et
1392 5973 1549 6036 intra.
1572 5991 1674 6032 non
1692 5985 1967 6035 moveatur.
1984 5977 2152 6037 Paulo

2252 4759 2451 4835 pendat
2479 4766 2519 4795 ω
2554 4754 2879 4811 humanitas.

2243 4898 2548 4977 postprima
2565 4894 2729 4977 editio
2750 4906 2872 4977 cum
2896 4890 3083 4977 eodem
3102 4907 3229 4977 tns.,
3249 4890 3856 4977 Coryra‘omnes‘hfsles.

2318 4984 2343 5022 ε
2382 4962 2702 5036 I‘rmpositio
2728 4965 2791 5019 de
2814 4966 3080 5019 omittitur
3104 4965 3154 5018 in
3178 4979 3309 5019 mss.
3338 4963 3395 5019 S.
3422 4962 3567 5018 Petri
3598 4973 3650 5019 et
3674 4964 3818 5021 Bon.
3840 5006 3857 5031 ,

2251 5062 2352 5102 nec
2382 5060 2487 5099 non
2519 5042 2573 5095 In
2617 5040 2787 5109 prima
2832 5036 3090 5092 editione.
3134 5036 3263 5093 POSl
3312 5048 3480 5106 pauca
3526 5036 3679 5093 initio
3728 5053 3855 5108 cap.

2246 5120 2304 5186 6,
2334 5121 2504 5186 itaque
2526 5108 2629 5186 pro
2651 5112 2808 5183 igitur
2836 5109 2900 5186 in
2922 5109 3111 5186 ms._S.
3147 5108 3313 5165 Petri.

2322 5186 2351 5227 ιι
2391 5177 2553 5246 Ειιίιῖ,
2586 5177 2820 5253 idebque.
2866 5179 3175 5237 Delevimus
3206 5195 3301 5251 que
3331 5177 3619 5253 exuastris
3646 5177 3832 5235 codici

2250 5263 2372 5318 bus.
2407 5260 2572 5314 Paulo
2611 5251 2751 5323 post,
2784 5254 3054 5324 manifesto
3096 5268 3191 5323 pro
3232 5251 3560 5322 manifestato
3596 5252 3651 5308 in
3710 5268 3849 5309 mss.

2248 5336 2307 5391 8.
2340 5333 2481 5388 Petri
2509 5338 2564 5384 et
2596 5328 2729 5383 Bon.
2759 5341 2824 5379 ac
2851 5330 3021 5393 prima
3051 5326 3306 5381 editione.

2324 5405 2340 5444 ί
2378 5404 2454 5459 Ita
2486 5418 2551 5457 ex
2581 5400 2782 5455 nostris
2836 5396 3113 5455 codicibus
3142 5407 3195 5454 et
3225 5401 3395 5468 prima
3431 5394 3691 5455 editione.
3727 5397 3818 5454 Al.
3842 5439 3859 5465 ,

2251 5477 2593 5547 consequitur.

2328 5552 2342 5601 i
2393 5538 2505 5610 A'l.,
2552 5542 2810 5599 utilitatis.
2845 5539 2922 5596 Ita
2971 5538 3275 5598 Gaudiival.
3321 5538 3615 5613 Quesuelli,
3646 5547 3708 5598 et
3747 5539 3865 5600 duo

2254 5621 2425 5678 nostri
2465 5618 2622 5673 codd.
2658 5616 2779 5670 Vat.

2328 5691 2354 5730 ι
2399 5694 2511 5746 Duo
2536 5687 2695 5744 codd.
2732 5686 2846 5739 Vat.
2878 5692 2933 5741 et
2961 5700 3101 5743 unus
3134 5686 3192 5743 S.
3219 5684 3367 5747 Petri
3394 5702 3517 5744 cum
3544 5686 3722 5761 prima
3748 5686 3867 5745 edis

2255 5768 2425 5825 tione,
2457 5780 2612 5834 quare
2642 5762 2867 5834 plenum.

2332 5836 2349 5879 ι
2396 5832 2495 5893 Ms.
2520 5836 2578 5889 S.
2612 5836 2778 5899 Petri,
2808 5832 3234 5889 demonstremus.

2329 5919 2369 5950 ω
2395 5909 2541 5967 Idem
2572 5904 2765 5977 codex,
2796 5903 3080 5960 humilitas.
