3994 6354
221 410 315 470 181

1650 410 1882 470 SERMO
1920 410 2102 471 XVIII.

3404 416 3505 477 182

284 528 417 584 CAP.
453 520 517 582 ll.
546 555 619 570 -—
641 522 909 583 Constans
930 531 1067 595 esto,
1100 523 1408 583 Christiane
1438 526 1661 597 largitor
1696 526 1801 583 :da
1829 526 1885 592 Α
1910 530 1976 587 de
2026 528 2339 601 liujusmodi
2378 530 2688 589 hominibus
2734 532 2931 589 sentiat
2985 533 3147 605 Deus,
3196 536 3501 593 saeratissi-

220 618 357 689 quod
386 618 642 689 accipias,
678 630 801 675 sere
841 617 983 689 quod
1029 626 1220 686 metas,
1256 631 1450 690 Sparge
1479 620 1620 689 quod
1648 616 1806 675 colli-

216 727 328 783 gas.
362 711 484 766 Noli
524 720 767 767 metuere
809 708 1174 782 dispendium,
1205 711 1317 767 noli
1343 712 1410 768 de
1441 709 1604 767 dubio
1631 714 1811 783 suspi-

218 819 333 858 rare
368 813 655 872 proventu.
694 795 1007 859 Substantia
1057 810 1146 858 tua
1192 816 1314 859 cum
1347 803 1485 859 bene
1530 810 1804 874 erogatur,

216 901 463 964 augetur.
490 901 517 931 ι
541 892 879 964 Concupisce
905 893 1111 964 justum
1156 895 1542 950 misericordia:
1570 896 1801 966 lucrum,

214 998 263 1042 et
291 988 487 1043 aeterni
525 997 764 1054 quaestus
806 999 1015 1042 sectare
1045 988 1452 1043 commercium.
1494 988 1807 1045 Munerator

218 1090 332 1134 tuus
362 1080 479 1133 vult
527 1086 580 1135 te
618 1089 738 1135 eSSe
784 1081 1116 1145 muniﬁcum,
1145 1090 1200 1135 et
1229 1081 1319 1151 qui
1360 1080 1451 1134 dat
1482 1088 1539 1135 ut
1576 1080 1803 1148 habeas,

210 1173 423 1226 mandat
474 1181 531 1226 ut
572 1170 799 1239 tribuas,
846 1172 1032 1228 dicens
1067 1191 1079 1227 :
1115 1171 1268 1241 Date,
1318 1185 1362 1227 et
1400 1170 1603 1228 dabitur
1643 1174 1801 1229 vobis.

214 1265 603 1330 Amplectenda
630 1276 712 1319 εει
753 1263 849 1319 tibi
878 1265 1253 1335 promissionis
1282 1263 1439 1321 iStius
1484 1265 1805 1336 gratulanda

209 1359 469 1413 conditio.
500 1356 758 1426 Quamvis
782 1358 924 1413 enim
955 1372 1058 1414 non
1102 1355 1304 1414 habeas
1338 1358 1438 1413 nisi
1468 1356 1610 1430 quod
1649 1372 1805 1414 acce-

206 1451 365 1522 peris,
416 1468 528 1506 non
577 1462 727 1522 potes
762 1461 938 1507 tamen
989 1467 1096 1508 non
1136 1452 1333 1509 habere
1372 1453 1516 1524 quod
1562 1452 1797 1510 dederis.

206 1542 303 1609 Qui
345 1556 480 1613 ergo
524 1544 779 1613 pecunias
810 1553 977 1612 amat,
1008 1554 1062 1601 et
1109 1544 1470 1615 multiplicare
1498 1558 1629 1616 opes
1675 1560 1801 1603 suas

203 1633 509 1690 immodicis
539 1643 691 1707 Optat
727 1637 1054 1708 augmentls,
1083 1636 1183 1693 hoc
1218 1640 1397 1709 potius
1436 1650 1683 1694 sanctum
1714 1636 1797 1696 le-

203 1740 299 1783 nus
329 1740 607 1795 exerceat,
656 1737 711 1783 et
741 1732 841 1784 hac
870 1742 1152 1786 uSurarum
1180 1742 1297 1786 arte
1327 1730 1578 1799 diteseat,
1611 1738 1668 1788 ut
1692 1744 1798 1789 non

201 1818 482 1877 hominum
516 1821 878 1877 laborantium
928 1831 1106 1893 captet
1151 1824 1523 1889 necessitates,
1551 1822 1576 1863 δ
1607 1840 1674 1881 ne
1704 1836 1801 1896 per

1913 639 2031 678 mus
2074 623 2331 696 pr0plieta
2372 626 2539 682 David
2588 622 2941 683 manifestat;
2972 630 3065 700 qui
3113 644 3236 685 cum
3275 608 3530 698 diceret.

1912 713 2151 784 Domine,
2176 714 2291 787 quis
2318 716 2564 773 habitabit
2593 720 2647 773 in
2675 718 3005 774 tabernaculo
3028 729 3138 789 tuo,
3170 732 3258 777 aut
3286 724 3395 793 quis
3421 742 3505 779 rc—

1910 808 2129 880 quicscet
2168 812 2222 865 in
2265 821 2437 866 monte
2472 824 2649 868 sancto
2697 825 2784 869 tuo
2812 813 2931 885 (Ps.
2963 832 3078 883 xw,
3110 817 3199 887 υτ
3241 832 3502 888 responso

1911 902 2105 959 divinae
2137 904 2287 961 vocis
2314 906 2621 975 instruitur,
2645 916 2699 963 et
2722 924 2843 964 eum
2872 910 2939 965 ad
2968 922 3225 967 aeternam
3259 914 3498 984 requiem

1910 999 2182 1067 pertinere
2213 1000 2509 1069 cognoscit,
2546 1000 2633 1072 qui
2664 1000 2803 1056 inter
2826 1002 2957 1057 alias
2992 1004 3089 1071 piae
3120 1006 3496 1061 conversatio-

1909 1096 1993 1150 nis
2024 1095 2260 1165 regulas,
2288 1097 2558 1167 pecuniam
2588 1114 2737 1151 suam
2761 1115 2862 1153 non
2904 1098 3043 1153 dedit
3071 1100 3137 1153 ad
3165 1117 3413 1167 usuram;
3443 1109 3499 1156 et

1908 1207 1937 1246 a
1980 1193 2327 1247 tabernaculo
2371 1192 2461 1246 Dei
2515 1192 2814 1247 ostenditur
2854 1194 3083 1260 alienus,
3140 1203 3195 1250 et
3232 1212 3258 1248 a
3309 1203 3497 1250 sancto

1910 1296 2093 1340 monte
2121 1285 2238 1356 ejus
2268 1294 2578 1350 extraneos,
2614 1286 2704 1354 qui
2733 1285 2980 1341 dolosum
3012 1300 3279 1356 quaestum
3309 1288 3374 1341 de
3407 1302 3497 1358 pe-

1908 1378 2081 1433 cuniae
2123 1395 2233 1433 suae
2284 1388 2464 1449 captat
2503 1379 2709 1445 usuris;
2741 1390 2795 1436 et
2838 1380 2962 1434 dum
2994 1396 3093 1451 per
3133 1380 3305 1435 aliena
3350 1382 3499 1453 cupit

1907 1471 2100 1527 damna
2132 1472 2313 1537 ditari,
2346 1483 2546 1527 aeterna
2572 1473 2763 1543 dignus
2786 1484 2869 1527 cst
2888 1480 3126 1542 egestate
3152 1474 3349 1544 puniri.

1978 1560 2108 1617 Car.
2140 1562 2231 1620 IV.
2260 1594 2332 1603 —
2363 1558 2470 1617 Vos
2520 1564 2719 1634 itaque,
2763 1564 3120 1631 dilectissimi,
3155 1562 3244 1635 qui
3276 1582 3340 1620 ex
3385 1574 3495 1621 toto

1906 1654 2071 1710 corde
2108 1654 2561 1723 promissionibus
2614 1657 2822 1712 Domini
2862 1658 3190 1724 credidistis,
3229 1658 3494 1730 fugientes

1906 1747 2392 1802 immundissimam
2442 1748 2683 1803 avaritiae
2713 1750 2941 1819 lopram,
2992 1751 3147 1805 donis
3189 1751 3279 1806 Dei
3315 1751 3399 1820 pie
3438 1762 3494 1807 et

1904 1839 2177 1905 sapienter
2209 1838 2439 1893 utimini.
2475 1838 2540 1893 Et
2573 1840 2825 1909 quoniam
2860 1850 2883 1887 ε
2906 1840 3051 1910 juste
3081 1840 3149 1895 de
3191 1841 3359 1912 ipsius
3383 1842 3491 1895 lar—

201 1914 383 1971 dolosa
409 1915 679 1971 beneficia
712 1916 937 1986 laqueos
964 1916 1169 1988 injiciat
1198 1916 1563 1973 lnsolnbilium
1594 1918 1797 1974 debito-
1830 1926 1878 1989 Β
1906 1928 2071 2002 gnate
2101 1924 2368 2000 gaudetis,
2402 1929 2522 1985 date
2562 1946 2781 2001 Operam
2834 1942 2892 1986 ut
2933 1932 3148 2001 possitis
3178 1930 3491 2003 gaudiorum

199 2022 339 2073 rum,
361 2008 462 2062 sed
495 2007 642 2061 illius
671 2007 741 2063 sit
787 2008 1044 2075 creditor,
1079 2008 1219 2063 illius
1264 2007 1560 2075 fenerator,
1595 2009 1684 2080 qui
1715 2009 1799 2064 di-

203 2101 272 2153 cit
300 2116 314 2153 :
348 2099 507 2166 Date,
538 2111 589 2155 et
609 2100 811 2155 dabitur
838 2101 1007 2168 vobis;
1034 2110 1086 2157 et
1107 2116 1208 2174 qua
1234 2116 1475 2157 mensura
1501 2105 1661 2158 mensi
1685 2104 1798 2176 fue-

196 2192 322 2258 ritis,
356 2191 541 2247 eadem
581 2193 873 2247 remetietur
911 2192 1068 2249 vobis.
1120 2193 1353 2250 lnlidelis
1384 2202 1562 2251 autem
1613 2206 1668 2251 et
1696 2197 1799 2252 ini-

197 2299 326 2353 quus
362 2294 450 2340 est
497 2284 662 2341 etiam
707 2285 828 2352 sibi,
866 2287 954 2356 qui
1002 2287 1148 2356 quod
1196 2288 1429 2344 aestimat
1463 2289 1796 2361 diligendum

199 2393 303 2433 non
335 2380 454 2433 vult
488 2372 691 2435 habere
720 2384 1063 2450 perpetuum.
1114 2388 1138 2421 ε
1168 2380 1513 2451 Quantalibet
1557 2384 1793 2455 adjiciat,

196 2470 540 2541 quantalibet
564 2473 763 2528 condat
787 2484 841 2529 et
869 2481 1145 2545 congerat,
1191 2475 1347 2547 inops
1374 2476 1441 2532 de
1471 2474 1573 2533 hoc
1596 2478 1796 2535 mundo

196 2572 245 2619 et
275 2578 487 2635 egenus
534 2566 810 2633 abscedet,
842 2568 1055 2625 dicente
1097 2566 1264 2625 David
1306 2566 1610 2642 propheta:
1650 2572 1794 2640 Quo-

195 2658 331 2710 niam
361 2674 487 2712 cum
530 2660 791 2713 interierit
819 2654 846 2696 ἀ
876 2676 978 2715 non
1023 2662 1243 2732 accipiet
1274 2663 1471 2727 omnia,
1517 2680 1679 2737 neque
1709 2664 1797 2721 de-

196 2748 394 2801 scendet
446 2764 569 2805 cum
616 2766 675 2806 eo
704 2750 871 2824 gloria
910 2750 1024 2824 eius
1054 2748 1172 2821 (Ps.
1206 2766 1398 2821 nvnt,
1441 2754 1556 2827 l8).
1600 2752 1700 2825 Qui
1749 2759 1796 2813 si

195 2842 461 2914 bemgnus
493 2853 642 2901 esset
682 2848 878 2901 animae
918 2858 1053 2912 suae,
1090 2844 1167 2902 illi
1209 2844 1351 2903 bona
1395 2859 1492 2906 sua
1524 2850 1793 2919 crederet,

199 2939 282 3009 qui
310 2948 367 2995 et
397 2938 635 2996 idoneus
664 2937 949 3011 ﬁdejussor
994 2948 1079 2997 est
1108 2956 1425 3014 pauperum,
1462 2952 1516 3001 et
1551 2941 1794 3016 largissi-

198 3044 311 3085 mus
347 3029 605 3087 reddiior
652 3044 963 3089 usurarum.
1017 3028 1125 3091 Sed
1172 3033 1368 3105 injusta
1418 3041 1473 3091 et
1511 3036 1794 3107 impudens

198 3124 444 3195 avaritia,
482 3142 606 3199 quze
652 3126 973 3185 beneficium
1013 3146 1073 3187 se
1104 3132 1233 3187 dicit
1262 3141 1517 3201 praestare
1552 3147 1669 3188 cum
1701 3132 1795 3189 de-

198 3224 343 3296 cipit,
373 3239 489 3281 non
528 3222 708 3280 credit
748 3222 859 3281 Deo
888 3224 1154 3281 veraciter
1198 3226 1555 3295 promittenti,
1588 3239 1642 3283 et
1670 3245 1791 3285 cre-

199 3317 271 3372 dit
291 3317 501 3372 homini
530 3326 554 3355 ⁶
589 3317 796 3386 trepide
818 3318 1141 3387 paciscenti;
1167 3319 1401 3387 dumque
1425 3320 1657 3375 certiora
1681 3323 1795 3376 exi-
1822 3328 1870 3393 ρ

200 3413 373 3467 etimat
416 3413 711 3483 praesentia
753 3427 912 3481 quam
958 3412 1155 3481 futura,
1205 3415 1399 3467 merito
1446 3413 1497 3466 in
1540 3414 1643 3470 hoc
1684 3415 1791 3470 Ire-

200 3516 423 3576 quenter
454 3504 709 3573 incurrit,
744 3516 803 3559 ut
832 3504 881 3560 ei
910 3504 1175 3576 cupiditas
1203 3504 1386 3575 injusti
1409 3504 1545 3561 lucri
1576 3523 1683 3562 non
1716 3508 1795 3562 in-

198 3599 323 3669 thsti
343 3615 513 3654 causa
545 3600 619 3653 sit
648 3599 851 3653 damni.

262 3673 395 3727 Car.
428 3670 519 3727 Ill.
539 3669 781 3727 --Unde
803 3670 1030 3740 quilibet
1057 3680 1314 3741 sequatur
1339 3682 1583 3737 eventus,
1606 3669 1625 3709 τ
1653 3673 1795 3728 mala

200 3776 413 3834 semper
451 3771 539 3819 est
576 3764 717 3819 ratio
760 3764 1086 3833 fenei-antis,
1138 3765 1225 3819 cui
1273 3766 1553 3834 pecuniam
1603 3774 1656 3820 et
1696 3766 1796 3820 mi-

200 3864 383 3917 nuisse
434 3869 494 3915 et
530 3860 747 3916 auxisse
796 3868 1070 3929 peccatum
1114 3867 1235 3918 est:
1284 3867 1340 3914 ut
1386 3869 1477 3914 aut
1518 3860 1681 3915 miser
1724 3859 1792 3915 sit

200 3954 504 4010 amittendo
528 3954 673 4024 quod
705 3954 876 4019 dedit,
908 3964 1000 4009 aut
1028 3954 1279 4010 miserior
1307 3953 1623 4026 accipiendo
1649 3954 1791 4024 quod

202 4056 305 4101 non
338 4047 513 4102 dedit.
556 4046 831 4116 Fugienda
873 4056 1093 4116 prorsus
1122 4055 1206 4101 est
1256 4047 1511 4117 iniquitas
1547 4046 1788 4101 fenoris:

200 4149 249 4195 et
278 4142 495 4195 lucrum
520 4139 666 4209 quod
693 4142 836 4195 omni
866 4141 1363 4198 carethumanitate
1386 4141 1661 4197 vitandum
1686 4150 1791 4197 est.

202 4234 306 4307 εξ,
348 4235 746 4306 Mulliplicatur
773 4236 988 4306 quidem
1023 4236 1249 4293 facultas
1292 4238 1506 4306 injustis
1545 4247 1598 4293 et
1627 4236 1793 4292 tristi-

202 4329 296 4383 bus
330 4332 712 4399 incrementis,
741 4331 838 4387 sed
861 4333 1057 4387 mentis
1082 4333 1389 4388 substantia
1418 4334 1793 4389 contabescit:

198 4421 453 4491 quoniam
485 4420 664 4481 FENUS
689 4424 929 4495 pecuniae
958 4420 1114 4481 funus
1137 4434 1219 4481 est
1239 4426 1455 4481 anlmm.
1488 4427 1625 4494 Quid
1650 4425 1793 4482 enim

1902 2034 2206 2081 vestrorum
2241 2022 2441 2081 habere
2484 2038 2781 2081 consortes.
2816 2022 2995 2081 Multis
3042 2028 3211 2095 enim,
3246 2041 3365 2097 qua:
3390 2042 3488 2081 vo-

1902 2118 1985 2173 bis
2016 2128 2327 2188 suppetunt,
2358 2116 2576 2186 desunt,
2626 2129 2679 2174 et
2707 2120 2758 2174 in
2790 2120 3143 2190 quorumdam
3174 2120 3485 2191 indigentia,

1902 2212 2127 2266 materia
2158 2205 2315 2267 vobis
2342 2212 2463 2266 data
2488 2220 2570 2267 est
2594 2212 2790 2267 divinae
2814 2212 3066 2267 bonitatis
3095 2212 3367 2267 imitanda:
3396 2232 3406 2264 :
3435 2222 3491 2267 ut

1903 2322 1997 2375 per
2023 2321 2117 2361 vos
2148 2303 2309 2360 etiam
2340 2300 2392 2361 in
2427 2306 2561 2360 alios
2590 2305 2850 2361 beneﬁcia
2880 2305 3055 2361 divina
3089 2306 3403 2371 transirent,
3434 2316 3490 2363 et

1901 2403 2038 2459 bene
2069 2402 2448 2472 dispensantes
2484 2401 2825 2472 temporalia,
2870 2401 3220 2471 acquireretis
3260 2408 3484 2454 aeterna.

1900 2498 2099 2565 Quarta
2133 2495 2293 2567 igitur
2322 2506 2375 2549 et
2413 2504 2564 2550 sexta
2595 2493 2725 2549 feria
2762 2493 3097 2565 jejunemus;
3128 2492 3350 2549 sabbato
3393 2507 3489 2546 au-

1904 2602 2009 2647 tem
2045 2588 2072 2628 1*
2103 2589 2246 2661 apud
2290 2590 2665 2645 beatissimum
2694 2588 2913 2644 Petrum
2964 2590 3265 2659 apostolum
3306 2584 3489 2655 vigile-

1902 2702 2044 2753 mus,
2088 2686 2243 2754 cujus
2276 2682 2617 2739 orationibus
2650 2681 2806 2738 nobis
2846 2698 2943 2754 per
2973 2680 3150 2736 omnia
3182 2679 3487 2736 obtineatur

1900 2780 2079 2834 divina
2125 2778 2411 2849 protectio,
2453 2791 2548 2847 per
2578 2775 2846 2831 Christum
2882 2774 3167 2831 Dominum
3216 2778 3481 2829 nostrum.

1899 2875 2091 2929 Amen.

2294 2964 2527 3023 SERMO
2566 2963 2733 3020 XVIII
2762 2963 2867 3036 [AL
2899 2958 3090 3032 XVII].

2221 3059 2298 3113 De
2327 3058 2536 3134 Jejnnio
2568 3057 2752 3111 decimi
2802 3056 2990 3110 mensis
3026 3050 3162 3109 VII.

1900 3154 2171 3211 SYNOPSIS.
2204 3182 2275 3192 -—
2304 3152 2343 3207 Ι.
2379 3153 2617 3205 Animam
2649 3149 2766 3203 licet
2796 3155 3166 3211 regeneralam,
3195 3150 3244 3199 cl
3267 3158 3325 3197 ea:
3355 3160 3407 3198 se
3434 3143 3488 3198 in

1971 3224 2222 3279 deteriora
2266 3218 2532 3285 declivem,
2575 3228 2622 3274 et
2675 3234 2736 3273 ea:
2783 3215 2881 3273 Dei
2920 3216 3231 3290 benignitate
3257 3215 3490 3290 pluribus

1972 3297 2224 3351 munitam
2254 3312 2363 3349 esse
2404 3292 2678 3363 praesidiis.
2704 3320 2774 3331 ——
2795 3290 2860 3345 Il.
2893 3285 3223 3343 Communem
3258 3285 3354 3341 toti
3374 3285 3487 3363 __E_c_-

1971 3367 2139 3421 cleaitt:
2167 3357 2524 3420 abslinenliam
2555 3361 2738 3431 indici,
2775 3372 2827 3416 ut
2854 3372 2955 3431 eta
2992 3366 3212 3431 par-teret
3234 3374 3266 3412 a
3306 3357 3489 3431 solidi-

1972 3451 2073 3494 tute
2128 3436 2362 3492 diabolus
2410 3442 2701 3500 superetur.
2726 3426 2803 3473 ’-
2850 3426 2938 3488 Ill.
2987 3426 3227 3489 Sterilem
3258 3429 3488 3483 arborem

1972 3512 2201 3566 Christus
2232 3509 2513 3571 damnavit,
2551 3515 2607 3559 ut
2652 3504 3018 3573 misericordia:
3054 3514 3209 3573 Opera
3232 3510 3487 3573 commen—

1969 3582 2135 3635 daret.
2188 3580 2253 3636 Ut
2303 3582 2451 3634 homo
2506 3574 2832 3633 Christianus
2884 3572 3213 3649 impugnelur
3257 3572 3485 3649 assidue,

1969 3670 2183 3725 quisque
2222 3653 2323 3707 sint
2362 3652 2562 3721 piorum
2603 3665 2746 3705 arma
2782 3640 2966 3702 contrd
2991 3640 3269 3702 invisibiles
3294 3640 3484 3697 hostes.

1974 3768 2078 3839 55
2123 3767 2254 3821 CAP.
2288 3765 2327 3819 I.
2368 3788 2439 3806 -ι
2484 3760 2802 3829 Prtltsldla,i
2838 3759 3204 3826 dilewsslmi,
3249 3754 3488 3814 sanetill-

1906 3861 2091 3917 caudis
2138 3857 2409 3914 urentibus
2439 3856 2637 3913 nostris
2681 3865 2844 3927 atque
2884 3854 3203 3925 corporibus
3231 3851 3488 3907 divinitus

1902 3954 2169 4023 instituta,
2204 3952 2328 4007 ideo
2358 3965 2479 4006 cum
2506 3950 2713 4004 dierum
2747 3956 3157 4020 temporumque
3198 3940 3490 4002 curriculis

1902 4044 2022 4104 sine
2060 4047 2363 4104 cessatione
2408 4053 2745 4114 reparantur,
2775 4053 2835 4099 ut
2860 4040 3235 4098 lnilrmitatu‘m
3271 4048 3489 4095 nostra-

1903 4154 2021 4199 rum
2055 4143 2170 4212 ipsa
2201 4155 2298 4195 nos
2344 4137 2608 4194 medicina
2654 4144 3015 4194 cummoneat.
3047 4132 3250 4192 Natura
3290 4133 3489 4204 quippe

1902 4237 2201 4301 mutabilis,
2229 4245 2283 4292 et
2304 4234 2372 4291 de
2392 4235 2597 4305 peccati
2624 4233 2743 4290 labe
2767 4231 3065 4299 mortalis,i
3089 4226 3338 4299 licetjam
3367 4224 3490 4282 red-

1905 4339 2104 4401 empta,
2138 4338 2192 4385 et
2212 4343 2368 4384 sacro
2396 4328 2718 4397 baptismate
2745 4327 2859 4397 jam
2894 4333 3103 4389 renata,
3143 4325 3198 4378 in
3226 4329 3489 4393 quantum

1907 4431 1991 4482 est
2017 4424 2307 4498 passibilis,
2351 4424 2402 4479 in
2435 4431 2644 4479 tantum
2683 4431 2770 4479 erit
2800 4421 2869 4478 ad
2901 4419 3167 4478 deteriora
3208 4414 3489 4490 proclivis.

268 4589 296 4618 ⁸
322 4582 522 4654 Secuti
542 4597 730 4635 sumus
760 4580 1044 4654 lectionem
1074 4583 1330 4654 optimam
1366 4582 1571 4638 codicis
1601 4580 1658 4638 S.
1692 4582 1795 4638 Pe-
1822 4587 1870 4648 D
1897 4584 2079 4654 Regiis
2112 4584 2303 4650 tribus,
2335 4578 2498 4641 Cori).
2548 4594 2601 4640 et
2645 4582 2811 4651 Vict.,
2843 4578 2985 4654 quod
3024 4576 3146 4639 ideo
3173 4594 3398 4654 moneo,
3424 4592 3493 4634 ne

201 4652 285 4707 tri.
325 4655 439 4717 AL,
479 4650 545 4706 Et
576 4652 935 4722 concupiscere
955 4650 1155 4723 justum
1179 4652 1541 4710 misericordia:
1571 4656 1794 4723 lucrttm,

201 4727 379 4796 meriti
408 4735 639 4796 quaestus
668 4734 740 4778 est
764 4724 947 4778 sectari
974 4726 1363 4796 commercium.

268 4792 846 4868 1°Ita’emendarn'mus
874 4812 941 4851 ex
971 4792 1136 4850 tribus
1176 4814 1307 4853 mss.
1343 4796 1638 4853 Vaticanis.
1682 4795 1794 4868 AL,

201 4882 264 4921 ne
293 4885 383 4935 per
406 4866 786 4938 dolosaroﬁicia
821 4867 1028 4936 laqueos
1057 4868 1271 4923 incidat.

276 4951 301 4977 ε
340 4936 679 5006 Quantalibet
698 4938 911 5008 adjiciat
939 4939 1123 4993 deerat
1145 4942 1199 4994 in
1228 4940 1356 4995 edit.
1386 4940 1587 5007 Quesn.
1625 4936 1800 4995 Resti-

203 5011 409 5137 hqinli’us
441 5025 509 5064 ex
540 5008 660 5065 aliis
690 5009 1015 5067 editionibus
1039 5022 1091 5066 et
1115 5028 1178 5067 ex
1208 5010 1459 5068 omnibus
1490 5014 1692 5067 nostris
1711 5028 1803 5067 co-

256 5099 309 5137 ci
352 5099 437 5136 us.

256 5099 437 5137 CIDUS.

274 5155 302 5189 ά
332 5155 519 5209 Codex
552 5153 612 5210 S.
655 5152 826 5220 Petri,
867 5170 971 5207 non
1000 5161 1186 5225 sumet.
1218 5149 1468 5225 Inferius,
1513 5152 1680 5225 gloria
1711 5155 1803 5207 doc

202 5242 317 5277 eius
345 5227 479 5299 ejus,
509 5241 607 5295 pro
633 5226 803 5299 gloria
830 5227 941 5299 ejus
969 5226 1019 5278 in
1042 5220 1171 5299 Vat.
1192 5224 1295 5299 544
1323 5220 1536 5299 collect:
1566 5224 1621 5280 5.
1648 5225 1802 5293 Dein,

203 5311 301 5364 pro
336 5298 441 5362 Qui
468 5298 533 5363 si,
561 5299 611 5351 in
635 5296 820 5367 prima
848 5296 1106 5367 editione,
1141 5296 1276 5363 Quia
1314 5298 1380 5351 si.

277 5378 301 5440 ξ
342 5371 455 5440 AL,
491 5366 677 5440 tepide.
704 5366 1026 5435 Quesnellus
1059 5366 1113 5440 in
1148 5370 1409 5440 margine.

280 5437 302 5478 τ
340 5437 612 5494 Prolixam
640 5439 915 5507 Quesnelli
943 5439 1272 5493 notationem
1318 5437 1440 5493 huic
1466 5438 1585 5493 loco
1616 5438 1801 5509 subje-

207 5522 347 5566 ctam
382 5514 525 5567 inter
559 5511 969 5569 observationes
1000 5526 1119 5581 quae
1153 5521 1272 5581 p05t
1300 5509 1592 5571 St‘J‘lltOllCS
1617 5512 1802 5581 proic-

206 5594 395 5639 rentnr
436 5584 766 5653 descriptam
798 5583 1061 5639 invenies.

208 5726 249 5781 Ρ
280 5664 307 5702 ι
338 5650 653 5738 ᾼάῇεεὶωυὲ
699 5655 1011 5712 adverbium
1049 5656 1194 5729 juste
1236 5668 1305 5711 ex
1349 5650 1694 5711 Lectionario
1742 5652 1802 5714 S.

251 5739 375 5781 em.

251 5739 375 5781 είτι.

282 5797 313 5835 ιι
339 5800 439 5854 bis.
470 5799 525 5856 S.
558 5798 703 5855 Petri
744 5808 799 5855 et
836 5797 958 5854 Vat.
1002 5798 1216 5855 collect.
1245 5799 1301 5866 5,
1332 5798 1401 5853 ad
1438 5798 1805 5858 beatissimum.

289 5870 307 5907 ί
339 5872 560 5926 Addunt
588 5871 714 5927 editi
746 5870 961 5927 codices
983 5886 1173 5925 omnes
1208 5882 1261 5926 et
1294 5887 1423 5927 mss.
1454 5872 1640 5941 aliqui,
1671 5871 1808 5925 mili-

216 5942 303 5998 tiae
324 5942 646 6007 Christianw.
668 5956 788 6009 qua:
812 5943 978 6001 verba
1000 5943 1371 6002 desiderantur
1397 5948 1449 6001 in
1481 5958 1612 6003 mss.
1646 5943 1805 6003 codd.

1900 4650 2022 4725 quis
2049 4656 2259 4711 illorum
2288 4658 2636 4711 omissionem
2669 4650 3016 4727 typograpbi‘s
3037 4653 3288 4727 ascribat.
3319 4651 3493 4727 Ουιξ·

1901 4719 2128 4784 nectus.
2156 4759 2228 4769 ——
2255 4728 2518 4785 Similiter
2553 4744 2614 4782 ea
2643 4719 2827 4783 verba”
2846 4719 3224 4781 desiderantur
3271 4724 3324 4779 in
3350 4719 3493 4778 anti-

1902 4801 2162 4870 quissimo
2191 4794 2532 4855 Lectionario
2560 4798 2683 4854 Vat.
2727 4797 2888 4870 3836,
2932 4798 2983 4870 in
3027 4796 3133 4870 alio
3166 4795 3335 4852 veteri
3367 4794 3493 4870 Vat.

1905 4864 2065 4939 {267,
2102 4874 2154 4925 in
2188 4872 2397 4927 duobus
2435 4870 2824 4932 Vallicellanis,
2862 4864 2913 4924 in
2954 4867 3213 4923 Palavino
3243 4864 3493 4939 eremita-A

1904 4959 2023 4997 rum
2054 4935 2113 4998 S.
2149 4944 2453 5012 Augustini,
2482 4945 2533 4997 in
2566 4942 2882 5009 Veronensi,
2916 4942 2967 4994 in
2999 4939 3206 5012 Veneto
3237 4936 3294 4995 S.
3328 4935 3494 5012 Marci

1905 5015 2133 5085 aliisque
2184 5002 2561 5077 LEctionariis,
2592 5028 2716 5085 nec
2753 5002 2879 5068 non'
2908 5012 2961 5085 in
3012 5002 3291 5085 llomiliar.
3337 5007 3495 5085 Pauli

1907 5076 2060 5140 Diae:
2094 5086 2296 5140 Desunt
2334 5076 2552 5155 quoque
2589 5084 2640 5138 in
2673 5100 2804 5139 mSS.
2846 5082 3057 5155 collect.
3095 5076 3148 5148 1,
3175 5078 3226 5155 2
3253 5090 3306 5135 et
3425 5077 3495 5134 Αι

1905 5158 2153 5225 leguntur
2184 5150 2423 5231 irrcodd.
2463 5150 2753 5231 collectu'é
2791 5164 2845 5211 et
2866 5153 2919 5217 4,
2957 5163 3126 5231 atan
3172 5153 3233 5231 in
3266 5150 3496 5231 col_lecta

1908 5217 2200 5298 peurvetusti
2228 5227 2643 5298 Sacramentarii
2672 5226 3000 5298 Veronensis
3029 5217 3058 5279 ὁ
3088 5220 3150 5281 P.
3176 5217 3494 5298 Blancbinio

1906 5292 2072 5374 editi,
2107 5300 2198 5374 ubi
2244 5294 2503 5374 Lenninii,
2549 5298 2635 5374 _ut_i
2671 5296 3177 5374 videtur,_fo_rm_ula
3225 5292 3493 5374 habetur:

1908 5364 2166 5425 Prazsidia
2206 5372 2403 5426 militia:
2433 5367 2745 5425 Christiana:
2768 5370 2960 5425 sanctis
2993 5370 3233 5435 inchoare
3251 5364 3495 5435 jejuniis.

1983 5442 1997 5493 Σ
2034 5442 2106 5497 Ita
2152 5442 2345 5496 melius
2374 5458 2441 5498 ex
2480 5443 2845 5495 vetuSIissimo
2888 5436 3007 5495 Vat.
3034 5433 3196 5502 5836,
3238 5433 3495 5491 Pa'tavmo

1909 5515 2257 5570 ercmitarum
2286 5512 2409 5579 117,
2454 5512 2750 5568 Veronensi
2776 5510 2862 5580 74,
2898 5510 3126 5579 aliisque
3155 5507 3374 5580 optima:
3400 5519 3495 5560 no-

1909 5596 1976 5641 tae
2008 5574 2516 5648 Lectionariis.'nec
2546 5600 2652 5640 non
2687 5588 2737 5638 in
2764 5574 2864 5638 ms.
2895 5574 3414 5648 Casinensicollect.
3441 5580 3494 5631 l.

1911 5658 2040 5732 Erat
2074 5658 2132 5732 in
2156 5656 2316 5713 editis
2354 5646 2423 5712 ex
2443 5656 2606 5732 codd.
2637 5657 2852 5732 collect.
2882 5650 2996 5732 6,}
3028 5662 3081 5706 et
3110 5650 3165 5715 5,
3196 5646 3316 5732 licet
3343 5648 3498 5703 etiam

1902 5731 2017 5803 jam
2042 5730 2308 5804 redempta
2332 5738 2381 5804 et
2406 5745 2553 5804 sacro
2588 5727 2891 5794 baptismate
2918 5726 2991 5804 sit
3015 5732 3214 5804 renata,
3244 5726 3297 5775 in
3334 5737 3497 5804 quam

1913 5792 2020 5855 tum
2048 5811 2121 5856 est
2150 5792 2432 5873 passibilis,
2455 5802 2507 5855 in
2536 5792 2735 5873 tantum
2761 5807 2833 5873 est
2864 5798 2931 5873 ad
2957 5794 3211 5873 deteriora
3236 5792 3498 5873 proclivis,

1913 5856 2432 5943 corrutnp'sreturque'
2455 5874 2651 5927 carnali
2677 5870 2965 5943 ﬁdesiderio,
3005 5875 3113 5923 etc.
3143 5865 3202 5923 In
3231 5856 3339 5923 uno
3370 5856 3497 5921 Val;

1913 5946 2103 6006 licclln
2131 5939 2556 6006 Corrttttineretur
2584 5939 2716 6003 enim
2746 5939 2970 6003 carnali.
2997 5950 3102 5999 etc.
