3994 6354
535 354 638 410 3‘3

1661 351 1714 407 ε.
1760 349 2004 406 LEONIS
2043 349 2257 407 MAGNI
2300 348 2667 406 SEINONES

3713 348 3813 408 ιει

536 476 982 543 ιξιιιτιιιιιιιυιιειυι·
1025 470 1223 526 carnali
1254 469 1546 536 desiderio,
1601 470 1701 524 nisi
1744 470 1973 538 Spiritali
2005 486 2122 525 mu-

2234 470 2532 540 benignitas
2559 469 2850 538 exstinguit
2881 467 3155 524 invidiam.
3185 463 3568 522 Commutante
3596 462 3621 503 ¹ι
3648 464 3813 540 (enim

536 564 744 619 niretur
771 565 970 620 auxilio
1007 565 1167 634 :quia
1214 565 1352 619 sicut
1381 563 1456 618 illi
1488 579 1777 633 numquam
1803 562 1956 619 deest
1987 565 2126 620 unde

533 666 772 723 corruat,
827 657 898 710 ita
945 657 1160 724 semper
1191 663 1388 723 praesto
1432 664 1518 709 est
1549 657 1690 711 unde
1734 657 2013 722 subsistat,
2047 655 2128 710 di-

532 756 691 803 cente
717 747 970 816 Apostolo
1001 765 1012 800 :
1046 745 1246 801 Fidelis
1269 749 1405 802 enim
1432 758 1458 785 ἰ
1493 747 1652 817 Deus,
1677 750 1766 819 qui
1792 765 1879 804 vos
1909 765 2011 804 non
2033 765 2129 822 pa-

533 841 687 892 tietur
708 839 893 892 tentari
921 854 1080 906 supra
1105 839 1158 892 id
1184 843 1322 911 quod
1354 841 1588 912 potestis,
1614 843 1705 896 sed
1733 843 1885 910 faciet
1915 859 2129 910 proven-

533 944 660 996 tum,
713 942 767 985 ut
815 931 1022 1003 possitis
1066 934 1319 986 sustinere
1367 933 1412 1004 (l
1446 931 1567 988 Cor.
1615 950 1670 1003 ι,
1717 935 1828 1004 15).
1871 933 2129 1004 Quamvis

533 1039 663 1091 ergo
696 1022 955 1077 Dominus
989 1034 1236 1094 protegat
1261 1023 1287 1062 δ
1315 1024 1631 1102 bellatores,
1672 1028 1730 1080 et
1760 1025 1956 1080 milites
2000 1040 2128 1081 suos

531 1115 644 1180 ille,
673 1114 762 1186 qui
797 1124 989 1185 potens
1020 1125 1103 1171 est
1134 1117 1186 1170 in
1215 1116 1401 1183 pra-lio
1433 1115 1550 1187 (Ps.
1584 1133 1739 1182 χχιιι,
1770 1119 1848 1188 8),
1878 1117 2129 1172 cohorte-

530 1215 639 1270 tur,
673 1215 728 1260 et
766 1206 908 1262 dicat
943 1225 954 1261 :
984 1205 1164 1262 Nolite
1195 1209 1394 1272 timere,
1443 1210 1566 1279 quia
1606 1225 1698 1279 ego
1739 1209 1835 1262 vici
1875 1209 2128 1263 mundum

536 1296 714 1370 (Joan.
753 1314 862 1365 xvr,
897 1299 987 1370 33)
1020 1315 1037 1353 :
1069 1298 1344 1353 sciendum
1382 1309 1560 1354 tamen
1611 1309 1716 1363 est,
1763 1299 2124 1365 dilectissimi,

537 1403 560 1430 ε
597 1393 697 1449 hoc
747 1393 1099 1449 incitamento
1141 1393 1482 1449 formidinem
1535 1393 1800 1447 sublatam
1834 1410 1976 1462 esse,
2021 1411 2127 1449 non

535 1501 800 1558 pugnam;
831 1495 886 1541 et
914 1484 943 1523 (ι
973 1496 1155 1540 retuso
1180 1486 1370 1540 aculeo
1400 1487 1632 1554 timoris,
1661 1501 1878 1541 causam
1911 1502 2129 1544 manere

533 1583 870 1648 certaminis,
905 1581 1048 1652 quod
1081 1581 1149 1634 ab
1199 1581 1351 1634 hoste
1384 1589 1628 1645 versuto,
1664 1581 1978 1636 terribiliter
2009 1583 2128 1653 qui-

533 1675 656 1729 dem
689 1673 874 1729 furore
906 1673 1296 1744 persecutionis
1322 1673 1431 1744 56
1455 1684 1718 1738 movetur,
1753 1674 1847 1729 sed
1875 1685 1898 1713 ο
1925 1691 2126 1730 nocen-

531 1767 642 1822 tius
682 1767 861 1835 specie
891 1767 1039 1836 pacis
1084 1765 1331 1820 infertur.
1363 1764 1466 1821 Ubi
1507 1767 1652 1821 enim
1697 1767 1749 1820 in
1781 1776 1975 1836 aperto
2003 1776 2130 1822 sunt

2229 565 2452 621 dextera
2482 563 2690 618 Επειιεί
2721 562 2884 618 corda
2912 564 3226 627 multorum,
3255 561 3416 616 rediit
3445 561 3497 616 in
3530 561 3813 618 novitatem

2228 667 2490 721 velustas,
2525 664 2583 710 et
2610 655 2678 710 de
2710 655 2924 708 famulis
2970 653 3266 724 iniquitatis
3307 653 3537 708 ministri
3573 653 3815 721 prodiere

2227 749 2471 821 justitia‘.
2531 747 2755 819 Subegit
2800 749 3064 802 luxuriam
3110 747 3444 802 continentia
3475 789 3489 809 ,
3550 745 3820 802 humilitas

2230 841 2589 911 arrogantiam
2623 840 2986 909 propulsavit;
3030 848 3085 894 et
3113 838 3202 909 qui
3236 837 3564 904 impudicitia
3594 841 3819 894 sordiie-

2231 944 2372 996 rant.
2407 933 2657 988 castitate
2687 934 2986 988 nituerunt.
3027 932 3118 986 llis
3144 945 3323 987 autem
3353 933 3815 997 conversioiiibus,

2231 1024 2592 1084 dilectissimi.
2635 1020 2653 1060 ι
2689 1039 2783 1092 per
2823 1023 3218 1094 providentiam
3256 1025 3443 1093 gratia:
3479 1024 3570 1078 Dei
3598 1024 3702 1098 57
3731 1026 3821 1079 ad-

2231 1123 2342 1178 dita
2371 1131 2492 1176 sunt
2514 1132 2700 1177 sancta
2720 1121 2954 1190 jejuuia,
2982 1137 3100 1188 quae
3127 1121 3180 1174 in
3207 1119 3526 1190 quibusdam
3549 1120 3737 1175 dii-lius
3756 1120 3822 1175 ab

2233 1217 2481 1273 universa
2515 1217 2754 1272 Ecclesia
2786 1218 3132 1270 devotionem
3172 1216 3532 1270 observantiae
3557 1215 3822 1286 generalis

2232 1309 2530 1377 exigerent.
2556 1309 2815 1378 Quamvis
2843 1310 2988 1364 enim
3028 1308 3307 1376 pulchrum
3339 1307 3411 1361 sit
3445 1316 3608 1375 atque
3638 1306 3825 1359 lauda-

2232 1403 2340 1458 bile
2395 1414 2453 1458 ιιι
2497 1403 2705 1472 singula
2763 1417 2992 1474 quasque
3045 1400 3280 1454 membra
3334 1399 3574 1468 corporis
3623 1399 3824 1454 Christi

2235 1496 2467 1566 propriis
2508 1504 2771 1549 ornentur
2799 1493 3014 1554 olliciis.
3069 1492 3471 1547 exocllentioris
3521 1501 3699 1547 tamen
3743 1500 3826 1547 est

2233 1588 2463 1641 actionis
2492 1587 2911 1654 sacratiorisque
2940 1586 3172 1650 virtutis,
3201 1601 3321 1638 cum
3353 1585 3404 1638 in
3439 1600 3602 1638 unum
3632 1599 3825 1655 propo-

2233 1681 2394 1734 situm
2441 1680 2541 1747 piae
2591 1678 2762 1748 plebis
2813 1678 2975 1732 corda
3023 1686 3352 1732 concurrunt
3394 1693 3407 1730 :
3442 1685 3561 1730 utIn
3599 1675 3690 1730 ille
3740 1676 3827 1732 cui

2233 1773 2588 1828 sanctiﬁcatio
2641 1787 2822 1827 nosnra
2878 1771 3202 1839 supplicium
3253 1779 3359 1838 est,
3416 1784 3524 1824 non
3569 1770 3748 1824 solum
3795 1783 3828 1825 a

530 1879 746 1935 pugnae,
785 1863 839 1917 in
869 1860 1156 1916 manifesto
1194 1871 1319 1916 sunt
1350 1873 1406 1917 et
1431 1877 1665 1917 coronae.
1710 1862 1776 1918 Et
1820 1864 1920 1917 hoc
1947 1861 2124 1930 ipsum
2157 1867 2202 1926 Β
2233 1877 2404 1937 parte,
2458 1867 2553 1922 sed
2592 1870 2752 1920 etiam
2803 1882 2831 1920 a
2875 1865 3145 1920 soliditate
3188 1873 3491 1932 superetur.
3543 1863 3639 1918 Cui
3685 1877 3827 1917 nunc

531 1957 628 2010 alit
681 1967 841 2025 atque
889 1955 1138 2013 accendit
1187 1955 1462 2025 patientia:
1508 1955 1913 2021 fortitudinem,
1981 1957 2122 2027 quod

532 2049 674 2102 sicut
719 2047 963 2118 proxima
1012 2057 1094 2102 est
1140 2048 1434 2113 tribulatio,
1477 2047 1549 2102 ita
1579 2057 1663 2104 est
1693 2059 1748 2104 et
1791 2050 1962 2105 vicina
1995 2064 2127 2120 pro-

532 2141 740 2194 missio.
791 2137 1143 2194 Cessantibns
1184 2155 1312 2194 vero
1353 2140 1580 2208 publicis
1630 2141 2126 2211 impngnationibus

531 2233 842 2302 impiorum,
880 2243 933 2287 et
967 2249 998 2287 a
1028 2233 1265 2288 caedibus
1300 2233 1318 2270 τ
1363 2249 1424 2288 se
1467 2249 1532 2290 ac
1567 2234 1842 2302 suppliciis
1886 2233 2124 2289 fidelium

531 2325 749 2380 diabolo
772 2326 1106 2392 continente,
1135 2342 1202 2380 ne
1234 2326 1527 2394 pertinacia
1555 2326 1954 2389 crudelitatnm,
1990 2327 2129 2381 mul-

532 2419 793 2488 tiplicatio
823 2430 1131 2473 nostrorum
1173 2418 1330 2475 ﬁeret
1377 2419 1798 2488 triumphorum,
1829 2428 1855 2466 ε
1886 2419 2125 2475 fremens

529 2511 871 2565 adversarius
900 2519 1154 2566 cruentas
1183 2511 1492 2565 inimicitias
1521 2511 1588 2565 ad
1618 2513 1831 2580 quietas
1857 2514 2127 2566 convertit

528 2609 754 2664 insidias
788 2628 798 2663 :
840 2620 897 2663 ut
944 2623 1079 2679 quos
1125 2609 1344 2662 vincere
1392 2607 1533 2662 fame
1571 2615 1626 2662 et
1666 2603 1862 2679 gelu,ll
1892 2605 2125 2663 ﬂammis

528 2705 780 2773 ferroque
813 2717 919 2756 non
951 2710 1182 2770 poterat,
1213 2702 1324 2756 otio
1356 2700 1702 2771 tepefaceret,
1735 2700 2124 2770 cupiditatibus

529 2797 792 2861 irrctiret,
818 2795 1113 2851 ambitione
1151 2794 1383 2860 inﬂaret,
1416 2795 1697 2865 voluptate
1725 2805 2123 2864 corrumperet.

602 2894 730 2946 (In.
760 2891 823 2947 ll.
842 2889 1038 2946 —Sed
1072 2889 1156 2944 his
1182 2889 1198 2926 ί
1235 2898 1396 2957 atque
1418 2888 1540 2944 aliis
1569 2888 1821 2944 omnibus
1842 2889 2124 2945 destruen-

528 2983 611 3039 dis
656 2983 819 3039 babet
866 2984 1012 3038 acies
1052 2982 1356 3037 Christiana
1407 2989 1660 3052 potentes
1707 2982 2034 3038 munitiones
2069 2995 2126 3040 et

528 3091 678 3130 arma
726 3075 993 3139 victricia,
1029 3085 1044 3124 ι
1085 3074 1213 3128 dum
1263 3074 1563 3128 instruente
1595 3075 1796 3128 milites
1827 3088 1956 3129 suos
2000 3074 2122 3144 Spi.

528 3170 638 3224 ritu
671 3169 935 3233 veritatis,
975 3167 1336 3222 mansuetudo
1369 3167 1526 3233 iram,
1567 3166 1787 3238 largitas
1815 3168 2118 3239 avaritiam,

2231 1963 2405 2031 operi,
2447 1960 2812 2026 dilectiSsimi,
2853 1959 3096 2014 decimus
3136 1957 3337 2013 mensis
3358 1955 3604 2025 eiicitur,
3633 1957 3824 2010 admo-

2230 2070 2366 2109 nens
2418 2053 2817 2124 quodammodo
2867 2066 2964 2121 pro
3009 2051 3269 2120 qualitate
3318 2051 3578 2120 temporis
3630 2049 3714 2104 sui
3761 2064 3830 2105 ne

2230 2149 2514 2218 quisquam
2546 2148 2744 2216 frigore
2786 2145 3118 2200 inlidelitatis
3159 2144 3468 2213 obtorpeat,
3515 2143 3608 2198 sed
3653 2144 3830 2213 potius

2231 2242 2512 2297 charitatis
2544 2241 2731 2311 spiritu
2754 2248 2784 2276 ιι
2809 2239 3174 2294 convalescat.
3209 2236 3476 2304 Quooiam
3507 2245 3562 2292 et
3593 2251 3689 2305 per
3718 2237 3829 2306 ipsa

2232 2336 2500 2390 elementa
2538 2333 2746 2400 mundi,
2779 2341 3052 2400 tamquam
3095 2345 3187 2399 per
3217 2331 3455 2401 publicas
3485 2330 3733 2400 paginas,
3762 2329 3828 2383 si.

2230 2429 2632 2500 gnilicationem
2666 2425 2862 2478 divinas
2892 2423 3188 2478 voluntatis
3224 2421 3550 2490 accipimus;
3585 2435 3684 2476 nec
3710 2436 3830 2475 um-

2229 2537 2390 2593 quam
2433 2530 2611 2577 cessat
2658 2535 2888 2586 superna
2919 2519 3172 2582 eruditio,
3201 2517 3416 2587 quando
3467 2517 3631 2572 etiam
3663 2516 3736 2572 de
3767 2517 3831 2572 iis

2231 2629 2351 2684 qua;
2391 2613 2545 2667 nobis
2578 2612 2902 2666 famulantur
2928 2609 3243 2664 imbuimur.

2301 2705 2432 2762 CAP.
2477 2705 2567 2762 ΙΙΙ.
2623 2732 2696 2744 -
2745 2703 2948 2757 Praeter
2996 2702 3142 2756 illam
3196 2714 3430 2771 namque
3472 2699 3830 2771 apostolicam

2234 2798 2560 2856 sententiam
2611 2812 2714 2865 qua
2775 2797 3021 2850 homines
3077 2795 3252 2850 fructu
3304 2795 3521 2865 pietatis
3577 2803 3832 2850 carentes

2233 2896 2420 2950 vacuis
2449 2893 2732 2949 arboribus
2758 2900 3158 2968 comparantur.
3191 2889 3352 2945 etiam
3385 2890 3474 2943 illa
3509 2888 3640 2944 ficus
3671 2887 3831 2943 nobis

2233 2986 2469 3043 cavenda
2518 2994 2601 3040 est
2643 2985 2709 3040 de
2738 2999 2850 3038 suae
2892 2980 3293 3037 inlecuiiditatis
3324 2981 3615 3048 exemplo,
3663 2993 3830 3050 quam

2235 3079 2495 3133 Dominus
2521 3075 2710 3141 Jesus,
2740 3078 2878 3130 sicut
2904 3084 2928 3111 ο
2959 3075 3305 3144 Evangelium
3341 3071 3529 3139 refert,
3559 3072 3692 3127 nihil
3731 3072 3830 3126 lia-

2232 3173 2448 3227 bentein
2481 3170 2625 3240 quod
2658 3168 2908 3223 esuriens
2936 3178 3210 3233 sumeret,
3243 3176 3498 3246 perpetua
3541 3162 3832 3219 sterilitate

601 3316 628 3344 ⁸
657 3305 827 3362 Codd.
855 3304 916 3378 ξ.
950 3303 1094 3360 Petri
1137 3311 1191 3378 et
1222 3303 1448 3378 Veron._,_
1483 3303 1765 3378 Dominus.
1799 3304 1968 3378 Paulo
1995 3316 2118 3373 post
2147 3308 2194 3374 α
2223 3305 2644 3378 9ηαιὶηυὶάὶατῃ.
2689 3303 2792 3360 Sed
2828 3302 3246 3378 antiquissi_mus_
3268 3300 3577 3378 vatieanus,
3604 3300 3725 3378 duo

528 3378 672 3434 idem
706 3395 807 3433 ms.
854 3376 1182 3432 Veronensis
1204 3390 1326 3430 cum
1365 3376 1604 3431 editione
1643 3375 1932 3435 Rainaudi.
1971 3377 2119 3433 faciet

527 3466 646 3504 cum
677 3450 954 3504 tentatione
985 3457 1304 3517 proventum.

603 3519 631 3560 δ
660 3519 830 3574 Codd.
869 3515 1076 3573 Victor.
1127 3528 1180 3573 et
1227 3517 1387 3573 Corb.
1433 3515 1707 3584 Quesnelli
1761 3533 1881 3572 cum
1935 3529 2120 3572 nostro

526 3590 647 3646 Vat.
683 3589 809 3655 544,
850 3589 1150 3644 bellaturos.
1183 3591 1300 3645 Mox
1329 3588 1436 3644 duo
1469 3603 1600 3644 mss.
1633 3589 1689 3644 S.
1733 3589 1903 3654 Petri,
1937 3599 1984 3644 et
2011 3591 2116 3655 ille,

526 3663 618 3733 qui
642 3673 821 3734 potens
853 3672 945 3715 est.

548 3773 550 3775 .
607 3745 628 3773 c
647 3733 840 3788 Codex
873 3733 1222 3798 Veronensis,

604 3803 886 3860 dCodices
939 3803 1267 3866 Gaudiival.,
1321 3804 1460 3874 Vict.
1508 3813 1562 3857 et
1618 3804 1767 3874 Regii
1820 3805 1928 3859 duo
1981 3806 2118 3871 apud

528 3874 902 3942 Quesnellii-in,
945 3889 1054 3929 tres
1110 3877 1279 3931 nostri
1326 3873 1447 3930 Vat.
1496 3885 1550 3930 et
1597 3873 1817 3944 VCI'Oﬂ.,
1861 3887 2070 3930 retunso
2102 3893 2120 3930 :

528 3949 692 4002 Corb.
725 3947 952 4015 Qiiesn.,
987 3961 1220 4001 reconso.

605 4029 627 4056 ε
660 4020 714 4073 lu
747 4020 907 4071 editis
955 4031 1007 4072 et
1059 4017 1330 4088 plerisque
1375 4033 1531 4082 mss.,
1581 4019 1959 4073 innocentibus.
1991 4018 2121 4086 Qni-

528 4089 651 4144 dam
696 4091 912 4160 codices
953 4104 1193 4144 errorem
1231 4096 1279 4142 in
1326 4088 1428 4143 hac
1466 4104 1596 4144 voce
1646 4091 1968 4156 indicantes,
2009 4107 2121 4144 mo-

531 4163 784 4213 nentibus.
822 4161 1126 4229 Legendnni
1159 4163 1428 4214 credimus
1463 4177 1583 4214 cum
1619 4178 1718 4214 nis.
1753 4161 1900 4226 Ven,
1936 4178 2123 4216 nocen-

531 4231 658 4296 tius;
688 4232 829 4298 quod
853 4233 1168 4286 adverbium
1191 4235 1618 4300 couirapositiim
1642 4235 1900 4286 anteriori
1930 4236 2122 4288 adver-

530 4304 621 4356 bio
649 4302 963 4371 terribiliter.
989 4304 1383 4372 indicat-pacis
1418 4314 1656 4368 tempore
1687 4312 1964 4358 certamen
1999 4320 2122 4359 esse

531 4374 910 4444 perniciosius.
954 4374 1080 4430 licet
1119 4390 1226 4429 non
1279 4374 1350 4428 ita
1395 4375 1634 4429 terribile
1677 4375 1767 4443 sit,
1803 4377 1877 4430 uti
1911 4376 2121 4432 furente

531 4446 932 4514 persecutione.

595 4517 627 4590 ,ί
661 4517 962 4590 Pionomen
989 4534 1064 4582 se,
1096 4517 1235 4585 quod
1260 4515 1884 4590 supplevitQuesnellus,
1909 4517 2123 4590 inveni-

530 4587 652 4642 mus
677 4592 726 4641 in
754 4589 1022 4657 plerisque
1047 4601 1102 4642 et
1127 4587 1587 4657 priestantioribus
1606 4593 1800 4641 iio5iris
1823 4589 2118 4642 codicibus.

547 4666 550 4669 '
607 4670 630 4704 κ
666 4658 738 4712 Ιντι
769 4660 1092 4725 Quesnellus
1131 4673 1252 4712 cum
1300 4658 1498 4710 nostris
1534 4660 1997 4722 iirtestaiitioritiiis
2032 4675 2120 4713 co-

1260 3749 1349 3803 per
1375 3732 1484 3786 lucc
1513 3733 1863 3788 incitamenta.

2227 3370 2398 3445 Petri,
2431 3391 2568 3431 unus
2592 3374 2794 3430 Veron.
2824 3385 2877 3428 et
2909 3370 3186 3431 eiemnlar
3214 3372 3361 3428 Pauli
3395 3370 3639 3434 Diaconi.
3675 3386 3739 3426 ut
3775 3374 3829 3428 in

2222 3459 2395 3506 textu.

2300 3519 2325 3558 ιί
2355 3521 2426 3575 Ita
2458 3535 2522 3573 ex
2551 3517 2801 3571 omnibus
2833 3516 3032 3570 nostris
3063 3530 3194 3568 mss.
3220 3523 3272 3569 et
3301 3513 3464 3567 editis
3492 3522 3616 3567 ante
3647 3514 3831 3582 Ques-

2227 3594 2451 3654 nellnm,
2475 3591 2562 3659 qui
2587 3604 2708 3644 cum
2733 3588 3014 3642 Homiliar.
3042 3586 3189 3641 Pauli
3223 3586 3372 3640 Diac.
3405 3600 3502 3654 pro
3521 3585 3653 3638 enim
3681 3602 3828 3656 prte-

2225 3665 2347 3718 tulit
2376 3680 2517 3730 ergo.

2241 3779 2244 3781 λ
2302 3733 2321 3772 ι
2357 3727 2499 3788 Editi
2539 3742 2666 3787 ante
2713 3731 3058 3799 Quesnellnm
3111 3746 3232 3784 cum
3263 3745 3393 3784 mss.
3448 3727 3606 3782 trium
3652 3728 3828 3799 colle-

2225 3807 2467 3862 clionunt
2513 3798 2891 3871 posteriorum,
2944 3804 3236 3870 providente
3285 3802 3449 3872 gratia
3503 3799 3620 3853 Dei.
3663 3798 3828 3872 Quod

2229 3894 2389 3946 porro
2429 3877 2496 3929 de
2531 3876 2796 3941 aliquibus
2823 3871 3318 3946 jejlllyl5_iltiliillll;,
3352 3888 3464 3942 qiia’
3506 3873 3558 3924 in
3583 3871 3827 3946 quibus-

2226 3941 2345 4001 llam
2375 3950 2550 4001 diebus
2582 3949 2642 4000 ab
2676 3941 2912 3998 universa
2943 3942 3177 3998 Ecclesia
3205 3941 3518 3997 devotionem
3542 3941 3725 3996 observ
3764 3959 3828 3995 n-

2227 4021 2311 4076 tiw
2337 4019 2590 4091 generalis
2615 4018 2896 4086 exigerent,
2944 4031 2970 4066 a
3011 4016 3294 4091 nonnullis
3316 4014 3539 4082 perinde
3581 4014 3828 4091 sumitur

2225 4107 2288 4145 ac
2318 4084 2364 4146 si
2393 4092 2591 4160 jejunio
2620 4084 2849 4159 quatuor
2882 4099 3210 4160 temporum,
3233 4086 3297 4140 ad
3329 4102 3450 4160 (ιιιζὲ
3479 4084 3826 4160 pertinebit:-

2221 4155 2675 4232 juniutnidecin'ii
2731 4159 2952 4232 iiieiisis,
2979 4155 3071 4232 Job
3111 4155 3360 4232 ~iinii'ersa
3405 4156 3656 4232 Ecclesia,
3719 4155 3828 4232 hoc

2227 4227 2470 4301 tempore
2495 4241 2826 4287 servaretur.
2847 4229 2951 4284 Sed
2979 4229 3080 4283 hoc
3110 4230 3246 4288 loco,
3283 4230 3417 4301 sicut
3439 4230 3602 4281 etiam
3628 4229 3679 4279 in
3714 4227 3828 4301 alio

2225 4299 2385 4360 simili
2417 4320 2582 4359 serui.
2617 4303 2683 4358 89
2714 4317 2806 4356 seu
2834 4302 3007 4369 quarti
3035 4301 3104 4354 de
3129 4299 3340 4370 jejunio
3365 4302 3579 4370 septimi
3613 4299 3828 4353 mensis

2225 4392 2346 4441 cap.
2375 4376 2410 4428 ἓ
2435 4377 2602 4444 (quod
2630 4375 2829 4443 pariter
2858 4375 3226 4426 testiinonium
3250 4388 3346 4441 pro
3373 4371 3561 4444 eadem
3593 4381 3829 4444 senti-n-

2229 4457 2297 4500 tia
2328 4440 2643 4516 allegatur).
2679 4447 2736 4497 ὃ.
2780 4444 2889 4516 Leo
2934 4440 3478 4512 generalenitantuin
3509 4440 3825 4495 doctrinam

2226 4519 2429 4579 statuit.
2461 4515 2668 4587 jejunia
2695 4525 2747 4570 et
2778 4515 2876 4568 alia
2911 4516 2993 4583 pia
3015 4530 3186 4587 cpera
3221 4516 3453 4587 publica,
3487 4527 3606 4581 quzn
3640 4526 3666 4564 a
3706 4519 3824 4566 tota

2229 4585 2493 4653 Ecclesia,
2519 4585 2612 4643 seu
2637 4587 2703 4640 ab
2726 4587 2977 4640 omnibus
3001 4586 3152 4645 limit,
3179 4585 3478 4639 efﬂant-lora
3508 4598 3628 4638 esse
3651 4600 3825 4649 quam

2228 4661 2434 4728 privata
2472 4658 2654 4728 :qnod
2688 4673 2870 4712 veruut
2905 4666 3008 4718 cst,
3045 4658 3253 4710 etiamsi
3295 4671 3322 4709 a
3357 4655 3666 4728 particulari
3700 4666 3825 4728 tari-

528 4705 1216 4785 dicibusi:tvllomiliario
1268 4729 1413 4782 Pauli
1469 4705 1707 4785 Diaconi.
1757 4730 1948 4784 Carteri
1991 4705 2119 4784 editi
2155 4705 2202 4764 D
2230 4705 2610 4785 ium—liccle'sia
2641 4729 2801 4796 aliqui
2829 4728 2945 4781 dius
2970 4705 3176 4797 ji-innio
3212 4738 3303 4780 aut
3333 4705 3452 4779 aliis
3501 4727 3602 4790 piis
3632 4727 3826 4793 cperi-

530 4816 650 4856 ciim
705 4816 834 4854 mss.
866 4801 1084 4855 collect.
1113 4801 1170 4864 5,
1210 4801 1243 4854 4
1289 4808 1344 4854 et
1392 4800 1446 4861 5,
1482 4799 1540 4871 fr.
1561 4804 1650 4854 mit
1693 4801 2043 4868 adversarius,
2077 4813 2124 4855 et

528 4886 788 4927 cruentas.
1265 4891 1267 4894 ’

605 4942 630 4980 ιι
668 4944 862 4997 Vocem
895 4942 1120 5013 ﬂammis
1146 4959 1174 4995 a
1222 4941 1513 5009 Quesnello
1543 4942 1796 4998 omissam
1837 4944 2119 4997 revocavi-

529 5031 652 5070 mus
681 5030 745 5067 ex
775 5016 986 5068 caeteris
1029 5015 1190 5068 editis
1236 5014 1596 5082 omnibusque
1627 5016 1825 5067 nostris
1862 5030 1991 5068 mss.
2024 5016 2122 5068 So-

529 5087 650 5140 luin'
673 5086 954 5156 Houiiliar.
988 5084 1136 5138 Pauli
1173 5085 1532 5138 Diaconicum
1557 5085 1768 5140 duobus
1799 5084 1946 5148 νηὶ..
1984 5089 2121 5156 ferro

528 5159 876 5225 flammisque.
913 5155 1080 5210 Paulo
1118 5167 1234 5225 post
1279 5157 1499 5209 verbum
1549 5157 1851 5225 tepefaceret
1881 5173 1909 5210 a
1943 5155 2112 5225 Ques-

529 5229 673 5283 nello
719 5243 992 5293 recepinm
1041 5227 1341 5296 approbant
1390 5241 1517 5280 mss.
1557 5225 1864 5281 Lectionar.
1905 5230 2010 5282 dno
2056 5229 2113 5283 S.

527 5299 697 5364 Petri,
745 5311 798 5353 et
841 5300 1263 5353 vetustissimum
1308 5297 1619 5351 Vatieanum
1667 5313 1788 5352 cum
1838 5299 2114 5353 Homiliar.

530 5371 679 5424 Pauli
717 5369 959 5424 Diacooi.
990 5368 1181 5423 Caneri
1208 5369 1336 5422 editi
1379 5381 1432 5423 et
1463 5370 1703 5423 nonnulli
1745 5372 1959 5425 codices
1985 5387 2120 5434 prm-

528 5443 715 5512 sertim
739 5443 1120 5512 collectionum
1146 5439 1502 5512 posteriorum
1519 5441 1757 5512 habent,
1791 5445 2115 5512 tabelaceret.

529 5511 832 5582 Utrumque
871 5514 920 5564 in
952 5528 1054 5567 ms.
1082 5511 1356 5577 Quesnelli
1381 5509 1683 5566 Gaudiival.

541 5603 545 5608 ·
607 5583 624 5621 λ
662 5584 936 5637 Editiones
961 5592 1084 5636 ante
1110 5582 1457 5647 Quesnellum
1488 5582 1691 5637 addunt
1716 5583 1884 5648 malis,
1925 5584 2000 5638 uti
2029 5584 2111 5638 in-

527 5655 776 5709 venimus
803 5657 855 5708 in
885 5655 1044 5708 codd.
1080 5651 1350 5706 inferioris
1383 5664 1524 5708 nota:
1551 5656 1766 5709 collect.
1802 5655 1836 5709 3
1862 5665 1914 5707 et
1946 5656 1998 5709 4.

537 5734 546 5742 ·
601 5725 618 5778 i
658 5725 935 5779 Ediiimies
957 5725 1250 5792 Quesuello
1278 5727 1576 5779 anteriores
1606 5736 1661 5780 et
1688 5741 1815 5778 mss.
1850 5726 1967 5780 Vat.
1999 5729 2112 5780 col—

525 5797 654 5852 lect.
682 5797 734 5855 3.
768 5795 802 5849 4
833 5811 882 5862 et
912 5795 1110 5866 5,_Deo
1137 5796 1331 5850 scilicet
1361 5797 1642 5851 instruente
1671 5797 1854 5852 milites
1881 5815 2021 5859 suos,
2054 5807 2109 5851 ut

525 5867 731 5938 Spiritu
745 5869 974 5924 veritatis
1005 5868 1344 5924 mansuetudo
1366 5869 1563 5923 iram...
1594 5869 1882 5938 benignitas
1911 5870 2106 5926 exstin-

2229 4802 2330 4856 bus
2351 4800 2578 4873 generali
2603 4801 2920 4854 observantia
2952 4799 3290 4873 addicat-tur.
3314 4797 3583 4873 chu_niuiii
3612 4797 3824 4851 decimi

2228 4885 2320 4928 aut
2352 4869 2568 4942 septimi
2599 4875 2816 4935 mensis,
2851 4871 2993 4931 quod
3025 4870 3125 4925 hoc
3152 4881 3394 4939 tempore
3421 4869 3654 4942 Romana
3692 4885 3828 4942 pro-

2226 4944 2369 4998 fecto
2403 4939 2640 4998 Ecclesia
2673 4942 2942 5007 servabat,
2991 4958 3094 4995 non
3129 4957 3280 5011 a'qiie
3311 4943 3376 4993 ab
3415 4939 3664 5011 omnibus
3695 4940 3828 4994 aliis

2228 5015 2484 5070 Ecclesiis
2522 5013 2846 5068 custoditum
2882 5012 3065 5074 fuisse.
3122 5010 3225 5066 late
3273 5012 3464 5080 prohat
3510 5010 3827 5064 Ludovicus

2226 5087 2550 5142 Muratorius
2581 5087 2630 5138 iu
2663 5086 3036 5152 disquisitione
3058 5085 3119 5138 de
3145 5084 3379 5150 Qua'uor
3404 5082 3711 5153 Temporunt
3729 5085 3826 5150 je—

2212 5159 2400 5228 juniis,
2434 5155 2641 5228 tum."
2669 5155 3098 5228 Aiiecdot.iLat.,
3131 5171 3248 5225 pag.
3283 5154 3391 5209 2.58
3419 5167 3468 5209 et
3496 5152 3646 5223 seqq.
3673 5152 3829 5207 Con-

2220 5227 2304 5282 Ier
2334 5243 2519 5284 annm.
2553 5227 2588 5281 4
2617 5229 2668 5281 in
2702 5243 2864 5281 scrin.
2899 5227 2984 5281 79.

2294 5309 2334 5336 ιη
2368 5299 2656 5370 Perperam
2683 5299 2749 5370 fill
2786 5299 3112 5370 editionilius
3145 5306 3263 5365 post
3297 5296 3520 5370 primam
3553 5292 3832 5370 illi.Cor-_

2224 5364 2554 5425 reximus'ex
2585 5369 2960 5438 antiquissimo
2984 5369 3241 5424 Vaticano
3262 5376 3316 5422 et
3336 5368 3544 5421 duobus
3577 5364 3632 5420 S.
3667 5365 3831 5421 Petri

2223 5457 2287 5496 ac
2318 5442 2514 5496 Homil.
2557 5441 2704 5496 PinIi
2742 5440 2981 5494 Diaconi.

2296 5520 2324 5549 ιι
2352 5515 2518 5582 Magis
2538 5512 2714 5566 arrisit
2751 5513 2864 5566 haec
2891 5512 3047 5567 lectio
3074 5510 3392 5566 auctoritate
3421 5508 3652 5562 duorum
3679 5521 3829 5582 mss.

2225 5583 2283 5639 S.
2318 5577 2464 5638 Petri
2510 5597 2562 5640 et
2595 5583 2918 5638 Lectionarii
2958 5584 3284 5637 Veronensis
3305 5623 3318 5645 ,
3351 5594 3450 5635 nec
3477 5595 3582 5633 non
3624 5577 3834 5647 prima:

2222 5656 2477 5711 editionis
2522 5665 2575 5711 et
2607 5654 2887 5709 Homiliar.
2923 5655 3072 5708 Pauli
3123 5655 3269 5707 Iliac.
3314 5653 3425 5713 At,
3474 5651 3834 5705 concalescat.

2223 5727 2348 5782 Post
2372 5744 2562 5796 pauca,
2581 5727 2869 5794 accepimus
2895 5742 2991 5793 pro
3015 5725 3292 5796 accipimus
3319 5723 3589 5796 legitnr‘iu
3609 5720 3838 5776 duobus

2221 5793 2447 5855 mssCS.
2478 5796 2655 5864 Petri,
2701 5793 2752 5852 in
2785 5814 2889 5849 uno
2921 5793 3132 5850 Bonan;
3160 5797 3410 5865 etprima
3453 5793 3712 5849 editione.

2294 5879 2320 5907 ο
2348 5869 2488 5927 Cod.
2527 5868 2755 5940 Veron.,
2788 5865 3138 5940 Evangelista.
3184 5868 3251 5922 Et
3290 5867 3430 5921 intra
3463 5875 3584 5936 post
3629 5879 3833 5930 voces.
