3994 6354
253 387 350 445 185

1672 388 1903 449 SERMO
1940 386 2078 444 XIX.

3426 386 3449 442 Ι
3461 386 3530 444 86

250 509 522 566 damnavit
552 524 569 565 :
598 517 661 565 ut
704 507 1133 579 intelligeremus
1164 506 1413 578 quoniam
1457 508 1548 577 qui
1590 508 1837 559 esurien-
1865 507 1916 565 Α
1943 501 2149 568 Cavete,
2179 501 2381 568 inquit,
2414 518 2477 555 ne
2506 502 2638 570 [orte
2662 512 2935 571 graventur
2964 500 3119 554 corda
3143 510 3307 556 vestra
3331 504 3383 556 in
3414 518 3529 559 cra-

250 614 353 659 tem
379 617 490 657 non
521 600 751 669 refovet,
784 602 861 663 illi
890 602 1121 671 denegat
1139 600 1316 655 cibum
1349 599 1439 669 qui
1467 608 1493 637 ι
1522 597 1661 669 quod
1704 612 1837 667 pau-

250 696 359 767 peri
382 707 469 752 est
493 696 705 761 datum,
729 696 831 750 sibi
864 696 998 750 dixit
1029 695 1348 762 impensum.
1384 694 1447 747 Et
1481 692 1640 754 huius
1670 689 1836 745 male-

248 791 499 847 dictionis
531 790 757 846 arbores
787 802 977 853 erunt,
1008 790 1201 860 quibus
1226 805 1253 841 a
1283 788 1563 857 judicaute
1587 788 1833 841 dicetur:

249 881 505 938 Discedite
538 900 571 936 a
608 900 726 950 me,
765 883 1060 941 maledicti.
1094 883 1149 935 in
1178 883 1344 953 ignem
1374 891 1651 942 aeternum,
1687 894 1837 948 quem

248 976 557 1045 preparavit
588 974 747 1030 Pater
766 991 907 1029 meus
937 974 1144 1029 diabolo
1171 985 1218 1029 et
1246 974 1440 1044 angelis
1468 973 1598 1043 ejus.
1631 969 1837 1024 Esurioi

246 1070 400 1134 enim,
433 1079 482 1122 et
520 1084 623 1121 non
667 1068 884 1123 dedistis
925 1069 1049 1121 mihi
1092 1068 1437 1129 manducare;
1462 1066 1619 1131 εἱιὶυἱ,
1645 1073 1690 1115 et
1733 1079 1836 1116 non

248 1162 458 1215 dedistis
487 1161 619 1215 mihi
646 1160 845 1230 bibere,
888 1171 991 1216 etc.
1025 1158 1239 1232 (Matth.
1277 1175 1403 1224 xxv,
1431 1158 1523 1222 41,
1556 1158 1671 1226 42).
1707 1155 1837 1221 Qua:

246 1256 365 1311 ideo
388 1256 605 1325 singula
637 1256 973 1323 recoluntur,
1009 1266 1067 1309 ut
1096 1256 1438 1309 advertamus
1468 1267 1571 1305 non
1597 1250 1835 1304 futurum

246 1360 388 1405 extra
414 1349 855 1404 misericordiam
878 1390 893 1414 ,
924 1349 1013 1419 qui
1041 1349 1122 1402 vel
1150 1356 1360 1418 partem
1391 1346 1581 1399 horum
1614 1359 1835 1413 operum

244 1442 407 1497 fuerit
425 1452 740 1498 exsecutus.
776 1442 967 1495 Anima
993 1452 1172 1495 autem
1206 1440 1477 1493 neminem
1506 1436 1700 1505 juvans
1734 1434 1839 1488 erit

244 1534 405 1587 arbor
435 1548 547 1587 non
581 1532 785 1587 habens
815 1548 995 1603 poma.
1028 1548 1151 1586 cum
1183 1531 1348 1583 t0tius
1377 1527 1404 1567 δ
1438 1528 1655 1599 pietatis
1687 1528 1837 1580 inve-

243 1628 414 1681 nietur
449 1627 653 1682 aliena.
708 1626 914 1681 Decimi
945 1641 1075 1695 ergo
1124 1623 1329 1678 mensis
1356 1622 1653 1692 jejunium,
1696 1620 1839 1690 quod

243 1720 495 1775 hiemalis
520 1728 606 1773 est
626 1720 909 1787 temporis,
936 1718 1001 1772 ad
1026 1718 1408 1787 agriculturam
1434 1731 1532 1770 nos
1556 1716 1840 1787 mysticam

243 1822 432 1878 Vocat,
494 1827 597 1881 qua
642 1820 885 1880 segetum
937 1820 992 1865 et
1033 1810 1314 1879 palmitum
1369 1819 1533 1877 atque
1582 1811 1838 1861 arborum

1939 595 2086 667 pttla,
2116 607 2160 649 et
2189 595 2461 661 ebrietate,
2499 605 2545 649 et
2581 594 2980 664 cogitationibus
3008 596 3341 651 saecularibus
3370 595 3522 665 (Luc.

1940 703 2049 750 ut,
2100 686 2215 757 65).
2251 687 2401 753 Quod
2432 689 2614 756 utique
2648 697 2973 758 praeceptum
2998 730 3014 753 ,
3044 686 3382 743 dilecti~simi
3410 733 3425 757 ,
3458 689 3525 746 ad

1938 794 2039 834 nos
2076 779 2367 849 specialius
2414 782 2687 851 pertinere
2735 785 3149 850 cognoscimus,
3196 782 3387 846 quibus
3427 782 3524 838 de-

1940 875 2213 929 nuntiatus
2276 872 2392 927 dies
2414 914 2428 936 .
2488 876 2650 930 etiam
2677 876 2718 928 si
2751 887 2832 931 est
2870 880 3145 941 octruttus,
3176 892 3281 930 non
3309 877 3524 933 dubita-

1942 977 2030 1023 tur
2058 984 2181 1023 esse
2212 969 2441 1024 vicinus.
2484 970 2565 1025 Ad
2594 971 2749 1040 cujus
2777 970 3066 1026 adventum
3106 986 3320 1027 omnem
3356 972 3530 1027 homi-

1942 1078 2063 1115 nem
2122 1066 2373 1118 coitvenit
2431 1067 2724 1133 praeparari
2784 1083 2797 1121 :
2850 1067 2866 1103 ι
2920 1082 2987 1121 ne
3011 1083 3169 1136 quem
3215 1077 3309 1121 aut
3355 1068 3529 1125 ventri

1944 1155 2187 1210 deditum
2220 1165 2312 1210 aut
2340 1157 2488 1212 curis
2518 1159 2867 1213 saacttlarihus
2900 1160 3141 1214 inveniat
3174 1161 3525 1232 implicatum.

1943 1248 2274 1316 Quotidiano
2320 1252 2495 1314 enim,
2528 1252 2891 1314 dilectissimi,
2926 1254 3302 1320 experimento
3335 1256 3531 1323 proba-

1942 1350 2030 1395 tur
2081 1343 2095 1392 i
2154 1345 2399 1399 satietate
2455 1346 2635 1399 carnis
2689 1347 2857 1401 aciem
2918 1348 3114 1401 mentis
3169 1347 3428 1415 obtundi,
3478 1356 3534 1405 et

1942 1433 2185 1487 ciborum
2218 1434 2501 1492 nimietate
2542 1441 2781 1507 vigorem
2827 1440 3008 1492 cordis
3040 1438 3282 1494 hebetari
3310 1480 3325 1505 ,
3377 1441 3447 1494 ita
3474 1449 3535 1496 ut

1943 1526 2231 1580 delectatio
2249 1528 2439 1584 edendi
2465 1531 2626 1585 etiam
2653 1548 2941 1602 corporum
2966 1537 3234 1586 contraria
3256 1535 3326 1589 sit
3349 1534 3534 1601 saluti,

1944 1620 2046 1674 nisi
2094 1621 2231 1672 ratio
2274 1624 2645 1689 temperantia:
2695 1624 2925 1676 obsistat
2958 1623 3253 1690 illecebras,
3302 1634 3358 1679 et
3387 1626 3533 1694 quod

1943 1711 2179 1764 futurum
2207 1724 2284 1764 est
2313 1714 2420 1784 59
2446 1714 2619 1781 oneri,
2650 1715 2931 1769 subtrahat
2965 1717 3247 1779 voluptati.
3280 1716 3537 1783 Quamvis

1945 1804 2089 1859 enim
2123 1808 2240 1861 sine
2277 1812 2454 1861 anima
2491 1808 2622 1861 nihil
2649 1823 2776 1861 caro
2809 1808 3113 1873 desideret,
3140 1820 3193 1863 et
3238 1811 3360 1865 inde
3390 1812 3537 1866 acci-

241 1903 413 1969 \ires,
450 1904 647 1973 quibus
680 1902 916 1956 humana
962 1910 1298 1956 sustentatur
1336 1900 1655 1963 inﬁrmitas,
1683 1901 1841 1968 spiri-
1872 1905 1917 1966 Β
1948 1903 2052 1967 piat
2086 1915 2276 1955 sensus
2310 1904 2450 1953 unde
2496 1902 2660 1953 sumit
2712 1911 2765 1954 et
2809 1914 3014 1966 mouus;
3058 1902 3301 1970 ejusdem
3359 1912 3538 1959 tamen

243 1995 440 2049 talibus
472 1996 667 2049 studiis
698 1995 1021 2049 excolantur
1066 2011 1081 2047 :
1114 2002 1173 2047 ut
1213 1993 1527 2047 Dominicus
1556 2007 1685 2059 ager
1730 1995 1840 2045 suis

242 2086 444 2141 ditetur
473 2097 496 2125 ε
532 2086 844 2155 impendiis,
874 2096 928 2141 et
956 2102 1117 2155 quem
1149 2101 1439 2154 numquam
1471 2084 1687 2153 expedit
1734 2083 1843 2155 58

244 2193 357 2234 esse
388 2182 513 2234 sine
545 2178 749 2246 lructu,
792 2181 861 2233 de
892 2180 1109 2249 propria
1134 2180 1224 2233 [lat
1253 2178 1502 2234 ubertate
1535 2178 1837 2232 fecundior.

242 2272 393 2339 Quod
448 2272 637 2340 utique
692 2273 947 2342 intelligit
988 2274 1251 2327 sanctitas
1302 2279 1519 2340 vestra,
1571 2270 1637 2325 ad
1674 2271 1841 2325 totius

243 2367 502 2420 Ecclesia:
530 2362 559 2401 ἀ
606 2365 879 2436 profectus
928 2380 1051 2421 esse
1083 2365 1455 2428 referendum,
1509 2379 1735 2433 quorum
1783 2363 1839 2417 in

240 2459 342 2512 ide
383 2472 615 2528 germen
644 2468 766 2524 est,
798 2460 849 2512 in
883 2473 979 2527 spe
1009 2461 1399 2513 incrementum
1427 2503 1442 2526 ,
1474 2458 1525 2510 in
1573 2458 1840 2511 charitate

240 2556 527 2606 maturitas
563 2552 721 2623 :quia
752 2552 1039 2621 castigatio
1065 2553 1312 2621 corporis
1344 2560 1400 2607 et
1432 2552 1689 2604 instantia
1717 2566 1841 2604 ora-

241 2646 405 2700 tionis
456 2657 587 2701 tuuc
622 2662 805 2700 veram
833 2648 1079 2701 obtinent
1112 2646 1420 2716 puritatem,
1453 2661 1574 2699 cum
1602 2645 1840 2699 eleemo-

237 2753 499 2810 synarum
521 2738 957 2795 sanctiﬁcatione
984 2749 1007 2777 ο
1032 2741 1304 2807 nituntur,
1329 2738 1545 2793 dicente
1572 2736 1834 2791 Domino:

236 2829 371 2886 Date
420 2832 833 2902 elemosynam,
880 2840 928 2884 et
966 2847 1080 2886 ecce
1119 2832 1293 2886 omnia
1321 2830 1513 2884 munda
1544 2839 1661 2882 sunt
1700 2827 1839 2881 vobis

236 2924 388 2999 (Luc.
418 2941 495 2992 ιι,
529 2926 647 2995 Li).
691 2926 891 2993 Quarta
924 2927 1085 2996 igitur
1113 2938 1166 2982 et
1198 2922 1218 2963 τ
1251 2934 1404 2980 sexta
1444 2925 1580 2979 feria
1619 2923 1837 2993 jejune-

236 3034 403 3085 mus;
465 3020 697 3075 sabbato
751 3032 937 3075 autem
991 3020 1131 3089 apud
1185 3019 1561 3075 beatissimum
1618 3016 1835 3072 Petrum

235 3113 542 3182 apostolum
572 3113 782 3185 vigilias
810 3114 1176 3179 celebremus,
1211 3122 1237 3160 8
1270 3113 1386 3182 ipso
1436 3120 1729 3181 praestante
1784 3118 1839 3165 et

234 3207 528 3274 adiuvante
559 3209 650 3277 qui
682 3224 802 3262 cum
833 3207 995 3263 Patre
1036 3220 1087 3261 et
1114 3216 1304 3262 Sancto
1347 3204 1556 3272 Spiritu
1605 3203 1735 3259 vivit
1780 3214 1835 3259 et

233 3309 424 3371 regnat
451 3315 555 3370 per
580 3300 761 3355 omnia
784 3299 982 3355 saecula
1010 3299 1359 3355 saeculorum.
1391 3305 1583 3352 Amen.

634 3434 871 3493 δεξιΜο
906 3434 1029 3491 XIX
1069 3434 1175 3509 [Αι.
1208 3434 1422 3508 xvnn.

557 3526 639 3582 De
656 3527 871 3599 Jejunio
898 3528 1086 3583 decimi
1109 3528 1299 3582 mensis
1336 3526 1507 3585 VIII.

231 3620 514 3679 Snorsts.
548 3650 620 3662 —
670 3621 709 3675 Ι.
762 3622 1076 3676 Abstinentia
1108 3622 1330 3676 Domino
1358 3623 1493 3676 ciam
1539 3633 1733 3692 parat,
1782 3632 1833 3679 et

299 3705 520 3747 mentem
552 3693 703 3761 erigit
720 3694 788 3746 ad
815 3692 1059 3747 calestia.
1088 3722 1161 3733 —
1184 3694 1251 3749 ll.
1284 3693 1391 3750 Cur
1414 3695 1649 3759 Quatuor
1682 3695 1831 3749 Tem-

298 3781 484 3837 porum
519 3766 731 3838 jejunio
774 3766 1011 3838 instituta
1039 3810 1053 3834 ,
1075 3766 1291 3838 _quibus
1322 3776 1376 3838 et
1414 3768 1830 3838 subjungendum

299 3836 558 3908 icjunium
586 3853 616 3889 a
644 3837 795 3888 vitiis.
832 3864 904 3919 .—
940 3836 1024 3891 lll.
1064 3836 1140 3890 De
1182 3836 1323 3920 cultu
1352 3836 1693 3923 Det-aeide
1732 3856 1829 3893 usu

301 3909 558 3961 bonorum
584 3910 961 3977 temporalium.
990 3905 1069 3962 De
1092 3907 1288 3978 duplics
1310 3912 1538 3982 jejunio.

300 4047 429 4101 Cn.
458 4046 499 4101 Ι.
530 4074 605 4086 -
634 4045 768 4099 Cum
795 4045 865 4099 de
895 4044 1130 4100 adventu
1154 4046 1304 4116 regni
1342 4045 1457 4111 Dei,
1488 4042 1518 4083 ³³
1547 4054 1599 4101 et
1626 4045 1694 4101 de
1721 4045 1829 4102 line

234 4152 536 4212 temporum
572 4140 758 4196 mundi
787 4140 1083 4211 discipulos
1130 4156 1259 4196 suos
1290 4141 1548 4201 Salvator
1586 4140 1827 4196 instrue-

233 4246 333 4305 ret,
364 4246 649 4307 totamque
678 4233 974 4289 Ecclesiam
996 4249 1153 4290 suam
1180 4234 1236 4290 in
1257 4234 1519 4306 apostolis
1539 4235 1779 4291 erudiret
1808 4251 1822 4288 :

232 4437 332 4475 non
372 4420 603 4488 refovet,
638 4417 848 4488 aliquot
890 4430 1023 4472 mss.
1050 4422 1106 4472 et
1140 4413 1275 4471 editi
1302 4422 1431 4471 ante
1474 4414 1828 4483 Quesnellum

232 4491 456 4557 addunt,
486 4506 722 4557 egenum.

302 4572 328 4600 ι
356 4564 462 4618 Ms.
486 4559 842 4625 Veronensis,
863 4560 1114 4633 quidquid
1135 4560 1384 4634 pauperi;
1412 4570 1466 4615 et
1495 4559 1658 4630 paulo
1678 4567 1824 4631 post,

300 4636 486 4685 iudice.
514 4647 613 4685 oro
638 4649 671 4685 a
694 4632 977 4685 iudicante.

233 4651 264 4688 α
282 4636 486 4706 judice.
514 4647 613 4701 pro
638 4636 977 4704 ajudicante.

301 4702 331 4743 ι
359 4704 575 4775 Vulgati
616 4712 744 4757 ante
798 4702 1147 4772 Quesnellum
1196 4720 1319 4760 cum
1364 4719 1465 4760 ms.
1521 4702 1824 4775 Gaudiival.

232 4777 461 4846 aliisque
504 4776 703 4830 nostris
729 4778 1092 4829 recentiorum
1132 4776 1515 4830 collectiouum
1558 4774 1721 4828 codd.
1747 4775 1830 4827 iu-

232 4857 422 4918 serunt
454 4862 642 4901 vocem
667 4846 860 4915 fructu,
889 4861 1049 4918 quam
1083 4862 1112 4900 a
1138 4847 1337 4901 nostris
1363 4847 1826 4918 prmstantissimis

230 4917 591 4973 Lectionariis
643 4929 698 4973 et
737 4919 804 4971 ab
856 4917 1151 4987 exemplari
1188 4918 1337 4972 Pauli
1375 4917 1593 4971 Diaconi
1636 4917 1829 4971 abesse

230 4989 931 5073 deprellendimus..$olum
962 4990 1179 5060 quidam
1207 5004 1275 5045 ex
1313 4988 1397 5044 bis
1431 4987 1659 5050 habent,
1693 4989 1829 5042 invo-

230 5070 393 5126 κίων,
440 5078 539 5131 pro
569 5070 873 5115 invenietur.

306 5145 328 5203 ς
360 5133 657 5203 Exemplar
684 5132 837 5203 Pauli
867 5133 1082 5187 Diaconi
1101 5174 1116 5198 ,
1148 5131 1359 5186 divitiis.

302 5202 329 5241 ‘
352 5206 428 5259 Ita
448 5220 516 5260 ex
531 5201 732 5258 nostris
747 5202 1101 5260 Lectiunariis
1116 5202 1261 5269 VaL,
1283 5205 1339 5258 S.
1368 5202 1507 5258 Petri
1531 5212 1583 5256 et
1600 5201 1827 5264 Veron.,

229 5284 287 5331 et
315 5277 519 5360 melius
541 5290 703 5360 quam
737 5276 789 5329 in
819 5273 1003 5346 Vulg.,
1035 5275 1346 5345 profectum,
1372 5288 1428 5329 ut
1455 5275 1620 5343 liquet
1650 5288 1713 5327 ex
1747 5287 1835 5327 se-

228 5350 415 5417 quenti
442 5350 693 5411 relativo,
725 5362 965 5412 quorum.

303 5427 328 5456 ο
358 5419 452 5473 Sic
491 5435 560 5475 ex
596 5417 785 5472 iisdem
823 5417 1199 5472 Lectionariis.
1241 5416 1351 5481 AL,
1385 5418 1654 5469 nitescunt.

303 5488 324 5527 ί
356 5490 490 5545 uss.
519 5492 627 5545 duo
655 5488 713 5544 S.
746 5487 916 5554 Petri,
966 5490 1075 5543 duo
1106 5489 1222 5543 Vat.
1274 5489 1493 5543 collect.
1526 5487 1558 5540 4
1588 5497 1643 5540 et
1672 5487 1727 5552 5,
1773 5493 1827 5540 et

227 5562 511 5629 aetnplar
539 5561 691 5616 Pauli
725 5560 967 5628 Diaconi,
998 5569 1141 5614 sea'ta
1167 5559 1383 5614 sabbati.

302 5641 325 5678 ι
358 5628 416 5688 In
452 5634 568 5687 Vat.
597 5632 742 5687 5856
767 5632 963 5686 desunt
995 5634 1273 5701 sequentia
1306 5646 1477 5697 usque
1526 5630 1590 5683 ad
1634 5628 1821 5685 linem.

231 5702 289 5758 In
318 5706 531 5760 duobus
564 5720 693 5758 vero
720 5707 778 5757 δ.
810 5702 977 5768 Petri,
1011 5713 1131 5771 post
1161 5717 1347 5757 mecm
1380 5701 1709 5763 celebremus,
1747 5702 1821 5755 Ie-

227 5776 394 5899 gtur,
421 5774 524 5831 Per
545 5776 829 5830 Dominum
850 5784 1081 5830 nostrum
1101 5774 1277 5830 Iesum
1297 5773 1578 5839 Christum,
1600 5775 1683 5843 qui
1710 5788 1827 5825 cum
1904 5784 1909 5847 ς

284 5860 412 5899 atre-
436 5864 540 5899 etc.
680 5860 681 5863 ‘

680 5860 681 5863 η
1612 5841 1618 5843 ⁷
1904 5846 1907 5847 ⁷
1933 5843 2028 5910 lio,
2058 5843 2344 5896 incessabili
2374 5841 2514 5894 ιυὺιι.

284 5860 413 5903 σενι.
436 5864 540 5903 etc.

304 5864 391 5901 ure
471 5866 485 5902 ι
525 5890 540 5903 .

304 5918 332 5959 ³
363 5864 710 5979 Psitculimus
741 5919 1033 5977 vetustiora
1061 5927 1115 5976 et
1133 5918 1508 5977 nrmstantiora
1531 5916 1820 5976 Lectiona-

1945 2006 2028 2047 est
2048 1992 2073 2029 ιι
2091 1997 2303 2059 animai,
2332 1994 2578 2063 quaedam
2602 1994 2830 2048 subdite
2853 1994 2953 2048 sibi
2979 2010 3175 2061 negare
3196 1996 3536 2065 substantiae,

1945 2094 1999 2139 el.
2046 2088 2288 2141 interiori
2329 2088 2559 2157 judicio,
2599 2089 2667 2141 ab
2709 2088 3214 2143 ittcmtvettientibus
3266 2090 3540 2147 exteriora

1942 2179 2158 2234 frenare
2181 2220 2196 2245 ,
2234 2189 2345 2233 uta
2375 2182 2655 2246 corporeis
2685 2180 3071 2246 cupiditatibus
3106 2179 3305 2249 sepius
3336 2180 3539 2249 libera,

1944 2270 1997 2323 in
2030 2272 2151 2324 aula
2184 2272 2384 2325 mentis
2417 2272 2589 2340 possit
2619 2271 2815 2325 divinae
2841 2285 3037 2324 vacare
3082 2271 3363 2339 sapientim
3391 2312 3405 2336 ,
3447 2270 3541 2328 ubi

1943 2364 2088 2416 Omni
2120 2364 2347 2432 strepitu:
2382 2373 2722 2418 terrenarum
2756 2365 2947 2418 silente
2979 2377 3252 2429 curarum,
3280 2364 3332 2418 in
3362 2365 3538 2419 medi-

1945 2458 2243 2511 tationibus
2296 2461 2533 2522 sanctis,
2586 2467 2647 2511 et
2693 2457 2743 2510 in
2787 2457 2999 2511 deliciis
3046 2457 3259 2512 laetetur
3298 2459 3538 2515 attentis.

1944 2550 2095 2615 Quod
2125 2546 2142 2585 ι
2168 2550 2273 2603 etsi
2308 2551 2357 2603 in
2386 2550 2483 2603 hac
2514 2550 2618 2603 vita
2650 2550 2871 2603 difficile
2900 2559 2985 2603 est
3011 2552 3337 2617 continuari,
3365 2561 3539 2620 potest

1946 2652 2126 2697 tamen
2160 2642 2475 2713 lrequenter
2506 2646 2731 2709 assomi,
2766 2656 2819 2696 ut
2854 2644 3053 2712 smpius
3098 2660 3161 2699 ac
3189 2644 3390 2699 diutius
3429 2646 3539 2714 spi-

1943 2743 2189 2798 ritalibus
2222 2744 2395 2813 potius
2426 2759 2585 2811 quam
2616 2742 2924 2797 carnalibus
2950 2757 3302 2811 occupentur;
3336 2753 3386 2796 et
3412 2756 3534 2797 cum

1941 2834 2259 2889 melioribus
2288 2834 2433 2888 curis
2482 2833 2720 2901 majores
2751 2833 3111 2899 impendimus
3140 2847 3352 2895 moras.
3383 2842 3422 2869 ιιι
3469 2834 3536 2888 ad

1942 2928 2386 2999 incorruptibiles
2416 2926 2671 2993 divitias,
2706 2926 2869 2982 etiam
2903 2924 3228 2995 temporales
3258 2934 3535 2981 transeant

1940 3023 2208 3077 actiones.

2010 3113 2141 3171 Cap.
2165 3114 2226 3169 ΙΙ.
2252 3144 2318 3156 -—
2340 3114 2511 3183 Hujus
2531 3113 2888 3170 observantiae
2920 3112 3143 3177 utilitas,
3167 3111 3532 3183 dilectissimi,

1940 3208 1994 3263 in
2018 3209 2401 3263 ecclesiasticis
2430 3209 2700 3279 prmcipue
2723 3221 2805 3262 εει
2827 3206 3120 3261 constituta
3144 3205 3387 3275 jejuniis,
3415 3219 3536 3275 quae

1861 3302 1909 3367 C
1940 3319 2008 3359 ex
2032 3304 2274 3358 doetrina
2305 3304 2477 3358 sancti
2509 3302 2746 3370 Spiritus
2778 3301 2849 3355 ita
2880 3316 2977 3369 per
3008 3302 3172 3353 totius
3202 3298 3328 3353 anui
3361 3299 3538 3353 circu-

1935 3405 2049 3460 lum
2083 3406 2373 3459 distributa
2405 3412 2565 3471 sunt,
2600 3413 2657 3455 ut
2690 3402 2772 3455 lex
2807 3397 3151 3453 abstinentia:
3182 3397 3433 3453 omnibus
3466 3398 3537 3452 sit

1933 3500 2173 3567 ascripta
2210 3496 2565 3567 temporibus.
2619 3492 2895 3562 Siquidem
2921 3491 3186 3561 jejunium
3219 3505 3449 3546 vernum
3481 3490 3534 3544 in

1934 3588 2355 3658 Quadragesima
2385 3632 2398 3654 ,
2430 3588 2677 3641 mstivum
2712 3586 2764 3637 in
2812 3585 3134 3639 PenteCnste
3158 3624 3174 3649 ,
3219 3581 3534 3637 autumnale

1934 3680 1987 3734 in
2022 3696 2207 3735 mense
2229 3681 2481 3749 septimo,
2517 3678 2747 3732 hiemale
2780 3688 2959 3731 autem
2990 3677 3041 3730 in
3077 3677 3179 3729 hnc
3204 3677 3292 3745 qui
3326 3685 3408 3731 est
3439 3676 3530 3729 de~

1933 3770 2107 3826 cimus
2138 3773 2499 3839 celebramus,
2524 3772 2888 3839 intelligentes
2912 3770 3107 3824 divinis
3141 3769 3269 3823 nihil
3304 3785 3530 3824 vacuum

1936 3879 2058 3919 esse.
2085 3865 2388 3934 pra'ceptis,
2418 3875 2471 3918 et
2499 3863 2666 3917 verbo
2698 3863 2787 3917 Dei
2818 3862 2881 3916 ad
2909 3863 3269 3915 eruditionem
3292 3872 3531 3916 nostram

1938 3959 2119 4010 omnia
2148 3956 2414 4011 elctncnla
2451 3956 2690 4017 servire;
2723 3954 2845 4008 dum
2882 3969 2975 4023 per
3006 3953 3177 4022 ipsius
3210 3954 3388 4006 mundi
3422 3968 3534 4007 car-

1934 4050 2117 4114 dines,
2147 4053 2295 4121 quasi
2329 4067 2426 4119 per
2454 4060 2684 4119 quatuor
2720 4046 3006 4113 Evangelia
3028 4090 3041 4109 ,
3076 4052 3106 4080 ’³
3139 4045 3533 4100 incessabiliter

1933 4142 2193 4197 discimus
2239 4142 2377 4212 quod
2421 4152 2475 4196 et
2520 4140 2873 4209 praedicentus
2915 4148 2968 4192 et
3012 4154 3260 4206 agatnus.
3312 4138 3533 4192 Dicente

1933 4234 2077 4288 enim
2106 4234 2364 4304 propheta
2402 4254 2413 4287 :
2450 4232 2576 4287 δίιιὶ
2606 4241 2847 4286 enarrant
2885 4232 3105 4304 gloriam
3149 4230 3266 4295 Dei,
3299 4241 3342 4283 et
3374 4244 3532 4298 Opera

1936 4420 2014 4470 ria
2042 4416 2165 4471 Vat.
2196 4412 2369 4472 5856.
2404 4412 2509 4464 duo
2542 4410 2773 4463 basilicae
2818 4408 2874 4464 S.
2903 4408 3044 4461 Petri
3070 4452 3081 4466 .
3133 4418 3187 4463 et
3215 4407 3532 4463 Veronense

1937 4487 2023 4541 74.
2060 4488 2223 4551 Alias,
2255 4494 2301 4538 et
2333 4484 2396 4536 de
2416 4483 2595 4535 mundi
2625 4482 2729 4549 [ine
2756 4497 2815 4531 ac
2848 4491 3151 4545 temporum.

2013 4549 2282 4626 iAliquot
2336 4554 2494 4609 codd.
2544 4552 2683 4613 νισι..
2744 4566 2843 4626 ms.
2901 4551 3095 4605 Veron.
3153 4568 3275 4605 cum
3326 4549 3531 4606 Homil.

1935 4631 2083 4685 Pauli
2120 4624 2242 4682 lli—ac
2276 4673 2289 4695 ,
2329 4642 2425 4680 nec
2450 4640 2555 4677 non
2582 4626 2749 4692 prima
2781 4624 2937 4683 edit.,
2968 4640 3027 4673 ne
3052 4639 3377 4695 quemquam.

2009 4705 2021 4752 i
2077 4702 2165 4755 Sic
2211 4692 2548 4754 Lectinnaria
2601 4698 3026 4748 VCIUrllSSlmllm
3060 4692 3412 4759 Vaticanum,
3468 4692 3531 4748 S.

1932 4773 2101 4835 Petri,
2129 4785 2182 4827 et
2218 4773 2508 4832 Verotten.,
2542 4781 2637 4820 nec.
2673 4782 2774 4817 non
2805 4764 2997 4818 Humil.
3038 4766 3184 4820 Pauli
3218 4768 3386 4821 Dt:ic..
3419 4764 3528 4829 AL,

1856 4829 1903 4889 D
1934 4829 2100 4916 potus.
2128 4844 2377 4898 satietate.
2412 4829 2581 4916 Paulo
2613 4849 2733 4905 pOst
2774 4852 2874 4889 ms.
2913 4835 3205 4903 Veronen.,
3258 4851 3357 4906 pro
3407 4851 3530 4887 cor-

1937 4911 2139 4985 porum.
2175 4916 2354 4980 habet,
2379 4911 2628 4976 corporis.

2011 4986 2033 5021 "
2064 4989 2117 5040 In
2167 4976 2432 5053 aliquibus
2469 4996 2597 5053 mss.
2634 4978 2751 5053 Vat.
2798 4978 2969 5038 deest.
3002 4979 3208 5053 animm.
3256 4979 3319 5053 [fit
3352 4976 3529 5053 infra,

1938 5073 2036 5125 pro
2066 5059 2129 5110 ab
2176 5048 2674 5112 inconvenientibus,
2706 5050 2809 5101 duo
2862 5066 2989 5125 mss.
3033 5051 3092 5107 S.
3149 5050 3286 5125 Petri
3318 5059 3374 5125 et
3400 5048 3531 5125 Δ(1110

1881 5148 1891 5159 ο
1940 5119 2085 5195 Vat.,
2140 5132 2200 5181 ab
2251 5125 2655 5188 introeuntibus,
2696 5129 2751 5174 et
2786 5137 2883 5191 pro
2906 5124 3144 5187 frenare,
3185 5121 3236 5175 in
3278 5120 3436 5175 codd.
3468 5119 3529 5175 S.

1939 5201 2103 5254 Petri.
2142 5200 2419 5269 refrenare.

2017 5270 2033 5309 ι
2070 5260 2259 5323 Melius
2285 5270 2379 5321 etsi
2405 5282 2498 5333 pro
2530 5266 2595 5325 si,
2621 5263 2761 5329 quod
2783 5272 2899 5317 erat
2925 5263 2974 5315 in
3003 5262 3183 5333 editis,
3213 5260 3531 5333 scripsimus

1942 5358 2006 5396 ex
2064 5331 2434 5407 antiquissimo
2473 5336 2642 5387 Valic.
2671 5333 2967 5407 duobnsﬁ.
3002 5332 3145 5387 Petri
3173 5375 3185 5392 .
3219 5344 3273 5386 et
3329 5331 3527 5407 Horatii.

1946 5414 2090 5466 Pauli
2127 5403 2273 5466 Diae,
2307 5410 2434 5464 Post
2464 5420 2627 5475 pauca
2674 5406 2725 5457 in
2758 5421 2857 5457 ius.
2896 5405 3091 5459 Veron.
3141 5415 3195 5458 et
3234 5408 3284 5456 in
3331 5403 3527 5455 ttotnil.

1943 5485 2093 5539 Pauli
2134 5486 2276 5537 lliac.
2310 5481 2578 5535 omittitur
2606 5476 2922 5529 adverbium
2956 5478 3143 5544 potius.

2008 5565 2046 5591 ³η
2074 5557 2218 5610 Unus
2246 5554 2413 5608 codex
2452 5551 2568 5601 Vat.
2607 5560 2660 5600 et
2686 5550 2823 5600 alius
2849 5547 3073 5606 Verum,
3120 5545 3171 5597 in
3221 5544 3529 5612 incorrupti.

1937 5628 2081 5689 biles.
2121 5628 2238 5681 Mox
2289 5628 2559 5678 transeunt
2606 5618 2659 5671 in
2689 5618 2900 5673 duobus
2939 5617 3209 5670 Vaticanis
3254 5626 3308 5669 et
3358 5630 3528 5684 prima

1935 5702 2188 5754 ﬁdl'lo'c.

2007 5779 2033 5806 τι
2060 5772 2241 5824 (iudex
2281 5769 2505 5826 Veron..
2543 5765 2735 5819 Homil.
2766 5761 2916 5818 Pauli
2950 5760 3097 5815 Diac.
3129 5771 3179 5815 et
3212 5759 3385 5833 prima
3414 5756 3505 5815 edi
