3994 6354
246 417 339 474 iss
1221 375 1228 382 ’
1692 410 1927 472 sentio
1964 412 2106 474 xxi.

242 546 354 592 rum
395 540 450 586 et
510 530 831 593 hostiarum,
877 527 1221 584 circumcisio
1264 528 1467 595 carnis,
1529 528 1833 585 differentia
1861 534 1915 594 Α
1940 531 2092 588 nullo
2124 538 2253 589 sunt
2284 532 2494 590 erudita
2524 533 2798 603 mandato,
2832 544 2934 592 nec
2976 544 3302 608 acceperunt
3332 537 3528 609 legem,

244 626 647 694 baptismatum,
671 631 722 679 ct
745 621 1057 678 observatio
1080 620 1495 691 baptisniorum,
1526 632 1633 678 non
1657 622 1834 678 adhuc

216 702 335 773 “sub
394 715 645 788 ﬁguratis
698 711 1188 786 signiﬁcationibus
1240 723 1365 768 sunt
1421 713 1658 785 agenda,
1712 724 1833 785 quae

242 810 396 864 etiam
431 816 563 862 sunt
593 807 757 862 rebus
790 806 921 876 ipsis
944 820 1064 875 qua:
1102 804 1544 875 significabantur
1572 807 1787 877 impleta
1814 822 1830 873 ;

242 901 486 959 mandata
515 916 650 957 vero
672 908 728 957 et
762 906 1028 971 praecepta
1068 899 1294 953 moralia
1328 899 1469 954 sicut
1516 910 1641 953 sunt
1691 899 1831 954 edita

242 1006 612 1067 perseverant.
646 994 769 1064 quia
796 1010 903 1050 non
928 992 1072 1049 aliud
1107 996 1385 1048 insinuant
1412 1009 1571 1064 quam
1602 993 1833 1065 loquun-

247 1104 345 1165 tur,
376 1104 433 1149 et
471 1094 615 1165 apud
646 1090 755 1165 62
784 1090 1149 1147 Christianam
1174 1089 1517 1145 devotionem
1542 1100 1830 1162 augmento

240 1199 507 1257 crescunt,
542 1200 651 1243 non
691 1186 994 1243 cessatione
1047 1184 1327 1240 deficiunt.
1390 1185 1622 1257 Diligerc
1650 1184 1831 1253 itaque

238 1278 399 1339 Deum
430 1288 486 1336 ct
523 1286 856 1352 proximum,
914 1277 1187 1334 honorare
1228 1287 1437 1348 patrem
1484 1289 1537 1334 et
1577 1289 1827 1347 matrem,

236 1384 334 1430 non
366 1372 603 1430 adorare
639 1374 772 1428 deos
794 1371 1021 1438 alienos,
1060 1379 1115 1425 et
1144 1381 1361 1436 cmtera,
1395 1385 1513 1441 qua:
1544 1380 1635 1426 aut
1663 1373 1827 1428 terri-

236 1460 411 1521 biliter
440 1478 563 1520 sunt
591 1460 888 1534 prohibita,
920 1473 1014 1518 aut
1068 1462 1359 1518 salubriter
1400 1463 1685 1533 imperata,
1720 1478 1828 1520 non

236 1556 386 1614 aliter
406 1572 475 1612 ex
505 1556 775 1627 legalibus
797 1555 1059 1610 institutis
1092 1568 1254 1625 quam
1286 1570 1350 1608 ex
1382 1556 1829 1624 evangelicisve-

234 1664 486 1709 net-amur
508 1651 724 1715 edictis,
752 1661 811 1704 ut
833 1649 1079 1719 quamvis
1103 1648 1269 1703 multa
1290 1650 1620 1703 accesserint
1644 1665 1709 1703 ex
1734 1662 1830 1703 no-

235 1750 391 1803 vitate
416 1748 635 1817 gratiae,
668 1742 799 1801 nihil
825 1753 1005 1800 tamen
1039 1743 1382 1799 imtninutum
1404 1745 1476 1800 sit
1501 1744 1568 1799 de
1598 1745 1833 1815 antiqui-

236 1850 334 1897 tate
371 1840 605 1911 iustitia:
657 1836 813 1894 Unde
844 1838 1038 1893 merito
1087 1835 1473 1905 disposuerunt
1516 1836 1829 1907 apostolicae

1936 627 2043 702 33
2073 642 2195 702 quas
2220 644 2327 687 non
2358 644 2622 705 accepere
2647 633 2950 704 rationem;
2996 636 3087 695 ubi
3137 644 3316 693 autem
3359 645 3443 696 est
3472 639 3530 697 ll-

1939 720 2225 781 lnminatlo
2249 724 2497 793 rationis,
2525 728 2595 784 ibi
2622 736 2703 785 est
2730 740 2783 787 et
2813 730 3093 801 disciplina
3127 733 3365 805 pictatis,
3407 747 3527 806 quae

1936 814 2283 874 dilectionem
2327 828 2381 875 et
2416 820 2529 877 Deo
2569 821 2730 879 debet
2777 832 2832 879 et
2884 825 3160 895 proximo.
3201 822 3318 881 Non
3380 826 3525 884 enim

1934 909 2093 965 aliter
2122 911 2383 981 probatur
2411 911 2573 968 homo
2604 922 2813 970 amatur
2840 926 2961 973 esse
2986 920 3089 983 sui,
3137 917 3239 973 nisi
3268 930 3528 989 appareat

1936 1016 2058 1058 eum
2091 1011 2145 1058 et
2170 1014 2328 1073 supra
2376 1018 2434 1058 se
2463 1010 2669 1061 naturze
2692 1017 2802 1061 sua:
2824 1016 3123 1074 auctorem,
3156 1020 3209 1065 et
3234 1013 3527 1068 secundum

1939 1108 1999 1153 se
2028 1106 2233 1154 natura:
2258 1112 2367 1155 suae
2401 1112 2585 1157 amare
2626 1114 2957 1159 consortem.
2992 1104 3180 1160 Merito
3204 1107 3255 1161 in
3288 1107 3373 1161 bis
3395 1107 3528 1163 dno-

1934 1184 2035 1244 bus
2066 1188 2331 1246 mandatis
2360 1200 2468 1247 tota
2498 1193 2586 1248 lex
2617 1192 2817 1262 pendet
2858 1204 2913 1250 et
2964 1195 3284 1264 prophetas;
3334 1198 3527 1253 merito

1934 1280 2361 1353 diSputationum
2394 1286 2635 1340 omnium
2666 1284 2893 1342 latitudo
2917 1288 3016 1341 sub
3043 1300 3334 1357 paucorum
3355 1288 3528 1345 brevi-

1936 1386 2044 1433 tate
2070 1377 2360 1434 verborum
2409 1381 2720 1447 plenissimo
2766 1390 2847 1435 e5t
2878 1380 3140 1451 explicata
3183 1381 3523 1453 compendio.

1935 1470 2197 1542 Diligatur
2224 1472 2389 1537 Dens,
2416 1475 2669 1543 diligatur
2693 1486 2746 1531 et
2772 1477 3070 1545 proximus,
3107 1478 3179 1533 ita
3210 1487 3268 1534 ut
3298 1478 3525 1536 formam

1934 1563 2187 1636 diligendi
2213 1569 2528 1639 proxitniab
2547 1584 2607 1625 ea
2631 1582 2733 1641 qua
2762 1580 2857 1625 nos
2874 1569 3018 1626 Deus
3046 1570 3217 1643 diligit
3241 1570 3527 1631 dilectione

1932 1668 2211 1714 Sumamus
2235 1704 2247 1725 ,
2280 1663 2368 1730 qui
2403 1665 2566 1717 etiarn
2608 1664 2766 1717 malis
2810 1664 2980 1718 bonus
3007 1676 3112 1733 est,
3147 1673 3199 1720 et
3231 1662 3529 1735 benignita-

1932 1751 2003 1807 tis
2027 1766 2141 1808 snze
2164 1753 2322 1809 danis
2354 1768 2458 1810 non
2485 1755 2660 1810 solum
2694 1758 2928 1812 CullOres
2970 1768 3101 1813 suos
3129 1756 3399 1826 confovet,
3430 1759 3527 1815 sed

1933 1846 2094 1900 etiam
2138 1855 2444 1917 negatores.
2476 1852 2738 1904 Amentur
2779 1848 3083 1921 prepinqui,
3135 1862 3384 1907 amentur
3434 1867 3529 1910 ex-

233 1936 544 1990 sanctiones
570 1938 626 1987 ut
652 1942 894 1985 veterum
924 1928 1255 1999 ieiuniorum
1285 1927 1491 1983 utilitas
1540 1942 1829 1999 permane-

1948 1938 2148 2006 :ranei;
2184 1940 2407 2011 etquod
2446 1941 2672 1997 debetur
2714 1943 2923 2011 amicis,
2978 1955 3394 2016 supererogetur
3422 1942 3530 2002 ini-

236 2035 338 2091 ret,
388 2032 447 2079 ct
477 2025 601 2079 licet
653 2022 911 2078 Ecclesia:
942 2019 1282 2077 consuetudo
1344 2020 1723 2091 prolixioribus
1772 2036 1831 2077 se

234 2116 680 2187 castigationibus
703 2128 961 2171 exercere
982 2113 1285 2178 didicisset,
1311 2116 1731 2183 amplecteretur
1755 2127 1833 2170 ta-

235 2224 348 2267 men
372 2211 729 2268 contincntizc
752 2208 1234 2264 sanctificationem
1262 2222 1327 2263 es
1354 2209 1472 2279 lege
1491 2212 1828 2266 venientem:

235 2306 426 2377 quibus
480 2307 626 2360 enim
683 2304 939 2360 donatum
985 2311 1105 2359 erat
1156 2317 1317 2375 posse
1348 2301 1489 2372 quod
1519 2303 1694 2373 maius
1722 2310 1828 2372 est,

234 2400 491 2457 indecens
523 2396 622 2455 fuit
655 2412 759 2454 non
793 2397 1068 2457 celebrare
1095 2397 1237 2470 quod
1268 2398 1448 2453 minus
1482 2408 1583 2453 est.

297 2492 429 2549 Car.
463 2491 533 2549 ll.
569 2522 641 2534 -—-
689 2491 802 2547 liae
844 2502 973 2563 ergo
1020 2492 1255 2561 ratione,
1310 2489 1678 2557 dilectissimi,
1720 2488 1835 2546 evi-

234 2588 420 2643 denter
450 2586 728 2653 inStructi,
766 2582 1157 2641 ecclesiasticis
1204 2584 1408 2656 regulis
1442 2582 1710 2655 jejunium
1738 2583 1833 2639 de-

233 2680 355 2736 cimi
403 2679 617 2735 mensis
668 2676 1041 2749 adiungimus,
1081 2675 1244 2748 idque
1283 2677 1557 2733 devotioni
1598 2683 1831 2745 vestrae,

230 2773 371 2831 sicut
399 2780 485 2829 est
508 2772 701 2840 moris,
726 2771 1018 2829 indicimus
1042 2789 1054 2828 :
1080 2772 1336 2843 quaniam
1372 2772 1589 2843 plenum
1617 2772 1835 2843 pietatis

232 2867 805 2940 plenumqueiustitite
845 2874 1013 2924 estut
1045 2874 1385 2923 terrenornm
1415 2865 1685 2922 fructuum
1712 2880 1835 2939 per-

230 2961 484 3033 ceptione
514 2960 771 3018 conclusa
800 2973 1028 3033 agantur
1046 2962 1161 3019 Deo
1186 2962 1397 3034 gratiae,
1427 2968 1480 3017 et
1506 2958 1834 3017 sacriﬁcium

232 3057 279 3112 ei
306 3052 704 3110 misericordiae
735 3068 856 3111 cum
906 3054 1099 3127 ieiunii
1152 3055 1525 3111 immolatione
1573 3055 1832 3111 solvatur.

235 3151 479 3208 Gaudeat
510 3153 740 3224 quisque
771 3151 839 3207 de
879 3153 1037 3223 copia
1076 3168 1194 3218 sua,
1233 3158 1289 3208 et
1319 3149 1485 3206 multa
1526 3162 1585 3206 se
1624 3146 1837 3207 horreis

234 3244 341 3301 suis
372 3244 630 3300 intulisse
668 3246 902 3313 laetetur,
935 3245 1029 3301 sed
1074 3244 1150 3300 ita
1181 3251 1237 3301 ut
1267 3244 1333 3300 de
1358 3242 1689 3300 abundantia
1720 3244 1836 3315 eius

234 3339 395 3394 etiam
442 3355 472 3394 a
501 3339 830 3411 pauperibus
857 3338 1173 3412 gaudeatttr.
1228 3336 1634 3397 Fecunditatem
1682 3348 1834 3409 sege-
1860 3316 1911 3389 ο

237 3439 372 3505 tum,
406 3431 613 3489 ﬂuenta
651 3433 865 3499 vitium,
892 3444 1081 3506 partus
1111 3432 1389 3498 arborum,
1416 3431 1634 3487 ubertas
1661 3430 1838 3489 imite-

238 3532 322 3582 tur
366 3526 681 3583 animorum
729 3544 742 3581 :
790 3526 932 3599 quod
988 3526 1142 3584 dedit
1192 3534 1357 3593 terra,
1390 3522 1517 3581 dent
1553 3524 1745 3591 corda;
1779 3533 1839 3580 ut

238 3621 511 3693 possimus
554 3619 737 3677 dicere
764 3632 887 3675 cum
917 3619 1182 3691 propheta
1221 3636 1234 3674 :
1269 3610 1431 3673 Terra
1476 3626 1651 3673 nostra
1696 3616 1838 3673 dedit

238 3715 467 3786 fructum
516 3733 671 3771 suum
703 3710 823 3787 (Ps.
862 3730 971 3782 ut,
1004 3713 1083 3788 6).
1122 3714 1260 3770 Deus
1303 3724 1536 3785 namque
1582 3722 1744 3769 verus
1782 3721 1838 3769 et

240 3824 483 3865 summus
525 3811 763 3882 agricola
792 3825 899 3865 non
926 3807 1099 3866 solum
1131 3807 1518 3879 corporalium,
1547 3805 1643 3864 sed
1671 3802 1836 3862 etiam

240 3903 819 3973 spiritualiumauctor
848 3900 1244 3967 estfructuum,
1275 3907 1329 3958 et
1356 3908 1579 3974 utraque
1604 3904 1834 3971 semina,

244 4006 470 4067 utraque
523 3992 788 4067 plantaria
829 3994 1027 4067 duplici
1075 3992 1229 4051 novit
1277 4004 1539 4051 exercere
1590 3995 1833 4050 cultura:

242 4089 377 4146 dans
405 4090 555 4162 agris
586 4091 859 4162 profectus
896 4089 1223 4163 germinum,
1269 4087 1404 4143 dans
1436 4087 1632 4144 animis
1663 4086 1840 4144 incre-

240 4196 423 4242 menta
454 4188 741 4253 virtutum,
770 4202 891 4258 qua:
921 4186 1061 4241 sicut
1088 4183 1155 4240 ab
1187 4198 1290 4239 una
1319 4180 1655 4254 providentia
1692 4192 1838 4239 Sum-

242 4296 400 4353 psere
448 4281 799 4353 principium,
855 4278 927 4336 ita
973 4279 1039 4337 ad
1071 4280 1231 4337 unius
1276 4280 1458 4351 operis
1483 4283 1681 4335 vocant
1710 4274 1839 4335 elle-

245 4387 416 4433 ctum.
454 4377 633 4433 Homo
682 4377 849 4444 enim,
879 4376 947 4432 ad
993 4376 1285 4449 imaginem
1346 4384 1399 4431 et
1429 4374 1840 4432 similitudinem

242 4474 338 4531 Dei
367 4474 570 4541 factus,
604 4472 742 4529 nihil
791 4467 957 4529 habet
1000 4474 1052 4529 in
1082 4482 1292 4529 natura
1326 4488 1440 4528 sua:
1483 4466 1692 4529 honore
1731 4483 1839 4529 tam

243 4568 526 4640 proprium
555 4582 715 4639 quam
738 4574 799 4623 ut
826 4566 1124 4623 bonitatem
1166 4580 1250 4623 ειιι
1291 4567 1532 4623 imitetur
1575 4569 1835 4638 auctoris,

243 4661 331 4733 qui
363 4662 637 4717 donorum
690 4670 933 4728 suorum,
966 4658 1109 4717 sicut
1137 4659 1452 4718 misericors
1477 4661 1702 4731 largitor
1732 4672 1836 4731 est,

250 4730 324 4809 ita
374 4763 465 4811 est
487 4762 549 4811 et
574 4754 754 4823 iustus
797 4763 1043 4822 exactor,
1075 4753 1265 4811 volens
1312 4770 1413 4812 nos
1445 4770 1672 4828 operum
1706 4730 1837 4813 suo?-
1864 4730 1921 4793 Ῐ)

246 4864 363 4903 rum
394 4863 519 4904 esse
551 4856 872 4905 consortes:
898 4858 958 4904 ut
1002 4848 1250 4920 quamvis
1280 4849 1482 4905 nullam
1528 4865 1629 4905 nos
1658 4852 1841 4907 valea-

246 4955 363 4997 mus
392 4948 588 4998 creare
618 4944 891 5012 naturam,
922 4940 1190 5012 possimus
1222 4948 1402 4996 tamen
1438 4950 1713 5014 acceptam
1744 4959 1840 5014 per

244 5034 339 5091 Dei
364 5036 600 5108 gratiam
634 5050 895 5092 exercere
924 5034 1238 5093 materiam:
1280 5033 1403 5107 quia
1445 5050 1551 5091 non
1603 5035 1674 5090 ita
1719 5035 1839 5091 usui

244 5141 437 5185 nostro
467 5130 610 5185 bona
641 5135 855 5186 terrens
886 5129 1078 5185 collata
1108 5138 1256 5196 sunt,
1288 5136 1349 5185 ut
1392 5126 1689 5185 carnalium
1725 5139 1841 5185 tan-

244 5230 357 5277 tum
385 5232 650 5279 sensuum
676 5223 932 5295 voluptati
956 5222 1299 5294 satietatique
1328 5229 1354 5261 ⁸
1371 5222 1673 5289 servirent;
1700 5223 1839 5279 aiio-

246 5318 376 5388 quin
431 5312 569 5373 nihil
601 5332 630 5372 a
662 5316 976 5389 pecudibus,
1013 5314 1150 5373 nihil
1180 5314 1506 5373 distaremus
1547 5332 1577 5372 a
1618 5315 1832 5383 bestiis,

242 5427 364 5483 qua
395 5413 591 5468 alienis
620 5413 1037 5469 necessitatibus
1057 5412 1344 5467 consulere
1374 5412 1644 5477 nesciunt,
1673 5421 1726 5467 et
1753 5426 1842 5469 so-

243 5503 352 5562 lani
386 5506 471 5562 sui
500 5520 565 5561 ac
587 5516 810 5562 suorum
835 5504 1039 5561 fetuum
1071 5516 1254 5563 curam
1284 5505 1487 5562 habere
1515 5513 1801 5562 noverunt.

316 5598 448 5656 Cn.
479 5598 571 5657 lll.
616 5625 692 5645 ι·-
741 5601 1008 5659 Animalia
1055 5601 1239 5676 igitur,
1272 5601 1508 5660 carentia
1543 5598 1838 5671 intellectu,

247 5768 369 5822 ﬂio.
400 5765 552 5823 lianc
581 5767 873 5825 lectionem
919 5764 1246 5835 Quesnellns
1298 5766 1563 5823 indicavit
1607 5768 1660 5821 in
1703 5781 1849 5821 mar-

1938 2036 2111 2089 micis.
2148 2034 2403 2103 Quamvis
2439 2038 2580 2091 enim
2633 2037 2989 2107 quorumdam
3044 2040 3345 2111 malignitas
3382 2039 3529 2098 nulla

1936 2120 2270 2183 humanitate
2323 2130 2587 2198 mitescat,
2639 2144 2743 2184 non
2788 2137 2913 2185 sunt
2963 2137 3142 2186 tamen
3200 2128 3529 2190 infructuosa

1936 2233 2105 2291 opera
2154 2222 2393 2290 pietatis,
2448 2234 2548 2277 nec
2606 2234 2861 2294 umquam
2913 2223 3090 2293 perdit
3153 2221 3531 2282 benevolentia

1938 2314 2079 2382 quod
2098 2322 2317 2384 praestat
2347 2315 2579 2386 ingrato.
2603 2313 2773 2371 Nemo
2793 2328 2871 2385 se,
2891 2315 3249 2384 dilectissimi,
3277 2315 3345 2371 ab
3366 2328 3531 2387 Opere

1936 2402 2081 2461 bene
2102 2406 2260 2462 faciat
2286 2406 2544 2476 alienum,
2575 2418 2735 2462 nemo
2755 2406 2823 2463 de
2848 2420 2945 2463 sua
2974 2407 3232 2464 tenuitate
3256 2417 3529 2476 causetur,

1938 2503 2210 2570 tamquam
2244 2500 2335 2571 qui
2364 2498 2471 2555 sibi
2497 2498 2589 2555 vix
2625 2496 2844 2567 sufﬁcit,
2894 2507 2948 2554 et
2988 2498 3151 2555 alium
3206 2498 3396 2571 iuvare
3423 2516 3533 2557 non

1936 2589 2127 2661 possit.
2158 2586 2407 2663 Magnum
2435 2599 2519 2647 εει
2545 2590 2689 2663 quod
2714 2588 2952 2662 proferat
2972 2602 3039 2647 ex
3062 2604 3249 2663 parvo,
3284 2600 3339 2650 et
3368 2592 3422 2649 in
3453 2591 3535 2649 di-

1934 2686 2075 2741 Vinae
2102 2683 2258 2742 lance
2291 2683 2517 2756 iustitia)
2564 2698 2673 2740 non
2724 2685 3023 2756 quantitate
3071 2696 3377 2754 munerum,
3437 2687 3534 2743 sed

1935 2777 2178 2849 pendere
2205 2782 2466 2849 pensatur
2494 2777 2822 2833 animorum.
2856 2777 3179 2847 Evangelica
3215 2776 3374 2835 vidua
3397 2778 3535 2837 duos

1938 2880 2191 2927 nummos
2213 2871 2269 2927 in
2296 2868 2741 2942 gazophylacium
2771 2866 2918 2926 misit
2946 2869 3141 2943 (Marc.
3181 2884 3281 2939 su,
3311 2871 3428 2940 42),
3478 2882 3535 2930 et

1935 2964 2179 3021 omnium
2193 2962 2420 3020 divitum
2445 2962 2589 3020 dona
2614 2962 2968 3020 transcendit.
2996 2960 3183 3021 Natu
3206 2963 3347 3035 apud
3362 2963 3535 3021 Deum

1937 3056 2059 3113 vilis
2088 3062 2172 3113 est
2199 3055 2394 3128 pietas,
2426 3052 2572 3111 nulla
2614 3054 2949 3110 infructuosa
2986 3055 3289 3112 miseratio.
3345 3052 3535 3111 Diver-

1938 3162 2031 3208 sos
2059 3148 2276 3225 quidem
2300 3148 2612 3207 hominibus
2644 3148 2796 3206 dedit
2830 3158 3047 3218 census,
3089 3150 3185 3207 sed
3218 3160 3323 3207 non
3351 3149 3534 3207 diver-

1939 3258 2031 3302 sos
2082 3244 2278 3317 quaerit
2330 3240 2576 3300 allectus.
2619 3240 2913 3299 Estiment
2961 3254 3149 3298 omnes
3207 3244 3536 3299 substantias

1940 3350 2089 3407 suas,
2121 3344 2177 3395 et
2198 3336 2286 3411 qui
2319 3338 2440 3409 plus
2465 3346 2747 3409 accepere,
2788 3338 2908 3408 plus
2936 3334 3193 3393 tribuant.
3219 3332 3341 3392 Fiat
3368 3335 3537 3393 absti-

1940 3435 2123 3492 nentia
2156 3434 2421 3501 ﬁdelium,
2487 3432 2636 3490 cibus
2682 3442 3001 3505 pauperum,
3048 3442 3103 3489 et
3142 3432 3289 3504 quod
3310 3433 3538 3505 quisque

1941 3526 2212 3585 subtrahit
2231 3526 2357 3596 sibi,
2385 3524 2635 3599 proficiat
2660 3525 2953 3599 indigenti:
2987 3525 3109 3598 quia
3150 3524 3279 3583 licet
3308 3527 3537 3583 multum

1942 3635 1997 3681 et
2022 3620 2218 3681 animis
2258 3630 2314 3680 et
2342 3620 2665 3695 corporibus
2689 3620 2972 3679 conferant
3010 3620 3253 3678 remedia
3305 3620 3539 3691 parcite.

1941 3720 2035 3786 tis,
2062 3733 2253 3790 parum
2278 3720 2458 3773 tamen
2488 3714 2635 3773 utilia
2667 3720 2793 3773 sunt
2813 3717 2925 3788 ipsa
2941 3710 3167 3787 ieiunia,
3194 3712 3298 3770 nisi
3326 3715 3540 3772 miseri-

1943 3810 2141 3869 cordias
2182 3806 2591 3869 sanctificentur
2623 3806 2847 3868 effectu.
2897 3806 2956 3865 ln
2988 3804 3355 3882 eleemosynis
3393 3811 3539 3867 enim

1942 3904 2115 3964 virtus
2136 3907 2382 3980 quaedam
2408 3913 2491 3963 est
2534 3902 2783 3964 instituta
2823 3902 3181 3975 baptismatis,
3226 3900 3348 3976 quia
3399 3902 3540 3961 sicut

1943 4017 2081 4074 aqua
2105 4001 2397 4073 exstinguit
2446 3998 2649 4072 ignem,
2704 4000 2784 4055 sic
2819 3997 3168 4071 eieemosyna
3212 4005 3537 4070 peccatum;

1945 4108 2000 4153 et
2019 4113 2116 4168 per
2143 4092 2390 4153 eumdem
2416 4094 2444 4135 δ
2474 4092 2753 4151 Christum
2781 4090 3000 4159 dicitur,
3033 4092 3325 4161 Lavamini,
3360 4093 3541 4148 mundi

1945 4192 2100 4245 estote
2131 4182 2284 4261 (ικαὶ.
2315 4203 2352 4253 ι,
2384 4182 2496 4256 l6),
2530 4198 2626 4257 per
2662 4196 2822 4257 quem
2847 4184 3063 4251 dicitur,
3095 4184 3229 4240 Date
3258 4182 3539 4255 elemosy-

1945 4286 2127 4335 numer
2142 4278 2317 4334 omnia
2339 4276 2530 4331 munda
2558 4282 2678 4331 sunt
2703 4271 3006 4347 vobis(Luc.
3031 4284 3107 4343 st,
3139 4272 3273 4346 sl);
3304 4281 3540 4329 utnetno

1944 4373 2201 4444 ambigat,
2232 4385 2395 4428 nemo
2436 4370 2646 4425 diliidat
2678 4366 3109 4439 regenerationis
3154 4365 3259 4422 sibi
3310 4363 3539 4421 nitorem

1945 4466 2109 4525 etiam
2143 4476 2262 4539 post
2306 4464 2477 4521 multa
2505 4472 2731 4536 peccata
2762 4460 2998 4529 restitui,
3031 4460 3126 4533 qui
3171 4457 3538 4531 eleemosyna-

1945 4579 2067 4622 rum
2095 4562 2366 4621 studuerit
2396 4558 2775 4633 puriﬁcatione
2804 4554 3074 4613 inundari.

2303 4694 2419 4773 ea.
2449 4695 2683 4755 SERMO
2727 4688 2849 4751 XXI
2881 4692 2988 4768 [AL
3022 4687 3167 4765 XX],

2103 4794 2173 4850 In
2202 4791 2495 4850 Notivitate
2518 4790 2730 4846 Domini
2758 4789 2923 4844 nostri
2946 4778 3073 4843 Jestt
3104 4783 3297 4841 Christi
3322 4783 3372 4840 1.

1942 4914 2210 4973 δικορειε.
2237 4941 2309 4951 —
2332 4904 2374 4965 Ῑ.
2407 4904 2679 4962 Neminem
2702 4914 3005 4961 extraneum
3026 4916 3136 4973 esse
3162 4918 3193 4955 a
3223 4898 3403 4956 latitia
3426 4900 3539 4955 Na-

2016 4985 2227 5040 tivitatis
2256 4981 2487 5046 Domini,
2513 4996 2629 5046 qua
2669 4978 2783 5033 sola
2813 4981 2920 5031 sine
2951 4970 3101 5046 sorde
3126 4973 3318 5046 peccati
3344 4980 3437 5027 est.
3467 5000 3541 5015 -

2013 5054 2078 5113 ΙΙ.
2116 5055 2307 5111 Mirum
2359 5042 2484 5108 esse.
2513 5042 2670 5120 hujus
2713 5048 2953 5121 mysterii
2985 5042 3436 5121 dispensationem.
3466 5075 3538 5086 —-

2018 5124 2103 5185 lli.
2145 5127 2245 5195 Qui
2276 5142 2459 5179 novum
2489 5116 2743 5178 hominem
2766 5116 2892 5175 'vuit
2935 5116 3175 5186 induere,
3228 5117 3274 5173 ei
3320 5122 3537 5172 veterem

2016 5218 2123 5257 esse
2150 5197 2530 5270 deponendum.

2017 5314 2144 5374 Car.
2175 5314 2218 5371 l.
2251 5310 2587 5370 —Salvator
2612 5315 2822 5377 noster,
2858 5304 3219 5369 dilectissimi,
3255 5301 3417 5358 hodie
3444 5317 3540 5357 na-

1946 5421 2032 5470 tus
2063 5419 2171 5478 est,
2202 5409 2554 5481 gaudeamus.
2588 5402 2771 5476 Neque
2786 5402 2932 5459 enim
2962 5398 3142 5457 locum
3172 5396 3249 5452 fas
3278 5402 3363 5452 est
3393 5406 3413 5435 ε
3464 5396 3539 5450 ihi

1946 5519 2066 5564 esse
2095 5503 2351 5570 tristitiae,
2405 5501 2495 5557 ubi
2526 5498 2723 5554 natalis
2753 5506 2837 5553 est
2866 5496 3020 5561 vita;
3049 5508 3169 5564 qua:
3217 5496 3541 5558 consumpto

1945 5596 2294 5659 mortalitatis
2326 5595 2539 5663 timore,
2574 5590 2732 5648 nobis
2760 5588 2958 5663 ingerit
2984 5584 3054 5641 de
3084 5579 3349 5655 promissa
3382 5589 3541 5636 aeter-

2026 5754 2054 5803 δ
2083 5754 2197 5819 Vox
2228 5756 2491 5819 Clu-istum
2520 5754 2735 5816 videtur
2762 5752 3059 5817 abundare,
3093 5748 3176 5807 vel
3214 5750 3267 5806 in
3300 5750 3419 5823 eius
3465 5746 3542 5807 lo-

246 5840 410 5913 είυει
434 5851 618 5895 utrum
649 5854 779 5899 vero
803 5857 869 5899 es
895 5827 1087 5900 codice
1112 5855 1182 5898 an
1203 5855 1270 5899 ex
1293 5840 1514 5913 ingenio
1540 5839 1847 5899 correxerit
1950 5834 2473 5913 cumsnbstituenda
2507 5848 2610 5888 vos
2630 5830 2899 5913 spiritum.
2932 5827 3307 5913 (insinuatus:

180 5906 198 5920 ⁴
248 5906 585 5983 ignoramus.

322 5991 348 6022 ⁸
380 5984 552 6049 Alias,
584 5986 821 6045 serviant.

2029 5885 2527 5978 εἰῖιῖῑιῑξιλδῑειίέςέ
2551 5885 2872 5978 senatus
2891 5885 3021 5978 ..ᾖε
3044 5885 3415 5978 ρηεξιροιιυω,
3438 5909 3543 5959 nec

1953 5995 2062 6041 non
2084 5980 2138 6041 in
2168 5969 2467 6050 exétnplari
2499 5974 2651 6036 Pauli
2683 5970 2907 6036 Diaconi
2935 5969 3119 6043 deest,
3149 5969 3221 6027 ibi
