3994 6354
534 380 628 440 191

1659 379 1715 435 S.
1760 376 2002 437 LEONIS
2041 376 2261 438 MAGNI
2304 377 2687 438 SERMONES.

3711 388 3808 447 i9!

531 493 702 552 nitate
730 490 992 550 laetitiam.
1023 492 1192 550 Nemo
1214 506 1283 550 ao
1313 493 1471 566 hujus
1498 492 1797 551 alacritatis
1827 493 2115 565 participa-
2140 498 2194 560 Α
2217 508 2447 551 manens
2470 493 2616 566 quod
2644 503 2783 565 erat,
2817 509 3211 571 assumensquo
3238 498 3380 572 quod
3407 514 3516 558 non
3546 512 3686 571 erat,
3717 519 3805 562 ve-

533 587 680 643 tione
717 589 1037 653 secernitur,
1067 602 1173 643 una
1206 587 1415 643 cunctis
1454 588 1657 643 laetitia:
1704 586 2007 643 communis
2036 596 2120 644 est

530 679 704 736 ratio:
735 681 861 750 quia
918 680 1177 735 Dominus
1224 690 1432 746 noster,
1456 680 1661 753 peccati
1702 682 1999 750 mortisque
2026 680 2121 735 de-

530 781 787 839 structor,
818 772 959 827 sicut
990 770 1195 826 nullum
1231 787 1263 827 a
1298 783 1451 829 reatu
1503 775 1729 829 liberum
1779 773 2002 843 reperit,
2048 775 2119 829 ita

532 863 872 921 ‘liberandis
921 864 1176 920 omnibus
1246 867 1414 922 venit.
1451 866 1700 922 Exsultet
1728 878 1967 936 sanctus,
1993 868 2119 938 quia

531 956 852 1023 propinquat
872 952 938 1007 ad
962 954 1219 1024 palmam.
1249 954 1495 1012 Gaudeat
1522 966 1795 1030 peccator,
1828 959 1950 1027 quia
1981 957 2121 1013 invi-

531 1057 674 1102 tatur
698 1050 764 1101 ad
789 1046 1023 1102 veniam.
1055 1050 1342 1106 Animetur
1380 1051 1619 1122 gentilis,
1650 1051 1772 1120 quia
1808 1064 2030 1106 vocatur
2050 1050 2118 1107 ad

530 1144 713 1194 vitam.
746 1139 841 1195 Dei
888 1156 1121 1213 namque
1155 1141 1325 1198 Filius
1375 1143 1670 1198 secundum
1732 1143 2117 1212 plenitudinem

532 1231 813 1303 temporis,
846 1248 1007 1304 quatit
1039 1235 1207 1290 divini
1255 1236 1467 1291 consilii
1496 1236 1859 1292 inscrutabilis
1891 1236 2118 1292 altitudo

529 1325 818 1395 disposuit,
867 1327 1327 1383 reconciliandum
1361 1329 1569 1383 auctori
1599 1343 1698 1384 suo
1746 1338 1995 1385 naturam
2026 1344 2118 1400 ge-

528 1422 676 1475 neris
715 1420 1007 1489 assuinpsit
1049 1423 1291 1489 humani,
1346 1431 1403 1475 ut
1434 1423 1691 1477 inventor
1716 1426 1907 1479 mortis
1933 1425 2120 1479 diabo-

531 1526 631 1578 ins,
658 1509 685 1549 δ
724 1525 820 1581 per
863 1514 1032 1581 ipsam
1079 1527 1239 1583 quam
1290 1513 1495 1568 vicerat
1532 1516 1862 1571 vinceretur.
1914 1517 1969 1570 In
2011 1532 2118 1586 quo

527 1602 776 1657 conllicw
827 1618 923 1670 pro
972 1602 1128 1658 nobis
1156 1605 1307 1671 inito,
1346 1620 1542 1676 magno
1582 1615 1637 1661 et
1685 1607 1920 1662 mirabili
1950 1610 2118 1678 arqui-

526 1698 654 1752 tatis
673 1702 795 1765 jure
820 1706 1083 1751 Certatum
1134 1706 1265 1753 estz'
1289 1699 1419 1753 dum
1467 1699 1814 1770 omnipmens
1858 1702 2117 1756 Dominus

525 1803 650 1844 cum
696 1789 998 1844 saevissimo
1024 1789 1199 1855 hoSte,
1247 1806 1354 1844 non
1387 1793 1439 1844 in
1472 1806 1567 1845 sua
1601 1793 1903 1861 majestate,
1935 1794 2029 1847 sed
2061 1794 2115 1849 in

2224 604 2340 644 ram
2371 591 2515 646 servi
2553 590 2781 645 fortnam
2818 593 2867 646 ei
2897 590 3088 647 formai
3136 592 3190 648 in
3234 608 3335 664 qua
3390 594 3501 650 Deo
3542 595 3685 651 Patri
3725 606 3805 655 est

2222 683 2446 753 aequalis
2473 686 2655 737 untret
2690 682 2915 756 (Philip.
2946 699 3007 751 ιι,
3037 684 3115 756 6),
3152 694 3209 740 et
3235 693 3386 740 tanto
3423 686 3626 743 itedere
3658 699 3805 745 natu-

2223 791 2335 830 rnm
2371 781 2656 841 utramque
2683 788 3019 841 consereret,
3056 788 3109 831 ut
3144 792 3242 833 nec
3273 778 3589 834 inferiorem
3618 795 3805 837 consu-

2222 874 2394 921 meret
2416 866 2757 937 glorilicatio,
2790 883 2891 922 nec
2918 868 3254 934 superiorem
3293 870 3561 926 minueret
3595 887 3805 929 assum-

2223 958 2355 1029 ptio.
2402 958 2417 1010 i
2456 958 2617 1015 Salva
2662 961 2826 1030 igitur
2865 961 3193 1031 proprietate
3239 962 3521 1031 utriusque
3562 967 3807 1021 substan-

2224 1053 2332 1121 tiae,
2364 1062 2419 1109 et
2443 1056 2495 1108 in
2534 1069 2695 1108 unam
2717 1067 2952 1110 coeunte
2976 1069 3283 1124 personam,
3314 1056 3609 1126 suscipitur
3637 1073 3664 1110 a
3689 1074 3805 1114 ma-

2219 1148 2417 1219 jestate
2448 1146 2744 1212 hutnintas,
2773 1162 2801 1199 a
2837 1147 3035 1201 virtute
3069 1147 3374 1213 infirmitas,
3412 1149 3479 1203 ab
3507 1150 3807 1206 aeternitate

2222 1242 2526 1295 mortalitas
2574 1258 2587 1294 :
2646 1251 2700 1295 et
2736 1237 2762 1278 ¹ί
2812 1242 2877 1293 ad
2914 1240 3327 1309 dependendum
3365 1254 3570 1296 nostra:
3621 1240 3809 1297 condi-

2223 1334 2384 1389 tionis
2412 1333 2675 1398 debitum,
2719 1344 2907 1387 natura
2950 1333 3273 1388 inviolabilis
3308 1346 3513 1388 naturae
3555 1345 3638 1389 est
3661 1336 3807 1389 unita

2223 1429 2487 1498 passibili,
2524 1428 2773 1495 Deusque
2799 1441 2959 1480 verus
2990 1434 3045 1480 et
3074 1427 3235 1480 hoino
3260 1442 3442 1490 verus,
3474 1429 3525 1480 in
3544 1430 3808 1483 unitaiem

2221 1520 2434 1574 Domini
2485 1529 2849 1587 temperatur;
2882 1530 2939 1573 ut
2973 1516 3117 1586 quod
3149 1520 3351 1573 nostris
3379 1518 3632 1574 remediis
3676 1533 3808 1575 con-

2220 1613 2467 1683 gruebat,
2499 1628 2636 1667 unus
2666 1622 2826 1681 atque
2863 1612 3001 1666 idem
3037 1611 3129 1666 Dei
3170 1612 3557 1682 hominumque
3604 1612 3806 1667 media-

2222 1714 2307 1760 tor
2330 1705 2379 1776 (Ι
2409 1705 2541 1759 Tim.
2573 1721 2628 1771 ιι,
2659 1707 2739 1777 5),
2774 1714 2827 1760 et
2872 1705 3009 1758 mori
3044 1713 3230 1775 posset
3270 1720 3333 1760 ex
3368 1720 3494 1770 uno,
3535 1715 3587 1759 et
3629 1690 3809 1760 reSur-

2220 1816 2349 1871 gere
2378 1810 2557 1868 posset
2583 1816 2648 1855 ex
2679 1803 2871 1855 altero.
2904 1800 3093 1854 Merito
3117 1799 3279 1870 igitur
3308 1802 3560 1871 vitgineai
3584 1800 3809 1872 integri-

525 1896 708 1939 nostra
729 1885 1076 1954 eniigreditur
1104 1884 1712 1956 humilitate,objieiens
1738 1897 1759 1923 ε
1793 1903 1841 1941 et
1868 1892 2113 1942 eamdem
2149 1902 2192 1965 Β
2225 1892 2314 1946 lati
2365 1892 2499 1945 nihil
2544 1893 2907 1957 COl‘rllpliUIIiS
2958 1893 3139 1945 intulit
3180 1901 3365 1963 partus
3403 1893 3596 1947 salutis
3627 1913 3641 1948 :
3685 1894 3809 1963 quia

525 1977 753 2033 fortnam
795 1982 1147 2047 eamdemque
1194 1989 1464 2048 naturam,
1520 1981 1866 2035 mortalitatis
1897 1982 2113 2051 quidem

526 2086 723 2128 nostra:
742 2076 1077 2143 participem,
1101 2074 1195 2127 sed
1220 2078 1423 2143 peccati
1452 2078 1613 2129 totius
1640 2087 1941 2145 expertem.
1969 2076 2112 2131 Alie-

526 2182 651 2222 num
688 2166 886 2236 quippe
911 2168 981 2218 ab
1006 2168 1104 2219 hac
1138 2168 1420 2221 nativrtate
1449 2176 1553 2231 est,
1597 2168 1740 2236 quod
1773 2172 1841 2223 de
1863 2170 2114 2222 omnibus

524 2257 750 2328 legitur:
774 2255 802 2293 ά
828 2256 995 2311 Nemo
1018 2258 1242 2311 mundus
1269 2274 1300 2310 a
1322 2259 1496 2324 sorde,
1518 2276 1609 2312 nec
1636 2260 1833 2330 infans,
1866 2264 2014 2329 cuius
2038 2270 2113 2314 est

524 2354 677 2407 unius
707 2350 808 2405 diei
840 2353 940 2405 vita
968 2369 1121 2421 super
1157 2364 1345 2406 terram
1369 2352 1514 2421 (Job.
1541 2368 1648 2419 xtv,
1676 2354 1733 2419 4,
1766 2370 1867 2408 sec.
1902 2352 2109 2423 LXX).

529 2445 679 2502 Nihil
700 2461 829 2516 ergo
855 2448 904 2499 iii
935 2449 1091 2500 istum
1117 2448 1449 2517 singularem
1468 2447 1806 2501 nativitatem
1832 2449 1901 2503 de
1931 2450 2113 2503 carnis

524 2542 958 2609 concupiscentia
979 2540 1243 2604 transivit,
1261 2540 1394 2592 tiiliil
1410 2540 1476 2594 de
1491 2542 1696 2609 peccati
1712 2540 1831 2610 lege
1854 2542 2111 2594 manavit.

527 2632 686 2703 Virgo
716 2630 833 2703 regi
885 2632 1158 2687 Βδνιιιίυω
1185 2634 1371 2702 stirpis
1401 2634 1637 2701 eligitur,
1667 2648 1787 2704 qua:
1812 2647 1967 2687 sacro
1990 2648 2113 2704 gra-

526 2726 754 2783 vidauda
804 2725 856 2782 l'e
885 2743 917 2781 ιι
967 2726 1203 2780 divinam
1252 2727 1655 2797 humanamque
1706 2728 1909 2795 prolem
1967 2731 2114 2796 prius

529 2831 553 2860 ο
581 2836 894 2893 conciperet
930 2830 1108 2875 mente
1158 2835 1317 2891 quam
1369 2834 1620 2890 corpore.
1663 2819 1733 2875 Et
1779 2835 1847 2874 ne
1895 2820 2115 2890 superni

526 2916 709 2988 ignara
741 2915 952 2970 consilii
997 2914 1065 2969 ad
1097 2916 1379 2969 inusitatos
1412 2925 1636 2984 paveret
1671 2912 1689 2951 τ
1728 2914 1973 2981 ellectus,
2003 2916 2113 2986 65

520 3008 666 3082 quod
694 3009 750 3063 in
772 3023 833 3062 ea
856 3007 1193 3077 operanduin
1213 3018 1330 3062 erat
1357 3015 1382 3054 8
1407 3022 1438 3060 a
1465 3006 1670 3076 Spiritu
1693 3016 1903 3071 sancto,
1946 3012 2115 3062 eoilo-

522 3103 648 3172 quio
671 3100 1111 3169 discitangelico.
1140 3098 1251 3154 Nec
1268 3099 1525 3153 damnum
1548 3100 1719 3154 credit
1744 3099 1985 3168 pudoris,
2020 3098 2112 3152 Dei

519 3192 750 3265 genitrix
783 3208 907 3246 mox
936 3193 1138 3247 futura.
1171 3193 1276 3247 Cur
1306 3196 1449 3247 enim
1489 3193 1558 3247 de
1610 3192 1983 3261 conceptioiiis
2012 3209 2110 3247 no-

2217 1984 2465 2039 custodia
2499 1984 2598 2039 fuit
2630 1986 2875 2052 pudoris,
2923 1984 3091 2038 editio
3132 1985 3393 2038 veritatis.
3435 1984 3578 2039 Talis
3625 1987 3808 2055 igitur,

2216 2078 2578 2139 dilectissimi,
2615 2078 2867 2132 iiaiivitas
2894 2077 3074 2131 decuit
3110 2076 3202 2131 Dei
3230 2078 3482 2131 virtutem
3515 2089 3569 2131 et
3596 2077 3690 2132 Dei
3718 2091 3806 2132 sa—

2218 2173 2473 2241 pientiam
2497 2172 2795 2237 Clirismtii,
2828 2188 2929 2242 qua
2958 2172 3113 2225 nobis
3148 2182 3201 2226 et
3233 2168 3250 2208 ι
3306 2170 3644 2226 humanitate
3672 2186 3811 2226 con-

2213 2278 2456 2337 grueret,
2497 2275 2549 2320 et
2582 2266 2864 2320 divinitate
2911 2264 3270 2334 praecelleret.
3306 2264 3412 2319 Nisi
3460 2267 3604 2319 enim
3640 2275 3809 2330 esset,

2216 2359 2359 2413 Deus
2383 2374 2541 2412 verus
2572 2374 2677 2411 non
2708 2356 2923 2412 aﬂ'erret
2956 2359 3291 2422 remedium;
3336 2356 3439 2411 iiisi
3466 2370 3609 2412 esset
3646 2360 3811 2413 hoino

2216 2469 2398 2518 verus,
2446 2468 2551 2507 non
2584 2454 2852 2523 praeberet
2906 2454 3235 2521 exemplum.
3284 2454 3367 2507 Ab
3412 2454 3812 2511 exsultantibus

2216 2563 2345 2618 ergo
2376 2549 2580 2617 angelis
2607 2558 2868 2602 nascente
2895 2548 3146 2611 Domino,
3176 2546 3353 2601 Gloria
3380 2548 3433 2602 in
3455 2547 3669 2603 excelsis
3704 2548 3811 2603 Dro

2216 2642 2446 2705 canitur,
2480 2650 2537 2694 et
2578 2656 2683 2709 pax
2728 2641 2781 2694 in
2813 2651 2947 2694 terra
3002 2641 3147 2694 bona:
3199 2642 3473 2695 voluntatis
3519 2643 3811 2696 hominibus

2217 2733 2492 2786 nuntiatur
2517 2732 2667 2804 (Luc.
2702 2748 2759 2798 ιι,
2794 2731 2907 2803 14).
2940 2732 3135 2788 Vident
3163 2737 3305 2787 eiiiin
3339 2737 3616 2789 caelestem
3645 2734 3811 2791 Jeru-

2216 2824 2384 2879 salem
2409 2838 2477 2879 ex
2512 2825 2763 2879 omnibus
2791 2825 2972 2879 mundi
3003 2824 3254 2894 gentibus
3285 2824 3539 2882 fabricari
3567 2845 3580 2882 :
3614 2829 3682 2883 de
3706 2844 3813 2899 quo

2219 2915 2560 2970 inenarrabili
2606 2916 2804 2970 divina:
2846 2917 3060 2985 pietatis
3099 2932 3285 2986 opere,
3334 2932 3594 2989 quantum
3638 2921 3811 2975 lit-tari

2192 3008 2379 3087 debet
2403 3009 2674 3064 humilitas
2707 3008 3006 3078 hominum,
3040 3012 3162 3063 cuin
3198 3018 3403 3064 tantum
3432 3012 3669 3081 gaudeat
3720 3028 3807 3068 su-

2216 3102 2456 3157 blimitas
2476 3103 2830 3170 angelorum?

2289 3197 2419 3250 CAP.
2451 3197 2735 3268 [th—66
2766 3202 2996 3266 Agamus
3024 3211 3173 3267 ergo,
3203 3197 3566 3264 dilectissimi,
3605 3199 3811 3269 gratias

521 3287 686 3342 vitate
712 3287 987 3355 desperet,
1021 3282 1049 3322 ιι
1076 3287 1161 3340 cui
1200 3284 1490 3341 elﬁcientia
1522 3286 1589 3339 de
1619 3287 1882 3340 Altissinii
1916 3285 2114 3340 virtute
2141 3286 2188 3351 C
2224 3290 2331 3344 Deo
2375 3290 2538 3349 Patri.
2572 3304 2666 3359 per
2709 3288 2903 3343 Filium
2951 3288 3088 3358 ejus,
3134 3292 3185 3343 in
3220 3290 3423 3360 Spiritu
3473 3305 3683 3358 saneto,
3722 3290 3811 3361 qui

522 3378 888 3451 promittitur?
906 3376 1269 3435 Conﬁrniatur
1298 3377 1569 3432 credentis
1596 3377 1728 3432 ﬁdes
1753 3378 1915 3432 etiam
1938 3374 1948 3412 ί
1974 3392 2110 3446 pra:-

520 3474 701 3530 euntis
743 3472 1092 3530 attestatione
1136 3473 1403 3537 miraculi,
1446 3473 1789 3542 donaturque
1832 3472 2107 3526 Elizabeth

521 3566 796 3637 inopinata
824 3566 1126 3621 fecunditas
1150 3582 1165 3633 ;
1188 3577 1245 3620 ut
1269 3566 1362 3636 qui
1391 3579 1713 3635 conceptum
1744 3565 1972 3619 dederat
1999 3575 2111 3619 ste-

520 3659 629 3725 rili,
660 3658 884 3713 daturus
913 3672 1019 3713 non
1057 3658 1394 3712 dubitaretur
1420 3666 1475 3712 et
1516 3657 1730 3726 virgini.

591 3751 724 3809 Cn.
752 3751 819 3807 ll.
847 3780 917 3793 —
950 3750 1181 3807 Verbum
1231 3751 1395 3823 igitur
1441 3751 1538 3807 Dei
1588 3753 1749 3820 Deus,
1782 3751 1954 3808 Filius
1989 3753 2103 3823 Dei,

518 3843 614 3917 qui
658 3848 711 3900 in
765 3844 1031 3916 principio
1070 3854 1193 3900 erat
1228 3846 1368 3915 apud
1412 3844 1605 3912 Deum,
1639 3860 1736 3915 per
1780 3860 1938 3915 quem
1973 3846 2111 3901 facta

518 3948 650 3995 sunt
676 3940 881 4008 omnia,
912 3948 967 3994 et
1007 3940 1126 3993 sine
1154 3954 1259 4009 quo
1298 3937 1497 3993 factum
1548 3947 1632 3993 est
1681 3939 1811 3992 nihil
1860 3935 2039 4009 (Joan.
2069 3955 2109 4006 ι,

526 4032 672 4104 1-5),
700 4044 920 4103 propter
938 4034 1276 4088 liberandum
1301 4034 1368 4088 ab
1390 4044 1590 4087 aeterna
1618 4044 1793 4088 morte
1811 4035 2110 4100 hominem,

478 4194 483 4197 ῆ
520 4126 694 4183 laetus
723 4138 806 4183 est
837 4128 1033 4183 homo:
1070 4127 1141 4181 ita
1168 4142 1228 4182 se
1252 4130 1321 4181 ad
1352 4132 1749 4197 susceptionem
1792 4129 2112 4183 humilitatis

519 4235 722 4279 nostra:
744 4224 867 4279 sine
892 4221 1251 4300 diminutione
1282 4238 1394 4279 sua:
1418 4222 1718 4293 majestatis
1748 4226 2033 4289 inclinans,
2054 4230 2113 4277 ut

597 4417 624 4448 ι
657 4406 837 4465 Codex
895 4408 1259 4466 Vercellensis
1311 4418 1366 4465 et
1409 4410 1685 4467 llomiliar.
1734 4407 1888 4463 Pauli
1928 4407 2100 4473 Diac.,

517 4484 840 4606 cumlpriina
872 4481 1244 4553 editione,pro
1269 4481 1567 4535 liberaudis.

589 4548 617 4588 ³³
701 4566 801 4605 nus
828 4552 948 4606 cod.
984 4563 1041 4606 δ.
1077 4554 1243 4606 Petri.
1274 4564 1327 4606 et
1377 4555 1512 4606 alius
1547 4553 1567 4606 [

589 4548 617 4588 ³³
652 4548 801 4606 Unus
828 4552 948 4606 cod.
984 4563 1041 4606 δ.
1077 4548 1243 4617 Petri,
1274 4564 1327 4607 et
1377 4555 1512 4606 alius
1547 4553 1701 4615 Bon.,
1754 4568 1876 4606 cum
1931 4552 2098 4618 prima

519 4620 776 4693 editione,
805 4639 895 4693 per
925 4624 1091 4693 ipsam
1128 4640 1231 4693 qua
1282 4624 1468 4677 vicerat
1521 4634 1758 4677 naturam
1798 4625 2097 4676 vinceretur.

520 4689 720 4765 Veron.
754 4689 1001 4765 comas,
1032 4712 1121 4765 per
1141 4689 1311 4765 ipsam
1337 4713 1438 4765 qua
1465 4696 1650 4747 uicerat
1686 4698 1989 4747 vinceretur.

593 4772 615 4833 ς
650 4763 708 4818 In
744 4780 845 4818 nis.
881 4763 1099 4820 Bou.'et
1124 4763 1289 4833 prima
1322 4763 1559 4820 editione
1586 4765 1852 4820 omittitur
1882 4766 1949 4819 ei.

588 4829 617 4870 ἀ
648 4836 829 4890 Codex
850 4829 1193 4891 Corbeietisis
1218 4842 1359 4891 hunc
1383 4838 1560 4892 locum
1606 4839 1676 4889 ita
1703 4835 1889 4898 habet,
1922 4836 2091 4903 Ques-

519 4904 665 4960 uello
696 4916 833 4961 ιθειθ
866 4925 878 4962 :
908 4906 1073 4960 Nemo
1103 4909 1322 4961 mundus
1369 4926 1400 4960 a
1429 4909 1599 4969 sorde,
1629 4923 1719 4960 nec
1746 4908 1920 4975 infans
1941 4907 2097 4960 unius

517 4976 641 5050 diei,
670 4978 715 5031 si
739 4978 803 5030 sit
830 4979 932 5031 vita
950 4981 1062 5050 ejus
1092 4994 1243 5044 super
1274 4992 1477 5033 terram.
1507 4978 1563 5033 In
1598 4994 1697 5032 ins.
1728 4978 1783 5033 S.
1818 4979 1983 5050 Petri,
2008 4994 2100 5032 nec

516 5045 713 5122 in[a_ns,
745 5050 893 5122 cujus
921 5045 1075 5103 unius
1108 5050 1211 5102 diei
1250 5053 1348 5103 vita
1384 5067 1536 5122 super
1575 5063 1783 5103 terram.
1837 5048 1893 5103 in
1928 5052 2099 5117 prima
2174 5064 2177 5065 '

517 5118 777 5193 editione,
800 5118 893 5173 nec
919 5122 1093 5191 infans
1116 5124 1267 5174 unius
1289 5123 1413 5182 diei.
1438 5118 1585 5193 cujus
1609 5124 1709 5173 vita
1729 5131 1801 5193 est
1821 5137 1975 5187 super
2000 5131 2101 5174 ter-

517 5203 649 5264 ram.
683 5190 848 5264 Paulo
896 5190 1020 5260 ρυει
1070 5193 1333 5246 omittitur
1362 5210 1480 5264 ergo
1498 5190 1997 5264 'in_mss._Vercel.
2045 5202 2100 5246 et

516 5260 725 5315 duobus
756 5261 981 5330 Verum,
1015 5278 1245 5318 necnon
1275 5268 1328 5318 in
1354 5260 1548 5319 lloitiil.
1580 5262 1730 5318 Pauli
1759 5262 2003 5317 Diaconi.

591 5341 614 5405 ξ
644 5333 829 5405 Qodex
861 5334 924 5405 Si.)
954 5335 1119 5403 Petri,
1146 5345 1201 5389 et
1227 5351 1398 5403 prima
1436 5336 1624 5403 editio,
1660 5336 1909 5405 concepit.

591 5400 610 5441 ί
664 5401 741 5457 Ita
791 5400 1113 5477 codd.mss.
1143 5400 1251 5459 tres
1280 5418 1335 5461 et
1386 5400 1657 5477 pleraeque
1701 5400 1970 5461 editiones
2025 5404 2092 5459 ad

519 5476 1081 5548 t_nargmem;quibns
1133 5477 1289 5531 facile
1338 5476 1555 5548 ailjiitigi
1604 5486 1826 5545 possunt
1865 5478 1952 5531 alii
1985 5477 2092 5531 duo

470 5586 475 5589 μ
518 5543 667 5615 Regii
694 5562 833 5620 mss.‘
857 5543 1042 5613 codd.,
1072 5549 1125 5601 in
1156 5550 1354 5618 quibus
1383 5543 1573 5620 legitur
1606 5543 1852 5618 ‘a/Tectus,
1904 5564 2094 5604 errore

519 5620 744 5674 librarii.
772 5617 876 5674 Sed
893 5627 950 5674 et
977 5617 1358 5690 sensusesigtt
1381 5617 1459 5687 ut,
1482 5620 1582 5676 hac
1605 5617 1836 5676 lectione
1855 5629 2095 5687 retenta,

470 5756 475 5759 _
514 5691 618 5743 alia
642 5690 937 5761 ri-jiciatur,
966 5706 1086 5761 quie
1114 5694 1164 5745 in
1198 5694 1469 5761 prioribus
1498 5694 1629 5746 edit.
1660 5692 1914 5756 habebat,
1960 5690 2096 5761 alfa-

516 5774 635 5827 tus;
669 5780 773 5818 non
803 5764 945 5816 enim
978 5764 1216 5833 loquitur
1256 5764 1343 5820 hic
1392 5764 1460 5819 de
1511 5764 1781 5834 colloquio
1823 5764 2094 5834 angelico,

512 5836 667 5905 cujus
691 5834 867 5906 potius
893 5835 1219 5906 interventu,
1236 5847 1287 5889 ut
1317 5836 1498 5891 statim
1525 5844 1644 5905 post
1673 5836 1890 5906 legitur,
1912 5850 2097 5890 exem-

470 5916 473 5919 ‘
514 5916 604 5974 pta
626 5905 711 5965 est
737 5905 899 5963 Maria
929 5920 1131 5974 pavore
1152 5905 1245 5963 illo
1271 5924 1380 5976 quo
1408 5923 1474 5965 ex
1502 5905 1758 5963 inusitato
1787 5911 2097 5976 conceptio-

2122 4874 2178 4936 D

2222 3394 2443 3452 propter
2485 3381 2708 3436 inultam
2740 3389 2779 3416 ω
2810 3381 3235 3435 misericordiam
3268 3396 3441 3447 suam,
3486 3400 3590 3451 qua
3619 3382 3813 3436 dilexit

2217 3491 2337 3541 nos,
2370 3476 2622 3529 misertus
2653 3485 2738 3528 est
2763 3475 2961 3539 nostri;
2992 3484 3040 3528 et
3062 3490 3178 3527 cum
3207 3490 3432 3529 essemus
3464 3476 3650 3528 mortui
3694 3490 3813 3544 pec-

2216 3571 2365 3635 catis,
2406 3567 2775 3638 couviviﬁcauit
2802 3584 2893 3621 nos
2924 3566 3127 3621 Christo
3152 3565 3310 3638 (Eph.
3348 3583 3406 3632 ti,
3440 3565 3520 3638 5),
3561 3577 3618 3621 ut
3658 3582 3813 3621 esse-

2216 3676 2335 3715 mus
2367 3660 2419 3713 in
2464 3660 2581 3729 ipso
2607 3673 2745 3713 nova
2794 3668 3065 3723 creatura,
3110 3673 3418 3727 novumque
3466 3661 3807 3728 lignientum.

2217 3756 2562 3824 Deponatnus
2584 3768 2712 3822 ergo
2743 3761 2979 3806 veterem
3011 3750 3284 3806 hominem
3310 3766 3432 3805 cum
3457 3751 3665 3806 actibus
3699 3749 3811 3805 suis

2216 3849 2379 3921 (Eph.
2414 3864 2485 3916 tv,
2509 3847 2582 3901 22
2601 3864 2615 3913 ;
2635 3846 2807 3901 Colos.
2837 3861 2915 3911 iit,
2940 3844 3099 3915 9);et
3128 3845 3306 3913 adepti
3336 3844 3809 3915 participationem

2215 3940 2581 4013 generationis
2628 3939 2852 4005 Christi,
2893 3937 3071 3993 carnis
3111 3940 3485 3993 renuntiamus
3524 3938 3809 4006 Operibus.

2178 4104 2181 4105 ν
2215 4038 2483 4105 Agnosce,
2528 4048 2561 4087 ο
2602 4032 2925 4097 Christiane,
2955 4032 3269 4100 dignitatem
3313 4040 3481 4095 tuam,
3515 4040 3570 4083 et
3608 4029 3811 4083 divinae

2215 4142 2442 4183 constirs
2473 4125 2646 4181 factus
2666 4135 2890 4189 naturai,
2920 4124 3031 4179 noli
3074 4126 3125 4177 in
3150 4135 3389 4178 veterem
3421 4122 3684 4177 vilitatem
3716 4124 3811 4175 de-

2214 4222 2398 4292 generi
2421 4222 2834 4276 conversatione
2855 4226 2882 4254 ιι
2905 4215 3103 4273 redire.
3138 4217 3408 4272 Memento
3435 4216 3590 4285 cujus
3613 4216 3812 4284 rapitis

2213 4406 2296 4463 nis
2322 4406 2482 4461 Verbi
2509 4405 2703 4461 eﬂ'ertu
2728 4403 2914 4458 all‘ecta
2946 4401 3158 4457 fuisset.
3185 4399 3557 4467 QUESNELLUS.
3591 4432 3660 4443 -
3697 4402 3809 4457 Le-

2210 4479 2440 4532 ctinnein
2472 4488 2649 4531 textus
2672 4478 2997 4530 conﬁrmant
3023 4477 3186 4528 etiam
3213 4475 3339 4528 cod.
3378 4474 3435 4528 S.
3465 4474 3635 4541 Petri,
3664 4489 3809 4535 unus

2216 4549 2411 4603 Veron.
2438 4560 2492 4602 et
2512 4550 2810 4615 exemplar.
2836 4546 2984 4600 Pauli
3025 4545 3267 4599 Diacmii.

2281 4620 2433 4674 sMs.
2492 4614 2723 4685 Vi-rou.,
2782 4617 2846 4671 de
2893 4615 3096 4687 Spiritu
3143 4624 3344 4670 sancto.
3396 4614 3517 4670 Mox
3573 4615 3623 4670 in
3670 4618 3802 4671 cod.

2206 4689 2266 4745 S.
2296 4691 2463 4753 Petri,
2494 4691 2695 4757 didicit,
2724 4704 2818 4756 pro
2844 4688 3017 4742 discit.

2276 4758 2306 4797 h
2336 4763 2504 4815 undd.
2542 4763 2855 4827 Vaticanus,
2878 4759 2939 4815 S.
2964 4758 3132 4825 Petri,
3161 4767 3217 4814 et
3234 4758 3369 4813 Bon.
3396 4774 3459 4813 ac
3484 4758 3655 4829 prima
3682 4758 3804 4815 edi-

2202 4833 2300 4895 tio,
2323 4836 2490 4895 cujus.

2284 4852 2560 4971 I(isltjitt‘tiam
2590 4904 2809 4974 vulgati,
2844 4902 3187 4974 librariorum
3210 4916 3417 4968 errore,
3442 4916 3550 4973 pris
3571 4904 3798 4958 cunctis.

2280 4980 2295 5026 ι
2338 4975 2536 5030 Eadem
2572 4972 2836 5029 habentur
2860 4976 3020 5042 epist.
3053 4972 3143 5039 ‘28,
3178 4988 3297 5041 cap.
3328 4975 3381 5028 5.

2278 5045 2304 5085 ¹ι
2338 5048 2474 5101 Editi
2506 5060 2631 5101 ante
2684 5047 3051 5113 Quesncllum,
3097 5060 3218 5099 cum
3274 5044 3479 5114 aliquot
3527 5045 3802 5114 posterio-

2206 5135 2321 5174 rum
2348 5112 2727 5173 collectionum
2749 5116 3044 5175 codicibus.
3076 5117 3143 5169 ad
3154 5112 3800 5187 {spondendumiCteteri

2203 5194 2606 5260 praestantiores
2633 5204 2764 5244 mss.
2792 5197 2849 5242 ut
2879 5188 2941 5260 in_
2956 5194 3127 5241 textu.
3151 5185 3316 5260 Paulo
3341 5198 3481 5260 post,
3498 5186 3673 5255 infusa
3692 5196 3799 5260 est,

2203 5255 2465 5329 proauita
2493 5270 2585 5325 est,
2621 5266 2671 5315 in
2694 5260 2880 5314 eotlice
2904 5257 3223 5313 Veronensi.
3241 5255 3297 5310 In
3324 5255 3445 5310 eod.
3475 5266 3655 5312 autem
3692 5255 3798 5311 Pa-

2201 5334 2421 5387 diliron.
2453 5343 2507 5387 et
2536 5332 2587 5386 in
2618 5332 2722 5386 alio
2757 5330 2953 5385 Veron.
2974 5369 2988 5393 ,
3011 5331 3064 5381 iu
3092 5331 3285 5382 unitate
3308 5342 3405 5397 pro
3440 5329 3496 5382 in
3524 5329 3800 5384 unitatem.

2280 5403 2297 5441 ι
2322 5404 2408 5458 »Ιιιι
2434 5419 2564 5457 mss.
2589 5415 2794 5469 septeni
2819 5400 3090 5467 Quesnelli
3121 5409 3177 5454 et
3200 5414 3391 5454 omnes
3420 5400 3613 5454 nostri.
3642 5399 3801 5453 Prius

2204 5475 2484 5541 legebatur
2509 5475 2798 5529 humilitate
2824 5474 2987 5529 etiam
3030 5472 3085 5526 in
3113 5471 3410 5543 exemplari
3453 5473 3641 5540 prima:
3679 5470 3795 5526 edi-

2203 5545 2367 5601 tionis
2396 5548 2609 5602 collect.
2640 5546 2694 5601 5.

2272 5626 2312 5655 ιιι
2343 5617 2417 5672 lta
2441 5633 2570 5672 mss.
2594 5614 2752 5671 codd.
2772 5616 3005 5686 quinque
3025 5613 3327 5686 Quesnelli.
3341 5610 3595 5686 Plerique
3616 5620 3807 5686 tamen

2204 5691 2375 5745 nostri
2407 5698 2462 5743 et
2490 5682 3061 5755 Giiudiivallejiisdeni
3095 5684 3375 5753 Questielli
3405 5700 3529 5741 cum
3555 5682 3806 5740 anterio-

2202 5760 2353 5817 ribus
2382 5760 2727 5822 editionibns,
2759 5760 3061 5813 charitatem
3092 5772 3261 5810 suam.

2276 5841 2304 5870 ιι
2334 5833 2448 5886 Duo
2487 5846 2618 5886 mss.
2656 5831 2894 5885 Vaticani
2937 5840 2991 5884 et
3041 5844 3180 5883 unus
3217 5829 3275 5883 S.
3312 5827 3477 5892 Petri,
3530 5826 3802 5895 recidere;

2209 5904 2443 5971 νει-ρει,
2478 5904 2827 5967 retrocedere;
2855 5900 3177 5967 Padiliron.,
3209 5898 3461 5953 recedere.
