3994 6354
219 379 305 435 195

1616 372 1849 435 SERMO
1886 368 2051 435 XXII.

3377 364 3479 429 ιιι.

211 507 259 552 et
294 493 441 565 cujus
480 493 731 563 corporis
769 493 848 551 sis
890 492 1211 551 membrum.
1256 494 1628 553 Remittiscere
1656 499 1782 566 quia
1813 505 1855 556 Α
1888 490 1948 545 In
1973 502 2080 559 quo
2110 485 2329 557 dignum
2360 494 2445 543 est
2464 500 2565 544 nos
2593 488 2792 545 erectis
2824 500 3042 545 sursum
3066 486 3319 545 cordibus
3344 486 3483 545 divi-

210 598 377 645 erotus
402 588 473 643 de
505 599 771 659 potestate
812 591 1180 653 tenebrarum,
1206 590 1502 645 translatus
1527 606 1588 645 es
1610 590 1662 644 in
1693 589 1787 646 Dei

214 680 375 735 lumen
399 688 453 735 et
485 695 734 745 regnum.
761 679 863 735 Per
887 680 1223 750 baptismatis
1242 695 1641 735 sacramentum
1666 682 1789 750 Spi-

213 771 328 827 ritus
349 772 523 826 sancti
557 773 731 827 lactus
757 785 819 825 es
855 771 1109 839 templum
1137 788 1152 825 :
1193 773 1299 825 noli
1345 782 1550 826 tantum
1578 772 1790 826 habita-

214 870 363 917 torem
395 866 585 930 pravis
609 862 679 916 de
708 873 759 916 te
784 862 993 917 actibus
1020 861 1286 931 eﬂugare,
1310 874 1364 917 et
1389 864 1590 917 diaboli
1618 874 1669 917 te
1693 864 1793 918 ite-

213 972 313 1012 rum
339 955 616 1025 subjicere
642 956 927 1013 servituti:
960 956 1083 1027 quia
1127 956 1355 1024 pretium
1396 967 1543 1011 tuum
1574 957 1792 1028 sanguis

214 1057 283 1105 est
298 1047 527 1114 Christi;
553 1050 679 1119 quia
712 1050 764 1103 in
796 1051 1022 1105 veritate
1051 1058 1104 1103 te
1130 1048 1455 1119 judicahit,°
1481 1052 1573 1119 qui
1608 1051 1659 1104 in
1694 1050 1795 1103 mi-

214 1144 489 1200 sericordia
526 1155 581 1199 te
612 1144 864 1207 redemit,
892 1144 983 1213 qui
1013 1158 1135 1197 cum
1162 1143 1321 1199 Patre
1344 1152 1402 1199 et
1430 1143 1632 1213 Spiritu
1673 1159 1797 1198 san-

214 1246 289 1293 cto
306 1246 497 1308 regnat
525 1239 579 1292 in
610 1238 809 1293 saecula
841 1237 1183 1292 saeculorum.
1215 1238 1406 1292 Amen.

618 1389 848 1446 SERMO
875 1387 1015 1444 xxu
1042 1388 1150 1462 [Αι.
1192 1388 1361 1463 xm].

600 1500 624 1540 δ
655 1500 723 1555 1η
757 1501 1042 1557 Nativitate
1070 1499 1278 1556 Domini
1314 1500 1401 1556 ΙΙ.

215 1620 596 1678 SmPsss.—l.
615 1617 981 1674 Incarnatione
1014 1617 1162 1674 Verbi
1191 1621 1410 1692 primam
1439 1618 1535 1673 Dei
1558 1636 1678 1690 erga
1703 1619 1801 1673 Ito-

276 1709 431 1746 intues
460 1693 856 1760 dispositionem
881 1692 1143 1757 compleri.
1170 1694 1259 1745 sed
1287 1704 1607 1745 sacramento
1629 1693 1797 1745 occul-

277 1763 569 1816 tiore.——ll.
596 1764 748 1817 Novo
785 1764 984 1825 ordine,
1014 1780 1143 1816 nova
1183 1766 1445 1816 nativitate
1477 1762 1669 1816 Filium
1703 1762 1801 1817 Dei

275 1852 377 1909 esse
406 1835 900 1909 generalitate-Ill.
921 1835 1022 1888 Cur
1050 1850 1122 1909 ea},
1155 1833 1361 1909 Virgine
1395 1838 1534 1887 nasci
1566 1833 1799 1909 Christus

274 1904 673 1977 elegerit.—IV.
691 1904 916 1960 Illasam
943 1922 1051 1977 esse
1072 1904 1334 1959 diabolum
1364 1922 1453 1972 per
1480 1908 1793 1977 incarnatiov

276 1975 386 2031 item
411 1996 477 2031 ea:
509 1976 907 2049 Virgine.—V.
939 1975 1083 2049 Ideo,
1110 1987 1281 2030 natum
1326 1994 1434 2049 esse
1462 1975 1720 2049 Christum
1751 1980 1806 2032 in

277 2065 450 2107 carne,
481 2062 537 2102 ut
561 2048 941 2103 renasceremur
964 2065 1026 2102 etr-
1052 2048 1442 2119 Spiritu—Vl.
1466 2048 1589 2102 Non
1619 2048 1667 2101 Η
1678 2050 1808 2103 omi-

277 2123 353 2174 nis
384 2120 505 2187 Dei,
532 2125 622 2175 sed
650 2123 765 2175 novi
790 2122 913 2174 satis
936 2118 1107 2173 ortum
1137 2118 1454 2174 Manichwos
1477 2123 1660 2173 colere.

280 2255 411 2311 CAP.
446 2256 579 2310 l.—
602 2256 951 2311 Exsultemus
993 2257 1045 2311 in
1079 2256 1329 2327 Domino,
1363 2256 1722 2327 dilectissimi,
1755 2264 1813 2314 et

219 2351 437 2417 spiritali
464 2349 804 2419 iucunditate
846 2350 1115 2417 laetemur,
1156 2350 1281 2420 quia
1312 2350 1482 2404 illuxit
1515 2349 1619 2421 67
1651 2350 1806 2404 nobis

218 2442 321 2497 dies
368 2443 761 2509 redemptionis
801 2452 823 2479 ο
870 2458 1045 2511 novat,
1089 2442 1499 2511 praeparationis
1545 2444 1804 2513 antiquae,

217 2534 482 2589 felicitatis
531 2544 775 2589 acternte.
828 2534 1129 2604 Reparatur
1172 2536 1318 2589 enim
1398 2538 1554 2591 nobis
1620 2539 1809 2591 salutis

218 2641 407 2686 nostra:
451 2645 633 2684 atiiiiia
684 2631 1021 2684 revolutione
1071 2640 1493 2696 sacramentum,
1547 2629 1615 2684 ab
1656 2630 1810 2686 initio

216 2724 564 2794 promissum,
606 2722 657 2776 in
692 2723 795 2775 fine
836 2722 1123 2788 redditum,
1167 2722 1286 2778 sine
1317 2722 1427 2777 line
1468 2738 1805 2780 mansurum.

279 2857 306 2883 ι
333 2844 448 2910 AL,
476 2843 568 2911 qui
591 2840 1007 2916 misericorditer.
1035 2840 1130 2916 Ms.
1160 2842 1657 2916 Vercelleusiaqui
1680 2846 1814 2898 veri-

216 2928 311 2970 tate
332 2924 382 2968 te
398 2912 688 2984 judicabit,
720 2915 803 2981 qui
835 2913 1184 2966 misericordia
1207 2926 1255 2966 te
1278 2916 1511 2968 redemit.
1542 2912 1692 2971 Unus
1715 2932 1809 2971 co-

216 2990 310 3043 dex
334 2986 392 3042 S.
424 2984 595 3049 Petri,
623 2986 745 3053 quia
768 2984 835 3035 mi
865 2986 1115 3036 erirordia
1138 2996 1185 3038 te
1210 2987 1419 3039 redemit
1444 2984 1676 3040 Christus
1699 2987 1779 3041 Do
1795 3020 1809 3032 ο

216 3062 376 3112 minus
400 3068 600 3118 noster,
628 3057 715 3117 qui
745 3056 887 3119 vivit,
919 3066 1024 3109 etc.
1061 3056 1354 3110 Paililiron.
1394 3060 1641 3110 similiter
1674 3076 1810 3125 prae-

217 3131 344 3191 l‘ert;
394 3142 452 3182 ct
498 3128 677 3180 solum
715 3128 912 3181 claudit
943 3142 1042 3194 sic,
1072 3129 1159 3197 qui
1201 3144 1317 3180 cum
1350 3126 1505 3182 Patre
1531 3142 1576 3182 et
1608 3129 1811 3191 Spiritu

212 3201 529 3275 pauciorivit
562 3206 607 3250 et
647 3208 827 3269 regnat
870 3197 1011 3253 Deus
1034 3214 1123 3268 per
1148 3199 1352 3269 inﬁnita
1370 3204 1561 3253 swcuta
1595 3201 1809 3255 saeculo-

217 3273 344 3327 rum.
373 3273 563 3325 Amen.

280 3344 309 3383 δ
342 3343 398 3396 Iit
430 3340 747 3395 lloniiliario
791 3340 939 3395 Pauli
972 3340 1209 3405 Diaciini,
1241 3359 1339 3398 nec
1382 3358 1485 3396 rion
1520 3345 1570 3397 in
1605 3344 1820 3400 Leotio-

218 3417 363 3471 nario
387 3414 616 3480 antiquo
653 3428 753 3466 nis.
800 3415 1056 3467 Ecclesue
1103 3411 1486 3483 Vercellensis,
1523 3418 1608 3471 liic
1638 3433 1818 3474 seruio

218 3490 317 3540 alia
337 3486 635 3540 exhibetur
658 3483 831 3536 forma
861 3500 921 3537 ac
946 3485 997 3536 in
1021 3485 1178 3538 editis
1203 3496 1257 3539 et
1292 3489 1343 3539 in
1374 3488 1495 3540 aliis
1517 3489 1814 3545 codicibus.

223 3559 517 3611 Discrimen
555 3554 659 3607 hoc
687 3556 805 3608 loco
833 3565 1085 3609 aet-orate
1117 3556 1459 3610 iudicandum
1495 3562 1663 3612 visunt
1713 3572 1814 3614 est.

218 3629 392 3697 Caput
420 3643 655 3693 primum
689 3642 807 3679 cum
836 3626 993 3679 editis
1019 3628 1329 3685 concordat.
1357 3640 1409 3681 et
1432 3636 1664 3684 varietas
1694 3634 1818 3685 inci-

220 3704 295 3770 pit
321 3701 388 3753 .ib
434 3700 591 3751 initio
630 3700 822 3766 capitis
865 3698 1105 3752 secundi.
1160 3699 1289 3751 Nam
1342 3701 1557 3754 OllllS>i§
1615 3703 1817 3769 verbis,

220 3770 623 3825 Advenientibus
665 3786 787 3842 ergo
832 3770 1161 3842 temporibus,
1212 3772 1549 3831 dilectissimi,
1579 3789 1692 3842 qua:
1742 3791 1822 3827 rc-

222 3843 503 3913 demptioni
531 3841 798 3913 hominum
824 3841 1024 3907 fuerant
1052 3844 1361 3913 prtestituta,
1395 3841 1818 3913 t‘apillslllilium

222 3926 301 3967 est
324 3909 677 3980 {Ingreditur
707 3911 812 3965 lucc
833 3914 1011 3962 mundi
1050 3909 1259 3979 inﬁrma
1288 3909 1337 3964 F
1340 3913 1465 3966 ilius
1494 3912 1609 3979 Dei,
1638 3925 1691 3968 et
1718 3932 1818 3970 cre-

223 3996 330 4038 tera
368 3998 545 4052 usque
583 3982 660 4055 ad
712 3982 895 4055 verba,
925 3984 1101 4035 mortis
1130 3983 1325 4052 legibus
1356 3988 1637 4055 subjacere.
1672 3986 1822 4040 Nova

222 4066 391 4108 autem
425 4054 715 4115 nativitate,
741 4054 950 4127 deinde
975 4058 1243 4122 sequitur,
1276 4054 1566 4125 generatas,
1594 4058 1715 4127 quia
1744 4061 1823 4112 in-

225 4128 411 4179 riolata
438 4127 710 4197 virginitas
736 4126 1200 4193 concupiscentiam
1230 4129 1458 4197 nescivit,
1486 4126 1823 4183 substantiam

227 4196 560 4251 ministravit.
597 4197 871 4265 Assumpta
888 4207 960 4249 est
982 4197 1046 4249 de
1066 4206 1229 4251 matre
1245 4196 1475 4259 Domini,
1497 4212 1704 4263 natura,
1722 4218 1823 4255 non

227 4274 382 4336 culpa
403 4284 532 4323 cum
570 4268 816 4339 reliquis,
862 4283 979 4339 quin
1020 4267 1273 4337 leguntur
1317 4268 1370 4323 in
1417 4270 1524 4325 line
1553 4273 1744 4339 capitis
1788 4273 1823 4327 5

228 4355 396 4411 usque
422 4340 492 4392 ad
521 4338 639 4411 illa,
666 4340 843 4411 uitium
866 4337 1155 4411 excluderet
1176 4342 1455 4395 vetustatis.
1486 4337 1820 4399 Hiitoautetit

226 4412 281 4465 in
305 4408 655 4465 Vllumiliario
690 4409 839 4463 Pauli
876 4408 1096 4464 Diacoai
1134 4424 1188 4464 et
1229 4427 1331 4466 ms.
1365 4411 1695 4467 Vercellensi
1735 4430 1826 4469 ea-

228 4483 351 4538 dem
391 4484 565 4537 lectio
600 4481 846 4545 habetur,
881 4494 1001 4549 quae
1037 4481 1287 4535 continua
1326 4498 1471 4538 serie
1518 4488 1826 4541 continetur

228 4554 281 4608 in
306 4553 542 4612 epistola
576 4550 648 4625 38
680 4552 737 4607 S.
770 4551 964 4606 Lectus
999 4552 1067 4605 ad
1095 4550 1404 4608 Flavianutit
1438 4570 1467 4608 a
1498 4555 1604 4610 line
1632 4558 1826 4625 capitis

229 4626 373 4679 tertii
406 4625 478 4678 ad
504 4622 745 4678 medium
768 4632 928 4690 caput
958 4634 1227 4691 quartum,
1261 4625 1311 4678 id
1342 4637 1443 4686 est,
1479 4628 1546 4678 ab
1572 4628 1678 4681 illis
1703 4622 1826 4682 ’νει--

227 4696 337 4761 bis,
365 4696 511 4769 Nam
532 4696 656 4765 quia
685 4694 1003 4769 gloriabatur
1028 4696 1284 4769 diabolus,
1318 4706 1373 4751 et
1393 4707 1587 4752 uetera
1612 4699 1751 4769 (qua:
1772 4701 1825 4754 in

226 4768 498 4840 prasenti
526 4780 781 4840 sermone
811 4766 1062 4834 leguntur
1087 4767 1190 4840 sub
1220 4766 1381 4840 tinem
1408 4770 1596 4838 capitis
1621 4766 1781 4837 primi
1808 4771 1825 4840 )

228 4854 406 4909 usque
428 4838 499 4909 ad
523 4853 607 4901 ea,
638 4836 917 4908 Assumpta
956 4848 1029 4890 est
1059 4838 1122 4890 de
1149 4848 1307 4891 matre
1348 4836 1580 4906 Domini,
1622 4836 1826 4906 natura,

228 4908 339 4963 non
368 4908 565 4978 culpa;
586 4922 708 4981 qua:
736 4920 923 4981 eadem
953 4918 1205 4981 coittestu
1237 4910 1537 4981 iisdemque
1568 4912 1745 4966 verbis
1775 4915 1827 4967 iit

227 4983 473 5049 episuila
499 4982 567 5033 ad
603 4979 912 5052 Flavianum
945 4980 1249 5035 recitantur.
1278 4980 1404 5035 Post
1434 4979 1591 5037 verba
1622 4993 1823 5052 autem,

226 5054 416 5107 titiam
452 5051 743 5105 excluderet
788 5052 1073 5117 vetustatis,
1106 5054 1155 5105 itt
1194 5052 1463 5122 praedictis
1503 5051 1830 5109 liomitiariis

226 5140 342 5178 non
369 5126 560 5177 Statim
594 5132 961 5192 consequitur,
993 5132 1050 5176 iit
1088 5122 1139 5176 iu
1170 5124 1350 5190 editis,
1381 5136 1542 5193 caput
1564 5125 1599 5180 4
1624 5141 1830 5181 sermo-

226 5197 358 5250 nis:
388 5193 529 5250 Cum
572 5193 729 5263 igitur
776 5194 1061 5247 misericors
1099 5195 1515 5264 omnipotensque
1552 5196 1828 5266 Salvator;

226 5267 329 5321 sed
361 5268 768 5321 interseruntur
794 5274 903 5336 tres
929 5267 1137 5334 periodi
1165 5266 1382 5321 omissa:
1425 5268 1614 5336 capitis
1664 5274 1825 5324 tertii.

229 5337 370 5392 Nam
395 5338 717 5407 posthverba
745 5334 1037 5391 excluderet
1081 5339 1360 5403 vetustatis,
1395 5334 1509 5391 hinc.
1537 5341 1718 5394 statim
1749 5340 1829 5395 le-

228 5405 478 5479 guntur:
514 5405 690 5479 Verax
730 5423 950 5476 namque
979 5409 1328 5463 misericordia
1368 5407 1579 5464 Domini
1618 5427 1733 5465 cum
1761 5414 1830 5467 ad

228 5477 604 5547 reparandum
628 5477 910 5532 humanum
934 5496 1113 5547 genus,
1146 5492 1273 5552 etc.,
1307 5496 1477 5552 usque
1508 5482 1576 5536 ad
1614 5499 1698 5550 ea,
1733 5484 1833 5538 nisi

230 5556 301 5624 de
323 5568 385 5605 eo
407 5552 553 5623 quod
575 5556 840 5624 subegerat
860 5552 1164 5607 vinceretur.
1188 5551 1323 5607 Tum
1354 5551 1570 5609 addiiur
1589 5565 1749 5624 eaput
1769 5555 1834 5612 4:

232 5621 373 5677 Cum
411 5621 579 5697 igitur
624 5622 914 5697 misericors
957 5626 1396 5697 ontnipotensque.
1448 5640 1570 5681 cum
1618 5621 1836 5697 reliquis

234 5708 420 5764 usque
438 5691 517 5746 ad
546 5708 609 5747 ea
639 5691 836 5767 verba:
870 5691 1565 5767 Solvituritaque'tetltiferie
1583 5691 1835 5767 pactionis

236 5766 933 5837 malesuasaronscriptio.
984 5766 1221 5835 Deinde,
1271 5771 1486 5822 omissis
1541 5766 1832 5837 nonnullis,

234 5840 431 5908 sntiat
466 5834 751 5905 subjicitur
775 5834 994 5892 (Fortis
1016 5837 1105 5892 ille
1127 5834 1345 5894 nectitur
1376 5841 1592 5895 vincatis
1633 5844 1762 5908 suis,
1787 5834 1835 5897 et

235 5906 405 5978 ligato
438 5907 623 5962 mundi
650 5908 886 5977 principe
905 5924 1070 5981 usque
1093 5911 1160 5967 ad
1183 5926 1245 5968 ea
1272 5927 1393 5982 quae
1412 5910 1674 5972 habentur
1692 5906 1831 5973 circa

1890 599 2017 638 nunt
2042 583 2273 638 adorare
2298 582 2636 653 mysterium,
2667 583 2887 651 utquod
2916 598 3113 655 magno
3139 583 3231 639 Dei
3255 598 3479 641 munere

1892 675 2091 743 agitur,
2135 675 2340 741 magnis
2391 673 2647 730 Ecclesia:
2687 675 2895 744 gaudiis
2934 673 3255 731 celebretur.
3279 670 3307 712 ει
3337 673 3483 732 Deus

1893 764 2040 820 enim
2066 769 2411 833 omnipotens
2431 776 2485 818 et
2512 768 2774 832 clemens,
2805 768 2964 836 cujus
3009 777 3198 821 natura
3243 766 3482 836 bonitas,

1894 856 2050 927 cujus
2077 858 2324 912 voluntas
2350 860 2608 928 potentia,
2638 859 2794 929 cujus
2822 874 2960 931 opus
2980 859 3353 916 misericordia
3379 869 3485 926 est.

1894 952 2077 1005 statim
2110 962 2169 1006 ut
2198 966 2296 1007 nos
2337 951 2604 1007 diabolica
2630 954 2933 1023 malignitas
2961 968 3171 1009 veneno
3200 969 3313 1009 suae
3340 968 3489 1009 mor-

1894 1046 2119 1100 tiﬁcavit
2150 1045 2382 1109 invidit»,
2419 1056 2443 1084 ο
2479 1058 2778 1116 praeparata
2818 1048 3140 1105 renovandis
3171 1050 3492 1106 mortalibus

1897 1153 2008 1193 sua:
2031 1142 2245 1209 pietatis
2266 1142 2503 1195 remedia
2527 1142 2669 1197 inter
2691 1145 2803 1211 ipsa
2830 1142 3013 1196 mundi
3040 1141 3331 1212 primordia
3356 1158 3492 1211 prte-

1899 1231 2157 1300 siguavit;
2212 1233 2534 1287 denuntians
2582 1234 2823 1303 serpenti
2867 1232 3107 1287 futurum
3157 1247 3343 1290 semen
3384 1249 3495 1290 mu-

1899 1323 2050 1377 lieris
2074 1324 2216 1391 quod
2242 1326 2386 1379 noxii
2416 1327 2609 1393 capitis
2632 1327 2921 1380 elationem
2953 1339 3050 1381 sua
3079 1328 3279 1383 virtute
3306 1340 3495 1383 conte-

1899 1426 2044 1470 reret
2075 1413 2283 1485 (Genes.
2311 1432 2389 1481 iii,
2418 1420 2508 1489 2);
2540 1418 2811 1474 Christum
2840 1421 3047 1475 scilicet
3090 1423 3143 1476 in
3170 1435 3336 1478 carne
3361 1437 3495 1479 ven-

1902 1514 2106 1567 turum,
2138 1508 2311 1563 Deum
2356 1512 2742 1581 hominemque
2775 1510 2795 1550 ί
2827 1511 3162 1582 signiﬁcans,
3193 1515 3286 1584 qui
3336 1527 3499 1570 natus

1903 1612 1970 1653 ex
1992 1598 2208 1671 Virgine
2228 1602 2547 1656 violatorem
2573 1604 2824 1657 humana:
2850 1607 3159 1674 propaginis
3184 1609 3496 1677 incorrupta

1904 1692 2183 1747 nativitate
2210 1693 2514 1749 damnaret.
2546 1704 2570 1740 κ
2605 1695 2757 1767 [Nam
2786 1711 2909 1766 quia
2940 1698 3271 1766 gloriabatur
3310 1702 3499 1756 diabo-

1904 1784 2009 1852 lus,
2042 1786 2318 1841 hominem
2352 1802 2449 1841 sua
2481 1787 2668 1841 fraude
2697 1788 2983 1856 deceptum
3012 1789 3214 1843 divinis
3253 1792 3501 1848 caruisse

1831 1889 1880 1951 Β
1905 1881 2255 1947 muneribus,
2309 1890 2364 1935 et
2408 1881 2826 1935 immortalitatis
2861 1881 2988 1935 dote
3039 1883 3297 1937 nudatum
3339 1880 3367 1920 ιι
3394 1882 3498 1937 du-

1908 1986 2023 2027 ram
2059 1977 2250 2029 mortis
2276 1975 2506 2028 subiisse
2538 1974 2889 2040 sententiam,
2921 1990 3086 2046 seque
3119 1978 3171 2031 in
3209 1977 3367 2032 malis
3388 1979 3504 2034 suis

1908 2066 2183 2135 quoddam
2214 2070 2282 2122 de
2307 2068 2742 2137 praevaricatoris
2763 2070 3037 2123 consortio
3064 2069 3339 2127 invenisse
3363 2074 3505 2127 sola-

1909 2159 2076 2227 tium;
2107 2164 2218 2234 68
2244 2163 2410 2217 Deum
2438 2178 2673 2233 quoque,
2705 2160 2720 2200 ί
2742 2172 2899 2232 justa:
2922 2164 3229 2220 seVeritatis
3257 2168 3507 2235 exigente

1914 2259 2151 2321 ratione,
2179 2272 2303 2326 erga
2344 2256 2639 2322 hominem,
2671 2272 2829 2325 quem
2861 2262 2914 2312 in
2958 2267 3108 2312 tanto
3139 2257 3348 2314 honore
3376 2272 3508 2314 cou-

1913 2354 2143 2416 didcrat,
2200 2351 2476 2421 antiquam
2524 2362 2763 2408 mutasse
2808 2356 3132 2409 sententiain
3160 2371 3174 2406 :
3207 2369 3344 2424 opus
3384 2353 3508 2423 fuit,

1912 2445 2267 2509 dilectissimi,
2300 2449 2315 2495 l
2370 2445 2565 2499 secreti
2608 2445 3016 2515 dispensatione
3055 2447 3288 2517 consilii,
3338 2460 3397 2504 ut
3437 2450 3509 2504 in-

1914 2536 2313 2592 eiimmutabilis
2346 2537 2508 2603 Deus,
2558 2538 2710 2607 cujUs
2742 2538 2992 2593 voluntas
3041 2555 3143 2594 non
3189 2549 3367 2610 potest
3410 2554 3510 2598 sua

1919 2631 2251 2701 benignitate
2279 2630 2500 2699 privari,
2534 2635 2760 2698 primam
2794 2631 3008 2701 pietatis
3038 2648 3150 2686 sua:
3194 2632 3510 2702 dispositio-

1920 2739 2043 2780 nem
2073 2733 2413 2778 sacramento
2443 2724 2738 2778 occultiore
2772 2724 3090 2792 compleret,
3114 2736 3168 2779 et
3203 2726 3367 2781 homo
3397 2726 3510 2781 dia-

1923 2842 2155 2896 mediuni
2178 2855 2297 2910 Cap.
2326 2838 2377 2905 5,
2415 2839 2640 2895 obtinens
2667 2857 2756 2909 per
2783 2842 3023 2913 gratiam,
3052 2842 3191 2911 quod
3231 2859 3332 2897 non
3353 2843 3509 2899 habe-

1919 2915 2007 2966 bas
2032 2930 2120 2982 per
2144 2923 2403 2965 naturam.
2420 2914 2576 2985 Tutu,
2611 2914 2983 2981 praetermissis
3003 2929 3223 2983 reliquis
3238 2928 3428 2985 capitis
3443 2916 3501 2983 5,

1918 2987 2165 3038 subditur
2186 2993 2345 3043 caput
2370 2988 2402 3037 ti
2427 3001 2439 3035 :
2479 2983 2734 3037 Habentes
2751 3002 2873 3055 ergo
2901 2995 3057 3038 tantw
3075 2987 3208 3054 spei,
3230 3000 3282 3039 et
3306 2983 3511 3043 eadem

1922 3072 2088 3124 usque
2115 3058 2179 3108 ad
2213 3055 2372 3129 liuent
2410 3055 2613 3129 periodi
2658 3056 2762 3129 liae
2803 3068 3053 3129 lectione,
3083 3074 3238 3125 quant
3279 3058 3342 3110 de
3368 3060 3507 3129 noti,

1922 3139 1973 3177 ut
2004 3131 2203 3190 dicunt,
2230 3128 2352 3179 solis
2382 3137 2497 3177 ortu
2525 3126 2723 3179 videtur
2743 3125 3059 3180 honorabilis
3076 3142 3095 3191 ;
3117 3144 3167 3179 ei
3192 3130 3407 3183 omissis
3433 3125 3509 3184 ut;

1921 3197 2162 3267 terjectis
2193 3203 2434 3262 VOCIDU~,
2461 3206 2761 3251 transitiiur
2784 3208 2847 3251 ad
2876 3206 3055 3263 νει-οη,
3075 3215 3159 3267 qui
3194 3204 3289 3251 etsi
3318 3204 3511 3254 miran-

1843 3267 1889 3331 C
1920 3269 2036 3321 dam
2063 3268 2247 3321 habent
2275 3269 2730 3335 pulchritudinem,
2754 3272 3071 3322 adorandum
3097 3286 3261 3323 tamen
3288 3286 3390 3324 non
3411 3271 3505 3324 ha-

1924 3344 2037 3393 bent
2071 3344 2335 3404 deitatem,
2365 3356 2489 3393 cum
2510 3341 2727 3409 f8lii|llla
2753 3358 2916 3409 usque
2943 3343 3010 3394 ad
3040 3345 3199 3394 linem
3222 3343 3509 3398 sermonis.

1924 3411 2051 3465 Haec
2094 3422 2233 3464 tanta
2268 3427 2425 3465 unius
2475 3429 2825 3479 ejusueinque
2867 3428 3132 3465 seritioitis
3186 3429 3413 3468 tartems
3457 3415 3511 3470 iit

1922 3486 2130 3535 dii-ibus
2155 3494 2260 3535 tant
2295 3495 2520 3536 vetnstts
2542 3485 2942 3551 exeuiplaribUs
2969 3502 2995 3535 ει
3019 3491 3129 3537 ciet
3157 3484 3232 3538 ris
3263 3494 3514 3540 oniiultus

1924 3570 2055 3607 mss.
2084 3567 2137 3607 et
2166 3555 2493 3607 coitionibus
2524 3558 2884 3618 suspicionem
2920 3556 3085 3625 injicit
3121 3558 3262 3610 hunc
3308 3572 3511 3611 sermo-

1925 3640 2046 3678 ιιιιιιι
2082 3630 2217 3678 l'orte
2245 3626 2455 3679 diversa
2503 3628 2672 3678 forma
2704 3643 2734 3679 a
2766 3626 2948 3682 Leoi-e
2982 3628 3184 3680 editum
3233 3629 3427 3691 fuisse;
3457 3638 3514 3683 et

1924 3712 1990 3749 ex
2031 3702 2196 3749 loriita
2231 3713 2347 3765 qua:
2373 3700 2422 3749 in
2457 3702 2537 3749 liis
2569 3702 2778 3750 duobus
2806 3700 3082 3752 codicum,
3110 3711 3416 3753 continetur
3437 3698 3510 3755 iit-

1927 3778 2131 3835 lcgruut
2185 3768 2553 3821 testiinonium
2602 3781 2910 3822 Continuata
2960 3773 3101 3824 serie
3157 3769 3509 3838 ettscripiuiit,

1925 3840 2090 3892 luisse
2121 3842 2377 3893 insertum
2422 3842 2652 3908 epistola
2673 3840 2763 3893 ‘28.
2798 3840 2907 3894 Hoc
2941 3846 3206 3896 intimasse
3238 3842 3512 3908 solliciat;

1925 3909 2153 3963 aliorum
2180 3911 2439 3978 judicium
2470 3924 2609 3965 esm.

2002 3991 2023 4018 ε
2057 3986 2233 4034 Codex
2285 3982 2323 4035 ὃ
2380 3983 2546 4045 Petri,
2581 3992 2632 4034 et
2678 3982 2728 4036 iii
2771 3982 3012 4051 margine
3050 3984 3178 4038 edit.
3233 3982 3425 4039 Colon.
3458 4002 3511 4038 a.

1927 4051 2088 4118 1547,
2123 4052 2268 4106 Petri
2297 4052 2519 4118 Canisii,
2552 4065 2760 4109 nostrae.
2789 4056 2860 4110 At
2889 4071 3033 4109 nocte
3070 4056 3291 4124 exigunt
3332 4057 3515 4113 cieteri

1925 4128 2158 4198 Codices,
2192 4129 2545 4198 etoiipusitio
2573 4128 2720 4179 vocis
2740 4136 2991 4195 antiquis:
3026 4126 3140 4181 Vox
3168 4128 3510 4198 reparationis

1926 4206 2039 4268 erat
2064 4197 2115 4248 in
2140 4196 2297 4250 editis
2324 4209 2448 4251 ante
2467 4200 2692 4264 Quesn.,
2712 4198 2792 4251 uti
2816 4204 2867 4250 in
2902 4199 3172 4252 nonnullis
3203 4196 3335 4252 iiiss.
3356 4215 3510 4268 repe-

1927 4266 2114 4319 rimus.
2163 4268 2516 4322 Scribenduiii
2566 4269 2684 4333 luit,
2718 4271 3138 4337 prteparati'onis,
3170 4286 3277 4325 non
3310 4266 3517 4326 tamex

1926 4338 2202 4408 Quesiielii
2258 4341 2417 4393 codd.
2482 4355 2639 4408 quam
2690 4354 2757 4393 ex
2821 4342 3245 4395 accuratiortbus
3310 4346 3516 4397 nostris

1928 4407 2280 4462 Lectioiiariis
2328 4420 2384 4464 et
2430 4407 2509 4464 exi
2547 4410 2861 4464 lioniiliario
2910 4410 3065 4465 Pauli
3099 4412 3338 4478 Diacoui,
3390 4428 3515 4468 cuin

1927 4484 2225 4549 praesertim
2256 4495 2447 4535 sensus
2477 4482 2526 4533 id
2545 4482 2818 4550 etllagitet.
2844 4481 3201 4551 Temporibus
3222 4484 3365 4538 enim
3393 4498 3523 4541 auio

1928 4553 2127 4604 Christi
2156 4558 2444 4626 adventum
2469 4553 2648 4621 plures
2678 4553 2973 4626 prOphetite
3003 4567 3057 4609 et
3089 4554 3274 4624 ﬁgura:
3312 4571 3520 4626 pra'pa-

1855 4661 1908 4722 Β
2093 4624 2591 4722 Εςέειιιιιι-ἱξηιιεὶεμιι
2620 4623 2997 4692 reparationis,
3030 4623 3339 4681 nouantem
3371 4623 3521 4698 repa-

1934 4702 2065 4764 ratio
2093 4696 2195 4748 diei
2221 4706 2526 4764 potuerunt.

2008 4761 2034 4800 ά
2062 4764 2195 4819 Cod.
2222 4761 2281 4820 Β.
2310 4770 2475 4835 Petri,
2511 4764 2714 4820 Etenim
2742 4765 2838 4822 Dei
2860 4767 2914 4822 in
2955 4784 3047 4824 nos
3074 4766 3384 4839 benignitas,
3431 4783 3523 4824 cu-

1926 4838 2019 4907 jus
2049 4846 2257 4907 natura,
2284 4850 2400 4900 etc._

2010 4917 2033 4943 ε
2068 4906 2364 4964 Ediiiiinte
2420 4910 2619 4977 Quesn.
2679 4924 2800 4964 cum
2855 4911 3157 4968 Gaudiival.
3214 4920 3272 4967 et
3324 4912 3521 4965 nostris

1937 4978 2147 5055 duobus
2195 4980 2310 5055 Vat.
2355 4985 2568 5055 collect.
2600 4983 2647 5055 74
2669 4994 2722 5037 et
2764 4983 2819 5055 ξ.
2858 4985 3241 5055 ρνανάειιίηαια.
3298 4982 3526 5039 Codices

1938 5049 2260 5129 Lectiouarii
2286 5066 2405 5105 cum
2436 5054 2750 5129 Honiiliario
2772 5049 2922 5129 Pauli
2948 5056 3191 5119 Diaconi,
3211 5066 3522 5129 prwparata.

1969 5194 1978 5204 ι
2015 5120 2032 5158 ί
2070 5125 2140 5175 Ita
2176 5128 2376 5189 Quesn.
2438 5135 2493 5179 et
2548 5127 2719 5180 nostri
2774 5128 2935 5181 codd.
2996 5120 3329 5183 Anteriores'
3366 5135 3523 5190 edtt.,

1934 5208 2165 5263 signans.

2011 5274 2035 5312 ε
2071 5263 2299 5340 Uni-iiiis
2331 5265 2536 5321 inclusa
2583 5268 2773 5340 eadem
2808 5282 3027 5340 prorsus
3054 5269 3320 5325 habentur
3346 5268 3398 5324 iii
3429 5281 3522 5337 ep.

1936 5335 2030 5402 28,
2061 5337 2126 5390 ad
2164 5338 2420 5402 “aviam,
2444 5355 2495 5394 c.
2528 5341 2634 5393 ὅθι
2659 5338 2715 5393 4.

2010 5408 2039 5445 ιι
2070 5412 2196 5462 Mss.
2232 5409 2289 5463 S.
2316 5410 2379 5463 Pi
2393 5420 2484 5478 tri,
2509 5411 2701 5465 diram.

1948 5522 1949 5525 η
2020 5479 2035 5517 ί
2073 5482 2201 5534 Erat
2224 5482 2274 5534 in
2303 5482 2482 5555 editis,
2501 5489 2663 5555 juste,
2696 5483 2812 5539 sine
2835 5481 3131 5555 dipbiongo
3152 5491 3207 5538 et
3228 5495 3350 5555 cum
3376 5492 3524 5535 com-

1943 5564 2107 5618 mate,
2147 5558 2218 5606 ita
2262 5564 2317 5606 ut
2366 5553 2466 5609 ltoc
2502 5553 2826 5609 adverbium
2874 5553 3163 5610 referretur
3199 5554 3265 5609 ad
3305 5555 3525 5609 verbum

1942 5634 2184 5679 mutasse.
2206 5624 2549 5680 Ciirreximus
2571 5641 2637 5680 ex
2662 5638 2859 5682 tiastris
2880 5632 3037 5681 codd.
3062 5625 3523 5681 emendationem-

1943 5713 2046 5766 que
2074 5700 2358 5751 cuiitirniat
2382 5698 2541 5753 lectio
2570 5700 2811 5769 epistula:
2837 5702 2927 5764 28,
2969 5714 3017 5751 c.
3069 5698 3125 5766 3,
3151 5698 3373 5772 justitia:
3413 5696 3525 5751 exi-

1940 5778 2087 5839 gente
2108 5773 2321 5824 ratione.

2016 5844 2030 5892 i
2071 5842 2169 5898 Ms.
2205 5842 2587 5909 Vercellensis,
2610 5853 2805 5898 secreta
2825 5842 3220 5913 dispensatione.
