3994 6354
567 368 672 427 ιοο

1824 377 1881 435 8.
1924 372 2168 436 LEONlS
2208 375 2422 439 MAGNl
2473 380 2861 442 SERMONES.

3760 388 3861 454 ειιο

567 489 799 559 iudiciis.
840 487 921 546 Sit
957 488 1009 544 in
1048 489 1202 544 vobis
1252 487 1547 543 indubitata
1586 490 1875 546 credulitas
1906 494 2159 563 virginea:
2187 502 2239 559 Α
2269 507 2323 550 ιιι
2372 513 2475 551 non
2526 508 2609 552 est
2653 499 2847 552 violata
2893 504 3071 565 partu,
3118 494 3199 555 sic
3228 512 3336 556 non
3383 496 3557 556 fuerat
3603 508 3856 563 temerata

567 582 888 650 integritatis
915 590 970 635 et
996 593 1195 653 partus.
1232 581 1651 636 Reformationis
1678 583 1923 639 humanm
1954 600 2167 641 sacrum

567 672 920 745 divinumque
955 675 1269 743 mysterium
1300 684 1488 727 sancto
1535 684 1695 744 atque
1743 676 1957 731 sincero
1998 678 2169 733 hono-

570 777 686 820 rate
713 768 957 821 servhio.
985 764 1387 832 Amplectimini
1415 764 1689 820 Christum
1715 766 1767 821 in
1792 778 1973 823 nostra
2001 785 2165 825 carne

568 870 899 920 nascentem,
938 870 993 909 ut
1024 858 1275 912 eumdem
1310 858 1477 913 Deum
1510 860 1696 929 glorize
1735 860 1919 915 videre
1949 877 2160 916 merea-
2196 856 2210 872 ⁸

565 954 693 1004 miui
720 952 772 1003 in
804 966 896 1003 sua
934 949 1217 1019 majestate
1260 964 1596 1022 regnantem,
1626 953 1719 1023 qui
1765 969 1888 1009 Cum
1917 952 2078 1009 Patre
2108 965 2163 1010 et

560 1044 763 1115 Spiritu
791 1055 980 1099 sancto
1015 1056 1196 1100 manet
1226 1045 1279 1099 iti
1336 1046 1538 1102 unitate
1593 1047 1817 1103 Deitatis
1861 1048 1911 1101 in
1962 1048 2159 1103 saecula

560 1138 908 1195 saculormtt.
946 1140 1141 1194 Anien.

892 1233 997 1305 73
1038 1233 1273 1289 SERilO
1294 1233 1463 1288 χχιιι
1494 1234 1599 1305 [AL
1631 1231 1819 1304 xxu].

977 1324 1042 1376 In
1078 1324 1356 1377 Nutivitate
1384 1324 1592 1377 Domini
1622 1324 1739 1379 Ill.

558 1415 828 1473 Svnorsrs.
847 1418 983 1470 —l.
1004 1415 1132 1470 Utra
1190 1434 1287 1482 que
1318 1414 1507 1469 Christi
1536 1420 1909 1485 generationem
1938 1434 2047 1471 esse
2073 1418 2155 1471 in-

628 1488 983 1542 etmrrubtlem.
1019 1501 1063 1538 et
1088 1499 1359 1547 utrumque
1384 1498 1618 1539 naturam
1642 1489 1830 1540 editam
1859 1506 1965 1542 esse
1989 1506 2017 1540 α
2035 1488 2153 1541 Ma-

628 1562 729 1612 ria.
755 1588 824 1598 —
846 1561 901 1612 ll.
933 1557 1091 1610 Error
1119 1560 1223 1610 Arii
1250 1558 1421 1629 unde?
1452 1558 1834 1612 lncarnationis
1862 1560 2152 1629 explicatur

625 1640 1017 1683 sacramentum.
1053 1658 1120 1668 —
1176 1630 1258 1681 Ill.
1309 1628 1595 1682 Ncessitas
1641 1628 2034 1695 incarnationis,
2094 1641 2148 1683 ιιι

624 1701 889 1753 hominum
917 1716 1109 1753 errores
1155 1711 1201 1751 et
1228 1711 1435 1771 peccata
1468 1701 1810 1770 auferrentur.
1836 1731 1905 1741 —
1932 1702 2019 1754 IV.
2054 1700 2145 1753 Fi-

624 1774 737 1825 dem
777 1782 821 1823 et
852 1775 1083 1825 virtutem
1114 1772 1669 1843 incarnationisututm
1696 1789 1893 1843 seMper
1924 1782 1971 1824 et
2000 1790 2143 1825 eam-

622 1845 737 1895 dem
768 1844 947 1913 fuisse,
978 1859 1092 1913 qua:
1129 1843 1295 1895 hodie.
1348 1871 1419 1881 —
1463 1842 1525 1897 V.
1566 1841 1683 1895 Non
1714 1841 1914 1897 carnali
1962 1845 2143 1898 laetitia

626 1912 945 1966 Domimcam
989 1912 1339 1972 Nativttatent,
1387 1916 1472 1966 sed
1506 1915 1730 1982 spiritali
1762 1915 2141 1968 celebrandam.

624 1987 774 2048 Quod
805 1985 1033 2039 Christus
1078 2000 1199 2037 caro
1251 1995 1425 2039 nostra
1464 1984 1525 2053 ﬁt
1564 1986 1840 2051 nascendo,
1892 2003 1980 2040 nos
2024 2002 2146 2039 caro

621 2058 734 2126 ejus
760 2058 1097 2110 renascettdo.

618 2170 749 2225 Car.
775 2169 902 2224 1.-
921 2169 1054 2224 Nota
1070 2169 1284 2238 quidem
1310 2180 1433 2225 sunt
1456 2180 1482 2208 ει
1508 2171 1681 2235 vobis,
1706 2170 2067 2238 dilectissimi,
2093 2181 2147 2227 et

548 2270 860 2333 trequenter
894 2264 1097 2323 audita.
1140 2279 1257 2329 que
1300 2264 1365 2316 ad
1419 2274 1817 2318 sacramentum
1869 2266 2144 2333 pertinent

546 2354 904 2409 solemnitatis
949 2354 1258 2419 hodiernte;
1284 2353 1378 2407 sed
1406 2356 1547 2408 sicut
1577 2354 1758 2409 illaesis
1791 2356 1961 2410 oculis
1988 2357 2144 2410 vnlu-

548 2453 747 2515 ptatem
790 2446 947 2500 aﬂ'ert
999 2447 1087 2499 lux
1140 2447 1239 2499 ista
1296 2446 1544 2511 viSlblliS,
1596 2447 1665 2500 ita
1697 2448 1948 2501 cordibus
1996 2449 2146 2504 sanis

549 2554 809 2595 aeternum
856 2541 945 2591 dat
987 2538 1237 2605 gaudium
1288 2537 1538 2592 nativitas
1593 2538 1910 2608 Salvatoris,
1948 2556 2069 2610 qua:
2115 2555 2145 2594 a

546 2634 702 2688 nobis
726 2648 1015 2702 uumqunn
1048 2642 1130 2685 est
1158 2628 1185 2668 ιι
1222 2631 1471 2698 tacenda,
1509 2633 1629 2687 licet
1664 2650 1768 2686 non
1814 2635 1904 2697 sit,
1938 2645 1994 2687 ut
2024 2634 2142 2704 dig-

543 2742 670 2781 num
695 2733 798 2785 est.
828 2724 1169 2793 explicanda.
1196 2723 1309 2777 Non
1332 2727 1473 2777 enini
1514 2725 1580 2779 ad
1619 2726 1748 2780 illud
1775 2728 2146 2780 tantummodo

542 2826 962 2882 sacramentum,
1014 2832 1123 2886 quo
1170 2814 1340 2869 Filius
1390 2817 1493 2873 Dei,
1540 2822 2013 2887 consetupiternus
2060 2826 2147 2873 est

541 2908 709 2970 Patri.
751 2908 844 2963 sed
874 2912 1035 2963 etiam
1083 2909 1149 2961 ad
1194 2909 1336 2963 hunc
1379 2921 1583 2975 ortum,
1620 2927 1725 2978 quo
1764 2910 1990 2965 Verbum
2020 2928 2145 2967 caro

541 3006 737 3074 factum
785 3016 860 3056 est
909 3000 1089 3073 (Joan.
1124 3018 1161 3065 ι,
1200 3004 1313 3069 H),
1350 3005 1624 3057 credimus
1674 3007 1963 3071 pertinere,
2000 3004 2143 3069 quod

539 3094 738 3148 dicmm
770 3102 889 3148 est:
943 3091 1331 3147 Generationem
1362 3098 1473 3166 ejus
1522 3095 1638 3163 quis
1669 3094 1931 3147 enarrabit
1979 3094 2137 3160 (lsai.

540 3202 653 3250 Litt,
684 3186 774 3255 8)?
820 3185 961 3239 Deus
992 3188 1168 3256 itaque
1212 3186 1307 3239 Dei
1341 3186 1509 3240 Filius
1539 3203 1634 3255 par
1664 3198 1824 3252 atque
1853 3189 2043 3243 eadem
2074 3192 2141 3243 de

2274 600 2557 659 conceptu.
2612 590 2679 647 Ut
2710 594 3027 662 impleretur,
3056 592 3192 647 sicut
3241 594 3319 647 ait
3344 595 3696 664 evangelista,
3723 604 3854 669 quod

2270 686 2463 740 dictum
2492 696 2564 740 est
2602 703 2635 741 a
2681 685 2905 741 Domino
2950 703 3042 758 per
3080 684 3277 741 Isaiam
3316 688 3622 758 prapltetam
3661 706 3680 745 :
3729 689 3857 749 Ecce

2267 778 2409 849 virgo
2437 779 2688 844 concipiet
2716 780 2769 831 in
2798 788 2965 843 utero,
2992 787 3040 832 et
3067 779 3229 850 pariet
3260 778 3449 849 ﬁlium,
3484 788 3529 833 et
3562 789 3585 818 ε
3615 785 3856 838 vocabunt

2266 886 2449 924 nomen
2479 872 2589 940 ejus
2620 870 2949 937 Emmanuel,
2988 871 3131 941 quod
3158 873 3544 942 interpretatur,
3580 873 3855 931 Nobiscum

2263 959 2404 1017 Deus
2447 960 2599 1033 (Isai.
2646 978 2739 1029 vn,
2793 964 2905 1035 M).
2940 964 3038 1019 Hic
3062 966 3204 1019 enim
3250 964 3512 1020 mirabilis
3538 980 3708 1020 sacra:
3736 965 3853 1022 Vir-

2262 1057 2403 1125 ginis
2433 1065 2639 1125 partus,
2671 1072 2795 1112 vere
2820 1056 3107 1111 humanam
3130 1054 3151 1095 ί
3176 1070 3415 1126 vereque
3434 1057 3670 1112 divinam
3691 1074 3849 1115 unam

2260 1149 2431 1205 edidit
2452 1152 2600 1221 prole
2622 1166 2932 1223 personam,
2956 1151 3080 1222 quia
3103 1166 3209 1206 non
3240 1151 3311 1207 ita
3340 1150 3702 1220 proprietates
3732 1167 3854 1209 suas

2260 1244 2434 1297 tenuit
2460 1254 2687 1314 utraque
2706 1244 3029 1309 substantia,
3058 1252 3117 1298 ut
3136 1259 3488 1314 personarum
3509 1244 3562 1299 in
3584 1246 3662 1300 eis
3688 1245 3855 1316 possit

2257 1348 2380 1390 esse
2412 1336 2699 1402 discretio;
2732 1350 2831 1391 nec
2861 1336 2939 1389 sic
2968 1343 2995 1383 ι
3024 1346 3268 1391 creatura
3318 1336 3373 1391 in
3418 1337 3729 1392 societatem
3770 1337 3854 1395 sui.

2254 1428 2530 1484 Creatoris
2558 1438 2640 1485 est
2670 1440 2967 1499 assumpta,
2999 1440 3055 1485 ut
3086 1429 3177 1486 ille
3198 1429 3493 1491 habitator.
3517 1442 3571 1485 et
3594 1430 3681 1485 illa
3706 1440 3852 1487 esset

2254 1523 2651 1589 habitaculum;
2682 1524 2775 1578 sed
2796 1525 2865 1578 ita
2895 1534 2950 1578 ut
2980 1532 3187 1578 natura:
3216 1524 3374 1579 alteri
3405 1525 3577 1580 altera
3600 1521 3627 1562 ³
3657 1526 3851 1582 misce-

2260 1624 2430 1671 retur.
2479 1616 2545 1670 Et
2575 1618 2818 1681 quamvis
2845 1616 2947 1670 alia
2979 1615 3049 1670 sit
3073 1631 3195 1687 qua
3227 1614 3539 1685 suscipitur,
3570 1616 3675 1671 alia
3724 1632 3851 1674 vero

2248 1724 2370 1777 qua:
2423 1708 2645 1778 suscipit
2694 1708 2748 1763 in
2804 1717 3005 1763 tantam
3060 1720 3236 1763 tamen
3295 1711 3552 1766 unitatem
3598 1711 3851 1767 cnnvenit

2249 1800 2533 1871 utriusque
2569 1800 2876 1867 diversitas,
2920 1810 2979 1856 ut
3018 1797 3034 1839 ί
3090 1816 3229 1857 unus
3269 1801 3517 1872 idemque
3562 1801 3629 1857 sit
3663 1801 3848 1870 Filius,

2178 1882 2224 1943 Β
2250 1894 2437 1962 quise,
2464 1901 2521 1949 et
2541 1895 2835 1948 secundum
2864 1894 3008 1963 quod
3037 1909 3198 1948 verus
3226 1904 3309 1949 est
3335 1894 3517 1963 homo,
3539 1893 3699 1949 Patre
3723 1894 3852 1949 dicit

2253 1986 2520 2041 minorem
2562 1986 2741 2056 (Joan.
2776 2001 2887 2048 χιιι,
2920 1987 3039 2055 28),
3078 1995 3135 2041 et
3176 1987 3473 2042 secundum
3500 1988 3644 2058 quod
3692 2002 3850 2043 verus

2250 2089 2335 2133 est
2360 2079 2522 2142 Deus,
2558 2080 2701 2134 Patri
2737 2082 3018 2150 prolitetur
3040 2082 3298 2147 aequalem
3330 2079 3513 2154 (Joan.
3546 2099 3598 2147 ι,
3624 2081 3743 2154 50).

2320 2171 2451 2227 CAP.
2488 2172 2553 2226 ll.
2576 2202 2649 2213 —
2679 2173 2826 2229 Hanc
2851 2175 3136 2242 unitatem,
3162 2174 3524 2241 dilecnssimi,
3556 2191 3657 2242 qua
3691 2176 3850 2230 Crea-

2252 2267 2352 2321 tori
2382 2276 2629 2322 creatura
2662 2269 2989 2332 conseritur,
3020 2268 3396 2338 intelligentia!
3428 2269 3602 2322 oculis
3624 2283 3848 2324 cernere

2249 2363 2467 2416 caecitas
2496 2361 2694 2416 Ariana
2726 2378 2831 2417 non
2862 2364 3053 2432 potuit,
3072 2379 3190 2433 quae
3215 2362 3556 2433 Uuigenitum
3580 2363 3676 2418 Dei
3709 2363 3847 2431 ejus-

2249 2452 2373 2508 dem
2430 2468 2552 2507 cum
2594 2454 2755 2510 Patre
2794 2454 2981 2525 gloriae
3026 2467 3189 2526 atque
3219 2457 3537 2512 substantia
3570 2473 3698 2511 esse
3743 2472 3841 2513 non

2248 2547 2499 2611 credens,
2526 2550 2788 2603 minorem
2816 2548 2832 2601 ι
2874 2550 3008 2603 dixit
3036 2548 3160 2604 Filii
3192 2551 3469 2615 deitatem,
3502 2550 3571 2606 de
3597 2552 3663 2605 iis
3696 2567 3845 2619 argu-

2250 2650 2427 2692 menta
2455 2654 2672 2694 sumens
2704 2655 2823 2708 quae
2846 2642 2909 2693 ad
2945 2641 3173 2695 formam
3206 2650 3333 2696 sunt
3362 2642 3641 2697 referenda
3677 2640 3844 2697 servi-

2248 2730 2378 2794 lem,
2407 2747 2566 2801 quam
2599 2732 2737 2786 idem
2770 2731 2939 2786 Filius
2968 2732 3059 2787 Dei
3094 2745 3148 2786 ut
3176 2734 3424 2789 ostendat
3455 2734 3508 2788 in
3540 2749 3601 2791 se
3629 2749 3738 2789 non
3768 2735 3844 2789 di-

2248 2834 2436 2888 cretae,
2478 2841 2653 2893 neque
2683 2828 2906 2881 alterius
2933 2841 3055 2881 esse
3094 2843 3371 2895 personui,
3404 2829 3481 2882 sic
3501 2844 3622 2883 cum
3650 2828 3840 2883 eadem

2247 2917 2375 2971 dicit
2402 2931 2417 2972 :
2449 2916 2475 2955 κ
2510 2918 2667 2972 Pater
2691 2922 2859 2991 major
2880 2936 2959 2974 me
2980 2932 3053 2974 est
3094 2919 3276 2991 (Joan.
3307 2937 3413 2990 ειν,
3440 2920 3554 2992 28);
3585 2923 3841 2994 quemad-

2250 3012 2465 3065 modum
2495 3012 2622 3067 dicit
2652 3029 2773 3067 cum
2803 3014 2992 3068 eadem
3021 3032 3035 3067 :
3070 3014 3182 3085 Ego
3207 3026 3254 3069 et
3291 3014 3447 3070 Pater
3471 3032 3632 3069 unum
3671 3033 3841 3070 sumus

2247 3103 2427 3175 (Joan.
2457 3121 2508 3169 ιι,
2545 3105 2657 3173 50).
2683 3105 2738 3159 In
2775 3105 2945 3160 forma
2977 3108 3119 3160 enim
3150 3109 3315 3162 servi.
3346 3122 3506 3176 quam
3536 3115 3741 3162 nostra:
3761 3121 3839 3161 re-

2249 3198 2542 3266 parationis
2569 3212 2726 3253 causa
2758 3200 2810 3253 in
2854 3201 2958 3254 llne
3005 3201 3327 3254 saeculorum
3368 3201 3624 3270 suscepit,
3664 3202 3839 3256 minor

538 3278 700 3335 Patre
729 3292 926 3335 etcum
956 3280 1119 3335 Patre
1161 3288 1374 3341 natura,
1408 3283 1776 3335 universitatis
1818 3282 2045 3337 Ct'eatnr
2082 3296 2135 3339 et
2166 3272 2212 3336 C
2246 3300 2327 3342 est
2357 3290 2549 3351 Patre;
2584 3288 2635 3342 in
2665 3289 2832 3344 l'ortna
2857 3302 3033 3345 autem
3070 3292 3184 3358 Dei,
3217 3294 3267 3345 in
3314 3308 3415 3359 qua
3444 3300 3562 3347 erat
3582 3307 3714 3347 ante
3740 3307 3835 3347 sa:-

538 3372 817 3434 Domiuus,
846 3382 989 3427 totus
1020 3373 1219 3438 ubique
1245 3388 1504 3441 praesens,
1529 3386 1581 3428 et
1619 3385 1639 3412 π
1666 3375 1846 3429 omnia
1875 3387 2015 3427 totus
2040 3392 2134 3430 ex-

534 3465 755 3533 cedens,
788 3466 838 3519 in
868 3466 1057 3520 Ordine
1080 3474 1406 3533 temporum,
1438 3481 1558 3535 quae
1585 3467 1753 3533 ipsius
1779 3468 2134 3536 dispositione

533 3558 845 3622 decurrunt,
881 3557 1019 3611 hunc
1042 3557 1142 3609 sibi
1173 3558 1337 3621 diem,
1368 3574 1475 3626 quo
1508 3561 1556 3611 itt
1587 3560 1820 3613 Salutem
1852 3561 2035 3615 mundi
2064 3578 2131 3616 ex

531 3649 685 3706 beata
730 3651 947 3719 Vitgine
991 3648 1155 3703 Maria
1190 3664 1528 3713 nasci-retur,
1560 3654 1741 3722 elegit,
1787 3654 1993 3723 integro
2038 3670 2133 3723 per

530 3747 745 3801 comnia
778 3744 984 3815 pudore
1017 3743 1347 3812 generantis.
1379 3743 1544 3813 Cujus
1574 3745 1683 3817 74
1711 3748 1992 3815 virginitas
2018 3744 2130 3801 dsi-

602 3926 628 3955 ι
660 3916 1077 3972 Emendavimus
1127 3932 1193 3972 ex
1247 3915 1518 3985 plerisque
1564 3914 1765 3970 nostris
1813 3914 2118 3969 codicibus.

528 3990 641 4054 AL,
675 3989 837 4042 nobis.
868 3989 1007 4052 Mox,
1042 3988 1110 4041 ad
1135 4000 1518 4042 sacramentum
1546 3989 1864 4057 scripsimus
1894 4001 1957 4042 ex
1991 4001 2125 4056 qua-

531 4072 655 4117 tuor
679 4058 971 4115 Vaticanis.
1005 4058 1116 4119 ΑΙ..
1149 4061 1215 4113 ad
1238 4071 1579 4113 sacramenta.

604 4132 631 4171 ι’
677 4130 893 4199 Septem
922 4141 1212 4195 sequentes
1240 4147 1420 4192 voces,
1454 4146 1572 4199 qua:
1595 4146 1626 4185 a
1654 4129 1895 4199 subjecta
1928 4129 2126 4185 Leanis

535 4205 747 4259 ratione
774 4203 919 4270 exigi
951 4202 1223 4267 videntur,
1252 4201 1615 4271 snpplevimus
1645 4219 1708 4256 ex
1740 4218 1838 4256 ms.
1871 4202 1910 4258 S
1956 4202 2122 4265 Petri,

531 4292 596 4331 ex
658 4288 763 4344 quo
805 4280 965 4327 etiam
1017 4276 1352 4341 scripsimus,
1408 4274 1643 4335 tacenda,
1693 4290 1790 4342 pro
1838 4274 2121 4339 reticenda,

528 4347 673 4418 quod
706 4346 981 4415 legebatur
1008 4346 1059 4418 in
1088 4346 1248 4399 editis
1269 4358 1318 4398 et
1348 4346 1620 4418 nonnullis
1645 4346 1766 4418 aliis
1796 4345 1958 4417 chd.

608 4428 629 4456 ο
687 4417 1128 4482 Amplectendant
1177 4416 1507 4471 credidimus
1565 4417 1758 4469 laudati
1818 4416 2019 4470 codicis
2062 4417 2120 4471 8.

531 4489 673 4543 Petri
729 4490 1033 4541 lectionem.
1066 4489 1177 4553 AL,
1212 4494 1443 4540 universa
1474 4490 1737 4539 excedens.
1769 4486 1885 4540 Mox
1920 4489 2125 4540 discur-

528 4572 646 4613 runt
674 4574 770 4629 pro
801 4558 1077 4629 decurrunt
1117 4559 1172 4612 in
1222 4573 1324 4610 ms.
1362 4559 1495 4611 Bon.
1549 4559 1821 4629 etprima
1860 4559 2119 4611 editione.

532 4627 797 4684 Deltlﬁvox
833 4628 999 4681 Maria
1027 4645 1092 4683 ex
1125 4642 1250 4682 tnSS.
1278 4632 1335 4682 S.
1366 4630 1501 4681 Petri
1533 4627 1732 4681 addita.

601 4699 626 4739 ἀ
654 4701 725 4755 Ita
756 4699 951 4753 melius
990 4716 1051 4752 ex
1085 4714 1211 4752 mss.
1244 4700 1299 4755 S.
1332 4699 1496 4763 Petti,
1540 4698 1669 4752 Bon.
1704 4713 1765 4753 ac
1802 4699 1971 4767 prima
2002 4698 2118 4753 edi-

527 4774 694 4827 tiOne.
719 4774 783 4827 ΑΙ
817 4811 832 4833 ,
859 4771 931 4824 sic
958 4787 1057 4823 non
1088 4780 1159 4823 est
1181 4771 1371 4822 violata
1403 4777 1575 4835 partu,
1609 4778 1661 4821 ut
1692 4786 1791 4821 non
1822 4770 2005 4835 fuerat.

602 4855 625 4880 ι·
655 4843 748 4900 Sic
772 4857 894 4895 cum
927 4842 1219 4908 Quesnello
1248 4843 1494 4911 plerique
1527 4844 1695 4893 nostri
1726 4839 1962 4894 Codices.
2003 4841 2113 4905 AL,

525 4918 813 4969 vocabitur.

602 4986 620 5025 ί
670 4985 834 5047 Editi,
882 4999 997 5037 vere
1038 4984 1267 5037 divinam
1310 4999 1413 5035 una
1456 4981 1619 5035 edidit
1664 4983 1807 5053 prole
1849 4992 2111 5036 naturam.

532 5055 875 5110 Pri-tulimus
931 5056 1326 5108 Lectiunartutn
1380 5054 1611 5106 basiltcte
1667 5052 1723 5108 S.
1779 5052 1943 5114 Petri,
1993 5068 2112 5107 cum

527 5131 826 5195 prterertint
856 5125 993 5180 hanc
1015 5128 1298 5179 lectionem
1322 5128 1448 5177 olim
1473 5126 1772 5178 obtinuisse
1797 5126 2115 5191 (‘Otnprobet

524 5204 581 5255 ὃ.
618 5201 686 5253 Pe
716 5214 803 5250 rtts
838 5196 1148 5259 DJIIIIMIIIN,
1191 5198 1279 5263 qui
1314 5214 1502 5253 unuse.
1534 5210 1568 5255 I,
1602 5210 1651 5248 c.
1686 5196 1737 5251 9.
1774 5198 2027 5248 Silllilllt‘r
2061 5213 2110 5251 in

523 5273 829 5325 suocotlict-
865 5267 1002 5322 forte
1044 5268 1284 5320 Romano
1333 5268 1477 5331 legit,
1513 5277 1733 5334 excepta
1781 5282 1915 5320 voce
1944 5267 2108 5337 prole,

524 5359 621 5412 pro
649 5357 749 5406 qua
784 5340 964 5398 habet.
994 5339 1049 5412 in
1079 5342 1239 5410 prole.
1272 5340 1423 5392 Adde
1452 5338 1593 5412 (ιυυᾴ
1638 5346 1714 5390 tec
1743 5339 1917 5391 inueni
1964 5339 2111 5406 ejus-

525 5409 666 5467 inodi
708 5411 925 5479 exigere
970 5409 1177 5463 videtur
1223 5420 1525 5464 COntt-xms.
1574 5410 1728 5461 llatio
1774 5412 1915 5463 enim
1947 5425 2106 5477 quam

522 5485 581 5542 S.
619 5484 729 5539 Leo
774 5480 1011 5549 sultjicit,
1045 5497 1166 5534 cum
1199 5486 1264 5534 att
1296 5480 1565 5544 duplic-em
1601 5495 1889 5548 personam
1920 5482 2106 5534 exclu-

521 5556 753 5611 demtum
808 5556 1090 5620 pertineat.
1132 5569 1287 5605 unum
1329 5567 1592 5618 personam
1641 5551 1692 5603 in
1739 5552 2107 5618 prepositione

524 5639 787 5683 ιςιθιιςιιιι
827 5623 1116 5692 ιιι-εειειιιιιίι.
1143 5626 1324 5689 Qnoatt
1360 5640 1573 5675 seti-unt
1606 5640 1765 5692 porro
1798 5625 1951 5693 hujus
1975 5624 2100 5689 loci,

512 5714 644 5753 cum
671 5701 728 5753 S.
763 5695 1000 5767 pontifex
1037 5713 1191 5748 unam
1236 5696 1537 5768 proﬁteatur
1568 5713 1613 5759 pl
1632 5711 1783 5746 rsona
1803 5712 1854 5758 ιι,
1889 5711 1991 5747 non
2038 5710 2102 5749 ea

521 5785 701 5825 mente
722 5770 857 5822 hanc
886 5782 1165 5837 personant
1194 5784 1305 5821 vere
1335 5768 1610 5819 humanam
1639 5782 1848 5835 vereque
1874 5768 1940 5821 di.
1960 5768 2102 5820 inani

522 5842 829 5914 appellavit,
877 5839 1309 5914 u_t_signilic_aret
1361 5852 1623 5914 personas
1672 5838 1825 5914 duas,
1876 5840 2099 5894 alteram

522 5909 833 5971 humanam.
866 5910 1097 5966 divinam
1147 5912 1374 5967 alteram
1404 5909 1553 5979 (nam
1577 5910 1738 5981 paulo
1776 5919 1899 5979 post
1924 5926 2105 5980 perso-

2146 4739 2200 4799 D

2243 3380 2384 3446 cula,
2414 3381 2636 3449 mqtialis
2658 3395 2735 3435 εει
2770 3381 2938 3435 Patri.
2972 3382 3029 3437 In
3065 3383 3369 3437 humilitate
3400 3382 3630 3437 humana
3670 3383 3837 3438 factus

2243 3481 2416 3525 estex
2450 3473 2699 3535 muliere,
2726 3474 2897 3526 lactus
2926 3476 3025 3528 sub
3054 3475 3169 3544 lege
3201 3473 3398 3543 (Galat.
3432 3490 3504 3541 tv,
3537 3474 3616 3542 4);
3654 3477 3708 3530 in
3740 3491 3835 3529 ma-

2237 3563 2436 3630 jestate
2466 3565 2644 3617 divina
2680 3563 2698 3601 ι
2740 3580 2966 3619 manens
2994 3565 3089 3619 Dei
3124 3566 3380 3627 Verbum,
3409 3582 3505 3635 per
3524 3569 3672 3633 quod
3706 3568 3834 3623 facta

2241 3666 2366 3707 sunt
2396 3653 2503 3725 75
2531 3656 2707 3708 omnia
2737 3655 2920 3726 (Joan.
2954 3672 2993 3718 ι,
3022 3656 3097 3727 5).
3125 3666 3166 3694 ω
3196 3658 3426 3712 Proinde
3454 3660 3540 3728 qui
3579 3659 3630 3713 in
3672 3658 3833 3714 forma

2242 3746 2337 3801 Dei
2380 3747 2506 3801 fecit
2538 3751 2831 3815 hominem,
2864 3750 2915 3803 in
2946 3749 3114 3805 forma
3147 3750 3287 3805 servi
3318 3751 3490 3807 lactus
3514 3766 3597 3807 est
3630 3753 3830 3818 homo;

2230 3932 2413 3970 narum
2462 3915 2842 3979 discretionem,
2904 3927 2998 3967 seu
3047 3912 3183 3968 duas
3229 3914 3511 3969 distinctas
3567 3930 3829 3984 personas

2230 3992 2403 4056 palam
2436 3984 2727 4054 excludit),
2763 3986 2855 4039 sud
2886 4001 3005 4039 eam
3048 4001 3335 4053 personam
3376 4003 3540 4055 quam
3584 3992 3831 4057 agnoscit

2230 4075 2407 4123 unam,
2458 4073 2583 4111 vere
2634 4057 2921 4109 humanam
2957 4072 3189 4122 vereque
3238 4058 3473 4111 divinant
3520 4059 3829 4127 signiﬁcare

2233 4130 2403 4182 voluit
2438 4128 2646 4181 ratione
2668 4129 2877 4181 diversa
2907 4145 2919 4178 :
2951 4143 3061 4182 rere
3074 4128 3300 4181 divinam
3328 4146 3422 4196 per
3443 4146 3521 4189 se.
3550 4132 3679 4197 quia
3705 4148 3827 4187 vere

2230 4200 2409 4255 divina
2442 4208 2525 4254 est
2574 4213 2797 4267 persona
2836 4198 3026 4263 Verbi;
3070 4215 3182 4251 vere
3211 4212 3388 4253 antem
3441 4199 3750 4267 humanam,
3783 4205 3826 4258 si

2233 4272 2302 4324 ita
2340 4271 2479 4337 loqui
2510 4272 2697 4334 liceat,
2730 4270 2911 4341 ofﬁcio,
2941 4272 3064 4339 quia
3092 4270 3180 4323 illa
3208 4270 3385 4326 divina
3418 4288 3646 4337 persona
3669 4274 3823 4329 Verbi

2231 4344 2487 4397 humana:
2518 4352 2721 4415 natura-
2753 4342 2919 4405 ttlliln,
2952 4351 3189 4415 estvera
3221 4344 3460 4415 ejusdem
3490 4342 3818 4415 hypostasis,

2230 4425 2497 4481 quatenus
2545 4414 2773 4466 humana
2809 4424 2993 4465 natura
3040 4412 3238 4467 Christi
3282 4414 3337 4466 in
3390 4412 3617 4477 persona
3665 4418 3821 4472 Verbi

2229 4500 2341 4539 vere
2360 4484 2626 4544 subsistit,
2646 4496 2695 4535 et
2720 4485 2963 4558 ultimum
2986 4486 3450 4558 eotnplementuni
3473 4487 3655 4558 habet,
3680 4487 3821 4558 quod

2228 4570 2371 4609 verte
2404 4571 2647 4621 personue
2682 4556 2955 4620 ιιιδομτιιιιιι
2993 4566 3095 4609 est.
3130 4556 3179 4609 Id
3212 4568 3396 4609 contra
3440 4556 3817 4625 Nestotianos,
3898 4556 3899 4565 “

2228 4626 2317 4690 qui
2347 4628 2481 4677 duas
2514 4639 2772 4693 perstitias
2814 4628 2864 4678 in
2894 4626 3133 4689 Christo,
3164 4642 3259 4681 Seu
3286 4627 3419 4681 duos
3452 4628 3589 4683 ﬁlios
3620 4631 3816 4687 admit—
3896 4640 3897 4643 ‘

2229 4698 2429 4760 tehant,
2459 4697 2658 4750 diCIUtn
2683 4697 2913 4750 videtur.
3894 4706 3895 4713 “

2296 4776 2321 4814 8
2352 4769 2425 4821 Ita
2448 4784 2509 4821 ex
2546 4769 2745 4820 nostris
2776 4782 2903 4819 mss.
2936 4781 2997 4821 ac
3030 4766 3202 4835 prima
3242 4767 3501 4825 editione.
3550 4772 3817 4829 Similiter

2221 4849 2397 4906 capite
2433 4838 2700 4907 sequenti.
2746 4838 2972 4892 Creatori
3013 4852 3247 4892 creatura
3288 4846 3590 4897 conseritur.
3635 4846 3724 4900 Al.
3764 4850 3813 4899 in

2219 4911 2403 4973 editis,
2437 4922 2623 4963 natura
2652 4912 2704 4962 in
2732 4912 3045 4964 societatem.

2291 4977 2320 5017 δ
2347 4982 2523 5036 Codex
2555 4983 2612 5037 8.
2671 4981 2834 5053 l'etri,
2882 4983 3130 5053 uniretur,
3170 4980 3325 5053 lorte
3373 4985 3703 5053 insereretur,
3731 4988 3812 5041 vel
3886 5014 3887 5029 ι

2218 5064 2603 5118 consereretur,
2638 5062 2691 5103 ιιι
2745 5052 2885 5106 inita
2916 5067 2963 5108 c.
3014 5050 3050 5103 2
3098 5052 3339 5120 habetur,
3385 5050 3697 5111 conseritur:
3734 5058 3811 5113 Ad
3884 5094 3885 5107 ι

2220 5140 2408 5177 vocem
2438 5139 2614 5179 autem
2646 5123 2942 5176 misceretur
2972 5122 3240 5191 prolixam
3269 5128 3544 5190 Quesnellt
3574 5143 3777 5182 annota

2222 5195 2424 5250 tionem
2469 5195 2521 5249 in
2567 5193 3036 5247 observationibus
3078 5195 3348 5262 dabimus,
3391 5199 3479 5254 ubi
3511 5201 3813 5254 misceretur
3880 5238 3881 5261 η

2220 5282 2315 5335 pro
2345 5268 2574 5320 uniretur
2606 5278 2920 5333 usurpatum
2948 5266 3269 5321 videbimus.

2290 5337 2307 5373 ί
2343 5338 2440 5391 Ms.
2465 5337 2522 5394 S.
2558 5338 2722 5400 Petri,
2757 5338 2888 5390 idem
2921 5352 3153 5406 unusque
3176 5338 3239 5391 sit
3268 5337 3360 5392 Dei
3393 5336 3579 5395 Filius.

2287 5408 2301 5479 _i
2339 5407 2481 5463 Idem
2508 5411 2702 5468 codex,
2734 5409 2828 5461 sibi
2855 5407 3031 5477 ﬁnxit,
3057 5424 3153 5479 pro
3182 5409 3329 5464 dixit.

2284 5477 2308 5516 ¹ι
2343 5480 2415 5533 Ita
2448 5482 2819 5548 supplevitnus
2848 5494 2917 5532 ex
2955 5477 3068 5531 tus.
3091 5481 3148 5534 8.
3198 5481 3361 5548 Petri,
3394 5492 3447 5536 et
3477 5483 3669 5537 codice
3696 5481 3803 5539 Ca-

2210 5550 2413 5605 sittensi
2443 5554 2656 5606 ccillect.
2698 5554 2745 5615 l,
2780 5550 2855 5603 uti
2886 5559 3169 5604 coittextus
3197 5551 3359 5606 etiam
3393 5557 3641 5618 postulat.
3675 5571 3801 5609 cum

2213 5623 2263 5675 in
2294 5624 2454 5677 editis
2500 5636 2553 5677 et
2598 5623 2719 5675 aliis
2768 5638 2894 5675 mss.
2958 5622 3297 5676 librariorum
3349 5626 3484 5679 saltu
3545 5631 3802 5681 dees~ent

2208 5694 2411 5747 verba:
2455 5693 2611 5748 Pater
2650 5694 2817 5758 major
2842 5708 2919 5745 me
2945 5702 3039 5760 est,
3070 5699 3497 5764 quemadmodum
3524 5697 3651 5751 dicit
3682 5711 3804 5752 cum
3868 5716 3869 5723 η

2205 5766 2402 5819 eadem.

2282 5834 2300 5874 ι
2336 5837 2391 5890 In
2416 5835 2604 5891 eodem
2629 5849 2728 5889 ms.
2763 5834 2820 5890 S.
2855 5833 3023 5899 Petri,
3057 5851 3267 5891 manens
3294 5837 3452 5893 Deus.

2280 5916 2319 5946 ⁸³
2344 5907 2543 5963 Eadem
2575 5915 2701 5963 sunt
2737 5907 2789 5962 it:
2816 5921 2903 5975 ep.
2935 5905 3024 5975 28,
3048 5922 3166 5975 cap.
3197 5906 3249 5962 5.
