3994 6354
218 385 315 449 ιοι

1632 383 1863 441 SERMO
1902 380 2091 443 XXIII.

3381 380 3489 437 201

213 504 303 561 sed
326 510 617 575 utrumque
638 501 780 560 Deus
800 512 829 541 ι
854 500 923 559 de
948 501 1183 572 potentia
1200 500 1575 572 suscipientis,
1600 510 1809 558 utrum-
1838 506 1890 565 Α
1914 502 2128 574 generis
2146 502 2316 570 socia,
2338 513 2394 559 et
2420 510 2619 559 nostris
2632 501 3104 557 contaminationis
3119 502 3447 559 essetaliena
3474 522 3488 558 :

213 614 311 667 que
342 600 509 652 homo
551 597 622 653 de
653 597 959 663 humilitate
984 598 1241 667 suscepti.
1274 596 1441 651 Tenet
1489 597 1633 651 enim
1686 598 1804 654 sine

211 690 421 745 defectu
451 689 839 760 proprietatem
861 704 1012 743 suam
1038 697 1263 757 utraque
1288 698 1478 742 natura
1504 705 1519 741 :
1549 686 1574 726 δ
1598 696 1651 743 et
1668 688 1807 744 sicut

214 783 442 836 fortnam
472 782 618 837 servi
650 780 824 835 forma
853 780 948 835 Dei
982 795 1086 835 non
1116 780 1325 846 adimit,
1359 781 1427 834 ita
1454 782 1680 835 formam
1709 781 1807 838 Dei

210 876 344 929 servi
376 872 553 928 forma
586 888 694 928 non
734 874 925 929 minuit
946 873 1172 945 (Philip.
1199 889 1255 939 ii,
1288 872 1366 943 6).
1400 873 1805 931 Sacramentum

209 968 382 1036 itaque
407 967 576 1021 unita:
599 980 722 1021 cum
754 966 1067 1020 inﬁrmitate
1097 967 1329 1029 virtutis,
1356 977 1379 1005 ο
1412 977 1634 1037 propter
1658 982 1807 1023 eam-

204 1060 319 1110 dem
369 1056 612 1111 hominis
638 1068 907 1123 naturam,
942 1058 1205 1113 minorem
1236 1057 1395 1113 Patre
1450 1058 1554 1113 dici
1610 1059 1806 1115 Filium

205 1152 358 1205 sinit:
388 1150 585 1206 Deitas
612 1160 816 1217 autem,
838 1168 956 1221 qua:
984 1167 1087 1206 una
1118 1163 1203 1208 est
1232 1152 1285 1206 in
1314 1151 1579 1208 Trinitate
1605 1153 1800 1221 Patris,

203 1252 253 1294 et
302 1241 461 1307 Filii,
496 1252 553 1297 et
591 1244 826 1311 Spiritus
865 1244 1070 1307 sancti,
1106 1258 1322 1298 omnem
1366 1240 1677 1312 Opinionem
1725 1250 1807 1300 in-

204 1356 229 1386 :i
246 1334 531 1403 qualitatis
560 1336 823 1391 excludit.
869 1334 1013 1391 Nihil
1044 1336 1187 1390 enim
1227 1336 1299 1391 ibi
1340 1336 1503 1391 habet
1531 1341 1805 1395 aeternitas

206 1428 523 1496 temporale,
561 1427 689 1482 nihil
724 1437 913 1482 natura
942 1428 1243 1493 dissimile;
1277 1443 1381 1483 una
1426 1429 1536 1485 illic
1560 1430 1805 1486 voluntas

202 1519 518 1585 esi,eadein
552 1519 876 1587 substantia,
912 1536 1006 1589 par
1038 1532 1296 1590 potestas.
1328 1530 1384 1575 et
1423 1536 1527 1575 non
1561 1530 1674 1577 tres
1704 1522 1799 1590 dii,

201 1615 291 1667 sed
332 1626 485 1666 unus
525 1623 611 1667 est
660 1614 829 1677 Deus;
860 1613 982 1684 quia
1017 1629 1145 1669 vera
1188 1622 1244 1668 et
1294 1613 1668 1684 inseparabilis
1718 1624 1805 1671 est

203 1706 399 1769 unitas,
434 1706 530 1761 ubi
577 1706 719 1760 nulla
754 1714 929 1775 potest
955 1710 1074 1760 e'sse
1104 1705 1417 1761 diversitas.
1442 1704 1470 1743 ά
1496 1706 1553 1761 In
1597 1706 1802 1776 integra

201 1800 357 1868 igitur
389 1800 507 1854 veri
560 1800 792 1853 hominis
837 1799 1182 1869 perfectaque
1212 1809 1402 1855 natura
1435 1815 1600 1855 verus
1640 1812 1801 1855 natus

1910 606 1967 650 ut
1996 597 2097 651 hoc
2128 598 2457 667 propositum
2480 597 2598 662 Dei,
2628 613 2734 668 quo
2763 606 3037 666 peccatum
3070 596 3249 649 mundi
3283 594 3335 650 in
3364 595 3493 651 Jesu

1907 687 2110 744 Christi
2142 690 2339 757 placuit
2388 690 2669 744 nativitate
2720 703 2783 743 ac
2833 688 3085 757 passione
3136 697 3160 735 ι
3205 689 3391 755 deleri,
3427 688 3494 743 ad

1908 781 2147 835 omnium
2170 780 2576 851 generationuin
2611 782 2804 837 sazcula
2829 783 3155 852 pertineret;
3190 796 3288 837 nec
3315 782 3496 837 turba-

1908 882 2029 927 rent
2052 888 2170 936 nos.
2194 874 2288 929 sed
2315 875 2488 942 potius
2517 876 2900 929 conﬁrmarent
2926 876 3204 947 mysteria,
3238 890 3335 945 pro
3367 886 3496 930 tem-

1908 980 2097 1036 porum
2125 964 2335 1021 ratione
2364 969 2585 1034 variata,
2618 983 2738 1023 cuin
2764 968 2919 1036 ﬁdes,
2939 983 3043 1039 qua
3069 970 3318 1035 vivimus,
3347 970 3497 1024 nulla

1906 1055 2071 1113 fuerit
2091 1066 2249 1113 aetate
2271 1059 2503 1114 diversa.

1977 1151 2105 1207 Car.
2145 1150 2230 1205 IV.
2261 1178 2333 1193 --
2379 1152 2608 1206 Cessent
2652 1151 2815 1223 igitur
2859 1152 3072 1207 illorum
3116 1156 3371 1224 querelae,
3405 1156 3496 1227 qui

1908 1242 2074 1311 impio
2094 1258 2364 1297 murmure
2384 1241 2583 1298 divinis
2605 1242 3096 1313 dispensationibns
3118 1246 3493 1317 obloquentes,

1906 1334 1973 1389 de
2004 1334 2298 1389 Dominicaa
2339 1334 2639 1389 Nativitatis
2684 1336 2934 1391 tarditate
2981 1347 3292 1405 causantur,
3356 1350 3495 1394 tam-

1905 1441 2063 1497 quam
2098 1428 2377 1493 prmteritis
2409 1428 2739 1495 temporibus
2770 1444 2874 1484 non
2900 1431 2969 1485 sit
2998 1430 3322 1501 impensum,
3352 1433 3496 1502 quod

1906 1516 1959 1571 in
1992 1518 2174 1571 ultima
2206 1517 2387 1572 mundi
2420 1526 2578 1572 aetate
2608 1515 2639 1555 ³³
2668 1519 2739 1573 sit
2768 1532 3001 1589 gestum.
3038 1521 3198 1577 Verbi
3225 1523 3371 1577 enim
3408 1524 3495 1577 in-

1907 1610 2147 1664 carnatio
2176 1610 2278 1664 hoc
2324 1610 2551 1664 cootnlit
2604 1610 2932 1677 faciendum,
2977 1612 3119 1681 quod
3162 1612 3393 1680 factum;
3441 1625 3496 1670 et

1908 1713 2304 1755 sacramentum
2356 1701 2544 1755 salutis
2576 1701 2825 1755 humana:
2871 1703 3012 1757 nulla
3058 1722 3306 1775 umquam
3350 1708 3491 1761 anti-

1907 1793 2109 1862 quitate
2140 1794 2388 1847 cessavit.
2422 1793 2573 1861 Quod
2614 1794 3045 1863 praadicavertint
3088 1800 3338 1866 apostoli,
3394 1802 3493 1856 lioc

202 1901 280 1949 est
299 1892 473 1958 Deus,
498 1904 647 1948 totus
670 1893 723 1947 in
747 1894 882 1957 suis,
911 1900 1055 1947 tutus
1083 1893 1133 1946 in
1160 1893 1378 1947 nostris.
1400 1892 1593 1947 Nostra
1616 1906 1790 1949 autem

1903 1884 2353 1938 allllunllleel'lllll
2402 1885 2716 1952 prophetat;
2762 1901 2862 1941 nec
2901 1902 3024 1941 sero
3066 1898 3149 1943 est
3189 1889 3488 1960 impletum,

199 1985 456 2045 dicimus.
488 2002 612 2055 quae
644 1987 697 2040 in
730 1987 886 2040 nobis
922 1986 990 2041 ab
1022 1986 1176 2040 initio
1203 1986 1430 2042 Creator
1458 1986 1715 2045 condidit.
1747 1997 1802 2042 et

197 2094 308 2148 quae
360 2078 669 2143 reparanda
716 2079 970 2146 suscepit.
1006 2077 1138 2132 Nam
1169 2076 1260 2132 illa
1291 2094 1409 2143 qua:
1436 2077 1693 2147 deceptor
1722 2078 1800 2133 in-

197 2171 355 2229 venit,
393 2180 455 2224 et
501 2169 668 2225 homo
696 2169 954 2239 deceptus
981 2169 1215 2231 admisit,
1263 2170 1465 2224 nullum
1499 2170 1799 2225 habuerunt

196 2259 242 2314 in
267 2259 567 2316 Salvatore
598 2262 912 2329 vestigium;
950 2276 1049 2315 nec
1074 2260 1197 2331 quia
1240 2263 1670 2317 communionem
1695 2261 1792 2317 huc

194 2367 481 2407 manarum
531 2352 699 2406 subiit
728 2351 1122 2418 iiilirmiiatum,
1162 2353 1287 2408 ideo
1337 2363 1642 2409 nostrorum
1701 2354 1799 2409 fuit

194 2447 469 2515 particeps
504 2446 850 2501 delictorum.
902 2447 1209 2515 Assumpsit
1252 2446 1476 2501 formam
1510 2448 1647 2502 servi
1680 2447 1795 2503 sine

193 2539 349 2593 sorde
386 2539 637 2607 peccati;
686 2540 915 2590 humana
958 2539 1284 2607 provehens,
1333 2537 1510 2593 divina
1562 2554 1666 2592 non
1698 2540 1793 2592 ιηὶ·

194 2646 361 2686 nuens
397 2647 415 2683 :
470 2631 777 2685 exinaiiiiio
817 2630 959 2684 enim
994 2630 1081 2683 illa
1115 2645 1215 2699 qua
1248 2645 1307 2684 se
1347 2630 1633 2684 invisibilis
1665 2629 1765 2684 visi

194 2722 349 2776 bilem
388 2721 647 2790 praebuit,
702 2720 981 2775 inclinatio
1012 2720 1110 2776 fuit
1140 2722 1527 2789 miserationis,
1562 2738 1668 2776 non
1700 2722 1795 2778 de-

190 2814 346 2870 fectio
373 2817 689 2883 pctestatis.

253 2904 387 2962 Car.
433 2906 519 2962 ΙΙΙ.
555 2937 626 2946 -
657 2904 723 2961 Ut
753 2920 879 2976 ergo
906 2905 971 2960 ad
996 2917 1254 2960 aeternam
1286 2905 1693 2969 beatitudinem,
1724 2905 1793 2960 ab

189 2998 550 3069 originalilius
591 2998 821 3053 vinculis
865 3008 919 3053 et
960 3014 990 3051 a
1038 2998 1320 3052 mundanis
1356 3007 1379 3035 ο
1412 3013 1793 3053 reViicaremur

189 3091 493 3150 erroribus,
528 3091 645 3159 ipse
686 3089 753 3143 ad
799 3105 897 3144 nos
925 3088 1224 3155 descendit,
1247 3090 1313 3144 ad
1347 3105 1507 3160 quem
1555 3106 1652 3145 nos
1683 3107 1790 3146 non

188 3195 509 3250 poteramus
557 3181 871 3248 ascendere,
904 3182 1026 3251 quia
1058 3184 1157 3236 etsi
1205 3183 1386 3237 multis
1418 3182 1590 3236 inerat
1638 3198 1792 3239 amor

1905 1977 2046 2047 quod
2076 1993 2290 2037 semper
2316 1987 2401 2032 est
2446 1978 2729 2033 creditum.
2764 1978 3037 2048 Sapientia
3084 1996 3211 2034 vero
3258 1992 3310 2035 et
3343 1982 3493 2037 beni~

1903 2069 2079 2137 gnitas
2107 2070 2197 2122 ltei
2228 2067 2328 2122 bac
2358 2070 2617 2124 salutiferi
2648 2072 2829 2140 operis
2858 2087 3029 2137 mora,
3058 2073 3366 2142 capaciores
3392 2092 3491 2131 nos

1903 2176 2016 2215 sua:
2044 2163 2344 2217 viicationis
2392 2164 2596 2230 effecit;
2625 2175 2681 2219 ut
2707 2166 2848 2235 quod
2875 2169 3063 2222 multis
3092 2170 3277 2238 signis,
3310 2171 3491 2226 multis

1903 2256 2149 2319 vocibus,
2198 2257 2487 2322 mutiisilue
2520 2259 2794 2329 my~teiiis
2843 2276 2935 2329 per
2974 2272 3051 2316 tot
3091 2262 3261 2318 fuerat
3291 2266 3486 2321 saecula

1900 2347 2337 2416 praenuntiatum,
2370 2348 2435 2401 -in
2489 2348 2570 2401 his
2616 2350 2807 2410 diebus
2854 2353 3124 2423 Evangelii
3178 2371 3283 2410 non
3343 2364 3491 2414 esset

1900 2439 2205 2507 ambiguum
2234 2456 2247 2493 :
2280 2450 2333 2494 et
2367 2437 2383 2476 ί
2417 2438 2669 2495 ιι.ιιίνὶιθε
2696 2445 3011 2507 Salvatoris,
3045 2462 3165 2515 quae
3187 2450 3364 2504 omnia
3388 2451 3489 2505 mi-

1898 2530 2079 2583 racula
2111 2546 2437 2601 omnemque
2469 2534 2713 2587 humanae
2757 2536 3123 2607 intelligentiae
3154 2552 3268 2595 erat
3300 2557 3488 2599 exces-

1898 2635 2022 2674 sura
2054 2638 2380 2687 mensuram,
2414 2631 2563 2678 tanto
2590 2627 3011 2683 constantiorem
3043 2630 3092 2683 iii
3118 2632 3273 2686 nobis
3302 2635 3488 2704 gigne-

1898 2723 1981 2767 ret
2013 2716 2190 2780 liilem,
2238 2724 2438 2784 quanto
2466 2716 2775 2781 praedicatio
2798 2719 2918 2787 ejus
2947 2729 3003 2775 et
3044 2722 3318 2791 antiquior
3345 2741 3486 2795 pra:-

1896 2805 2145 2859 ces~isset
2174 2815 2223 2859 et
2255 2808 2516 2863 crebrior.
2544 2806 2661 2862 Non
2689 2810 2869 2879 itaque
2896 2826 3035 2867 novo
3064 2817 3291 2871 consilio
3342 2820 3485 2875 Deus

1897 2897 2059 2951 rebus
2090 2900 2355 2965 humanis,
2389 2916 2486 2954 nec
2510 2916 2629 2955 sera
2663 2903 3011 2961 miseratione
3036 2910 3333 2975 consuluit;
3384 2914 3480 2968 scd

1896 3005 1927 3045 a
1970 2992 2349 3046 constitutimie
2401 2992 2583 3047 mundi
2640 3010 2796 3048 unam
2838 2997 3191 3068 eamdemque
3231 3004 3482 3059 omnibus

1896 3097 2111 3138 causam
2140 3085 2327 3138 salutis
2352 3084 2601 3140 instituit.
2636 3086 2815 3142 Gratia
2847 3092 2862 3138 l
2899 3092 3042 3144 enim
3068 3092 3184 3157 Dei,
3217 3110 3318 3163 qua
3342 3110 3483 3151 sem-

1898 3192 1995 3246 per
2032 3188 2114 3231 θςι
2144 3178 2468 3234 universitas
2492 3180 2783 3247 justiflcaia
2834 3194 3164 3252 sanctorum,
3199 3196 3354 3243 aucta
3399 3200 3484 3247 est

189 3277 314 3343 reri,
342 3278 687 3330 incertarum
706 3288 884 3330 tamen
908 3277 1223 3345 opinionum
1251 3276 1480 3330 varietas
1501 3274 1792 3331 fallentinm
1822 3266 1867 3330 C
1898 3269 2116 3324 Chi-isto
2141 3277 2418 3337 nascente,
2455 3286 2560 3325 non
2583 3286 2790 3339 caspia;
2823 3282 2876 3328 et
2906 3274 3008 3330 hoc
3036 3293 3238 3347 magna!
3273 3282 3481 3349 pietatis

189 3367 500 3423 daemonum
570 3368 937 3435 decipiebitur
994 3369 1209 3432 astutia,
1270 3375 1324 3421 et
1373 3366 1496 3421 falsi
1555 3369 1790 3423 nominis

190 3462 413 3516 scientia
458 3460 517 3515 in
548 3460 791 3513 diversas
816 3470 1345 3530 compiigiiantesque
1372 3461 1670 3515 sententias
1693 3461 1792 3515 ltu-

189 3567 337 3606 mana
370 3551 688 3622 ignorantia
721 3560 757 3605 ti
772 3551 1052 3606 ahebatur.
1086 3551 1165 3608 Ad
1210 3550 1559 3606 auferendum
1609 3566 1787 3609 autem

186 3642 283 3698 hoc
305 3642 639 3709 ludibrium,
668 3659 774 3713 quo
802 3644 1028 3713 captivae
1060 3652 1269 3697 mentes
1312 3642 1644 3713 superbieiiti
1675 3645 1791 3700 dia-

187 3736 304 3792 bolo
326 3737 680 3802 serviebant,
713 3752 819 3792 non
850 3734 1152 3790 sufﬁciebat
1174 3735 1415 3790 doctrina
1450 3737 1654 3806 legalis,
1690 3753 1789 3793 nec

188 3840 277 3897 per
322 3828 485 3882 solas
514 3828 923 3883 cohortationes
954 3828 1293 3896 proplieiicas
1338 3834 1550 3896 poterat
1597 3841 1784 3883 natura

189 3930 367 3975 nostra
398 3922 679 3991 reparari;
710 3921 805 3975 sed
837 3919 1138 3989 adjicienda
1170 3930 1287 3973 erat
1316 3919 1426 3990 76
1455 3922 1650 3974 veritas
1702 3937 1787 3976 re-

188 4011 523 4083 demptiunis
554 4010 572 4051 ί
603 4012 898 4067 moralibus
940 4010 1222 4077 institutis,
1272 4022 1326 4065 et
1364 4021 1668 4077 corruptam
1717 4013 1786 4067 ab

190 4103 334 4160 initio
364 4104 644 4175 originem
678 4102 835 4158 novis
859 4104 1068 4158 renasci
1100 4102 1383 4171 oportebat
1410 4102 1669 4157 exordiis.
1692 4102 1782 4157 Uf-

189 4196 411 4255 feremla
442 4207 565 4255 erat
592 4213 691 4269 pro
720 4196 1134 4254 reconciliandis
1163 4196 1358 4265 hostia,
1389 4212 1510 4267 qua:
1537 4208 1591 4253 et
1618 4197 1788 4255 nostri

252 4390 277 4417 ι
304 4379 457 4435 Cod.
492 4366 702 4433 Dorion.
728 4386 781 4431 et
805 4378 972 4445 prima
998 4378 1184 4444 editio,
1216 4379 1281 4432 de
1305 4380 1582 4441 maiestate.

247 4450 277 4489 ι
308 4453 442 4504 Duo
473 4463 605 4503 mss.
637 4449 695 4503 8.
732 4448 895 4514 Petri,
924 4465 1059 4503 unus
1086 4448 1201 4504 Vat.
1230 4461 1283 4502 et
1307 4452 1446 4504 alter
1478 4448 1779 4506 Bononien-

1896 3368 2316 3423 sacranientiim,
2362 3375 2468 3427 quo
2510 3370 2652 3415 totus
2678 3362 2789 3431 jam
2821 3366 3050 3419 mundus
3078 3367 3334 3435 impletus
3376 3381 3480 3437 est,

1899 3462 2007 3507 tam
2034 3464 2222 3520 potens
2245 3454 2403 3507 etiam
2422 3454 2473 3507 iii
2501 3457 2612 3507 suis
2635 3454 3118 3524 signiﬁcationibus
3141 3459 3260 3527 fuit,
3296 3472 3352 3517 ut
3374 3480 3479 3519 nou

1898 3547 2076 3602 minus
2106 3547 2284 3611 adepti
2318 3547 2423 3601 sitit
2454 3550 2540 3615 qui
2573 3546 2598 3585 ¹ι
2633 3549 2762 3603 illud
2804 3551 3085 3608 credidere
3129 3555 3476 3625 promissum,

1898 3654 2055 3709 quam
2086 3638 2175 3705 qni
2206 3652 2493 3707 suscepere
2523 3639 2801 3694 donatum.

1968 3729 2095 3786 Car.
2138 3730 2199 3784 V.
2234 3760 2304 3771 —
2338 3730 2485 3785 Unde
2515 3747 2636 3785 cum
2684 3732 2967 3788 manifesta
2996 3736 3211 3805 pietate,
3245 3738 3481 3795 dilectis-

1895 3823 2037 3885 simi,
2072 3818 2089 3859 ι
2126 3830 2284 3874 tantic
2323 3820 2374 3874 in
2409 3837 2506 3874 nos
2535 3824 2736 3878 divitiae
2765 3824 2956 3879 divin:c
2990 3826 3243 3883 bonitatis
3274 3831 3378 3903 77
3399 3832 3479 3887 ef-

1894 3920 2024 3972 fusae
2046 3920 2173 3981 sint,
2197 3918 2387 3987 quibus
2410 3919 2473 3970 ad
2498 3922 2851 3974 mteriiiizitetn
2880 3924 3152 3988 voi'andis,
3174 3941 3277 3980 non
3300 3928 3476 3983 solum

1896 4011 2311 4082 praecedentium
2357 4012 2724 4079 exemplorum
2759 4013 2958 4067 utilitas
2987 4015 3330 4082 ministravit,
3381 4022 3476 4077 sed

1894 4105 2053 4159 etiam
2103 4104 2215 4171 ipsa
2262 4103 2460 4156 veritas
2509 4103 2737 4157 visibilis
2768 4114 2821 4158 et
2864 4108 3158 4174 corporalis
3187 4112 3470 4178 apparuit,

1891 4210 2000 4252 non
2029 4193 2204 4263 segni,
2249 4208 2423 4264 neque
2468 4196 2670 4249 carnali
2701 4204 2739 4231 ιιι
2773 4196 2954 4250 laetitia
2984 4197 3125 4252 diem
3180 4200 3475 4257 Dominlcm

1891 4394 2013 4455 item
2046 4377 2586 4455 invenimusﬁin-mss.
2621 4378 2834 4431 collect.
2870 4381 2889 4431 l
2921 4392 2971 4455 et
3002 4380 3054 4435 5.
3089 4383 3248 4454 Magis
3276 4388 3474 4455 placuit

1889 4447 2319 4526 lectio‘codicum
2350 4449 2403 4501 8.
2443 4449 2585 4526 Petri
2608 4464 2838 4526 iircuiioii
2862 4452 3073 4526 collect.
3100 4447 3212 4521 2,3
3242 4447 3344 4526 qua
3379 4476 3471 4526 pa.

188 4523 286 4575 sis:
320 4520 572 4596 Et‘si‘cut
604 4520 773 4596 {arma
798 4520 930 4573 senii
954 4521 1194 4596 formam
1219 4520 1314 4596 Dei
1344 4536 1445 4596 non
1473 4521 1675 4596 adimit,
1706 4522 1780 4575 ita
1812 4536 1859 4596 υ
1889 4536 2006 4596 riitn
2038 4520 2344 4596 discrepant
2370 4534 2478 4572 tres
2500 4518 2587 4596 alii
2616 4520 2850 4596 codices,
2883 4522 2933 4574 in
2961 4518 3152 4591 quibus
3176 4518 3469 4586 εηιιῖηιιιὲη-

188 4596 346 4661 forma
383 4590 485 4645 Dei
506 4592 637 4644 servi
664 4594 885 4659 formam
906 4606 1005 4643 non
1037 4592 1233 4644 minuit.
1268 4591 1373 4646 Sed
1402 4601 1578 4647 textus
1601 4591 1779 4647 editus

187 4667 442 4732 congruit
467 4678 590 4716 cum
621 4662 854 4714 lectione
877 4676 964 4729 ep.
1009 4661 1098 4720 28.
1126 4664 1190 4715 ad
1218 4662 1547 4728 Flavianum,
1575 4679 1691 4732 cap.
1722 4661 1775 4715 3.

185 4731 351 4788 Simili
389 4734 623 4785 formula
655 4746 741 4799 ep.
776 4733 871 4795 35,
898 4747 948 4785 c.
980 4732 1013 4785 2
1053 4748 1067 4786 :
1104 4735 1252 4800 Quod
1282 4732 1495 4787 Deitatis
1531 4744 1625 4799 est,
1647 4731 1777 4787 ’caro

187 4820 284 4856 non
313 4805 552 4868 minuit;
573 4802 709 4870 quod
728 4804 901 4855 carnis
930 4816 1021 4859 est.
1056 4801 1229 4856 Deitas
1248 4821 1346 4857 non
1375 4806 1604 4872 peremit.

254 4886 277 4912 ε
311 4876 501 4928 Prima
533 4874 719 4937 editio,
749 4883 954 4942 prapfer
983 4875 1209 4928 eamdem
1230 4876 1447 4927 hominis
1473 4890 1776 4940 personam;

186 4960 281 4999 ms.
305 4945 371 5001 S.
404 4944 559 4999 Petri
586 4954 639 4998 et
669 4943 834 4997 editio
864 4945 1060 4999 Veneta
1090 4961 1176 4999 an.
1214 4945 1373 5011 MSS,
1404 4956 1612 5013 propter
1637 4962 1777 4999 eain-

188 5017 295 5070 dem
333 5016 437 5070 Dei
466 5015 790 5083 hominisque
819 5030 1107 5085 personam.

248 5086 275 5124 ει
301 5085 519 5140 Eadem
553 5084 872 5155 leguiiturin
905 5100 990 5153 ep.
1021 5086 1085 5139 ad
1112 5084 1421 5139 Flavianum
1449 5085 1539 5146 ‘28.
1564 5100 1683 5154 cap.
1717 5086 1773 5142 3.

252 5166 275 5194 ε
306 5158 409 5216 Sic
454 5170 525 5211 ex
577 5154 681 5210 ms.
726 5154 785 5210 8.
819 5155 965 5210 Petri
1008 5165 1063 5211 et
1102 5156 1210 5210 alio
1243 5155 1357 5211 Vat.
1412 5157 1523 5219 AL,
1578 5172 1777 5212 revoce-

188 5244 314 5281 IIHI'.

252 5297 275 5339 ί
290 5296 476 5367 Aliqui
498 5296 663 5352 codd.
687 5305 743 5353 et
763 5296 888 5351 editi
912 5305 1036 5351 ante
1054 5295 1425 5363 Qucsnelliim,
1453 5298 1771 5367 mortalibus,

186 5379 460 5438 corrupte.

251 5450 275 5487 ε
303 5437 383 5495 Ita
417 5454 486 5493 ex
513 5454 618 5493 ms.
651 5438 707 5493 S.
741 5437 903 5493 Petri.
933 5437 1040 5501 AL,
1072 5438 1258 5493 delere.

251 5509 279 5548 δ
319 5510 493 5566 Editi.
529 5519 605 5563 est
650 5519 861 5580 gestum.
894 5510 1235 5563 Praetulimus
1286 5524 1417 5563 mss.
1448 5508 1775 5576 exemplaria

187 5580 239 5636 S.
264 5582 416 5637 Petri
443 5591 500 5636 et
530 5581 638 5633 duo
655 5579 779 5633 Vat.
808 5581 939 5634 Dein
961 5580 1227 5634 editiones
1253 5590 1377 5633 ante
1405 5581 1774 5646 QneSneiluiii,

189 5655 383 5707 omissa
426 5651 689 5717 particula
734 5653 889 5719 enim,
937 5651 1251 5705 habebant:
1296 5648 1442 5703 Verbi
1492 5652 1778 5704 incarnatio

186 5723 289 5778 hac
318 5722 545 5778 contulit
589 5723 846 5791 facienda,
894 5737 1007 5793 qua:
1051 5728 1206 5790 facta.
1258 5722 1580 5793 Qui-snellus
1626 5736 1774 5787 vero,

187 5796 327 5849 nulla
360 5796 524 5849 allata
556 5790 1278 5857 auctoritate,'emeiiilavit:
1328 5790 1473 5847 Verbi
1516 5795 1651 5848 enini
1692 5794 1775 5847 in-

190 5868 420 5917 carnritio
442 5866 536 5915 har
557 5864 770 5914 mutuli!
804 5865 1057 5928 facienda,
1075 5863 1209 5933 qqu
1238 5866 1394 5932 facta.
1422 5863 1569 5917 Hanc
1594 5866 1776 5916 leCIio-

475 5962 742 6017 Ρηιιιιι..
802 5960 952 6019 LH'.

1882 4591 2023 4646 sitim
2058 4593 2204 4656 lapsu
2229 4601 2486 4658 scriptum
2521 4591 2653 4641 ltiit:
2697 4589 2846 4643 Verbi
2874 4589 3011 4644 enim
3046 4596 3330 4652 ineornatio
3372 4602 3471 4656 hoc

1882 4662 2097 4714 contulit
2119 4662 2425 4729 faciendam,
2462 4662 2596 4729 quod
2627 4661 2833 4727 factum.
2866 4661 2985 4717 Mox
3018 4682 3085 4718 ex
3116 4669 3299 4722 iisdem
3333 4688 3464 4729 ιιι-ε,

1882 4732 1937 4807 8.
1972 4733 2113 4786 Petri
2142 4734 2449 4807 tipleVllllll:
2470 4735 2900 4807 pra-positioneiii
2927 4735 3000 4798 in,
3029 4754 3146 4804 qua:
3174 4746 3463 4807 pi'wmiue.

1881 4803 2038 4874 batur
2064 4803 2307 4861 Vocibus,
2340 4802 2485 4855 nul'a
2517 4818 2757 4870 umquam
2783 4802 3102 4874 antiquitate.

1957 4873 2099 4927 1Sic
2154 4875 2346 4926 melius
2400 4888 2464 4926 ex
2499 4873 2957 4938 przl‘slallliiil'illlls
3005 4879 3062 4932 S.
3110 4878 3251 4933 Petri
3304 4885 3463 4939 codd.

1882 4944 1992 5001 AL.
2023 4945 2277 5009 nativitus,
2309 4959 2422 5013 qua?
2451 4944 2621 4997 omnia
2654 4944 2901 4998 miracula
2932 4964 3226 5017 omnemque
3268 4954 3461 5009 intelli-

1879 5017 2084 5086 gentiae,
2109 5026 2212 5086 etc.
2405 5083 2425 5086 _
2612 5083 2642 5086 μ
3518 5058 3519 5061 η

1980 5084 1994 5135 i
2031 5084 2171 5139 Editi
2225 5094 2349 5139 ante
2393 5083 2762 5151 Quesnellum,
2820 5096 3010 5141 autem.
3060 5089 3236 5146 Nostri
3278 5095 3462 5157 codd..

1879 5172 2032 5209 enim.

1953 5225 1981 5265 κ
2036 5225 2341 5281 Delevimus
2382 5226 2436 5278 in
2491 5233 2614 5279 ante
2660 5224 2811 5292 illud,
2855 5229 3176 5287 auctoritate
3226 5248 3356 5289 mss.
3404 5236 3463 5291 S.

1880 5297 2043 5353 Petri.

1957 5365 1975 5405 ι
2024 5366 2151 5421 Erat
2194 5367 2247 5421 in
2271 5366 2431 5421 editis
2459 5376 2583 5420 ante
2624 5366 2971 5433 Quesnelliim
3004 5381 3057 5423 et
3102 5374 3155 5424 in
3186 5374 3460 5429 nonnullis

1881 5438 2177 5501 codicibus,
2211 5448 2366 5492 tanta:
2405 5440 2458 5489 in
2486 5438 2627 5490 nobis
2668 5438 2853 5491 divina
2883 5438 3121 5493 bonitatis
3146 5440 3325 5507 elusa
3362 5451 3464 5498 sint

1880 5514 2079 5580 gratia,
2130 5508 2314 5579 quibus
2367 5508 2435 5561 ad
2480 5510 2815 5561 teternitatem
2863 5512 3106 5564 vocandis
3148 5529 3246 5564 non
3297 5515 3463 5571 solum

1882 5580 2168 5651 exemplum
2196 5581 2590 5649 pra-cedentium
2634 5582 2844 5642 utilitas,
2875 5594 2980 5635 etc.
3018 5581 3458 5639 Einendaiionem

1881 5651 2745 5728 Qiiesuelliaiiam“reperimus.in
2785 5666 2885 5703 ms.
3038 5654 3203 5728 Petri,
3244 5668 3308 5707 ex
3357 5672 3465 5728 quo

1883 5723 2273 5791 supplevimus,
2306 5720 2511 5784 divinae,
2538 5720 2679 5787 quod
2709 5723 3029 5786 Quesnellus
3053 5723 3333 5783 omiserat.

1954 5802 1993 5831 ν·
2017 5793 2151 5849 Cod.
2178 5792 2238 5848 S.
2270 5792 2441 5856 Petri,
2468 5792 2680 5859 gaudio.
3404 5806 3407 5807 ν

2991 5962 3026 6020 '1
