3994 6354
508 285 634 359 soi

1654 283 1708 342 S.
1753 283 1997 340 LEONIS
2037 278 2253 339 MAGNI
2298 272 2693 333 SERMONES.

528 412 755 471 credidit
782 411 881 468 sub
911 410 1105 482 triplici
1136 404 1497 477 appellatione
1525 413 1832 470 personam.
1854 396 2118 452 Photinus
2146 402 2199 457 Α
2223 392 2364 448 sicut
2391 404 2486 460 per
2517 386 2676 441 ﬁdem
2702 381 2907 454 iustitia
2927 422 2945 449 ,
2977 380 3051 436 ita
3090 378 3264 482 etiam
3292 390 3391 481 per
3432 375 3594 482 ﬁdem
3635 389 3815 434 veram

532 508 729 565 mentis
754 508 995 562 caecitate
1027 504 1313 570 deceptus,
1345 499 1396 551 in
1427 494 1645 550 Christo
1682 507 1867 547 verum
1894 500 1949 545 et
1986 488 2114 543 sub-

2222 487 2333 540 vita
2364 484 2641 537 obtinetur
2667 486 2869 532 aeterna
2896 518 2909 541 ,
2960 474 3176 530 dicente
3228 470 3456 526 Domino
3498 468 3811 525 Salvatore:

527 598 740 658 stantia;
770 609 965 655 nostra:
992 594 1269 652 confessus
1296 602 1378 647 est
1407 589 1701 651 hominem,
1732 585 1826 641 sed
1868 582 2117 640 eumdem
2223 578 2355 633 Haec
2380 587 2453 631 est
2478 584 2648 629 autem
2684 572 2786 626 vita
2828 580 3019 625 (eterna
3042 610 3057 636 ,
3108 577 3164 622 ut
3214 571 3525 637 coynoscant
3570 572 3619 616 te
3654 561 3818 616 solum

529 697 700 753 Deum
739 696 806 750 de
851 694 961 747 Deo
1002 700 1125 744 ante
1168 686 1348 744 omnia
1376 685 1571 740 saecula
1598 682 1835 753 genitum
1862 694 1982 733 esse
2013 691 2119 731 non

530 788 775 845 credidit.
809 781 1154 853 Apollinaris.
1181 780 1301 835 fidei
1330 777 1599 832 soliditate
1628 776 1886 845 privatus,
1922 770 2119 826 Filium

529 882 625 937 Dei
672 881 741 934 ita
792 893 972 933 veram
1023 876 1268 929 humana:
1314 870 1491 926 carnis
1541 867 1773 934 credidit
1819 862 2123 932 suscepisse

532 986 800 1040 naturam,
833 981 889 1026 ut
917 972 968 1025 in
997 970 1086 1025 illa
1114 983 1279 1024 carne
1306 966 1513 1021 diceret
1537 965 1771 1017 animam
1799 975 1903 1014 non
1934 957 2119 1023 fuisse,

532 1068 656 1138 quia
688 1066 859 1121 vicem
893 1063 1009 1134 ejus
1040 1060 1329 1131 expleverit
1360 1058 1470 1128 ipsa
1507 1057 1783 1110 Divinitas.
1820 1052 1930 1106 lloc
1966 1052 2126 1104 modo

517 1159 565 1216 si
626 1174 815 1215 omnes
878 1170 1015 1228 quos
1074 1152 1335 1210 catholica
1371 1140 1528 1204 'ﬁdes
1576 1157 1602 1185 ⁸
1651 1141 2127 1201 auathematizavit

530 1268 896 1333 retractentur
924 1269 1179 1318 errores,
1234 1254 1283 1305 in
1328 1249 1446 1303 aliis
1495 1257 1655 1315 atque
1702 1245 1823 1300 aliis
1872 1241 2126 1313 quiddam

532 1354 812 1408 invenitur
854 1349 994 1418 quod
1040 1362 1067 1398 a
1111 1342 1508 1399 damnabilibus
1559 1339 1725 1407 possit
1782 1334 2019 1405 abjungi.
2070 1333 2128 1388 ln

532 1445 952 1502 Manichaeorum
996 1450 1174 1494 autem
1221 1434 1607 1491 scelestissimo
1631 1431 1881 1501 dogmate
1912 1440 2130 1498 prorsus

532 1536 667 1594 nihil
695 1534 941 1601 estquod
968 1548 1034 1587 ex
1062 1530 1165 1585 ulla
1196 1537 1346 1600 parte
1377 1526 1547 1596 possit
1570 1518 2126 1590 tolerabilejudicari.

605 1630 733 1685 CAP.
769 1627 858 1682 Vl.
887 1654 959 1667 —
988 1624 1095 1680 Sed
1128 1637 1245 1689 vos,
1278 1617 1650 1683 dilectissimi,
1682 1629 1818 1686 quos
1862 1611 2020 1665 nullis
2051 1609 2133 1663 di-

534 1722 695 1793 gnius
712 1734 870 1790 quam
893 1718 1031 1771 beati
1064 1716 1203 1770 Petri
1229 1712 1453 1782 apostoli
1482 1711 1728 1775 alloquor
1750 1706 1951 1763 verbis.
1973 1719 2133 1777 genus

536 1813 769 1881 electum,
798 1813 968 1883 regale
997 1807 1361 1873 sacerdotium,
1386 1822 1508 1875 gens
1538 1812 1715 1856 sancta
1734 1842 1749 1867 ,
1782 1800 2003 1872 populus
2045 1814 2133 1849 ac-
2166 1781 2211 1839 Β

535 1906 820 1980 quisitiouis
854 1903 903 1972 (ι
936 1901 1080 1956 Pctr.
1116 1917 1172 1961 tt.
1202 1898 1281 1967 9),
1311 1895 1557 1951 mdiﬁcati
1585 1910 1747 1963 super
1771 1891 2132 1946 inviolabilem

536 2007 744 2070 petram
777 1994 1071 2059 Christum,
1101 1993 1309 2062 ipsique
1360 1988 1587 2041 Domino
1636 1982 1899 2040 Salvatori
1948 1990 2135 2035 nostro

541 2104 642 2161 per
676 2103 855 2142 veram
884 2084 1281 2153 susceptionem
1318 2090 1513 2135 nostra:
1542 2080 1720 2133 carnis
1752 2075 1976 2140 inserti,
2017 2090 2136 2143 prr-

539 2192 753 2237 manete
781 2178 1001 2232 stabiles
1032 2177 1084 2229 in
1116 2191 1176 2229 ea
1211 2174 1313 2227 ﬁde
1344 2189 1502 2243 quain
1534 2170 1764 2225 confessi
1796 2170 1917 2221 esti.
1957 2182 2135 2220 curam

538 2273 725 2329 multis
755 2271 1001 2333 testibus,
1031 2276 1085 2322 et
1114 2266 1166 2321 in
1198 2283 1301 2336 qua
1330 2266 1501 2319 renati
1534 2280 1625 2333 per
1660 2277 1850 2331 aquam
1885 2269 1941 2316 et
1970 2260 2137 2329 Spiri-

542 2375 653 2420 tum
696 2372 943 2417 sanctum
968 2402 981 2423 ,
1025 2360 1308 2428 accepistis
1342 2357 1369 2396 δ
1402 2358 1637 2412 chrisma
1666 2356 1851 2409 salutis
1878 2364 1932 2409 et
1961 2355 2139 2423 signa-

539 2456 720 2512 culum
748 2457 869 2509 vitm
892 2464 1126 2508 aeternae.
1157 2452 1211 2508 St
1238 2453 1358 2520 quis
1385 2459 1563 2504 autem
1589 2449 1742 2503 vobis
1768 2446 1913 2503 aliud
1938 2463 2140 2501 annun-

541 2548 751 2603 tiaverit
782 2556 977 2616 pra-ter
1004 2544 1055 2598 id
1084 2542 1226 2614 quod
1254 2541 1539 2607 didiciSIis,
1568 2542 1852 2595 anathema
1892 2541 1981 2593 sit.
2029 2539 2134 2593 No-

539 2638 637 2694 lite
668 2639 856 2707 impias
888 2637 1093 2690 fabulas
1140 2648 1457 2704 praeponere
1506 2626 1850 2687 fucidissimar
1898 2631 2136 2695 veritati,

538 2741 595 2788 et
632 2729 887 2800 quidquid
924 2737 1110 2783 eontra
1164 2727 1401 2796 regulam
1452 2725 1701 2780 catholici
1750 2733 1805 2778 et
1853 2723 2136 2792 apostolici

537 2823 769 2896 symbuli
799 2830 892 2876 aut
923 2822 1117 2890 legere,
1147 2830 1239 2873 aut
1268 2819 1456 2873 audire
1486 2818 1789 2885 cuntigcrit,
1821 2815 1871 2869 id
1916 2815 2137 2869 omnino

539 2917 874 2975 mortiferum
906 2925 961 2971 et
984 2915 1306 2969 diabolienm
1326 2912 1583 2981 judicate.
1613 2911 1725 2964 Non
1757 2926 1848 2963 vos
1877 2910 2136 2964 sedurant

536 3010 864 3080 deceptoriis
893 3010 1096 3064 artibus
1130 3010 1250 3061 licta
1280 3015 1336 3061 et
1359 3007 1607 3059 simulata
1630 3004 1855 3073 jejunio,
1882 3019 1999 3071 (μιν
2026 3018 2132 3056 ηοη

538 3105 607 3161 ad
655 3103 1076 3174 puriﬁcationem
1100 3145 1115 3168 ,
1158 3101 1253 3155 sed
1291 3102 1356 3153 ad
1388 3100 1742 3169 perditiooem
1769 3100 1880 3169 32
1914 3109 1934 3136 ε
1973 3099 2135 3166 proli-

537 3199 688 3254 ciunt
713 3196 1033 3250 animarum.
1068 3194 1312 3264 Speciem
1343 3192 1557 3262 quidem
1590 3191 1687 3245 sibi
1721 3193 1935 3261 pietatis
1963 3202 2017 3246 et
2045 3206 2135 3247 ca-
2161 3175 2207 3236 (ἶ

538 3290 736 3347 stitatis
765 3298 1067 3351 assumunt,
1103 3286 1197 3341 sed
1231 3286 1331 3341 hoc
1366 3285 1489 3339 dolo
1519 3294 1733 3339 actuum
1773 3298 1994 3339 suorum
2042 3283 2141 3337 ob-

538 3397 701 3440 scena
732 3381 1145 3449 circumtegunt,
1178 3387 1232 3432 et
1261 3375 1286 3414 d
1318 3377 1386 3433 de
1415 3376 1622 3447 profani
1655 3378 1835 3430 cordis
1882 3386 2135 3445 penetra-

540 3474 685 3532 libus
710 3474 884 3541 jacula
917 3473 1111 3541 quibus
1142 3471 1418 3539 simplices
1445 3469 1793 3523 vulnerentur
1839 3469 2129 3522 emittunt:

540 3580 623 3635 ut,
655 3567 789 3620 sicut
820 3567 893 3619 ait
921 3564 1203 3633 propheta,
1229 3564 1539 3633 sagittent-in
1564 3565 1779 3616 obscuro
1802 3571 1963 3617 rectos
1988 3561 2139 3615 corde

543 3660 664 3734 (Ps.
691 3675 744 3723 ι,
771 3659 848 3729 5).
883 3657 1127 3728 Magnum
1157 3657 1460 3725 praesidium
1489 3668 1569 3711 eSt
1598 3656 1727 3711 ﬁdes
1754 3658 1979 3726 integra,
2006 3655 2139 3710 ﬁdes

538 3770 692 3821 vera,
726 3754 777 3807 in
807 3768 909 3823 qua
944 3768 1039 3806 nec
1062 3751 1242 3821 augeri
1268 3751 1336 3805 ab
1363 3752 1472 3804 ullo
1498 3751 1810 3821 quidquam,
1841 3767 1937 3806 nec
1968 3752 2137 3805 minui

542 3854 759 3920 potest:
792 3846 913 3915 quia
948 3846 1049 3899 nisi
1097 3861 1196 3898 una
1242 3854 1363 3910 est,
1419 3843 1548 3898 ﬁdes
1598 3860 1704 3899 non
1753 3858 1874 3912 est,
1925 3845 2140 3901 dicente

543 3940 804 4007 Apostolo
831 3957 843 3991 :
880 3935 1026 3991 Unus
1061 3936 1325 3999 Dominus,
1360 3953 1461 3989 una
1488 3935 1640 4003 ﬁdes,
1670 3954 1829 3991 unum
1859 3938 2138 4007 baptisma;

542 4049 679 4088 unus
709 4031 845 4084 Dcus
868 4038 915 4082 et
944 4028 1099 4081 Pater
1135 4030 1380 4096 omnium,
1410 4029 1496 4097 qui
1524 4046 1674 4100 super
1708 4046 1880 4083 omnes
1902 4071 1916 4096 ,
1957 4039 2005 4084 et
2052 4047 2142 4100 per

544 4124 743 4190 omnia,
776 4131 821 4176 et
847 4123 900 4175 in
933 4119 1167 4174 omnibus
1201 4121 1339 4172 nobis
1373 4120 1589 4190 (Ep/tes.
1624 4136 1695 4183 tv,
1732 4123 1805 4191 5).
1849 4122 1981 4176 Huic
2024 4123 2143 4177 uni-

546 4217 667 4277 tati,
695 4213 1054 4280 dilectissimi,
1083 4213 1418 4266 inconcussis
1448 4214 1715 4267 tltcntilius
1762 4215 2019 4268 inhaercte
2039 4260 2051 4277 ,
2088 4226 2143 4271 et

490 4311 513 4359 ιν
546 4307 600 4364 in
650 4308 750 4360 hac
787 4319 1002 4359 omnem
1043 4304 1304 4358 sectamini
1345 4306 1667 4357 sanctitatem
1704 4304 1863 4377 (Ileb.
1901 4322 1990 4365 xu,
2026 4308 2139 4377 ll),

548 4400 603 4453 in
631 4399 730 4453 hac
759 4399 1041 4467 princeptis
1072 4396 1283 4450 Domini
1315 4398 1601 4462 dcservile,
1636 4400 1756 4468 quia
1784 4401 1895 4453 sine
1922 4401 2025 4469 ﬁde
2048 4402 2137 4455 int-

548 4490 788 4561 possibile
816 4498 887 4543 est
920 4490 1119 4557 placere
1159 4488 1264 4542 Deo
1296 4488 1481 4559 (Hebr.
1528 4505 1602 4550 x1.
1636 4492 1712 4560 li),
1757 4503 1811 4546 ct
1852 4492 1984 4546 nihil
2024 4495 2141 4549 sine

547 4585 640 4640 illa
669 4597 938 4647 sanctum,
964 4582 1095 4637 nihil
1125 4595 1330 4637 castum
1361 4596 1437 4638 eSt
1463 4624 1477 4649 ,
1531 4583 1661 4637 nihil
1713 4586 1887 4639 virum
1918 4605 1928 4639 :
1964 4589 2141 4658 justus
2171 4559 2219 4618 D

547 4679 685 4734 enim
727 4694 792 4732 ea:
832 4678 935 4745 ﬁde
974 4678 1089 4729 rivit
1132 4674 1356 4746 (Habac.
1406 4693 1462 4741 ll,
1493 4677 1584 4745 Is);
1616 4693 1772 4747 quam
1806 4680 1895 4747 qui
1927 4680 2142 4737 diabolo

548 4771 855 4843 decipiente
886 4769 1218 4840 perdiderit,
1269 4770 1453 4824 vivens
1498 4780 1519 4805 ο
1566 4784 1809 4826 mortuus
1855 4783 1969 4840 est,
2019 4775 2139 4845 quia

622 4940 650 4970 ⁸
676 4931 751 4986 Ita
783 4945 913 4985 mss.
944 4928 1050 4983 duo
1078 4928 1137 4982 S.
1175 4927 1337 4991 l’ctri,
1366 4930 1558 4994 quibus
1583 4930 1817 4985 concinit
1842 4930 2012 4985 codex
2039 4932 2139 4984 Ca.

548 5005 783 5060 sinensis
811 5002 1025 5054 collect.
1056 5001 1107 5063 l,
1144 5000 1230 5070 ubi
1263 5001 1577 5061 auathemat,
1613 5001 1746 5056 forte
1785 5017 1878 5070 pro
1924 5003 2140 5057 aname-

548 5076 781 5129 matizot.
818 5071 1026 5140 Vulgati
1056 5080 1111 5124 et
1137 5068 1227 5121 alii
1254 5070 1436 5133 eodd.,
1471 5072 1703 5124 damnat.

619 5143 649 5183 δ
685 5145 809 5207 Ed.,
841 5142 1115 5196 charisma.
1148 5141 1313 5206 Quas.
1342 5169 1412 5179 ——
1458 5141 1563 5195 Nos
1611 5157 1739 5197 vero
1776 5141 1913 5196 hanc
1954 5145 2144 5200 lectio—

552 5232 675 5271 nem
714 5216 766 5269 in
808 5213 952 5269 nulla
998 5214 1253 5273 editione,
1298 5228 1398 5278 qua
1443 5214 1521 5265 usi
1566 5229 1773 5278 sumus,
1818 5216 2140 5281 reperimus.

554 5288 682 5343 Post
706 5300 893 5354 pauca,
921 5282 1117 5354 aliquid
1146 5285 1547 5354 annuntiaverit,
1576 5299 1673 5352 pro
1698 5285 1841 5338 aliud
1866 5292 2143 5342 annuntia-

553 5359 696 5423 verit,
732 5359 782 5411 in
815 5371 945 5410 mss.
978 5355 1037 5409 S.
1073 5353 1213 5406 Petri
1241 5364 1294 5407 et
1323 5355 1488 5422 priuta
1522 5354 1781 5411 editione.

524 5430 527 5432 '
627 5440 651 5468 ο
686 5429 793 5495 AL,
824 5427 1110 5497 proﬁcient,
1135 5423 1329 5497 illiut")
1358 5440 1456 5483 ms.
1497 5425 1615 5480 Vat.

599 5498 651 5584 ,ά
696 5496 829 5555 Mss.
868 5502 926 5553 ὃ.
970 5497 1153 5562 Petri,
1189 5496 1323 5549 Bon.
1364 5504 1419 5550 et
1458 5498 1627 5567 prima
1660 5498 1844 5565 editio,
1879 5500 1941 5555 de
1967 5502 2144 5571 profa-

557 5588 657 5626 πη.

630 5650 653 5679 ο
681 5640 812 5695 Cod.
848 5641 980 5694 Bon.
1008 5648 1063 5694 et
1083 5640 1251 5707 prima
1282 5639 1466 5703 editio,
1501 5649 1732 5694 mortuus
1762 5643 1875 5696 erit.

632 5711 651 5751 ί
687 5714 742 5767 In
771 5712 960 5767 eodem
991 5712 1123 5765 Bon.
1148 5721 1203 5767 et
1233 5712 1399 5780 prima
1427 5712 1685 5776 editione,
1711 5730 1822 5767 nos.

629 5790 653 5829 Ι
693 5784 746 5837 In
796 5798 899 5835 uno
946 5799 1044 5834 ms.
1083 5784 1138 5836 S.
1187 5782 1325 5836 Petri
1362 5782 1445 5835 hic
1485 5798 1663 5839 sermo
1702 5784 2047 5839 inscribitur:
2083 5786 2145 5838 de

2224 686 2396 726 verum
2428 668 2612 732 Deum,
2638 674 2684 719 et
2717 680 2864 734 quem
2892 662 3072 715 misisti
3094 657 3274 713 Iesum
3322 655 3582 712 Christum
3630 651 3695 723 (1
3702 669 3816 708 oon.

2226 778 2358 821 xm.
2374 761 2465 833 3);
2492 757 2510 797 ί
2528 758 2621 830 qui
2639 772 2733 812 vos
2752 755 2900 825 proﬁt
2920 769 3013 810 ere
3034 760 3090 808 et
3112 763 3458 822 perseverare
3477 746 3639 802 faciat
3656 760 3822 813 usque

2229 856 2283 911 in
2326 855 2524 920 finem,
2567 852 2656 921 qui
2694 850 2823 905 vivit
2864 857 2920 905 et
2957 854 3147 918 regnat
3190 860 3312 901 cum
3354 842 3511 898 Patre
3546 850 3603 897 et
3626 839 3822 910 Spiritu

2229 960 2417 1007 sancto
2449 949 2503 1004 in
2534 946 2731 1005 sarcula
2760 944 3106 999 saeculorum.
3138 938 3336 996 Amen.

2613 1084 2850 1143 saeuo
2893 1080 3037 1138 xxv
3080 1079 3188 1152 [Αι.
3229 1074 3447 1148 xxrvt.

2651 1189 2675 1227 κ
2703 1177 2767 1232 In
2802 1176 3087 1232 Natiuitate
3118 1173 3328 1227 Domini
3358 1169 3424 1225 V.

2234 1273 2500 1333 Svuorsrs.
2528 1300 2600 1311 —
2634 1269 2677 1325 1.
2723 1269 2955 1323 Rudibus
3008 1266 3252 1320 Ecclesia:
3294 1263 3416 1327 ﬁliis
3462 1261 3740 1315 debitorem
3783 1277 3834 1316 se

2308 1332 2501 1415 fatetur
2531 1345 2655 1396 Leo.
2691 1340 2811 1395 Non
2837 1340 2894 1415 in
2920 1340 3030 1415 sola
3075 1337 3435 1390 ntaudatorum
3473 1332 3833 1415 ohservantia_,

2309 1402 2397 1471 'sed
2436 1424 2483 1470 et
2521 1416 2574 1467 in
2616 1414 2816 1465 tramite
2857 1410 2980 1480 ﬁdei
3022 1417 3295 1480 angustam
3336 1406 3611 1480 essetnam
3667 1432 3744 1480 _—-—
3773 1402 3834 1458 Il.

2319 1487 2541 1543 Verbum
2572 1483 2720 1537 Patri
2748 1475 2944 1548 wqu'alv
2974 1493 3017 1533 et
3047 1475 3510 1538 consubs'imtiale,
3543 1491 3631 1548 per
3661 1475 3837 1527 incar-

2314 1560 2572 1613 nationem
2609 1554 2767 1609 Patre
2809 1555 3058 1607 minorem
3103 1555 3296 1614 factum
3342 1548 3513 1617 quoad
3559 1547 3841 1600 humanam

2315 1642 2575 1684 naturam.
2624 1656 2696 1668 -
2737 1624 2821 1679 Ill.
2871 1622 3201 1693 Profundinu
3243 1619 3612 1693 incarnationis
3655 1627 3843 1693 myste-

2315 1703 2449 1756 rium
2493 1699 2821 1781 expenditur.
2863 1726 2936 1737 ——-
2981 1689 3075 1776 lV._
3123 1692 3385 1747 Christum
3422 1691 3487 1773 in
3517 1689 3688 1781 fateri
3738 1690 3845 1781 (gae

2312 1757 2737 1843 pranuntiatuut.
2765 1769 2819 1821 in
2851 1766 3241 1843 norainissunt.
3274 1762 3476 1816 nonnisi
3511 1760 3715 1843 Quiritis
3749 1757 3846 1814 Dei

2315 1834 2554 1915 cognosci
2585 1856 2748 1915 posset
2781 1869 2852 1879 -—-
2967 1835 3351 1915 isi_V_erbum
3374 1850 3493 1915 caro
3518 1834 3847 1915 ﬁeretnmors

2312 1902 2548 1985 regnaret
2579 1902 2855 1985 abditam.
2885 1907 3057 1985 Filius
3090 1907 3181 1985 Dei
3214 1908 3360 1985 homo
3388 1906 3575 1985 factus,
3604 1902 3848 1985 ist-homi-

2315 1971 2399 2035 im‘:
2429 1986 2604 2054 ﬁerent
2630 1982 2732 2053 ﬁlii
2764 1981 2879 2036 Dei.
2918 1980 3094 2054 Virtus
3132 1971 3570 2054 baptismalisa—
3619 1974 3706 2030 VI.
3759 1971 3850 2027 In-

2312 2050 2662 2112 carnationetn
2688 2064 2733 2108 et
2765 2052 3066 2124 mysterium
3088 2066 3197 2104 esse
3219 2062 3265 2103 et
3290 2050 3599 2117 exemplum.

2311 2172 2444 2229 Car.
2469 2170 2509 2225 l.
2530 2166 2893 2237 —Quamvis,
2918 2164 3275 2226 dilectissimi.
3307 2162 3593 2219 iuen‘abilis
3614 2160 3687 2215 sit
3720 2161 3851 2217 nati-

2242 2265 2379 2320 vitas
2410 2260 2623 2317 Domini
2670 2261 2836 2314 nosni
2861 2259 2986 2313 lesn
3019 2256 3241 2321 Christi,
3271 2255 3381 2328 83
3407 2270 3510 2325 qua
3540 2269 3600 2310 se
3635 2262 3853 2310 naturae

2241 2369 2442 2415 nostrae
2462 2373 2625 2413 carne
2650 2357 2899 2413 vestivit:
2934 2356 3108 2411 audeo
3134 2366 3311 2409 tamen
3346 2368 3452 2408 non
3491 2352 3559 2407 de
3590 2351 3855 2407 facultate

2242 2467 2359 2507 mea
2390 2450 2418 2489 ιι
2452 2452 2635 2515 ﬁdere,
2670 2451 2761 2504 sed
2793 2451 2862 2506 de
2888 2450 3056 2518 ipsius
3096 2448 3448 2520 inspiratione
3488 2460 3854 2517 prmsumere,

2243 2554 2300 2599 ut
2330 2545 2382 2598 in
2413 2545 2501 2599 die
2524 2544 2613 2615 qui
2659 2542 2675 2580 ί
2710 2542 2763 2597 in
2786 2552 3185 2597 sacramentum
3216 2543 3463 2594 humanae
3492 2536 3859 2594 restitutionis

2240 2638 2443 2691 electus
2464 2644 2568 2697 est.
2593 2636 2792 2705 aliquid
2816 2651 2845 2689 a
2874 2634 3027 2689 nobis
3048 2634 3190 2705 quod
3218 2633 3497 2689 audientes
3528 2634 3702 2701 possit
3725 2632 3860 2686 {Edi-

2240 2729 2402 2784 ﬁcare
2435 2737 2729 2798 promatur.
2762 2727 2875 2782 Non
2909 2729 3051 2783 enim
3084 2728 3204 2797 quia
3236 2725 3407 2796 major
3435 2740 3559 2796 pars
3591 2723 3862 2781 Ecclesia:

2244 2823 2337 2878 Dei
2365 2822 2507 2893 qttod
2535 2822 2707 2877 credit
2738 2821 3018 2891 intelligit,
3052 2820 3173 2875 ideo
3213 2823 3575 2875 necessarium
3622 2835 3736 2874 non
3778 2828 3865 2875 est

2240 2918 2400 2971 etiam
2427 2931 2546 2986 qua:
2574 2914 2717 2969 dicta
2741 2924 2867 2969 sunt
2894 2915 3093 2978 dicere,
3111 2930 3249 2969 cum
3282 2916 3467 2985 utique
3496 2928 3639 2969 nunc
3662 2913 3864 2968 multis

2239 3010 2305 3065 ad
2331 3010 2486 3065 ﬁdem
2513 3010 2740 3079 primum
2771 3008 3105 3065 venientibus
3136 3010 3248 3063 oris
3278 3007 3444 3062 nostri
3480 3006 3725 3062 ofﬁcium
3762 3007 3859 3062 de.

2238 3103 2478 3168 beamus,
2506 3102 2806 3173 meliusque
2828 3102 2896 3156 sit
2918 3102 3107 3156 doctos
3124 3117 3351 3155 onerare
3364 3100 3474 3169 jam
3496 3101 3657 3163 notis,
3690 3114 3866 3171 quam

2240 3196 2401 3252 rudes
2430 3195 2679 3250 fraudare
2708 3194 3000 3249 discendis.
3029 3194 3181 3259 Quod
3211 3209 3339 3264 ergo
3372 3192 3537 3247 Filius
3567 3191 3666 3247 Dei
3698 3236 3716 3257 ,
3767 3190 3867 3261 qui

2239 3304 2359 3345 cum
2385 3289 2541 3345 Patre
2568 3299 2622 3345 et
2648 3288 2847 3358 Spiritu
2875 3301 3061 3343 saneto
3088 3304 3193 3341 non
3237 3290 3394 3342 unius
3434 3298 3681 3355 perime:
3700 3330 3721 3357 ,
3763 3301 3797 3343 ι
3817 3285 3869 3342 ·<ι

2241 3382 2399 3437 unius
2422 3382 2673 3438 essentia
2702 3390 2806 3445 est,
2834 3381 3081 3450 dignatus
3115 3390 3197 3435 est
3230 3380 3243 3431 ἱ
3289 3378 3608 3434 humilitatis
3649 3387 3871 3433 ucstra;

2240 3475 2510 3545 particips
2540 3474 2677 3539 ﬁeri,
2710 3484 2763 3528 et
2789 3489 2928 3528 uotis
2962 3472 3321 3540 passibilium,
3353 3488 3489 3526 unus
3531 3472 3711 3527 voluit
3741 3485 3873 3527 esse

2243 3572 2550 3629 mortalium
2579 3612 2597 3639 ,
2648 3582 2754 3626 tam
2800 3579 3066 3626 sacratum
3113 3580 3330 3639 tamque
3374 3568 3615 3622 mirabile
3644 3580 3766 3632 est,
3808 3575 3871 3623 ut

2244 3671 2381 3724 ratio
2416 3669 2583 3723 divini
2633 3664 2845 3721 consilii
2890 3663 3222 3734 sapientibus
3272 3662 3457 3716 mundi
3508 3670 3702 3731 patere
3754 3676 3873 3717 non

2242 3760 2435 3831 possit,
2470 3758 2572 3813 nisi
2606 3757 2854 3813 humana:
2902 3754 3219 3826 ignorantiae
3270 3755 3520 3809 tenebras
3575 3752 3669 3807 lux
3729 3767 3874 3808 vera

2241 3855 2583 3910 discusserit.
2619 3852 2734 3906 Non
2766 3850 2907 3905 enim
2938 3853 2990 3904 in
3021 3848 3138 3903 solo
3165 3863 3328 3919 opere
3359 3849 3636 3906 virtutum.
3676 3854 3787 3901 aut
3818 3848 3875 3901 in

2241 3947 2357 4001 sola
2396 3946 2735 4000 observantia
2782 3941 3187 4006 mandatorum,
3220 3940 3313 3993 sed
3349 3938 3510 3993 etiam
3544 3936 3598 3991 in
3632 3937 3883 3992 tramite

2245 4038 2367 4092 ﬁdei
2390 4047 2611 4107 angusta
2632 4045 2680 4090 et
2702 4035 2867 4090 ardua
2888 4034 2969 4087 via
2991 4040 3063 4087 est
3078 4048 3191 4101 quia
3207 4033 3349 4085 ducit
3368 4031 3437 4085 ad
3456 4031 3607 4085 vitam
3625 4030 3878 4102 (Matth.

2245 4147 2336 4195 vn,
2368 4129 2495 4199 id);
2526 4139 2580 4185 et
2609 4128 2786 4197 magni
2819 4126 3018 4181 laboris
3046 4135 3129 4180 est
3163 4124 3447 4195 magnique
3486 4124 3879 4192 diSt'ritItittiS,

2248 4224 2387 4278 inter
2413 4221 2604 4276 dubius
2632 4220 2999 4291 imperitorum
3034 4216 3315 4287 opiniones
3336 4228 3389 4272 et
3414 4216 3747 4272 wrisimiles
3774 4217 3884 4272 fal-

2246 4318 2432 4371 sitates
2460 4331 2554 4385 per
2583 4330 2744 4369 unam
2772 4313 2801 4353 κ
2831 4328 2975 4369 same
3002 4310 3266 4367 doctrinm
3292 4310 3539 4364 semitam
3572 4308 3889 4366 inoffensis

2243 4410 2512 4480 gressibus
2538 4409 2848 4472 ambulare;
2884 4414 2939 4462 et
2976 4420 3097 4461 cum
3130 4403 3366 4472 undique
3396 4418 3455 4456 se
3484 4402 3662 4472 laquei
3709 4418 3887 4458 erro-

2244 4503 2318 4555 ris
2346 4512 2638 4570 opponant,
2673 4515 2833 4554 omne
2866 4498 3159 4568 periculum
3203 4496 3540 4565 deceptionis
3586 4495 3883 4551 evadere.
3922 4556 3923 4561 η

2245 4592 2377 4658 Quis
2406 4601 2584 4646 autem
2617 4593 2681 4646 ad
2717 4591 2830 4647 huic
2860 4590 3110 4654 idoneus,
3146 4587 3248 4643 nisi
3280 4588 3373 4658 qui
3405 4586 3597 4657 spiritu
3629 4586 3740 4641 Dei
3776 4588 3889 4641 do-

2245 4696 2399 4739 cetur
2428 4694 2481 4739 et
2510 4684 2756 4755 regitur?
2786 4683 3000 4737 dicente
3031 4679 3293 4751 Aposloln
3325 4698 3339 4735 :
3374 4677 3489 4733 Nos
3529 4686 3718 4733 autem
3769 4695 3891 4733 non
3911 4666 3927 4735 ί,

2244 4781 2485 4849 spiritum
2514 4777 2670 4849 hujus
2703 4777 2880 4831 mundi
2910 4775 3221 4845 accepimus,
3253 4774 3343 4827 sed
3380 4772 3617 4846 spiritum
3661 4774 3775 4844 qui
3818 4754 3938 4829 επὶ

2250 4932 2530 4987 Nativitate
2573 4931 2778 4987 Domini
2825 4942 3005 4987 contra
3045 4933 3351 4996 htereticos;
3392 4929 3446 4985 in
3485 4928 3632 4996 alio,
3669 4941 3899 4989 contra

2243 5005 2459 5058 Juda’os
2482 5016 2529 5059 et
2557 5004 2844 5058 Itwreticos.

2318 5073 2345 5112 ιι
2384 5076 2439 5129 In
2485 5077 2641 5131 editis
2670 5084 2796 5130 ante
2824 5073 3171 5143 Quesnellnm
3210 5082 3262 5127 ct
3304 5074 3354 5126 in
3402 5072 3454 5127 al
3480 5072 3678 5141 quibus
3740 5088 3904 5128 mss.

2247 5147 2399 5201 deest
2430 5147 2609 5216 ﬁdere,
2638 5163 2798 5217 quam
2831 5160 3020 5201 vocem
3046 5144 3345 5214 prtesertitn
3376 5143 3429 5197 in
3465 5160 3593 5196 mss.
3621 5150 3687 5195 ὃ.
3726 5144 3908 5201 Petri

2250 5227 2302 5274 et
2328 5217 2511 5272 Casin.
2542 5217 2867 5272 invenimus.

2325 5288 2341 5325 ί
2386 5288 2536 5344 Ultus
2591 5289 2713 5343 cod.
2768 5288 2826 5345 S.
2888 5283 3073 5349 Petri,
3134 5286 3186 5338 in
3240 5293 3560 5339 sacramento
3615 5284 3914 5342 humana:

2255 5360 2613 5414 restitutionis.
2652 5361 2802 5414 Alius
2832 5357 2890 5414 S.
2918 5358 3065 5411 Petri
3094 5366 3147 5412 et
3169 5366 3400 5427 quatuor
3425 5355 3565 5424 \’at.,
3596 5356 3653 5409 in
3695 5374 3916 5412 sacra-

2258 5441 2425 5485 mento
2455 5429 2698 5485 humana:
2722 5428 3129 5485 restaurationis.

2332 5502 2345 5551 i
2410 5501 2483 5554 lta
2526 5502 2632 5555 duo
2683 5503 2897 5556 codices
2937 5502 2995 5552 S.
3047 5498 3191 5553 Petri
3240 5509 3294 5554 et
3334 5514 3426 5555 sex
3458 5497 3723 5554 Vaticani
3759 5541 3779 5565 ,
3822 5503 3921 5559 uti

2255 5574 2457 5641 pariter
2504 5575 2695 5641 legitur
2728 5588 2845 5640 cap.
2875 5572 2929 5625 5.
2974 5570 3063 5624 AI.
3092 5612 3103 5628 .
3140 5570 3498 5625 humanitatis.
3547 5570 3922 5627 Promiscue

2255 5652 2436 5699 tamen
2483 5659 2641 5698 voces
2685 5642 2952 5697 humilitas
2999 5652 3052 5695 et
3081 5643 3373 5697 Innuanitas
3405 5659 3434 5696 a
3476 5641 3667 5697 Leone
3715 5658 3927 5703 usur.

2261 5723 2476 5785 patitur.

2334 5784 2353 5821 ι
2390 5783 2485 5839 llis.
2518 5786 2575 5839 S.
2607 5784 2774 5847 Petri,
2803 5799 3001 5839 sanam.
