3994 6354
162 339 251 399 ιοο
1578 335 1765 392 SERM

1877 336 2020 395 LXV.

3341 340 3449 400 210

160 456 253 514 Dn
277 461 381 520 est,
413 461 468 507 ut
500 453 723 508 sciamus
745 467 863 523 qua
888 469 921 506 a
962 450 1068 507 Deo
1110 452 1303 506 donata
1344 461 1461 507 sunt
1500 452 1643 505 nobis
1686 450 1743 522 (1
1774 454 1828 515 Α
1852 453 1946 508 vit.
1965 451 2018 507 In
2036 456 2401 525 assumptione
2419 455 2561 511 enim
2580 465 2785 514 natura!
2799 469 2996 517 nostra:
3010 477 3165 519 noots
3180 471 3447 523 tactusest

159 549 262 606 Cor.
296 562 365 615 η,
408 545 525 619 12);
570 556 803 603 canente
844 548 1006 602 etiam
1052 548 1260 602 David:
1305 546 1487 601 Beatus
1530 555 1556 585 ι
1596 548 1748 601 homo

156 660 289 714 quem
321 654 385 697 tu
410 640 686 707 audieris,
719 640 956 709 Domine,
983 653 1029 696 ct
1051 641 1115 696 de
1134 647 1243 715 lege
1266 653 1353 696 tua
1380 642 1611 697 docueris
1634 656 1748 695 cum

160 735 263 809 (Ps.
298 753 462 803 xcut,
497 739 613 811 ιε).

212 827 347 886 Car.
384 830 453 886 II.
482 860 557 872 —
596 831 867 888 Habentes
909 831 1090 904 itaque
1113 872 1130 899 ,
1178 832 1557 901 dilectissimi,
1608 833 1752 890 inter

161 926 386 998 pericula
413 926 621 982 erroris
649 926 895 996 praesidia
935 929 1214 995 veritatis,
1253 938 1309 983 et
1354 944 1458 985 non
1504 930 1752 986 humanae

159 1018 433 1089 sapientiae
462 1019 663 1083 verbis,
686 1019 781 1075 Sed
804 1020 1045 1075 doctrina
1075 1022 1311 1091 Spiritus
1336 1024 1508 1077 sancti
1530 1024 1749 1090 eruditi,

156 1112 290 1184 quod
314 1112 617 1167 didicimus
636 1111 664 1151 δ
685 1112 977 1179 credimus,
1012 1115 1154 1185 quod
1183 1116 1458 1172 credimus
1491 1118 1751 1186 praedica-

158 1222 291 1273 mus,
323 1206 423 1263 Dei
468 1205 664 1263 Filium
705 1220 830 1263 ante
870 1208 1062 1263 saeula
1103 1225 1133 1263 a
1178 1210 1335 1265 Patre
1375 1215 1655 1281 genitum,
1699 1222 1757 1270 et

159 1300 291 1356 Patri
317 1300 658 1370 sempiterna
688 1313 743 1355 et
772 1302 1215 1357 consubstantiali
1262 1305 1571 1374 aequalitate
1612 1322 1754 1361 coae-

158 1404 390 1458 ternutn,
410 1394 631 1448 venisse
650 1394 703 1448 in
723 1395 865 1448 hunc
886 1397 1140 1450 mundum
1166 1411 1262 1466 per
1284 1407 1493 1452 uterum
1524 1398 1756 1469 Virginis

164 1497 182 1525 ε
209 1487 263 1540 in
295 1488 405 1540 hoc
433 1498 835 1541 sacramentum
865 1488 1079 1557 pietatis
1105 1491 1292 1543 electte
1313 1532 1327 1555 ,
1364 1489 1416 1543 in
1458 1506 1560 1560 qua
1595 1500 1650 1545 et
1690 1507 1757 1547 ex

161 1595 253 1649 qua
291 1579 577 1649 cdi/icauit
608 1580 703 1633 sibi
733 1579 1001 1651 Sapientia
1030 1582 1238 1634 domum
1270 1582 1453 1651 (Prov.
1488 1599 1560 1649 Ix,
1595 1586 1674 1652 1),
1705 1593 1759 1639 et

160 1674 385 1729 formam
416 1674 525 1729 sibi
559 1675 703 1728 servi
744 1675 796 1728 in
842 1675 1248 1730 similitudinem
1292 1677 1472 1732 carnis
1511 1680 1759 1748 peccati,

160 1766 621 1822 inccnimutahilis
680 1766 836 1822 Verbi
885 1767 1063 1822 Deitas
1103 1771 1371 1838 coaptavit
1412 1770 1592 1842 (Rom.
1640 1787 1756 1837 vttt,

1852 545 2049 614 grados
2076 562 2180 616 quo
2208 548 2273 601 ad
2300 548 2476 617 ipsum
2507 566 2603 621 per
2634 550 2809 623 ipsum
2840 557 3106 626 possimus
3128 562 3445 619 ascendere.

1853 637 1982 692 Nam
2016 638 2103 693 illa
2130 643 2365 696 essentia
2396 658 2516 713 qua:
2545 660 2758 717 semper
2787 648 2983 719 uh‘que
3012 660 3120 706 tota
3152 662 3257 719 est,
3290 654 3452 712 locali

1853 731 2208 790 descensione
2238 751 2342 789 non
2370 738 2536 807 eguit,
2564 749 2618 793 et
2647 750 2751 796 tam
2779 742 2826 798 ei
2855 746 3128 816 proprium
3157 748 3253 804 iuit
3283 759 3449 807 totam

1856 823 2059 879 homini
2104 828 2294 890 inseri,
2342 845 2501 899 quam
2538 831 2585 886 ei
2619 836 2891 904 proprium
2923 849 3006 892 est
3036 848 3201 897 t0tam
3233 859 3263 897 a
3295 844 3455 902 Pner

1856 932 1963 971 non
1991 918 2175 973 dividi.
2207 920 2381 977 Manet
2409 937 2567 993 ergo,
2600 928 2742 993 quod
2786 929 2837 981 in
2879 930 3130 1004 principio
3168 946 3278 989 erat
3325 936 3456 992 Ver-

1858 1008 1976 1062 bum
2006 1008 2186 1078 (Joan.
2221 1026 2259 1077 t,
2294 1011 2374 1080 i),
2406 1025 2459 1069 et
2486 1031 2592 1070 non
2625 1028 2706 1073 est
2735 1020 2781 1073 ei
2815 1022 3066 1078 accidens
3093 1035 3150 1081 ttt
3190 1029 3332 1097 quod
3368 1039 3457 1085 est

1856 1102 2146 1172 aliquando
2169 1122 2272 1159 non
2297 1104 2478 1163 fuerit.
2503 1109 2846 1180 Sempiterne
2865 1116 3008 1171 enim
3044 1117 3243 1185 Filius.
3281 1121 3457 1181 Filius

1858 1204 1941 1248 est
1958 1209 1973 1258 ;
1993 1206 2045 1250 et
2068 1198 2395 1265 sempiterne
2420 1200 2598 1265 Pater.
2625 1204 2784 1260 Pater
2799 1218 2899 1262 est.
2920 1207 3072 1265 Unde
3093 1226 3212 1267 cum
3232 1215 3347 1285 ipse
3368 1217 3457 1273 Fit-

1861 1284 1961 1338 Iiu~
1980 1286 2151 1341 dicat:
2180 1288 2281 1354 Qui
2302 1292 2434 1346 videt
2455 1310 2555 1359 me,
2579 1296 2713 1350 videt
2735 1309 2781 1351 ct
2805 1297 3017 1356 Patrem
3043 1302 3222 1374 (Joan.
3247 1284 3355 1368 xtv.
3378 1308 3454 1381 9),

1861 1379 2150 1434 exetecavit
2183 1388 2255 1444 te,
2286 1397 2317 1434 ο
2347 1384 2619 1450 baeretice,
2652 1387 2901 1458 impietas
2929 1403 3047 1460 tua,
3082 1405 3138 1450 ut
3166 1398 3258 1467 qui
3294 1379 3459 1469 maje-

1863 1482 2055 1526 statetn
2088 1472 2208 1529 Filii
2243 1492 2347 1530 non
2379 1479 2579 1544 vidisd,
2610 1480 2784 1537 l’atris
2812 1485 3037 1555 gloriam
3067 1504 3173 1544 non
3204 1492 3415 1549 videres
3441 1512 3458 1551 :

1862 1562 2092 1619 dicendo
2121 1569 2261 1622 enim
2294 1569 2529 1637 genitum
2562 1590 2681 1631 esse
2708 1576 2797 1644 qui
2830 1593 2937 1633 non
2961 1590 3107 1650 erat,
3142 1582 3336 1641 Filium
3374 1602 3460 1642 ast

1864 1657 2000 1710 seris
2031 1663 2413 1729 temporalem;
2441 1675 2494 1718 et
2520 1665 2647 1719 dum
2689 1666 2883 1725 Filium
2930 1676 3130 1730 asseris
3181 1688 3458 1747 tempora-

1868 1746 1998 1815 lem,
2029 1746 2058 1785 δ
2086 1751 2262 1806 credis
2294 1753 2503 1810 Patrem
2538 1772 2658 1814 esse
2696 1763 3029 1822 mutabilem.
3058 1768 3170 1839 85
3209 1746 3462 1828 Mutabile

160 1860 245 1932 '5):
277 1864 331 1916 in
362 1861 524 1916 nullo
551 1861 694 1932 apud
724 1876 782 1917 se
812 1872 866 1917 et
895 1862 1106 1917 Patrem
1133 1875 1187 1918 et
1213 1863 1471 1932 Spiritum
1511 1878 1756 1921 sanctum
1791 1852 1837 1912 Β
1863 1842 2006 1897 enim
2029 1855 2133 1911 esl'
2170 1862 2274 1900 "0"
2306 1851 2478 1903 50mm
2508 1852 2647 1919 quo"
2682 1854 2961 1922 mi'wi'ur’
2995 1861 3091 1912 sed
3119 1862 3279 1915 “iam
3307 1864 3462 1930 (μήδ’

162 1955 330 2009 minor
362 1954 543 2024 gloria
570 1970 710 2009 sua:
743 1955 864 2024 quia
895 1955 1310 2009 diminutionem
1349 1966 1403 2011 et
1437 1956 1549 2029 84
1587 1960 1763 2015 varie-

164 2056 310 2103 tatem
334 2063 578 2102 summae
600 2057 657 2102 et
682 2058 902 2102 :cterna‘.
926 2049 1175 2104 essentia:
1200 2060 1388 2104 natura
1422 2068 1525 2106 non
1551 2053 1761 2122 recipit.

162 2140 381 2210 PrOpter
414 2156 662 2196 nosmttn
709 2153 889 2197 autem
940 2143 1307 2197 inﬁrmitatem
1351 2147 1659 2201 extennavit
1704 2162 1764 2203 se

163 2232 511 2301 incapacibus
543 2233 650 2298 sui,
684 2232 711 2269 ἀ
744 2242 799 2287 et
831 2233 1092 2288 velamine
1127 2235 1372 2303 corporis
1417 2237 1762 2305 splendorem

164 2324 455 2394 majestatis
482 2338 625 2390 sua),
659 2340 819 2394 quem
860 2324 1008 2379 visus
1050 2325 1326 2380 hominum
1370 2344 1475 2381 non
1523 2330 1760 2399 ferebat,

162 2417 376 2473 obtexit.
414 2418 576 2474 Unde
606 2418 771 2473 etiam
800 2418 1113 2474 exinanisse
1141 2436 1200 2475 se
1226 2420 1422 2475 dicitur
1448 2420 1670 2495 (Philip.
1702 2439 1763 2492 ll,

163 2515 231 2581 7),
265 2522 554 2583 tamquam
587 2528 647 2568 se
679 2518 891 2583 propria
920 2514 1120 2570 virtute
1145 2520 1521 2583 evacuaverit,
1552 2520 1679 2573 dntu
1714 2522 1763 2573 in

164 2620 215 2660 ea
244 2606 564 2661 humilitate
589 2623 695 2677 qua
727 2610 881 2662 nobis
906 2608 1195 2668 consuluit.
1230 2624 1336 2663 non
1372 2611 1547 2665 solum
1582 2611 1763 2678 Patre,

163 2699 242 2753 sed
270 2699 440 2753 etiam
472 2699 660 2763 εείιδο
692 2700 861 2754 iactus
888 2710 970 2755 est
1014 2699 1256 2755 inferior.
1302 2699 1409 2756 Nec
1450 2704 1649 2773 aliquid
1690 2704 1766 2760 illi

166 2793 250 2847 hac
278 2792 648 2847 inclinatione
674 2792 941 2862 decessit,
974 2793 1061 2847 cui
1102 2809 1224 2848 cum
1266 2794 1427 2850 Patre
1467 2806 1522 2850 et
1564 2798 1767 2867 Spirittt

164 2896 339 2939 sancto
360 2927 377 2949 ,
426 2885 536 2939 hoc
575 2884 720 2953 quod
757 2893 841 2940 est
872 2894 895 2921 ο
926 2900 1078 2949 esse,
1108 2901 1396 2943 commune
1424 2901 1505 2942 est
1531 2906 1542 2940 :
1579 2896 1636 2943 ut
1668 2890 1770 2945 hoc

167 2980 325 3047 ipsum
350 2978 729 3048 intelligamus
749 2979 814 3032 ad
838 2980 1284 3046 ninnipotentiam
1310 2982 1600 3049 pertinere,
1625 2982 1768 3051 quod

166 3072 243 3141 qui
272 3072 589 3126 seettndutn
621 3080 804 3125 nostra
838 3071 1015 3126 minor
1054 3082 1157 3138 est,
1207 3074 1502 3128 secundum
1551 3078 1770 3144 propria

168 3164 331 3217 minor
359 3179 473 3218 non
504 3175 615 3219 est.
646 3164 777 3229 Quia
808 3166 951 3218 enim
981 3165 1067 3218 luit
1100 3165 1165 3220 ad
1208 3168 1545 3233 obcaecatos,
1597 3169 1769 3224 virtus

1864 1937 1990 2005 quid
2022 1949 2279 2007 augetur;
2310 1950 2363 1996 et
2393 1941 2438 1996 si
2483 1943 2604 1998 ideo
2659 1945 2797 2001 Patri
2849 1949 3022 2020 impar
3068 1961 3151 2007 est
3196 1954 3462 2023 Genitus,

1865 2029 2012 2099 quia,
2046 2041 2101 2085 ut
2135 2031 2230 2086 lilii
2259 2032 2498 2102 videtur,
2537 2039 2845 2107 generando
2891 2057 3015 2097 eum
3061 2046 3151 2114 qui
3200 2062 3304 2101 non
3346 2061 3463 2105 erat

1864 2125 2070 2194 genoit,
2106 2127 2420 2196 imperfecta
2457 2142 2569 2185 erat
2620 2134 2781 2188 etiam
2828 2138 3138 2205 generantis
3184 2145 3416 2199 essentia
3445 2186 3462 2213 ,

1866 2232 1988 2287 qua:
2024 2216 2042 2255 ί
2074 2219 2140 2272 ad
2172 2218 2474 2276 habendum
2524 2224 2666 2293 quod
2717 2241 2823 2282 non
2873 2228 3096 2297 habuit,
3149 2237 3464 2303 generando

1869 2311 2114 2380 profecit.
2149 2313 2253 2369 Sed
2285 2318 2422 2371 hanc
2454 2319 2670 2386 impiam
2710 2324 3121 2390 perversitatem
3154 2336 3300 2384 tuam
3331 2332 3464 2386 lides

1869 2404 2132 2461 catholica
2162 2419 2476 2464 exsecratur
2504 2423 2553 2466 et
2588 2413 2836 2482 damnat;
2866 2431 2986 2486 quas
3013 2417 3064 2473 in
3102 2419 3312 2477 Deitate
3339 2440 3466 2481 vera

1869 2497 2000 2552 nihil
2028 2501 2442 2564 temiioralitatis
2470 2506 2730 2573 agnoscit,
2760 2508 2853 2562 sed
2883 2511 3037 2565 unius
3064 2516 3467 2582 sempiteruita-

1870 2592 1936 2646 tis
1962 2601 2015 2647 et
2045 2592 2261 2650 Patrem
2292 2597 2598 2665 conﬁtetur,
2629 2614 2682 2657 et
2713 2603 2905 2660 Filium
2932 2626 2943 2659 :
2975 2610 3096 2677 quia
3120 2610 3377 2680 splendor
3396 2629 3467 2670 ex

1872 2683 1989 2739 luce
2016 2696 2168 2741 Ortus
2196 2704 2304 2743 non
2332 2700 2415 2745 est
2442 2691 2562 2748 luce
2590 2698 2853 2764 posterior
2872 2739 2887 2762 ,
2919 2710 2973 2752 et
3019 2700 3111 2755 lux
3146 2706 3273 2757 'vera
3312 2720 3469 2759 num-

1871 2791 2029 2846 quam
2062 2790 2143 2833 est
2172 2781 2252 2835 sui
2281 2782 2581 2849 Splendoris
2607 2785 2807 2857 indiga.
2833 2790 2911 2844 sic
2939 2792 3295 2849 substantiale
3324 2810 3468 2850 sent-

1874 2885 1967 2938 per
1996 2870 2199 2927 habens
2229 2873 2457 2945 fulgere,
2486 2878 2626 2932 sicut
2660 2880 3009 2939 substantiale
3052 2899 3269 2955 semper
3308 2888 3471 2943 habet

1874 2964 2129 3022 existere.
2154 2966 2323 3038 Hujus
2345 2979 2523 3025 autem
2547 2973 2847 3042 splendoris
2869 2979 3248 3045 mttnitesratio,
3284 2982 3471 3038 missio

1874 3055 2107 3125 dicitur,
2159 3076 2261 3129 qua
2310 3061 2557 3119 Chrisms
2604 3067 2804 3122 mundo
2849 3072 3119 3138 apparuit.
3154 3083 3169 3123 ι
3208 3073 3465 3139 Quicum

1875 3152 2050 3204 omnia
2082 3151 2337 3207 invisibili
2372 3156 2652 3226 majestate
2681 3174 2775 3213 sua
2821 3175 3035 3232 semper
3080 3166 3354 3234 impleret,
3391 3177 3470 3221 ta-

170 3255 225 3310 id
251 3258 584 3324 imbecilles,
613 3259 984 3315 misericordia
1017 3262 1251 3332 I.espeiiii
1297 3264 1362 3317 ad
1397 3266 1624 3321 miseriis
1645 3306 1661 3332 ’
1703 3267 1772 3323 de
1799 3242 1846 3306 C
1879 3260 1997 3299 men
2032 3248 2182 3315 quasi
2211 3247 2280 3303 de
2309 3250 2672 3306 remotissima
2706 3253 3079 3325 altissimoqtte
3117 3268 3361 3327 secreto,
3407 3262 3473 3317 iis

172 3364 349 3420 uagina
386 3350 595 3405 factum
623 3364 704 3405 est
740 3349 760 3389 τ
797 3361 1083 3422 potestate,
1115 3366 1171 3407 ut
1202 3353 1296 3409 Dei
1332 3353 1496 3410 Filius
1527 3359 1775 3412 substan-

172 3441 283 3496 tiam
310 3442 616 3497 humanam
647 3458 969 3515 causamque
997 3452 1315 3511 susceperit,
1345 3450 1433 3515 qui
1460 3456 1513 3502 et
1535 3461 1771 3504 nuStraut

174 3549 413 3589 naturam
446 3550 612 3606 quam
642 3536 884 3592 condidit
907 3536 1247 3605 reformaret,
1275 3550 1331 3595 et
1356 3552 1586 3595 mortem
1611 3557 1771 3613 quam

176 3642 269 3681 non
288 3626 422 3683 fecit
454 3630 725 3682 aboleret.

234 3721 365 3776 Car.
417 3721 509 3776 Ill.
562 3752 632 3762 —
682 3722 997 3793 Repudiatis
1041 3722 1205 3795 igitur
1256 3725 1519 3797 longeque
1558 3726 1774 3797 rejectis

178 3814 423 3867 omnibus
450 3815 802 3882 opinionibus
834 3816 1141 3886 impiorum,
1176 3818 1370 3886 quibus
1416 3830 1505 3873 aut
1547 3821 1775 3875 stultitia

178 3918 245 3958 est
272 3916 297 3953 ε
326 3906 590 3962 Christus
610 3918 699 3961 aut
720 3908 1056 3975 scandalum,
1082 3912 1312 3966 exsultet
1336 3925 1602 3968 reetarum
1628 3930 1778 3969 men-

180 3999 294 4051 tium
326 3998 487 4063 t'ides,
514 4008 573 4052 et
597 4015 779 4053 verum
806 4016 1077 4071 unumque
1100 4002 1191 4056 Dei
1218 4002 1435 4068 Filium,
1466 4020 1570 4059 non
1595 4010 1773 4062 solum

180 4092 468 4146 secundum
512 4090 781 4148 Deitatent
819 4110 921 4163 qua
962 4110 991 4148 a
1026 4095 1185 4152 Patre
1220 4099 1455 4168 genitus,
1486 4099 1579 4155 sed
1609 4102 1774 4156 etiam

182 4185 469 4239 secundum
519 4184 909 4242 humanitatem
955 4204 1059 4259 qua
1106 4190 1174 4245 de
1221 4200 1395 4247 matre
1430 4192 1648 4263 Virgine
1691 4205 1777 4249 est

182 4288 346 4342 natus,
376 4277 673 4347 intelligat.
706 4277 826 4348 Ipse
854 4290 937 4334 est
967 4282 1111 4336 enim
1142 4282 1196 4336 in
1229 4282 1529 4341 humilitate
1570 4295 1771 4353 nostra,

182 4372 258 4439 qui
302 4384 389 4427 est
433 4372 489 4426 in
537 4372 821 4443 majestate
864 4374 1042 4429 divina
1070 4418 1084 4441 ,
1128 4391 1289 4432 verus
1328 4376 1491 4432 homo
1531 4389 1586 4435 et
1616 4396 1776 4436 verus

184 4462 341 4522 Deus:
373 4466 746 4535 sempiternus
776 4466 829 4521 in
862 4468 973 4521 suis
994 4510 1009 4535 ,
1058 4470 1374 4538 temporalis
1429 4472 1480 4524 in
1530 4471 1773 4538 nostris;

185 4572 334 4611 unum
367 4574 497 4613 cum
534 4559 694 4615 Patre
725 4560 777 4613 in
809 4560 1141 4626 substantia,
1172 4577 1294 4632 quae
1343 4579 1633 4632 numquam
1679 4563 1779 4619 fuit

1878 3340 2076 3409 quibus
2103 3352 2221 3397 erat
2248 3344 2462 3413 ignotus
2489 3345 2728 3413 advenit,
2751 3363 2874 3404 cum
2900 3351 3198 3407 caecitatem
3223 3354 3475 3424 ignoran-

1880 3434 1968 3487 tize
1997 3435 2231 3498 sustulit.
2262 3446 2338 3503 et,
2368 3439 2506 3493 sicut
2535 3441 2792 3510 scriptum
2821 3454 2926 3512 est,
2949 3446 3241 3501 sedentibus
3264 3449 3316 3502 in
3339 3458 3475 3503 teuc-

1878 3524 1980 3578 bris
2012 3537 2056 3579 et
2086 3530 2136 3579 in
2159 3528 2337 3581 umbra
2366 3533 2561 3597 mortis,
2593 3534 2683 3587 tua:
2706 3543 2820 3588 orta
2844 3546 2918 3590 est
2949 3538 3018 3591 ris
3046 3536 3201 3608 (Isci.
3234 3554 3308 3605 Ix,
3340 3539 3422 3612 2).

1949 3616 2078 3673 CAP.
2113 3619 2202 3675 IV.
2226 3650 2297 3662 —-
2316 3622 2576 3689 Quamvis
2600 3626 2742 3680 enim
2774 3630 2933 3683 etiam
2961 3631 3230 3699 prioribus
3260 3634 3476 3689 smcnlis

1879 3709 1944 3763 ad
1977 3711 2429 3770 illuminationem
2456 3727 2766 3774 sanctorum
2797 3731 3004 3790 patrum
3025 3724 3478 3793 etproiiltetarttm

1880 3804 2061 3860 lumen
2104 3808 2344 3863 veritatis
2374 3810 2631 3865 emissum
2663 3814 2765 3880 sit,
2810 3815 3025 3871 dicente
3057 3818 3251 3873 David:
3284 3816 3479 3873 Emitte

1878 3901 2042 3955 lucem
2065 3911 2205 3956 tuam
2235 3912 2279 3956 et
2301 3904 2562 3958 veritatem
2588 3915 2725 3960 tuam
2766 3907 2943 3979 (Psal.
2977 3925 3105 3972 xui,
3137 3911 3231 3981 5);
3287 3920 3343 3966 et
3390 3911 3477 3966 di-

1879 3996 2050 4050 versis
2090 3998 2264 4052 modis
2296 3998 2589 4067 multisque
2620 4000 2788 4071 signis
2835 4017 2997 4070 opera
3032 4006 3334 4071 praesentia:
3366 4018 3479 4059 suae

1884 4089 2064 4144 Deitas
2094 4088 2214 4143 Filii
2239 4087 2263 4127 ’κ
2295 4090 2619 4158 declararit;
2649 4107 2839 4148 omnes
2865 4106 3040 4149 tamen
3073 4095 3179 4149 illae
3209 4096 3479 4163 signiﬁca-

1882 4185 2078 4249 tiones,
2107 4197 2410 4256 cunctaque
2434 4188 2715 4254 miracula,
2749 4189 3056 4243 testimonia
3091 4189 3304 4243 fuerunt
3325 4189 3478 4244 istius

1882 4276 2157 4331 miSSionis
2189 4279 2256 4332 de
2283 4294 2387 4347 qua
2412 4278 2544 4333 dicit
2566 4278 2887 4342 Apostolus:
2919 4278 3044 4335 Cum
3068 4295 3187 4350 ergo
3217 4283 3349 4334 renit
3376 4280 3482 4347 ple-

1880 4370 2062 4423 nitudo
2084 4370 2343 4440 temporis,
2376 4370 2513 4424 misit
2537 4370 2676 4424 Deus
2698 4368 2895 4424 Filium
2926 4388 3098 4437 suum,
3139 4370 3156 4408 ι
3192 4372 3386 4441 factum
3416 4389 3481 4426 ea:

1880 4460 2118 4525 muliere,
2148 4464 2341 4530 factum
2367 4463 2459 4515 sub
2482 4462 2591 4534 lege
2617 4461 2812 4532 (Galat.
2846 4478 2920 4527 tv,
2955 4462 3031 4531 4).
3058 4463 3193 4529 Quid
3219 4479 3349 4518 vero
3376 4463 3480 4517 hoc
3571 4496 3577 4501 -

1883 4566 1988 4623 est,
2038 4556 2136 4609 nisi
2186 4554 2418 4609 Verbum
2460 4570 2679 4609 carnem
2714 4554 2851 4623 fieri,
2901 4555 3249 4611 Conditorem
3293 4558 3480 4610 mundi

184 4651 351 4705 minor
379 4651 571 4718 Patre,
597 4667 759 4706 unum
781 4665 903 4707 cum
929 4662 1100 4709 matre
1122 4654 1176 4709 in
1203 4669 1431 4725 corpore
1456 4657 1600 4727 quod
1626 4673 1779 4713 crea-
1806 4634 1862 4696 D
1888 4670 1984 4727 per
2018 4662 2231 4708 uterum
2256 4649 2491 4721 Virginis
2527 4651 2710 4717 nasci,
2742 4649 3024 4706 Dominum
3058 4650 3355 4719 maiestatis
3386 4652 3482 4704 ltu-

249 4822 273 4882 P
304 4813 361 4867 In
386 4812 570 4882 prima
598 4811 838 4868 editione
866 4812 1018 4867 deest
1058 4814 1232 4869 homo.

247 4881 275 4921 δ
306 4885 439 4959 bisti.
461 4881 783 4959 §._Petri‘et
814 4900 950 4938 unus
976 4883 1117 4951 νειμ,
1160 4886 1418 4959 credimus
1450 4895 1498 4940 et
1526 4889 1781 4959 prwdica-

187 4972 286 5031 ξω
312 4953 417 5009 Dei
452 4951 659 5031 ilium
680 4952 866 5031 ⁵ιὶεὲηι
908 4967 1028 5009 ante
1063 4956 1256 5031 secula
1284 4973 1314 5009 a
1344 4954 1500 5031 Patre
1525 4951 1775 5031 'genitum.

188 5025 353 5080 Prima
388 5027 563 5079 s-tlitiu
590 5025 736 5080 addit
766 5024 951 5087 Deum,
977 5035 1031 5082 et
1058 5028 1257 5082 omittit
1277 5045 1307 5080 α
1335 5028 1509 5085 Patre.

252 5108 273 5165 ς
306 5096 482 5151 Codd.
514 5097 575 5152 S.
607 5097 772 5165 Petri,
802 5099 855 5151 in
882 5097 977 5151 hoc
1004 5110 1349 5153 sacramento.

248 5164 274 5204 δ
296 5167 351 5221 1η
384 5182 521 5223 mss.
558 5167 617 5223 S.
645 5168 809 5225 Petri.
841 5178 895 5224 et
924 5186 1031 5224 uno
1061 5169 1181 5226 Vat.
1226 5186 1290 5227 ac
1314 5171 1554 5230 editione
1578 5173 1782 5232 Veneta

188 5254 266 5293 an.
312 5239 477 5300 1485,
508 5252 558 5292 et
588 5240 671 5294 sui
692 5242 959 5295 velamine.

249 5319 272 5386 ξ
306 5312 383 5386 Ita
413 5311 579 5365 codd.
609 5312 816 5386 Quesn.
849 5324 902 5368 et
931 5312 1175 5386 plerique
1202 5315 1403 5383 nostri;
1426 5318 1522 5373 sed
1549 5316 1602 5373 in
1624 5326 1783 5375 antea

186 5382 407 5447 vulgatis
434 5398 550 5438 esse
575 5384 782 5439 aberat.

248 5453 270 5492 ί
296 5456 389 5509 Al.
418 5458 473 5509 in
500 5470 609 5508 uno
645 5454 794 5522 Vat.,
830 5456 1037 5526 pietate.
1066 5456 1187 5513 Mox
1219 5458 1326 5512 duo
1371 5456 1517 5523 Vat.,
1549 5460 1781 5515 substan-

188 5528 313 5599 tiam,
358 5526 755 5599 humanamque
798 5545 1007 5583 causam
1033 5532 1333 5599 susciperet.
1379 5529 1438 5585 In
1486 5533 1674 5588 codice
1722 5532 1779 5588 S.

186 5594 314 5672 Petri
344 5598 607 5652 similiter
640 5594 832 5671 legitur
861 5594 1331 5672 suscipercthein
1362 5603 1415 5658 in
1448 5604 1637 5659 iisdem
1666 5604 1783 5659 Vat.

185 5669 327 5724 deest
344 5680 604 5723 nostram.

245 5739 276 5782 ⁸
302 5742 451 5796 Edtti
478 5754 609 5813 ante
641 5741 845 5811 Queen.
878 5752 934 5799 et
970 5744 1153 5813 plures
1183 5748 1352 5801 nostri
1384 5746 1618 5812 codices,
1647 5746 1788 5802 Crux

185 5811 392 5891 Christi.
428 5818 499 5891 Ai
539 5812 776 5891 Christus
816 5825 902 5872 est
943 5811 996 5891 in
1034 5833 1137 5891 ms.
1167 5817 1226 5873 S.
1284 5820 1450 5876 Petri.
1494 5820 1787 5891 Aliquanto

185 5895 323 5955 post,
367 5887 432 5940 in
474 5886 770 5941 humilitate
816 5903 915 5959 pro
959 5889 1015 5943 in
1061 5888 1400 5955 humanitate,
1449 5907 1571 5948 cum
1600 5886 1782 5959 'Ques-

1884 4816 2031 4873 nello
2073 4813 2396 4870 retinuimus
2430 4826 2495 4867 ex
2535 4810 2779 4880 pluribus
2822 4820 2878 4866 et
2931 4811 3235 4882 potioribus
3280 4813 3482 4868 nostris

1884 4887 2092 5041 cogita
2114 4956 2312 5041 melius
2336 4970 2399 5010 ex
2428 4952 2586 5008 codd.
2617 4953 2854 5009 S.Petri.
2881 4953 3021 5010 Editi
3045 4968 3169 5009 cum
3188 4954 3308 5010 aliis
3325 4968 3481 5020 mss.,

1886 5031 2296 5158 creid'giiilt'ibnes
2334 5100 2664 5159 posteriores
2701 5095 2871 5167 prima
2902 5104 2960 5153 et
2985 5098 3285 5153 anteriores
3306 5096 3483 5164 Ques-

1890 5175 2059 5235 nello.
2096 5171 2385 5225 adhibendo
2418 5170 2555 5235 quod
2587 5186 2686 5222 non
2723 5168 2929 5232 habuit,
2978 5170 3274 5239 generando
3318 5170 3486 5238 perfe-

1891 5248 1978 5302 cit.
2006 5244 2249 5301 Potiores
2275 5241 2489 5298 codices
2515 5241 2797 5297 lectionem
2823 5241 2990 5297 textui
3009 5243 3266 5297 insertam
3289 5256 3484 5311 appro-

1890 5319 2086 5443 δ”ῗίὲρ
2120 5405 2234 5442 cum
2262 5386 2432 5441 omnia
2459 5386 2513 5442 in
2545 5384 2752 5441 duobus
2784 5399 2916 5439 mss.
2954 5383 3072 5437 Vat.
3099 5392 3153 5437 et
3178 5383 3342 5450 prima
3368 5382 3477 5436 edi-

1892 5461 2060 5516 tione.
2116 5459 2249 5514 Dt-in
2282 5458 2491 5513 abstulit
2531 5473 2629 5528 pro
2673 5454 2879 5511 sustulit
2910 5456 2960 5508 in
2992 5456 3255 5523 aliquibus
3284 5456 3482 5528 nostris

1891 5533 2073 5593 cttdt|..
2118 5534 2209 5600 qui
2258 5530 2421 5586 etiam
2473 5524 2765 5601 praeterunt
2810 5528 3245 5598 COIIjUDCliOIlem
3299 5533 3381 5592 et,
3428 5524 3485 5581 in

1893 5605 2052 5660 editis
2074 5616 2197 5658 ante
2218 5603 2423 5669 Qttesn.
2447 5604 2721 5656 trinissam.

1967 5674 1992 5713 ιι
2028 5676 2100 5730 Ita
2128 5690 2191 5728 (ιχ
2215 5666 2427 5728 duobus
2451 5688 2580 5729 mss.
2612 5672 2671 5729 S.
2704 5671 2848 5726 Petri
2879 5679 2928 5726 et
2957 5683 3071 5724 uno
3117 5666 3239 5724 Vat.
3270 5666 3485 5725 colleCI.

1896 5748 1947 5803 5.
1980 5749 2087 5807 ΑΙ..
2120 5747 2417 5804 declaravit.

1973 5816 2170 5873 lEditi
2227 5828 2424 5873 natum.
2478 5815 2798 5886 Recepimus
2848 5812 3193 5870 laudatorum
3244 5810 3491 5869 codicum

1895 5891 2207 5959 lectionem,
2233 5906 2353 5960 quae
2380 5885 2911 5957 Vulgattecongruit.
