3994 6354
224 334 319 397 Si!

1634 320 1865 378 SERMU
1905 316 2095 372 XXVI.

3408 324 3513 380 2M

222 446 483 521 promissa
510 458 670 517 quam
713 441 939 499 credita.
992 438 1168 497 Hodie
1202 437 1349 496 enim
1395 445 1587 493 auctor
1628 432 1810 490 mundi
1838 433 1891 493 Α
1985 431 2118 486 Car.
2147 430 2236 486 ΙΙΙ.
2269 460 2339 472 -
2367 430 2618 487 Nascitur
2653 446 2813 504 ergo,
2861 432 3227 497 dilectissimi,
3284 448 3393 490 non
3444 436 3514 492 de

221 543 392 601 editus
420 551 506 597 est
537 551 690 595 utero
718 537 992 609 virginali.
1022 546 1076 590 et
1100 535 1195 609 qui
1217 548 1407 589 omnes
1432 540 1648 587 naturas
1681 545 1810 585 con-

220 635 367 693 didit.
428 634 546 703 ejus
596 642 681 688 est
727 632 900 687 iactus
953 628 1121 687 Filius
1166 644 1324 696 quam
1364 628 1590 682 creavit.
1642 621 1810 677 llotlie

220 727 448 783 Verbum
483 727 577 782 Dei
624 728 738 800 88
776 742 940 781 carne
966 724 1210 793 apparuit
1248 723 1520 781 veSIitum.
1570 728 1622 775 et
1668 716 1809 790 quod

218 839 507 892 numquam
546 822 645 876 fuit
685 823 935 874 humanis
979 820 1151 874 oculis
1196 816 1432 879 visibilc,
1457 815 1617 883 cmpit
1648 814 1807 867 etiam

217 915 467 970 manibus
488 929 614 969 esse
644 913 948 968 tractabile.
1005 910 1173 965 Hodie
1203 918 1228 944 ³
1257 908 1499 978 genitum
1532 905 1584 959 in
1610 914 1810 958 nostra:

214 1007 386 1064 carnis
409 1008 721 1072 animaque
747 1006 1047 1060 substantia
1072 1003 1407 1059 Salvatorem
1442 1000 1695 1070 angelicis
1726 1013 1813 1052 Vu-

212 1103 355 1157 cilius
382 1099 627 1155 didicere
659 1109 936 1169 pastores;
969 1104 1024 1152 et
1060 1096 1201 1165 apud
1235 1095 1642 1151 Dominirorum
1675 1106 1811 1161 prte—

210 1194 350 1250 sules
373 1208 604 1262 gregum
635 1188 795 1246 hodie
826 1188 1233 1259 evangelizandi
1274 1188 1443 1243 forma
1480 1180 1810 1254 praeciindita

209 1300 288 1347 est
320 1306 337 1343 :
373 1300 433 1341 ut
474 1303 577 1343 nos
607 1302 823 1357 quoque
850 1300 973 1341 cum
1025 1284 1267 1341 caelestis
1315 1283 1521 1339 militia:
1569 1279 1813 1334 dicamus

208 1382 484 1437 exercitu:
519 1378 702 1435 Gloria
726 1380 777 1433 in
806 1379 1019 1435 excelsis
1052 1374 1182 1441 Deo,
1207 1386 1251 1430 et
1279 1376 1331 1431 in
1360 1386 1492 1430 terra
1519 1389 1620 1444 ματ
1645 1369 1811 1425 homi-

208 1475 347 1527 nibus
376 1475 529 1527 bona
562 1473 835 1526 voluntatis
859 1468 1007 1540 (Luc.
1040 1484 1100 1537 tt,
1131 1467 1214 1539 4).

267 1568 396 1622 ϐυ.
431 1567 501 1624 ll.
554 1568 872 1635 ~Quamvis
914 1566 1075 1636 igitur
1113 1565 1202 1619 illa
1237 1561 1461 1619 infantia
1502 1575 1659 1634 quam
1688 1557 1811 1617 Filii

207 1659 290 1714 Dei
325 1675 434 1714 non
465 1672 550 1715 est
582 1660 875 1730 dedignata
906 1660 1180 1725 maiestas,
1218 1658 1270 1711 in
1302 1656 1474 1711 virum
1508 1654 1807 1724 periei-tuin

204 1754 374 1808 aetatis
406 1752 719 1829 adiectione
744 1760 996 1821 proverta
1021 1751 1110 1817 sit,
1135 1760 1190 1805 ct
1208 1758 1581 1803 consummato
1606 1746 1811 1812 passio-

1913 525 2092 579 carnis
2117 523 2345 592 semine,
2374 524 2466 582 sed
2496 524 2564 582 de
2596 522 2796 597 Spiritu
2824 537 3011 582 sancto
3041 526 3310 597 Salvator,
3344 546 3504 593 quem

1915 619 2106 689 prima!
2158 622 2605 690 transgressionis
2661 622 3040 679 condemnatio
3103 638 3209 679 non
3278 635 3509 682 teneret.

1913 710 2073 768 Unde
2096 712 2207 781 ipSa
2239 713 2418 768 collati
2449 716 2687 770 muneris
2718 716 3029 788 magnitudo
3055 717 3270 788 dignam
3303 732 3331 772 a
3353 720 3511 775 nobis

1913 805 2201 874 eX‘gitSuo
2224 806 2512 876 splendore
2562 814 2942 865 reverentiam.
2998 809 3122 864 Ideo
3151 810 3319 877 enim,
3365 811 3508 867 sicut

1912 898 2111 953 beatus
2142 898 2427 964 ApOrlOltts
2455 894 2473 937 τ
2523 899 2679 956 docet
2699 943 2713 965 ,
2740 918 2839 956 non
2866 902 3102 972 spiritum
3132 900 3288 977 hujus
3329 906 3512 960 mundi

1911 990 2224 1059 accepimus,
2256 991 2346 1043 sed
2373 993 2609 1062 spiritum
2632 993 2719 1063 qui
2749 1010 2810 1049 ex
2832 991 2936 1048 Deo
2958 1004 3049 1063 est,
3070 1004 3125 1051 ut
3146 998 3369 1053 sciamus
3395 1014 3511 1070 quo:

1913 1100 1945 1137 a
1973 1078 2081 1135 Deo
2110 1084 2299 1135 donata
2321 1093 2435 1137 sunt
2464 1084 2607 1138 nobis
2634 1084 2675 1157 (Ι
2699 1082 2817 1140 Cor.
2853 1102 2912 1152 tt,
2940 1088 3030 1157 12)
3054 1105 3067 1141 :
3096 1090 3197 1155 QUI
3221 1106 3323 1146 non
3349 1091 3508 1147 aliter

1915 1175 2000 1244 pie
2030 1177 2248 1241 colitur,
2283 1177 2383 1231 nisi
2422 1177 2473 1232 id
2521 1178 2571 1233 ei
2620 1180 2764 1250 quod
2810 1180 2924 1249 ipse
2977 1184 3165 1238 tribuit
3219 1185 3504 1243 offeratur.

1915 1269 2049 1334 Quid
2083 1278 2107 1316 ε
2138 1280 2316 1323 autem
2348 1271 2399 1325 in
2425 1271 2677 1327 thesauro
2712 1272 3000 1328 Dominica:
3032 1274 3294 1345 largitatis
3320 1278 3383 1331 ad
3409 1283 3507 1332 ho-

1915 1376 2103 1416 norem
2134 1363 2417 1430 pra-sentis
2445 1361 2570 1419 festi
2611 1375 2716 1420 tam
2762 1381 3060 1438 congruum
3109 1384 3394 1439 possumus
3425 1371 3507 1431 in-

1914 1453 2124 1518 venire,
2155 1471 2314 1520 quam
2344 1471 2527 1524 parem
2549 1496 2565 1521 ,
2607 1471 2727 1528 qur
2762 1462 2810 1511 in
2842 1460 3123 1514 nativitale
3154 1462 3361 1515 Dotnini
3396 1464 3507 1532 pri-

1914 1562 2001 1602 ma
2031 1557 2114 1600 est
2138 1546 2385 1617 angelico
2405 1548 2688 1614 pra-dicata
2719 1551 3029 1605 concentu?
3077 1550 3196 1619 ipsa
3238 1551 3381 1607 enim
3424 1564 3507 1610 est

1913 1656 2036 1713 qua:
2066 1643 2206 1711 parit
2237 1641 2379 1696 ﬁlios
2435 1642 2565 1709 Dei,
2621 1646 2801 1698 nutrix
2849 1644 3153 1700 dilemionis
3193 1656 3246 1701 et
3269 1650 3503 1718 genitrix

1914 1734 2174 1800 unitatis;
2201 1734 2419 1805 requies
2448 1735 2754 1803 beatorum,
2792 1750 2845 1794 et
2874 1741 3189 1795 anernitatis
3220 1739 3500 1798 habitacu-

202 1848 279 1903 nis
306 1858 355 1902 et
390 1846 819 1902 resurrectionis
862 1848 1157 1915 triumpho,
1184 1859 1374 1899 omnes
1415 1852 1679 1912 abrepta:
1709 1856 1801 1911 pro

1911 1830 2056 1896 lum;
2078 1831 2235 1897 cujus
2260 1828 2361 1885 hoc
2384 1845 2521 1898 Opus
2548 1834 2819 1899 proprium
2848 1840 2901 1885 et
2923 1832 3158 1899 speciale
3181 1833 3499 1891 beneﬁcium

202 1941 350 1995 nobis
381 1938 713 1995 humilitatis
745 1939 1055 1993 transierint
1079 1939 1342 2001 actiones,
1373 1946 1595 1991 renovat
1627 1944 1802 1990 tamen

201 2031 348 2085 nobis
380 2030 655 2086 hodierna
699 2029 963 2084 festivitas
1003 2028 1113 2084 nati
1145 2028 1271 2085 Jesu
1300 2044 1366 2082 ex
1395 2028 1553 2082 Muris
1589 2026 1805 2097 Virgine

199 2140 343 2182 sacra
381 2126 684 2195 primordia
712 2142 729 2193 ;
761 2135 812 2181 et
840 2126 967 2180 dum
997 2124 1293 2181 Salvatoris
1318 2123 1491 2180 nostri
1515 2123 1806 2177 adoramus

199 2226 396 2282 ortum,
422 2219 732 2275 invenimur
762 2232 859 2273 nas
883 2228 1125 2273 nostrum
1148 2218 1425 2272 celebrare
1457 2216 1799 2285 principium.

198 2306 490 2365 Generatio
514 2312 663 2365 enim
685 2302 887 2365 Christi
910 2311 1061 2381 origo
1089 2320 1172 2366 est
1204 2310 1382 2381 ρονιηί
1404 2308 1723 2373 Christiani,
1750 2317 1801 2365 et

198 2402 388 2456 natalis
418 2402 618 2469 capitis
649 2402 844 2456 natalis
874 2410 958 2457 est
986 2403 1252 2472 corporis.
1281 2401 1528 2458 llaboant
1551 2403 1676 2457 licet
1694 2401 1804 2455 sin-

196 2495 295 2562 guli
323 2495 537 2564 quique
560 2508 873 2550 tiaratorum
904 2495 1146 2550 ordinem
1179 2512 1335 2550 suum
1356 2539 1370 2565 ,
1398 2505 1451 2549 et
1477 2510 1665 2549 omnes
1698 2494 1799 2549 Ec-

198 2586 374 2640 clesia:
411 2586 511 2641 lilii
546 2596 852 2655 temporum
888 2586 999 2642 sint
1029 2584 1372 2642 successione
1401 2582 1659 2654 distincti,
1684 2586 1802 2641 uni-

201 2695 344 2735 versa
379 2690 574 2736 tamen
597 2697 804 2736 summa
837 2676 1098 2748 ﬁdelium,
1125 2674 1274 2735 fonte
1297 2689 1413 2736 ortu
1439 2681 1799 2749 baptismatis,

196 2770 328 2827 sicut
370 2786 503 2827 cum
534 2769 753 2828 Christo
781 2768 832 2827 in
873 2772 1121 2842 passiOne
1156 2766 1421 2832 cruciﬁxi.
1469 2771 1521 2825 in
1552 2782 1797 2829 resurre-

195 2866 371 2921 Ctitme
407 2865 743 2927 resuscitati,
792 2865 845 2920 in
876 2865 1193 2920 ascensione
1221 2865 1288 2919 ad
1317 2860 1596 2921 dexteram
1628 2857 1801 2921 Patris

194 2959 467 3023 adlocati,
523 2959 598 3013 its
644 2973 765 3012 cum
810 2958 927 3028 ipso
950 2956 979 2998 δ
1005 2969 1133 3014 sunt
1159 2958 1213 3014 in
1241 2958 1338 3013 hac
1366 2958 1643 3014 nativitate
1672 2970 1796 3013 con-

194 3052 376 3119 geniti.
412 3050 675 3122 Quisquis
699 3050 843 3105 enim
876 3051 1153 3106 hominum
1177 3050 1227 3107 in
1257 3064 1594 3124 quacumque
1616 3052 1797 3106 mttttdi

198 3156 344 3213 parte
372 3142 723 3198 credentium
756 3152 1107 3211 regeneratur
1148 3142 1201 3199 in
1249 3143 1483 3205 ChriSto.
1539 3145 1794 3199 interciso

194 3235 476 3305 originalis
505 3236 720 3290 tramite
749 3235 1051 3299 vetustatis,
1085 3235 1277 3291 mnsit
1321 3238 1375 3291 in
1406 3252 1601 3291 novum
1630 3238 1800 3291 nomi-

196 3343 308 3381 nem
340 3327 728 3393 rei-ascendo;
763 3342 862 3381 nec
884 3327 995 3398 jam
1025 3330 1079 3382 in
1109 3328 1405 3398 propagine
1433 3329 1661 3383 habetur
1683 3341 1798 3382 car-

196 3423 328 3477 nalis
359 3422 564 3490 patris,
593 3421 689 3477 sed
721 3422 772 3475 in
791 3425 1034 3495 germine
1063 3422 1489 3492 Salvatoris,qui
1519 3424 1639 3479 ideo
1658 3424 1797 3478 ﬁlius

196 3513 431 3567 hominis
488 3520 580 3569 est
627 3512 826 3580 iactus,
873 3524 931 3570 ut
956 3529 1056 3571 nos
1102 3514 1194 3570 ﬁlii
1230 3513 1324 3571 Dei
1353 3531 1474 3571 esse
1506 3516 1793 3585 possimus.

194 3604 299 3660 bisi
328 3606 479 3661 enim
532 3605 629 3662 ille
672 3605 739 3661 ad
784 3622 881 3662 nos
929 3608 1028 3663 bac
1072 3608 1373 3663 humilitate
1422 3607 1797 3676 descenderet,

197 3713 352 3751 nemo
382 3697 451 3750 ad
488 3697 645 3753 illum
674 3699 799 3753 ullis
828 3699 941 3752 suis
971 3700 1177 3757 meritis
1208 3702 1685 3771 perveniret.Nihil
1712 3703 1797 3758 hic

197 3803 517 3846 meatorum
542 3793 801 3848 cordibus
814 3792 1061 3862 caliginis
1077 3792 1270 3849 inferat
1286 3805 1499 3850 terrena
1514 3798 1797 3866 sapientia,

197 3902 288 3941 nec
334 3902 396 3941 se
445 3899 642 3941 contra
694 3887 1035 3939 altitudinem
1084 3887 1268 3955 gratiae
1303 3886 1426 3945 Dei.
1458 3903 1579 3942 mox
1611 3888 1662 3942 in
1694 3890 1800 3944 ima

198 3975 504 4040 rediturus,
562 3985 902 4031 terrenarum
943 3977 1329 4047 cogitatioiium
1363 3979 1538 4047 pulvis
1561 3980 1795 4037 attollit.

200 4067 481 4138 Inpletum
513 4077 598 4122 est
625 4068 677 4121 in
712 4068 817 4123 line
846 4072 1166 4125 ssecuiorum
1193 4071 1334 4139 quod
1366 4083 1626 4129 eratante
1656 4082 1797 4130 teat-

199 4174 319 4227 pora
348 4170 563 4215 :rterna
594 4158 957 4228 dispositum;
1006 4171 1059 4216 et
1102 4161 1205 4217 sub
1252 4165 1539 4233 praesentia
1591 4182 1797 4236 rerum,

196 4252 356 4320 signis
379 4252 731 4306 cessantibus
758 4252 1173 4321 iigttrarunt,lex
1204 4263 1257 4309 et
1289 4255 1568 4324 prophetia
1603 4271 1799 4317 veritas

198 4346 328 4397 facta
361 4352 483 4400 est:
518 4356 577 4397 ut
607 4344 878 4399 Abraham
913 4346 1065 4402 ﬁeret
1087 4349 1326 4403 omnium
1357 4352 1597 4420 gentium
1622 4363 1797 4422 pater,

197 4449 245 4491 et
277 4439 329 4491 in
373 4437 592 4492 semine
633 4437 751 4509 ejus
780 4438 999 4495 daretur
1043 4442 1247 4496 mundo
1277 4444 1539 4511 promissa
1572 4445 1797 4502 benedi-

197 4534 333 4595 ctio;
362 4544 471 4585 nec
498 4529 555 4584 hi
601 4538 807 4587 tantum
835 4544 1018 4589 essent
1042 4544 1065 4572 ε
1094 4533 1373 4606 Ιεηθιίιεε,
1414 4553 1551 4605 quos
1578 4544 1795 4611 sanguis

195 4633 247 4680 et
284 4639 419 4679 caro
464 4626 763 4696 genuisset,
812 4628 907 4683 sed
940 4630 991 4683 in
1023 4631 1427 4700 possessionem
1460 4632 1794 4694 hatreditatis
1823 4602 1877 4670 D

197 4714 315 4770 ﬁdei
344 4716 477 4772 tiliis
503 4730 840 4787 praeparatas,
871 4724 1194 4778 universitas
1217 4724 1524 4794 adoptionis
1547 4729 1791 4787 intraret.

193 4810 305 4883 89
328 4810 357 4849 δ
380 4811 498 4867 Nec
528 4812 848 4883 obstrepant
888 4816 1189 4886 ineptsrutn
1224 4818 1507 4872 calumnia:
1535 4823 1797 4890 quastio-

198 4916 343 4965 num.
384 4912 487 4959 nec
516 4902 744 4960 eli‘ectus
768 4905 936 4961 divini
982 4909 1163 4976 aperis
1192 4910 1531 4965 ratiocinatio
1563 4910 1794 4970 humana

162 5052 169 5073 ἑ
195 4996 494 5064 discutiat;
527 5012 626 5052 nos
655 5013 776 5053 cum
805 5000 1075 5055 Abraham
1103 4996 1378 5058 credimus
1410 5002 1540 5070 Deo,
1566 5023 1663 5064 nec
1687 5008 1797 5065 ha:-

198 5091 428 5146 sitamus
475 5091 777 5146 difﬁdentia
832 5093 1008 5160 (Rom.
1042 5110 1115 5160 tv,
1163 5094 1289 5163 20),
1333 5097 1427 5152 sed
1482 5100 1795 5169 plenissime

164 5238 167 5239 ν
196 5187 397 5241 scimus
425 5189 685 5257 quoniam
708 5188 849 5258 quod
872 5190 1120 5260 promisit
1150 5199 1172 5228 ο
1197 5190 1477 5263 Dominus,
1503 5204 1694 5264 potens
1714 5206 1799 5255 est

195 5284 243 5333 et
272 5280 473 5336 tacere.

194 5418 311 5473 dum
356 5424 522 5485 mss.,
574 5420 621 5471 el
647 5419 974 5489 cdnctption'e
1018 5417 1082 5475 de
1119 5414 1319 5494 Spiritu
1341 5431 1516 5478 sancto
1540 5435 1644 5480 tam
1669 5427 1798 5484 mire

195 5496 449 5560 promissa
477 5508 634 5557 quam
662 5494 877 5557 credita,
908 5502 1091 5547 auctor
1111 5496 1289 5547 mundi
1308 5497 1471 5549 editus
1499 5508 1591 5552 est.

261 5566 286 5598 ⁸
320 5558 434 5617 Vox
468 5566 697 5633 genitum
726 5560 1065 5618 desideratur
1095 5567 1143 5616 iu
1174 5581 1275 5619 ms.
1302 5565 1420 5620 Vat.
1456 5570 1669 5624 collect.
1703 5570 1757 5626 5.

262 5633 288 5667 "
324 5637 496 5699 Editi,
523 5651 721 5687 sumus.
759 5636 1196 5700 Antepoicndam
1239 5638 1565 5696 credidimus
1612 5642 1795 5698 lectio-

196 5722 309 5757 nem
341 5706 418 5758 tlu
444 5721 579 5757 erunt
616 5718 744 5757 mss.
766 5700 819 5760 Ξ.
860 5704 997 5758 Petri
1027 5724 1073 5760 et
1108 5709 1265 5759 utrius
1297 5709 1417 5763 Vat.

266 5792 284 5846 ἢ
323 5779 558 5846 Vulgati.
594 5776 785 5846 Israel.
818 5776 1166 5833 Correxinius
1191 5796 1251 5834 ex
1277 5800 1404 5836 mss.
1435 5782 1492 5837 S.
1532 5783 1694 5839 Petri.

262 5844 287 5885 ⁸
319 5840 446 5920 Aliti
456 5840 509 5902 ui
532 5847 711 5916 codd.,
744 5845 864 5903 Non
882 5848 1197 5918 obstrepant.

1823 3206 1870 3270 C

1908 1930 2014 1987 est,
2061 1931 2118 1975 ut
2159 1921 2347 1992 jungat
2382 1921 2493 1976 Deo
2515 1936 2650 1992 quos
2681 1923 2915 1978 secernit
2951 1923 3019 1978 de
3058 1926 3283 1979 mundo.
3345 1924 3500 1983 Unde

1908 2016 2203 2083 Apostolus
2232 2017 2297 2070 ad
2329 2016 2429 2070 hoc
2456 2016 2652 2070 bonum
2686 2032 2783 2070 nos
2812 2016 3019 2083 incitat,
3052 2017 3281 2074 dicens:
3331 2017 3499 2074 Justi-

1908 2108 2052 2178 ﬁcati
2071 2124 2190 2179 ergo
2236 2124 2301 2162 ea:
2324 2108 2456 2173 ﬁde,
2503 2126 2677 2179 pacem
2717 2108 2994 2165 habeamus
3023 2111 3092 2165 ad
3122 2109 3285 2168 Deum
3319 2113 3499 2187 (Rom.

1906 2216 1963 2271 v,
1994 2200 2069 2271 t).
2120 2199 2282 2270 Cujus
2319 2201 2598 2255 sentcntiae
2630 2202 2893 2259 brevitate
2916 2204 3158 2258 omnium
3202 2201 3318 2260 fere
3346 2221 3500 2261 man-

1907 2293 2157 2348 datorum
2187 2294 2501 2348 continetur
2522 2293 2745 2349 etl‘ectus
2777 2311 2792 2351 :
2829 2296 2951 2366 quia
2994 2312 3077 2351 om
3122 2312 3318 2353 rucatr
3349 2300 3501 2355 veri-

1908 2394 1990 2441 tas
2023 2386 2189 2456 pacis,
2243 2387 2377 2441 nihil
2407 2386 2476 2442 ibi
2512 2396 2689 2457 potest
2713 2390 2905 2444 deesse
2956 2390 3190 2446 virtuts.
3233 2391 3371 2459 Quid
3395 2405 3501 2462 est,

1906 2490 2087 2532 autem
2109 2518 2126 2544 ,
2166 2477 2504 2533 dileCtissinii
2526 2520 2541 2545 ,
2583 2495 2767 2550 pacem
2800 2479 3002 2537 habere
3040 2481 3108 2537 ad
3140 2481 3309 2538 Deum
3336 2524 3350 2548 ,
3399 2484 3501 2539 nisi

1907 2571 2046 2627 velle
2072 2572 2211 2643 quod
2238 2570 2424 2641 jubet,
2452 2586 2507 2628 et
2555 2574 2697 2629 nolle
2732 2574 2872 2643 quod
2901 2576 3148 2643 prohibet
3176 2577 3198 2631 i
3253 2576 3311 2633 Si
3353 2578 3499 2634 enim

1906 2665 2159 2721 humanae
2189 2665 2444 2721 amicitiae
2474 2681 2632 2736 pares
2667 2670 2877 2721 animos
2914 2676 2969 2723 et
3007 2669 3211 2725 similes
3240 2679 3501 2741 expetunt

1907 2762 2240 2826 voluntates,
2284 2775 2386 2816 nec
2425 2776 2677 2829 umquam
2717 2760 3005 2818 diversitas
3042 2778 3252 2819 morum
3294 2765 3364 2821 ad
3402 2766 3498 2821 tir-

1906 2870 2047 2909 mam
2078 2863 2259 2925 potest
2280 2854 2566 2926 pervenire
2596 2855 2964 2918 concordiam,
2998 2857 3271 2926 quomodo
3299 2858 3499 2914 divina:

1905 2953 2175 3022 particeps
2218 2953 2320 3006 erit
2350 2951 2521 3021 pacis,
2560 2950 2644 3005 cui
2666 2965 2733 3006 ea
2778 2950 2992 3020 placent
3027 2968 3147 3020 qua:
3178 2952 3290 3008 Deo
3307 2952 3499 3021 disiili-

1904 3054 2050 3110 cent,
2082 3054 2137 3099 et
2165 3044 2230 3099 iis
2257 3046 2463 3114 appetit
2505 3044 2761 3099 delectari
2788 3044 2982 3114 quibus
3012 3044 3162 3097 illum
3217 3045 3371 3100 novit
3418 3044 3498 3100 ol-

1907 3138 2093 3194 iendi?
2133 3137 2249 3193 Non
2295 3146 2380 3192 est
2410 3139 2513 3193 i~te
2537 3138 2750 3192 animus
2782 3137 3013 3191 filiorum
3047 3136 3160 3200 Dei,
3208 3152 3311 3192 nec
3336 3137 3498 3192 talem

1903 3233 2224 3304 Sapientiam
2245 3231 2439 3301 recipit
2471 3231 2717 3301 adoptiva
2747 3231 3020 3286 nobilitas.
3054 3229 3235 3285 Genus
3260 3230 3498 3286 electum

1902 3335 1959 3380 et
1980 3324 2220 3396 regium,
2256 3323 2684 3388 regenerationis
2716 3339 2827 3378 suae
2875 3321 3200 3390 respondeat
3226 3322 3497 3393 dignitati,

1902 3418 2093 3488 diligat
2114 3416 2263 3489 quod
2290 3417 2460 3486 diligit
2485 3427 2665 3487 pater,
2697 3425 2754 3471 et
2792 3416 2844 3470 in
2884 3414 3029 3472 nullo
3054 3416 3122 3469 ab
3156 3426 3381 3471 auctore
3399 3430 3499 3473 suo

1901 3510 2207 3571 dissentiat,
2264 3524 2332 3565 ne
2362 3509 2557 3565 iterum
2602 3508 2747 3564 dicat
2795 3508 3052 3564 Dominus
3084 3528 3097 3562 :
3136 3502 3307 3561 Filios
3341 3510 3501 3579 genui

1902 3613 1948 3660 et
1967 3603 2216 3669 excitavi,
2242 3603 2342 3673 ipsi
2367 3612 2535 3657 autem
2565 3611 2861 3674 spreverunt
2888 3616 2989 3655 me.
3019 3599 3240 3671 Agnovit
3260 3599 3351 3655 bos
3379 3617 3497 3671 pos.

1901 3712 2148 3753 sessorem
2169 3712 2345 3762 suum,
2388 3705 2436 3751 et
2464 3695 2643 3750 asinus
2678 3708 2904 3766 praesepe
2948 3694 3144 3748 domini
3172 3695 3252 3748 sui
3278 3711 3298 3760 ;
3330 3691 3498 3748 Israel

1902 3802 2074 3848 autem
2105 3808 2185 3848 me
2213 3808 2317 3847 non
2347 3791 2584 3861 cognovit
2608 3829 2624 3855 ,
2659 3798 2711 3845 st
2748 3791 2968 3861 populus
3002 3804 3145 3843 meus
3171 3804 3252 3844 me
3279 3805 3381 3843 non
3410 3790 3493 3842 ius

1903 3885 2100 3942 tellexit
2132 3882 2293 3957 (Isai.
2326 3900 2371 3947 t.
2392 3882 2475 3955 2).

1973 3982 2103 4038 οη.
2134 3979 2222 4037 IV.
2248 4007 2322 4023 --
2349 3980 2597 4050 Magnum
2636 3986 2742 4044 est,
2772 3976 3133 4041 dilectissimi,
3187 3975 3350 4047 hujus
3378 3992 3498 4033 mu-

1903 4078 2051 4133 neris
2086 4082 2509 4139 sacramentum,
2554 4086 2609 4129 et
2649 4071 2831 4126 omnia
2865 4071 3003 4126 dona
3032 4070 3247 4127 excedit
3278 4070 3381 4126 hoc
3400 4070 3497 4125 do-

1905 4185 2058 4235 num,
2086 4176 2147 4223 ut
2179 4169 2319 4222 Deus
2344 4166 2618 4221 hominem
2652 4174 2807 4219 vocet
2833 4163 3022 4229 lilium,
3050 4174 3103 4219 et
3132 4164 3293 4219 homo
3322 4163 3494 4220 Deum

1904 4260 2144 4316 nominet
2176 4271 2429 4329 patrem‘:
2459 4272 2553 4329 per
2581 4258 2677 4312 bas
2702 4256 2846 4311 enim
2890 4256 3285 4325 appellatioiies
3327 4255 3495 4309 senii-

1905 4362 1990 4408 tnr
2018 4362 2074 4407 et
2095 4350 2321 4407 discitur
2352 4352 2473 4421 quis
2512 4349 2578 4404 ad
2609 4358 2810 4404 tantam
2853 4348 3188 4403 altitudinem
3232 4348 3496 4405 ascendat

1900 4445 2146 4501 aliectus.
2198 4444 2328 4498 Nam
2361 4443 2404 4497 si
2434 4444 2485 4495 in
2516 4442 2771 4512 progenie
2799 4442 3001 4496 carnali
3030 4451 3084 4495 ot
3113 4444 3281 4506 stirpe
3314 4452 3491 4499 terre-

1903 4553 1970 4592 na
2015 4537 2124 4608 90
2145 4536 2309 4592 claris
2347 4535 2655 4603 parentibus
2682 4532 2891 4604 genitos
2920 4534 3046 4587 vitia
3080 4532 3237 4587 malas
3257 4547 3492 4587 convero

1901 4631 2125 4685 sationis
2147 4628 2463 4695 obscurant,
2496 4639 2547 4681 et
2582 4626 2698 4695 ipso
2727 4627 2988 4694 majorum
3034 4640 3255 4679 suorum
3288 4624 3495 4682 lumine

1901 4721 2117 4777 soboles
2165 4721 2379 4789 indigna
2433 4718 2817 4783 confundisur;
2852 4720 2903 4772 in
2952 4733 3110 4787 quem
3153 4717 3353 4771 exitum
3404 4734 3494 4774 ve-

1904 4814 2091 4882 nient,
2140 4815 2230 4883 qui
2282 4822 2507 4884 propter
2549 4825 2789 4865 amorem
2838 4810 3021 4864 tuundt
3074 4823 3105 4862 a
3146 4809 3493 4879 generatione

1903 4907 2104 4963 Christi
2135 4921 2240 4961 non
2267 4912 2509 4959 metuunt
2550 4903 2839 4959 abdicari?
2876 4904 2928 4957 Si
2973 4912 3150 4956 autem
3194 4902 3259 4957 ad
3307 4901 3495 4960 huma-

1905 5019 2028 5058 nam
2060 5002 2292 5073 pertinet
2319 5000 2528 5055 Iandem
2563 5010 2620 5052 ut
2660 5007 2871 5068 patrnnt
2910 4995 3073 5052 decus
3108 5000 3161 5052 in
3207 4996 3359 5067 prole
3406 5016 3494 5055 re-

1902 5096 2206 5165 splendeat,
2246 5102 2449 5160 quanto
2474 5093 2646 5161 magis
2674 5090 2965 5160 gloriosum
2997 5099 3082 5145 est
3105 5106 3167 5145 es
3196 5089 3307 5146 Deo
3332 5089 3364 5130 ιι
3401 5103 3496 5145 na-

1904 5190 1972 5245 tis
1995 5189 2048 5243 in
2079 5187 2317 5241 auctoris
2342 5185 2421 5240 sui
2456 5185 2743 5256 imaginem
2773 5180 3058 5255 refulgere,
3088 5196 3139 5239 et
3170 5182 3320 5240 illum
3355 5187 3407 5241 in
3436 5201 3494 5240 se

1904 5284 1996 5356 qui
2027 5297 2120 5337 eos
2167 5279 2449 5353 generavit
2470 5278 2793 5347 oetendere,
2832 5274 3045 5335 dicente
3090 5274 3320 5336 Domino
3352 5298 3365 5334 :
3401 5276 3494 5336 Sic

1978 5434 2003 5464 ε
2034 5422 2161 5477 Mss.
2188 5421 2246 5478 S.
2275 5420 2446 5478 Petri.
2478 5420 2637 5475 Deus.

1978 5463 2000 5534 ί
2034 5463 2796 5554 ἶῖὶσῖίδδέιῖινέἔᾶιΙ-ῖνέῗῂθῐνῖ,
2825 5489 3018 5553 docuit.

1976 5576 2002 5614 ε
2032 5566 2421 5635 Supposuimns
2464 5577 2633 5619 autem
2666 5580 2761 5635 pro
2791 5563 2927 5618 enim
2969 5576 3036 5617 ex
3071 5575 3203 5617 mss.
3250 5554 3309 5616 Β.
3348 5557 3493 5617 Petri

1902 5650 1958 5695 et
1976 5632 2297 5709 quibusdam
2336 5633 2451 5709 Vat.

1974 5701 2144 5771 1³Ἀῐη
2193 5715 2361 5762 natos.
2416 5704 2535 5761 Mox
2580 5722 2666 5761 eos
2709 5722 2770 5764 ex
2801 5704 2957 5762 codd.
3013 5701 3067 5762 S.
3102 5702 3245 5762 Petri
3275 5712 3330 5764 et
3368 5704 3489 5765 Vat.

1901 5780 2243 5855 scripsimus.
2275 5781 2387 5847 AL,
2418 5777 2556 5834 illos.
