  <div class='ocr_page' id='page_1' title='image "/cluster/home/n/w/nwhite01/storage/ocr_20150623/54/hvd.32044015471584/111.png"; bbox 0 0 3994 6354; ppageno 0'>
   <div class='ocr_carea' id='block_1_1' title="bbox 457 343 557 402">
    <p class='ocr_par' dir='ltr' id='par_1_1' title="bbox 457 343 557 402">
     <span class='ocr_line' id='line_1_1' title="bbox 457 343 557 402; baseline -0.01 -2"><span class='ocrx_word' id='word_1_1' title='bbox 457 343 557 402; x_wconf 62' lang='grc' dir='ltr'><strong>ειη</strong></span> 
     </span>
    </p>
   </div>
   <div class='ocr_carea' id='block_1_2' title="bbox 1606 294 2639 396">
    <p class='ocr_par' dir='ltr' id='par_1_2' title="bbox 1606 294 2639 396">
     <span class='ocr_line' id='line_1_2' title="bbox 1606 294 2639 396; baseline -0.008 0"><span class='ocrx_word' id='word_1_2' title='bbox 1606 341 1665 396; x_wconf 93' lang='lat' dir='ltr'><strong>s.</strong></span> <span class='ocrx_word' id='word_1_3' title='bbox 1706 337 1951 395; x_wconf 82' lang='lat' dir='ltr'><strong>LEONIS</strong></span> <span class='ocrx_word' id='word_1_4' title='bbox 1992 334 2207 392; x_wconf 79' lang='lat' dir='ltr'><strong>MAch</strong></span> <span class='ocrx_word' id='word_1_5' title='bbox 2250 294 2639 391; x_wconf 64' lang='lat' dir='ltr'><strong>siii‘iitouss.</strong></span> 
     </span>
    </p>
   </div>
   <div class='ocr_carea' id='block_1_3' title="bbox 3641 321 3779 389">
    <p class='ocr_par' dir='ltr' id='par_1_3' title="bbox 3641 321 3779 389">
     <span class='ocr_line' id='line_1_3' title="bbox 3641 321 3779 389; baseline 0 0"><span class='ocrx_word' id='word_1_6' title='bbox 3641 321 3779 389; x_wconf 20' lang='lat'><strong>916‘</strong></span> 
     </span>
    </p>
   </div>
   <div class='ocr_carea' id='block_1_4' title="bbox 455 449 3755 524">
    <p class='ocr_par' dir='ltr' id='par_1_4' title="bbox 455 449 3755 524">
     <span class='ocr_line' id='line_1_4' title="bbox 455 449 3755 524; baseline -0.002 -9"><span class='ocrx_word' id='word_1_7' title='bbox 455 466 621 515; x_wconf 85' lang='lat' dir='ltr'><strong>luceat</strong></span> <span class='ocrx_word' id='word_1_8' title='bbox 665 467 690 497; x_wconf 73' lang='grc'>⁸</span> <span class='ocrx_word' id='word_1_9' title='bbox 722 460 894 513; x_wconf 85' lang='lat' dir='ltr'><strong>lumen</strong></span> <span class='ocrx_word' id='word_1_10' title='bbox 924 466 1145 513; x_wconf 77' lang='lat' dir='ltr'><strong>uestrum</strong></span> <span class='ocrx_word' id='word_1_11' title='bbox 1186 472 1361 511; x_wconf 81' lang='lat' dir='ltr'><strong>coram</strong></span> <span class='ocrx_word' id='word_1_12' title='bbox 1390 454 1683 509; x_wconf 84' lang='lat' dir='ltr'><strong>hominibus</strong></span> <span class='ocrx_word' id='word_1_13' title='bbox 1702 495 1717 518; x_wconf 95' lang='lat'><strong>,</strong></span> <span class='ocrx_word' id='word_1_14' title='bbox 1764 461 1818 507; x_wconf 90' lang='lat' dir='ltr'><strong>ut</strong></span> <span class='ocrx_word' id='word_1_15' title='bbox 1851 453 2054 506; x_wconf 79' lang='lat' dir='ltr'><strong>videant</strong></span> <span class='ocrx_word' id='word_1_16' title='bbox 2082 454 2132 513; x_wconf 81' lang='grc' dir='ltr'>Α</span> <span class='ocrx_word' id='word_1_17' title='bbox 2162 458 2186 497; x_wconf 74' lang='lat'><strong>8</strong></span> <span class='ocrx_word' id='word_1_18' title='bbox 2212 449 2403 519; x_wconf 86' lang='lat' dir='ltr'><strong>inquit,</strong></span> <span class='ocrx_word' id='word_1_19' title='bbox 2436 449 2673 504; x_wconf 91' lang='lat' dir='ltr'><strong>mundus</strong></span> <span class='ocrx_word' id='word_1_20' title='bbox 2703 449 2970 506; x_wconf 79' lang='lat' dir='ltr'><strong>amicitias</strong></span> <span class='ocrx_word' id='word_1_21' title='bbox 3000 462 3147 518; x_wconf 81' lang='lat' dir='ltr'><strong>suss,</strong></span> <span class='ocrx_word' id='word_1_22' title='bbox 3175 458 3231 506; x_wconf 90' lang='lat' dir='ltr'><strong>et</strong></span> <span class='ocrx_word' id='word_1_23' title='bbox 3256 449 3454 507; x_wconf 89' lang='lat' dir='ltr'><strong>multos</strong></span> <span class='ocrx_word' id='word_1_24' title='bbox 3480 450 3602 507; x_wconf 79' lang='lat' dir='ltr'><strong>facit</strong></span> <span class='ocrx_word' id='word_1_25' title='bbox 3628 467 3755 524; x_wconf 80' lang='lat' dir='ltr'><strong>per-</strong></span> 
     </span>
    </p>
   </div>
   <div class='ocr_carea' id='block_1_5' title="bbox 452 546 2043 623">
    <p class='ocr_par' dir='ltr' id='par_1_5' title="bbox 452 546 2043 623">
     <span class='ocr_line' id='line_1_5' title="bbox 452 546 2043 623; baseline -0.006 -16"><span class='ocrx_word' id='word_1_26' title='bbox 452 570 609 623; x_wconf 77' lang='lat' dir='ltr'><strong>Opera</strong></span> <span class='ocrx_word' id='word_1_27' title='bbox 627 561 792 607; x_wconf 75' lang='lat' dir='ltr'><strong>vestra</strong></span> <span class='ocrx_word' id='word_1_28' title='bbox 816 554 978 617; x_wconf 88' lang='lat' dir='ltr'><strong>bona,</strong></span> <span class='ocrx_word' id='word_1_29' title='bbox 1021 549 1417 622; x_wconf 69' lang='lat' dir='ltr'><strong>etmagniﬁcent</strong></span> <span class='ocrx_word' id='word_1_30' title='bbox 1448 546 1658 601; x_wconf 89' lang='lat' dir='ltr'><strong>Patrem</strong></span> <span class='ocrx_word' id='word_1_31' title='bbox 1695 557 1915 602; x_wconf 72' lang='lat' dir='ltr'><strong>vestram</strong></span> <span class='ocrx_word' id='word_1_32' title='bbox 1956 546 2043 614; x_wconf 86' lang='lat' dir='ltr'><strong>qui</strong></span> 
     </span>
    </p>
   </div>
   <div class='ocr_carea' id='block_1_6' title="bbox 454 638 2040 715">
    <p class='ocr_par' dir='ltr' id='par_1_6' title="bbox 454 638 2040 715">
     <span class='ocr_line' id='line_1_6' title="bbox 454 638 2040 715; baseline -0.006 -14"><span class='ocrx_word' id='word_1_33' title='bbox 454 650 505 701; x_wconf 81' lang='lat' dir='ltr'><strong>in</strong></span> <span class='ocrx_word' id='word_1_34' title='bbox 549 646 688 701; x_wconf 69' lang='lat' dir='ltr'><strong>(telis</strong></span> <span class='ocrx_word' id='word_1_35' title='bbox 728 654 798 699; x_wconf 85' lang='lat' dir='ltr'><strong>est</strong></span> <span class='ocrx_word' id='word_1_36' title='bbox 843 643 1059 715; x_wconf 83' lang='lat' dir='ltr'><strong>(Matth.</strong></span> <span class='ocrx_word' id='word_1_37' title='bbox 1109 660 1162 709; x_wconf 78' lang='grc' dir='ltr'><strong>ν,</strong></span> <span class='ocrx_word' id='word_1_38' title='bbox 1196 644 1305 712; x_wconf 83' lang='grc'><strong>16).</strong></span> <span class='ocrx_word' id='word_1_39' title='bbox 1359 641 1569 696; x_wconf 85' lang='lat' dir='ltr'><strong>Scimus</strong></span> <span class='ocrx_word' id='word_1_40' title='bbox 1618 641 1831 707; x_wconf 81' lang='lat' dir='ltr'><strong>quidem</strong></span> <span class='ocrx_word' id='word_1_41' title='bbox 1874 638 2040 708; x_wconf 85' lang='lat' dir='ltr'><strong>quod,</strong></span> 
     </span>
    </p>
   </div>
   <div class='ocr_carea' id='block_1_7' title="bbox 447 734 2043 807">
    <p class='ocr_par' dir='ltr' id='par_1_7' title="bbox 447 734 2043 807">
     <span class='ocr_line' id='line_1_7' title="bbox 447 734 2043 807; baseline -0.007 -12"><span class='ocrx_word' id='word_1_42' title='bbox 447 742 590 797; x_wconf 89' lang='lat' dir='ltr'><strong>sicut</strong></span> <span class='ocrx_word' id='word_1_43' title='bbox 616 740 852 795; x_wconf 82' lang='lat' dir='ltr'><strong>Joannes</strong></span> <span class='ocrx_word' id='word_1_44' title='bbox 872 736 1146 807; x_wconf 76' lang='lat' dir='ltr'><strong>apostolus</strong></span> <span class='ocrx_word' id='word_1_45' title='bbox 1176 736 1327 800; x_wconf 88' lang='lat' dir='ltr'><strong>dicit,</strong></span> <span class='ocrx_word' id='word_1_46' title='bbox 1348 746 1480 789; x_wconf 84' lang='lat' dir='ltr'><strong>totas</strong></span> <span class='ocrx_word' id='word_1_47' title='bbox 1504 734 1723 787; x_wconf 81' lang='lat' dir='ltr'><strong>mundus</strong></span> <span class='ocrx_word' id='word_1_48' title='bbox 1745 736 1793 786; x_wconf 89' lang='lat' dir='ltr'><strong>in</strong></span> <span class='ocrx_word' id='word_1_49' title='bbox 1816 734 2043 802; x_wconf 86' lang='lat' dir='ltr'><strong>maligno</strong></span> 
     </span>
    </p>
   </div>
   <div class='ocr_carea' id='block_1_8' title="bbox 447 828 2048 903">
    <p class='ocr_par' dir='ltr' id='par_1_8' title="bbox 447 828 2048 903">
     <span class='ocr_line' id='line_1_8' title="bbox 447 828 2048 903; baseline -0.005 -16"><span class='ocrx_word' id='word_1_50' title='bbox 447 837 644 903; x_wconf 79' lang='lat' dir='ltr'><strong>positus</strong></span> <span class='ocrx_word' id='word_1_51' title='bbox 694 843 766 888; x_wconf 83' lang='lat' dir='ltr'><strong>est</strong></span> <span class='ocrx_word' id='word_1_52' title='bbox 820 830 1000 903; x_wconf 83' lang='lat' dir='ltr'><strong>(Jonn.</strong></span> <span class='ocrx_word' id='word_1_53' title='bbox 1034 846 1086 896; x_wconf 79' lang='grc' dir='ltr'><strong>ν,</strong></span> <span class='ocrx_word' id='word_1_54' title='bbox 1124 829 1257 899; x_wconf 78' lang='grc'><strong>19);</strong></span> <span class='ocrx_word' id='word_1_55' title='bbox 1304 839 1358 885; x_wconf 89' lang='lat' dir='ltr'><strong>et</strong></span> <span class='ocrx_word' id='word_1_56' title='bbox 1404 829 1692 884; x_wconf 89' lang='lat' dir='ltr'><strong>insidiante</strong></span> <span class='ocrx_word' id='word_1_57' title='bbox 1743 828 1961 881; x_wconf 67' lang='lat' dir='ltr'><strong>diabolo</strong></span> <span class='ocrx_word' id='word_1_58' title='bbox 1990 837 2048 881; x_wconf 88' lang='lat' dir='ltr'><strong>et</strong></span> 
     </span>
    </p>
   </div>
   <div class='ocr_carea' id='block_1_9' title="bbox 445 924 2040 993">
    <p class='ocr_par' dir='ltr' id='par_1_9' title="bbox 445 924 2040 993">
     <span class='ocr_line' id='line_1_9' title="bbox 445 924 2040 993; baseline -0.001 -15"><span class='ocrx_word' id='word_1_59' title='bbox 445 928 652 993; x_wconf 75' lang='lat' dir='ltr'><strong>angelis</strong></span> <span class='ocrx_word' id='word_1_60' title='bbox 684 928 820 991; x_wconf 87' lang='lat' dir='ltr'><strong>ejus,</strong></span> <span class='ocrx_word' id='word_1_61' title='bbox 850 924 953 979; x_wconf 90' lang='lat' dir='ltr'><strong>hoc</strong></span> <span class='ocrx_word' id='word_1_62' title='bbox 980 925 1282 979; x_wconf 84' lang='lat' dir='ltr'><strong>innumeris</strong></span> <span class='ocrx_word' id='word_1_63' title='bbox 1322 925 1712 979; x_wconf 86' lang='lat' dir='ltr'><strong>lentationibus</strong></span> <span class='ocrx_word' id='word_1_64' title='bbox 1744 924 2040 987; x_wconf 82' lang='lat' dir='ltr'><strong>laboratur,</strong></span> 
     </span>
    </p>
   </div>
   <div class='ocr_carea' id='block_1_10' title="bbox 446 1014 2041 1086">
    <p class='ocr_par' dir='ltr' id='par_1_10' title="bbox 446 1014 2041 1086">
     <span class='ocr_line' id='line_1_10' title="bbox 446 1014 2041 1086; baseline -0.002 -16"><span class='ocrx_word' id='word_1_65' title='bbox 446 1027 503 1070; x_wconf 89' lang='lat' dir='ltr'><strong>ut</strong></span> <span class='ocrx_word' id='word_1_66' title='bbox 540 1018 808 1073; x_wconf 84' lang='lat' dir='ltr'><strong>hominem</strong></span> <span class='ocrx_word' id='word_1_67' title='bbox 852 1017 917 1070; x_wconf 88' lang='lat' dir='ltr'><strong>ad</strong></span> <span class='ocrx_word' id='word_1_68' title='bbox 946 1032 1178 1086; x_wconf 83' lang='lat' dir='ltr'><strong>superna</strong></span> <span class='ocrx_word' id='word_1_69' title='bbox 1212 1017 1502 1081; x_wconf 89' lang='lat' dir='ltr'><strong>nitentem,</strong></span> <span class='ocrx_word' id='word_1_70' title='bbox 1530 1026 1624 1069; x_wconf 85' lang='lat' dir='ltr'><strong>aut</strong></span> <span class='ocrx_word' id='word_1_71' title='bbox 1664 1014 1889 1068; x_wconf 77' lang='lat' dir='ltr'><strong>adversa</strong></span> <span class='ocrx_word' id='word_1_72' title='bbox 1931 1022 2041 1067; x_wconf 90' lang='lat' dir='ltr'><strong>ter-</strong></span> 
     </span>
    </p>
   </div>
   <div class='ocr_carea' id='block_1_11' title="bbox 448 1104 2043 1178">
    <p class='ocr_par' dir='ltr' id='par_1_11' title="bbox 448 1104 2043 1178">
     <span class='ocr_line' id='line_1_11' title="bbox 448 1104 2043 1178; baseline -0.002 -16"><span class='ocrx_word' id='word_1_73' title='bbox 448 1121 624 1175; x_wconf 89' lang='lat' dir='ltr'><strong>reant,</strong></span> <span class='ocrx_word' id='word_1_74' title='bbox 658 1109 1005 1164; x_wconf 84' lang='lat' dir='ltr'><strong>antsecunda</strong></span> <span class='ocrx_word' id='word_1_75' title='bbox 1038 1122 1427 1178; x_wconf 86' lang='lat' dir='ltr'><strong>corrumpant;</strong></span> <span class='ocrx_word' id='word_1_76' title='bbox 1481 1109 1575 1163; x_wconf 89' lang='lat' dir='ltr'><strong>sed</strong></span> <span class='ocrx_word' id='word_1_77' title='bbox 1616 1108 1790 1176; x_wconf 83' lang='lat' dir='ltr'><strong>major</strong></span> <span class='ocrx_word' id='word_1_78' title='bbox 1830 1114 1913 1161; x_wconf 91' lang='lat' dir='ltr'><strong>est</strong></span> <span class='ocrx_word' id='word_1_79' title='bbox 1952 1104 2043 1176; x_wconf 88' lang='lat' dir='ltr'><strong>qui</strong></span> 
     </span>
    </p>
   </div>
   <div class='ocr_carea' id='block_1_12' title="bbox 450 1202 2043 1271">
    <p class='ocr_par' dir='ltr' id='par_1_12' title="bbox 450 1202 2043 1271">
     <span class='ocr_line' id='line_1_12' title="bbox 450 1202 2043 1271; baseline -0.001 -16"><span class='ocrx_word' id='word_1_80' title='bbox 450 1203 503 1256; x_wconf 89' lang='lat' dir='ltr'><strong>in</strong></span> <span class='ocrx_word' id='word_1_81' title='bbox 528 1202 682 1257; x_wconf 89' lang='lat' dir='ltr'><strong>nobis</strong></span> <span class='ocrx_word' id='word_1_82' title='bbox 714 1212 797 1257; x_wconf 90' lang='lat' dir='ltr'><strong>est</strong></span> <span class='ocrx_word' id='word_1_83' title='bbox 828 1219 985 1271; x_wconf 86' lang='lat' dir='ltr'><strong>quam</strong></span> <span class='ocrx_word' id='word_1_84' title='bbox 1027 1203 1118 1271; x_wconf 90' lang='lat' dir='ltr'><strong>qui</strong></span> <span class='ocrx_word' id='word_1_85' title='bbox 1161 1203 1445 1257; x_wconf 75' lang='lat' dir='ltr'><strong>adver~um</strong></span> <span class='ocrx_word' id='word_1_86' title='bbox 1476 1218 1574 1255; x_wconf 90' lang='lat' dir='ltr'><strong>nos</strong></span> <span class='ocrx_word' id='word_1_87' title='bbox 1600 1213 1717 1266; x_wconf 89' lang='lat' dir='ltr'><strong>est,</strong></span> <span class='ocrx_word' id='word_1_88' title='bbox 1765 1211 1819 1255; x_wconf 92' lang='lat' dir='ltr'><strong>et</strong></span> <span class='ocrx_word' id='word_1_89' title='bbox 1855 1215 2043 1270; x_wconf 87' lang='lat' dir='ltr'><strong>pacem</strong></span> 
     </span>
    </p>
   </div>
   <div class='ocr_carea' id='block_1_13' title="bbox 451 1292 2046 1363">
    <p class='ocr_par' dir='ltr' id='par_1_13' title="bbox 451 1292 2046 1363">
     <span class='ocr_line' id='line_1_13' title="bbox 451 1292 2046 1363; baseline -0.003 -12"><span class='ocrx_word' id='word_1_90' title='bbox 451 1312 574 1351; x_wconf 92' lang='lat' dir='ltr'><strong>cum</strong></span> <span class='ocrx_word' id='word_1_91' title='bbox 617 1297 729 1351; x_wconf 88' lang='lat' dir='ltr'><strong>Deo</strong></span> <span class='ocrx_word' id='word_1_92' title='bbox 770 1297 1127 1360; x_wconf 88' lang='lat' dir='ltr'><strong>babentilms,</strong></span> <span class='ocrx_word' id='word_1_93' title='bbox 1178 1311 1240 1349; x_wconf 89' lang='lat' dir='ltr'><strong>ac</strong></span> <span class='ocrx_word' id='word_1_94' title='bbox 1294 1311 1509 1363; x_wconf 81' lang='lat' dir='ltr'><strong>semper</strong></span> <span class='ocrx_word' id='word_1_95' title='bbox 1543 1295 1687 1349; x_wconf 89' lang='lat' dir='ltr'><strong>Patri</strong></span> <span class='ocrx_word' id='word_1_96' title='bbox 1738 1304 1850 1348; x_wconf 91' lang='lat' dir='ltr'><strong>toto</strong></span> <span class='ocrx_word' id='word_1_97' title='bbox 1880 1292 2046 1347; x_wconf 90' lang='lat' dir='ltr'><strong>corde</strong></span> 
     </span>
    </p>
   </div>
   <div class='ocr_carea' id='block_1_14' title="bbox 452 1384 2045 1456">
    <p class='ocr_par' dir='ltr' id='par_1_14' title="bbox 452 1384 2045 1456">
     <span class='ocr_line' id='line_1_14' title="bbox 452 1384 2045 1456; baseline -0.006 -10"><span class='ocrx_word' id='word_1_98' title='bbox 452 1390 787 1456; x_wconf 77' lang='lat' dir='ltr'><strong>dicentibus,</strong></span> <span class='ocrx_word' id='word_1_99' title='bbox 818 1388 940 1443; x_wconf 87' lang='lat' dir='ltr'><strong>Fiat</strong></span> <span class='ocrx_word' id='word_1_100' title='bbox 979 1389 1214 1443; x_wconf 74' lang='lat' dir='ltr'><strong>uoluntas</strong></span> <span class='ocrx_word' id='word_1_101' title='bbox 1244 1400 1331 1441; x_wconf 87' lang='lat' dir='ltr'><strong>tua</strong></span> <span class='ocrx_word' id='word_1_102' title='bbox 1358 1386 1568 1456; x_wconf 78' lang='lat' dir='ltr'><strong>(Matth.</strong></span> <span class='ocrx_word' id='word_1_103' title='bbox 1592 1402 1670 1450; x_wconf 82' lang='lat' dir='ltr'><strong>Vl,</strong></span> <span class='ocrx_word' id='word_1_104' title='bbox 1727 1385 1855 1456; x_wconf 83' lang='grc'><strong>10),</strong></span> <span class='ocrx_word' id='word_1_105' title='bbox 1902 1384 2045 1438; x_wconf 87' lang='lat' dir='ltr'><strong>nulla</strong></span> 
     </span>
    </p>
   </div>
   <div class='ocr_carea' id='block_1_15' title="bbox 456 1476 2043 1553">
    <p class='ocr_par' dir='ltr' id='par_1_15' title="bbox 456 1476 2043 1553">
     <span class='ocr_line' id='line_1_15' title="bbox 456 1476 2043 1553; baseline -0.004 -16"><span class='ocrx_word' id='word_1_106' title='bbox 456 1484 754 1553; x_wconf 75' lang='lat' dir='ltr'><strong>prtevalere</strong></span> <span class='ocrx_word' id='word_1_107' title='bbox 777 1480 1093 1541; x_wconf 81' lang='lat' dir='ltr'><strong>certamina,</strong></span> <span class='ocrx_word' id='word_1_108' title='bbox 1122 1482 1252 1534; x_wconf 80' lang='lat' dir='ltr'><strong>nulli</strong></span> <span class='ocrx_word' id='word_1_109' title='bbox 1279 1488 1505 1549; x_wconf 61' lang='lat' dir='ltr'><strong>possunt</strong></span> <span class='ocrx_word' id='word_1_110' title='bbox 1526 1493 1722 1534; x_wconf 80' lang='lat' dir='ltr'><strong>tim-ere</strong></span> <span class='ocrx_word' id='word_1_111' title='bbox 1740 1476 2043 1531; x_wconf 81' lang='lat' dir='ltr'><strong>conﬂictus.</strong></span> 
     </span>
    </p>
   </div>
   <div class='ocr_carea' id='block_1_16' title="bbox 455 1572 2044 1643">
    <p class='ocr_par' dir='ltr' id='par_1_16' title="bbox 455 1572 2044 1643">
     <span class='ocr_line' id='line_1_16' title="bbox 455 1572 2044 1643; baseline -0.006 -10"><span class='ocrx_word' id='word_1_112' title='bbox 455 1580 786 1633; x_wconf 76' lang='lat' dir='ltr'><strong>Accusantes</strong></span> <span class='ocrx_word' id='word_1_113' title='bbox 805 1576 949 1629; x_wconf 88' lang='lat' dir='ltr'><strong>enim</strong></span> <span class='ocrx_word' id='word_1_114' title='bbox 984 1576 1342 1643; x_wconf 77' lang='lat' dir='ltr'><strong>nosmetipsos</strong></span> <span class='ocrx_word' id='word_1_115' title='bbox 1362 1572 1793 1627; x_wconf 75' lang='lat' dir='ltr'><strong>confessionibus</strong></span> <span class='ocrx_word' id='word_1_116' title='bbox 1822 1584 2044 1635; x_wconf 75' lang='lat' dir='ltr'><strong>ltttS&#39;l‘lS,</strong></span> 
     </span>
    </p>
   </div>
   <div class='ocr_carea' id='block_1_17' title="bbox 454 1663 2048 1735">
    <p class='ocr_par' dir='ltr' id='par_1_17' title="bbox 454 1663 2048 1735">
     <span class='ocr_line' id='line_1_17' title="bbox 454 1663 2048 1735; baseline -0.005 -11"><span class='ocrx_word' id='word_1_117' title='bbox 454 1677 510 1725; x_wconf 90' lang='lat' dir='ltr'><strong>et</strong></span> <span class='ocrx_word' id='word_1_118' title='bbox 537 1682 860 1723; x_wconf 89' lang='lat' dir='ltr'><strong>consensum</strong></span> <span class='ocrx_word' id='word_1_119' title='bbox 892 1667 1058 1720; x_wconf 90' lang='lat' dir='ltr'><strong>animi</strong></span> <span class='ocrx_word' id='word_1_120' title='bbox 1086 1668 1265 1720; x_wconf 69' lang='lat' dir='ltr'><strong>carni~</strong></span> <span class='ocrx_word' id='word_1_121' title='bbox 1294 1665 1749 1735; x_wconf 86' lang='lat' dir='ltr'><strong>concupiscentiis</strong></span> <span class='ocrx_word' id='word_1_122' title='bbox 1776 1663 2048 1733; x_wconf 86' lang='lat' dir='ltr'><strong>denegan-</strong></span> 
     </span>
    </p>
   </div>
   <div class='ocr_carea' id='block_1_18' title="bbox 457 1757 2044 1827">
    <p class='ocr_par' dir='ltr' id='par_1_18' title="bbox 457 1757 2044 1827">
     <span class='ocr_line' id='line_1_18' title="bbox 457 1757 2044 1827; baseline -0.004 -11"><span class='ocrx_word' id='word_1_123' title='bbox 457 1771 559 1827; x_wconf 88' lang='lat' dir='ltr'><strong>tes,</strong></span> <span class='ocrx_word' id='word_1_124' title='bbox 593 1759 897 1815; x_wconf 69' lang='lat' dir='ltr'><strong>inimicitias</strong></span> <span class='ocrx_word' id='word_1_125' title='bbox 923 1758 1139 1827; x_wconf 74' lang='lat' dir='ltr'><strong>quidem</strong></span> <span class='ocrx_word' id='word_1_126' title='bbox 1168 1759 1453 1812; x_wconf 69' lang='lat' dir='ltr'><strong>adversum</strong></span> <span class='ocrx_word' id='word_1_127' title='bbox 1494 1772 1593 1810; x_wconf 89' lang='lat' dir='ltr'><strong>nos</strong></span> <span class='ocrx_word' id='word_1_128' title='bbox 1632 1757 1769 1826; x_wconf 88' lang='lat' dir='ltr'><strong>ejus,</strong></span> <span class='ocrx_word' id='word_1_129' title='bbox 1797 1757 1890 1825; x_wconf 90' lang='lat' dir='ltr'><strong>qui</strong></span> <span class='ocrx_word' id='word_1_130' title='bbox 1916 1771 2044 1825; x_wconf 90' lang='lat' dir='ltr'><strong>pec-</strong></span> 
     </span>
    </p>
   </div>
   <div class='ocr_carea' id='block_1_19' title="bbox 2148 546 3761 616">
    <p class='ocr_par' dir='ltr' id='par_1_19' title="bbox 2148 546 3761 616">
     <span class='ocr_line' id='line_1_19' title="bbox 2148 546 3761 616; baseline 0.003 -18"><span class='ocrx_word' id='word_1_131' title='bbox 2148 561 2306 601; x_wconf 89' lang='lat' dir='ltr'><strong>verso</strong></span> <span class='ocrx_word' id='word_1_132' title='bbox 2345 560 2532 602; x_wconf 89' lang='lat' dir='ltr'><strong>amore</strong></span> <span class='ocrx_word' id='word_1_133' title='bbox 2573 546 2891 601; x_wconf 89' lang='lat' dir='ltr'><strong>concordes.</strong></span> <span class='ocrx_word' id='word_1_134' title='bbox 2944 546 3080 601; x_wconf 86' lang='lat' dir='ltr'><strong>Sunt</strong></span> <span class='ocrx_word' id='word_1_135' title='bbox 3114 546 3277 601; x_wconf 87' lang='lat' dir='ltr'><strong>etiam</strong></span> <span class='ocrx_word' id='word_1_136' title='bbox 3336 546 3388 600; x_wconf 94' lang='lat' dir='ltr'><strong>in</strong></span> <span class='ocrx_word' id='word_1_137' title='bbox 3420 546 3562 601; x_wconf 82' lang='lat' dir='ltr'><strong>vitiis</strong></span> <span class='ocrx_word' id='word_1_138' title='bbox 3594 563 3761 616; x_wconf 88' lang='lat' dir='ltr'><strong>pares</strong></span> 
     </span>
    </p>
   </div>
   <div class='ocr_carea' id='block_1_20' title="bbox 2148 640 3765 712">
    <p class='ocr_par' dir='ltr' id='par_1_20' title="bbox 2148 640 3765 712">
     <span class='ocr_line' id='line_1_20' title="bbox 2148 640 3765 712; baseline -0.001 -16"><span class='ocrx_word' id='word_1_139' title='bbox 2148 643 2336 710; x_wconf 88' lang='lat' dir='ltr'><strong>animi,</strong></span> <span class='ocrx_word' id='word_1_140' title='bbox 2372 657 2427 696; x_wconf 84' lang='lat' dir='ltr'><strong>et</strong></span> <span class='ocrx_word' id='word_1_141' title='bbox 2455 640 3158 697; x_wconf 75' lang='lat' dir='ltr'><strong>similitudodesiderorum</strong></span> <span class='ocrx_word' id='word_1_142' title='bbox 3188 642 3551 707; x_wconf 65' lang='lat' dir='ltr'><strong>aequalitatem</strong></span> <span class='ocrx_word' id='word_1_143' title='bbox 3581 640 3765 712; x_wconf 79' lang='lat' dir='ltr'><strong>gignit</strong></span> 
     </span>
    </p>
   </div>
   <div class='ocr_carea' id='block_1_21' title="bbox 2153 728 3763 803">
    <p class='ocr_par' dir='ltr' id='par_1_21' title="bbox 2153 728 3763 803">
     <span class='ocr_line' id='line_1_21' title="bbox 2153 728 3763 803; baseline -0.001 -16"><span class='ocrx_word' id='word_1_144' title='bbox 2153 732 2467 788; x_wconf 77' lang='lat' dir='ltr'><strong>affectuum.</strong></span> <span class='ocrx_word' id='word_1_145' title='bbox 2514 728 2546 768; x_wconf 79' lang='grc' dir='ltr'><strong>¹ι</strong></span> <span class='ocrx_word' id='word_1_146' title='bbox 2574 731 2642 786; x_wconf 84' lang='lat' dir='ltr'><strong>Et</strong></span> <span class='ocrx_word' id='word_1_147' title='bbox 2669 733 2712 786; x_wconf 91' lang='lat' dir='ltr'><strong>si</strong></span> <span class='ocrx_word' id='word_1_148' title='bbox 2753 731 2969 803; x_wconf 86' lang='lat' dir='ltr'><strong>quidam</strong></span> <span class='ocrx_word' id='word_1_149' title='bbox 2999 733 3223 788; x_wconf 75' lang='lat' dir='ltr'><strong>forsitan</strong></span> <span class='ocrx_word' id='word_1_150' title='bbox 3268 735 3609 800; x_wconf 83' lang='lat' dir='ltr'><strong>reperiantur</strong></span> <span class='ocrx_word' id='word_1_151' title='bbox 3635 735 3763 802; x_wconf 86' lang='lat' dir='ltr'><strong>qni-</strong></span> 
     </span>
    </p>
   </div>
   <div class='ocr_carea' id='block_1_22' title="bbox 2153 824 3765 896">
    <p class='ocr_par' dir='ltr' id='par_1_22' title="bbox 2153 824 3765 896">
     <span class='ocr_line' id='line_1_22' title="bbox 2153 824 3765 896; baseline -0.001 -16"><span class='ocrx_word' id='word_1_152' title='bbox 2153 825 2254 881; x_wconf 85' lang='lat' dir='ltr'><strong>bus</strong></span> <span class='ocrx_word' id='word_1_153' title='bbox 2277 840 2440 895; x_wconf 81' lang='lat' dir='ltr'><strong>prava</strong></span> <span class='ocrx_word' id='word_1_154' title='bbox 2467 833 2521 879; x_wconf 90' lang='lat' dir='ltr'><strong>et</strong></span> <span class='ocrx_word' id='word_1_155' title='bbox 2554 824 2839 881; x_wconf 89' lang='lat' dir='ltr'><strong>inhonesta</strong></span> <span class='ocrx_word' id='word_1_156' title='bbox 2866 840 2971 881; x_wconf 91' lang='lat' dir='ltr'><strong>non</strong></span> <span class='ocrx_word' id='word_1_157' title='bbox 3006 827 3273 896; x_wconf 88' lang='lat' dir='ltr'><strong>placeant,</strong></span> <span class='ocrx_word' id='word_1_158' title='bbox 3305 828 3507 895; x_wconf 88' lang='lat' dir='ltr'><strong>quique</strong></span> <span class='ocrx_word' id='word_1_159' title='bbox 3535 826 3765 881; x_wconf 87' lang='lat' dir='ltr'><strong>illicitas</strong></span> 
     </span>
    </p>
   </div>
   <div class='ocr_carea' id='block_1_23' title="bbox 2144 917 3764 985">
    <p class='ocr_par' dir='ltr' id='par_1_23' title="bbox 2144 917 3764 985">
     <span class='ocr_line' id='line_1_23' title="bbox 2144 917 3764 985; baseline -0.003 -11"><span class='ocrx_word' id='word_1_160' title='bbox 2144 919 2537 974; x_wconf 62' lang='lat' dir='ltr'><strong>consensiones</strong></span> <span class='ocrx_word' id='word_1_161' title='bbox 2566 933 2597 973; x_wconf 88' lang='lat' dir='ltr'><strong>a</strong></span> <span class='ocrx_word' id='word_1_162' title='bbox 2630 918 2833 974; x_wconf 68' lang='lat' dir='ltr'><strong>foedere</strong></span> <span class='ocrx_word' id='word_1_163' title='bbox 2857 934 2966 972; x_wconf 74' lang='lat' dir='ltr'><strong>sum</strong></span> <span class='ocrx_word' id='word_1_164' title='bbox 3008 919 3287 974; x_wconf 76' lang='lat' dir='ltr'><strong>cliaritatis</strong></span> <span class='ocrx_word' id='word_1_165' title='bbox 3313 917 3623 985; x_wconf 78' lang='lat' dir='ltr'><strong>excludant,</strong></span> <span class='ocrx_word' id='word_1_166' title='bbox 3659 926 3764 972; x_wconf 87' lang='lat' dir='ltr'><strong>ta-</strong></span> 
     </span>
    </p>
   </div>
   <div class='ocr_carea' id='block_1_24' title="bbox 2146 1012 3764 1080">
    <p class='ocr_par' dir='ltr' id='par_1_24' title="bbox 2146 1012 3764 1080">
     <span class='ocr_line' id='line_1_24' title="bbox 2146 1012 3764 1080; baseline -0.001 -12"><span class='ocrx_word' id='word_1_167' title='bbox 2146 1029 2271 1069; x_wconf 92' lang='lat' dir='ltr'><strong>men</strong></span> <span class='ocrx_word' id='word_1_168' title='bbox 2299 1016 2463 1070; x_wconf 76' lang='lat' dir='ltr'><strong>etinm</strong></span> <span class='ocrx_word' id='word_1_169' title='bbox 2499 1014 2661 1080; x_wconf 83' lang='lat' dir='ltr'><strong>tales,</strong></span> <span class='ocrx_word' id='word_1_170' title='bbox 2681 1015 2725 1068; x_wconf 89' lang='lat' dir='ltr'><strong>si</strong></span> <span class='ocrx_word' id='word_1_171' title='bbox 2759 1014 2843 1069; x_wconf 82' lang='lat' dir='ltr'><strong>vel</strong></span> <span class='ocrx_word' id='word_1_172' title='bbox 2873 1012 3044 1070; x_wconf 67' lang='lat' dir='ltr'><strong>Judaei</strong></span> <span class='ocrx_word' id='word_1_173' title='bbox 3076 1013 3206 1079; x_wconf 89' lang='lat' dir='ltr'><strong>sint,</strong></span> <span class='ocrx_word' id='word_1_174' title='bbox 3252 1015 3335 1067; x_wconf 85' lang='lat' dir='ltr'><strong>vel</strong></span> <span class='ocrx_word' id='word_1_175' title='bbox 3369 1012 3633 1079; x_wconf 69' lang='lat' dir='ltr'><strong>hmretici,</strong></span> <span class='ocrx_word' id='word_1_176' title='bbox 3665 1012 3764 1067; x_wconf 85' lang='lat' dir='ltr'><strong>vel</strong></span> 
     </span>
    </p>
   </div>
   <div class='ocr_carea' id='block_1_25' title="bbox 2146 1106 3761 1179">
    <p class='ocr_par' dir='ltr' id='par_1_25' title="bbox 2146 1106 3761 1179">
     <span class='ocr_line' id='line_1_25' title="bbox 2146 1106 3761 1179; baseline 0 -18"><span class='ocrx_word' id='word_1_177' title='bbox 2146 1110 2364 1177; x_wconf 70' lang='lat' dir='ltr'><strong>pagani,</strong></span> <span class='ocrx_word' id='word_1_178' title='bbox 2393 1122 2499 1161; x_wconf 91' lang='lat' dir='ltr'><strong>non</strong></span> <span class='ocrx_word' id='word_1_179' title='bbox 2521 1106 2589 1164; x_wconf 89' lang='lat' dir='ltr'><strong>de</strong></span> <span class='ocrx_word' id='word_1_180' title='bbox 2614 1107 2850 1163; x_wconf 88' lang='lat' dir='ltr'><strong>amicitia</strong></span> <span class='ocrx_word' id='word_1_181' title='bbox 2879 1108 2991 1173; x_wconf 87' lang='lat' dir='ltr'><strong>Dei,</strong></span> <span class='ocrx_word' id='word_1_182' title='bbox 3018 1108 3113 1163; x_wconf 89' lang='lat' dir='ltr'><strong>sed</strong></span> <span class='ocrx_word' id='word_1_183' title='bbox 3142 1107 3209 1162; x_wconf 88' lang='lat' dir='ltr'><strong>de</strong></span> <span class='ocrx_word' id='word_1_184' title='bbox 3231 1122 3364 1179; x_wconf 83' lang='lat' dir='ltr'><strong>pace</strong></span> <span class='ocrx_word' id='word_1_185' title='bbox 3388 1117 3515 1163; x_wconf 91' lang='lat' dir='ltr'><strong>sunt</strong></span> <span class='ocrx_word' id='word_1_186' title='bbox 3545 1108 3761 1164; x_wconf 87' lang='lat' dir='ltr'><strong>nmndi.</strong></span> 
     </span>
    </p>
   </div>
   <div class='ocr_carea' id='block_1_26' title="bbox 2152 1199 3766 1272">
    <p class='ocr_par' dir='ltr' id='par_1_26' title="bbox 2152 1199 3766 1272">
     <span class='ocr_line' id='line_1_26' title="bbox 2152 1199 3766 1272; baseline 0 -17"><span class='ocrx_word' id='word_1_187' title='bbox 2152 1200 2260 1255; x_wconf 81' lang='lat' dir='ltr'><strong>Pax</strong></span> <span class='ocrx_word' id='word_1_188' title='bbox 2294 1210 2475 1254; x_wconf 86' lang='lat' dir='ltr'><strong>autem</strong></span> <span class='ocrx_word' id='word_1_189' title='bbox 2515 1199 2836 1268; x_wconf 83' lang='lat' dir='ltr'><strong>spiritalium</strong></span> <span class='ocrx_word' id='word_1_190' title='bbox 2889 1207 2946 1256; x_wconf 89' lang='lat' dir='ltr'><strong>et</strong></span> <span class='ocrx_word' id='word_1_191' title='bbox 2989 1201 3403 1267; x_wconf 80' lang='lat' dir='ltr'><strong>catholicorum,</strong></span> <span class='ocrx_word' id='word_1_192' title='bbox 3452 1208 3766 1272; x_wconf 71' lang='lat' dir='ltr'><strong>asupcrm‘s</strong></span> 
     </span>
    </p>
   </div>
   <div class='ocr_carea' id='block_1_27' title="bbox 2154 1292 3765 1365">
    <p class='ocr_par' dir='ltr' id='par_1_27' title="bbox 2154 1292 3765 1365">
     <span class='ocr_line' id='line_1_27' title="bbox 2154 1292 3765 1365; baseline 0.001 -17"><span class='ocrx_word' id='word_1_193' title='bbox 2154 1292 2170 1331; x_wconf 79' lang='grc' dir='ltr'><strong>ί</strong></span> <span class='ocrx_word' id='word_1_194' title='bbox 2207 1295 2453 1357; x_wconf 78' lang='lat' dir='ltr'><strong>veniens,</strong></span> <span class='ocrx_word' id='word_1_195' title='bbox 2482 1303 2537 1351; x_wconf 88' lang='lat' dir='ltr'><strong>et</strong></span> <span class='ocrx_word' id='word_1_196' title='bbox 2559 1294 2626 1349; x_wconf 90' lang='lat' dir='ltr'><strong>ad</strong></span> <span class='ocrx_word' id='word_1_197' title='bbox 2650 1309 2887 1365; x_wconf 87' lang='lat' dir='ltr'><strong>superna</strong></span> <span class='ocrx_word' id='word_1_198' title='bbox 2918 1296 3241 1363; x_wconf 88' lang='lat' dir='ltr'><strong>perducens,</strong></span> <span class='ocrx_word' id='word_1_199' title='bbox 3268 1311 3389 1350; x_wconf 92' lang='lat' dir='ltr'><strong>cum</strong></span> <span class='ocrx_word' id='word_1_200' title='bbox 3421 1296 3765 1351; x_wconf 73' lang='lat' dir='ltr'><strong>amatoribus</strong></span> 
     </span>
    </p>
   </div>
   <div class='ocr_carea' id='block_1_28' title="bbox 2148 1384 3767 1452">
    <p class='ocr_par' dir='ltr' id='par_1_28' title="bbox 2148 1384 3767 1452">
     <span class='ocr_line' id='line_1_28' title="bbox 2148 1384 3767 1452; baseline -0.001 -11"><span class='ocrx_word' id='word_1_201' title='bbox 2148 1386 2336 1441; x_wconf 88' lang='lat' dir='ltr'><strong>mundi</strong></span> <span class='ocrx_word' id='word_1_202' title='bbox 2366 1386 2509 1440; x_wconf 90' lang='lat' dir='ltr'><strong>nulla</strong></span> <span class='ocrx_word' id='word_1_203' title='bbox 2533 1401 2633 1441; x_wconf 86' lang='lat' dir='ltr'><strong>nos</strong></span> <span class='ocrx_word' id='word_1_204' title='bbox 2657 1386 3168 1441; x_wconf 88' lang='lat' dir='ltr'><strong>vultcommnnione</strong></span> <span class='ocrx_word' id='word_1_205' title='bbox 3192 1387 3428 1452; x_wconf 85' lang='lat' dir='ltr'><strong>misceri,</strong></span> <span class='ocrx_word' id='word_1_206' title='bbox 3458 1385 3553 1443; x_wconf 86' lang='lat' dir='ltr'><strong>sed</strong></span> <span class='ocrx_word' id='word_1_207' title='bbox 3578 1384 3767 1441; x_wconf 85' lang='lat' dir='ltr'><strong>omni-</strong></span> 
     </span>
    </p>
   </div>
   <div class='ocr_carea' id='block_1_29' title="bbox 2151 1479 3769 1553">
    <p class='ocr_par' dir='ltr' id='par_1_29' title="bbox 2151 1479 3769 1553">
     <span class='ocr_line' id='line_1_29' title="bbox 2151 1479 3769 1553; baseline -0.001 -18"><span class='ocrx_word' id='word_1_208' title='bbox 2151 1479 2252 1535; x_wconf 90' lang='lat' dir='ltr'><strong>bus</strong></span> <span class='ocrx_word' id='word_1_209' title='bbox 2282 1479 2579 1534; x_wconf 70' lang='lat' dir='ltr'><strong>obstacnlis</strong></span> <span class='ocrx_word' id='word_1_210' title='bbox 2625 1479 2905 1546; x_wconf 75' lang='lat' dir='ltr'><strong>resistere,</strong></span> <span class='ocrx_word' id='word_1_211' title='bbox 2953 1488 3009 1534; x_wconf 90' lang='lat' dir='ltr'><strong>et</strong></span> <span class='ocrx_word' id='word_1_212' title='bbox 3054 1480 3120 1533; x_wconf 90' lang='lat' dir='ltr'><strong>ad</strong></span> <span class='ocrx_word' id='word_1_213' title='bbox 3149 1495 3274 1534; x_wconf 75' lang='lat' dir='ltr'><strong>vera</strong></span> <span class='ocrx_word' id='word_1_214' title='bbox 3299 1480 3492 1547; x_wconf 70' lang='lat' dir='ltr'><strong>gaudia</strong></span> <span class='ocrx_word' id='word_1_215' title='bbox 3519 1496 3546 1534; x_wconf 88' lang='lat' dir='ltr'><strong>a</strong></span> <span class='ocrx_word' id='word_1_216' title='bbox 3574 1479 3769 1553; x_wconf 86' lang='lat' dir='ltr'><strong>perni-</strong></span> 
     </span>
    </p>
   </div>
   <div class='ocr_carea' id='block_1_30' title="bbox 2149 1570 3764 1638">
    <p class='ocr_par' dir='ltr' id='par_1_30' title="bbox 2149 1570 3764 1638">
     <span class='ocr_line' id='line_1_30' title="bbox 2149 1570 3764 1638; baseline -0.001 -11"><span class='ocrx_word' id='word_1_217' title='bbox 2149 1571 2315 1627; x_wconf 88' lang='lat' dir='ltr'><strong>ciosis</strong></span> <span class='ocrx_word' id='word_1_218' title='bbox 2332 1570 2787 1626; x_wconf 80' lang='lat' dir='ltr'><strong>delectationibus</strong></span> <span class='ocrx_word' id='word_1_219' title='bbox 2833 1572 3073 1638; x_wconf 86' lang='lat' dir='ltr'><strong>evolare,</strong></span> <span class='ocrx_word' id='word_1_220' title='bbox 3102 1572 3317 1627; x_wconf 90' lang='lat' dir='ltr'><strong>dicente</strong></span> <span class='ocrx_word' id='word_1_221' title='bbox 3340 1572 3571 1629; x_wconf 88' lang='lat' dir='ltr'><strong>Domino</strong></span> <span class='ocrx_word' id='word_1_222' title='bbox 3605 1592 3619 1630; x_wconf 91' lang='lat'><strong>:</strong></span> <span class='ocrx_word' id='word_1_223' title='bbox 3656 1573 3764 1628; x_wconf 88' lang='lat' dir='ltr'><strong>Ubi</strong></span> 
     </span>
    </p>
   </div>
   <div class='ocr_carea' id='block_1_31' title="bbox 2149 1663 3759 1737">
    <p class='ocr_par' dir='ltr' id='par_1_31' title="bbox 2149 1663 3759 1737">
     <span class='ocr_line' id='line_1_31' title="bbox 2149 1663 3759 1737; baseline 0.002 -21"><span class='ocrx_word' id='word_1_224' title='bbox 2149 1663 2310 1733; x_wconf 78' lang='lat' dir='ltr'><strong>fuerit</strong></span> <span class='ocrx_word' id='word_1_225' title='bbox 2336 1663 2604 1718; x_wconf 75' lang='lat' dir='ltr'><strong>thesaurus</strong></span> <span class='ocrx_word' id='word_1_226' title='bbox 2639 1676 2777 1733; x_wconf 87' lang='lat' dir='ltr'><strong>tuus,</strong></span> <span class='ocrx_word' id='word_1_227' title='bbox 2811 1663 2825 1714; x_wconf 85' lang='lat' dir='ltr'><strong>i</strong></span> <span class='ocrx_word' id='word_1_228' title='bbox 2863 1664 2932 1718; x_wconf 96' lang='lat' dir='ltr'><strong>ibi</strong></span> <span class='ocrx_word' id='word_1_229' title='bbox 2953 1665 3046 1718; x_wconf 87' lang='lat' dir='ltr'><strong>erit</strong></span> <span class='ocrx_word' id='word_1_230' title='bbox 3075 1673 3125 1718; x_wconf 92' lang='lat' dir='ltr'><strong>et</strong></span> <span class='ocrx_word' id='word_1_231' title='bbox 3152 1675 3401 1719; x_wconf 82' lang='lat' dir='ltr'><strong>cortuam</strong></span> <span class='ocrx_word' id='word_1_232' title='bbox 3428 1665 3645 1737; x_wconf 71' lang='lat' dir='ltr'><strong>(Matth.</strong></span> <span class='ocrx_word' id='word_1_233' title='bbox 3678 1682 3759 1729; x_wconf 67' lang='grc' dir='ltr'><strong>γι,</strong></span> 
     </span>
    </p>
   </div>
   <div class='ocr_carea' id='block_1_32' title="bbox 2149 1752 3761 1826">
    <p class='ocr_par' dir='ltr' id='par_1_32' title="bbox 2149 1752 3761 1826">
     <span class='ocr_line' id='line_1_32' title="bbox 2149 1752 3761 1826; baseline 0.002 -19"><span class='ocrx_word' id='word_1_234' title='bbox 2149 1752 2244 1825; x_wconf 72' lang='grc'><strong>22)</strong></span> <span class='ocrx_word' id='word_1_235' title='bbox 2282 1772 2295 1807; x_wconf 88' lang='lat'><strong><em>:</em></strong></span> <span class='ocrx_word' id='word_1_236' title='bbox 2328 1754 2433 1809; x_wconf 84' lang='lat' dir='ltr'><strong>hoc</strong></span> <span class='ocrx_word' id='word_1_237' title='bbox 2475 1764 2580 1822; x_wconf 90' lang='lat' dir='ltr'><strong>est,</strong></span> <span class='ocrx_word' id='word_1_238' title='bbox 2636 1756 2681 1809; x_wconf 94' lang='lat' dir='ltr'><strong>si</strong></span> <span class='ocrx_word' id='word_1_239' title='bbox 2725 1755 2976 1811; x_wconf 83' lang='lat' dir='ltr'><strong>deorsum</strong></span> <span class='ocrx_word' id='word_1_240' title='bbox 3017 1767 3144 1811; x_wconf 90' lang='lat' dir='ltr'><strong>sunt</strong></span> <span class='ocrx_word' id='word_1_241' title='bbox 3187 1770 3310 1826; x_wconf 69' lang='lat' dir='ltr'><strong>quae</strong></span> <span class='ocrx_word' id='word_1_242' title='bbox 3336 1772 3508 1825; x_wconf 88' lang='lat' dir='ltr'><strong>amas,</strong></span> <span class='ocrx_word' id='word_1_243' title='bbox 3554 1756 3620 1811; x_wconf 88' lang='lat' dir='ltr'><strong>ad</strong></span> <span class='ocrx_word' id='word_1_244' title='bbox 3649 1758 3761 1811; x_wconf 88' lang='lat' dir='ltr'><strong>ima</strong></span> 
     </span>
    </p>
   </div>
   <div class='ocr_carea' id='block_1_33' title="bbox 456 1846 3763 1920">
    <p class='ocr_par' dir='ltr' id='par_1_33' title="bbox 456 1846 3763 1920">
     <span class='ocr_line' id='line_1_33' title="bbox 456 1846 3763 1920; baseline -0.002 -9"><span class='ocrx_word' id='word_1_245' title='bbox 456 1858 560 1916; x_wconf 57' lang='lat' dir='ltr'><strong>cui</strong></span> <span class='ocrx_word' id='word_1_246' title='bbox 598 1864 785 1909; x_wconf 84' lang='lat' dir='ltr'><strong>auctor</strong></span> <span class='ocrx_word' id='word_1_247' title='bbox 815 1862 919 1917; x_wconf 76' lang='lat' dir='ltr'><strong>est,</strong></span> <span class='ocrx_word' id='word_1_248' title='bbox 953 1867 1354 1905; x_wconf 76' lang='lat' dir='ltr'><strong>commmemus</strong></span> <span class='ocrx_word' id='word_1_249' title='bbox 1376 1895 1389 1918; x_wconf 89' lang='lat'><strong>,</strong></span> <span class='ocrx_word' id='word_1_250' title='bbox 1437 1852 1530 1905; x_wconf 88' lang='lat' dir='ltr'><strong>sed</strong></span> <span class='ocrx_word' id='word_1_251' title='bbox 1576 1850 2043 1920; x_wconf 66' lang='lat' dir='ltr'><strong>inexpugnabilem</strong></span> <span class='ocrx_word' id='word_1_252' title='bbox 2078 1848 2126 1907; x_wconf 91' lang='lat' dir='ltr'><strong>B</strong></span> <span class='ocrx_word' id='word_1_253' title='bbox 2150 1846 2452 1903; x_wconf 58' lang='lat' dir='ltr'><strong>descendi-8</strong></span> <span class='ocrx_word' id='word_1_254' title='bbox 2484 1863 2500 1913; x_wconf 90' lang='lat'><strong>;</strong></span> <span class='ocrx_word' id='word_1_255' title='bbox 2546 1847 2591 1902; x_wconf 87' lang='lat' dir='ltr'><strong>si</strong></span> <span class='ocrx_word' id='word_1_256' title='bbox 2620 1863 2838 1903; x_wconf 85' lang='lat' dir='ltr'><strong>sursum</strong></span> <span class='ocrx_word' id='word_1_257' title='bbox 2886 1857 3013 1903; x_wconf 92' lang='lat' dir='ltr'><strong>sunt</strong></span> <span class='ocrx_word' id='word_1_258' title='bbox 3059 1864 3181 1915; x_wconf 72' lang='lat' dir='ltr'><strong>qua:</strong></span> <span class='ocrx_word' id='word_1_259' title='bbox 3209 1848 3412 1919; x_wconf 78' lang='lat' dir='ltr'><strong>diligis,</strong></span> <span class='ocrx_word' id='word_1_260' title='bbox 3442 1848 3509 1903; x_wconf 83' lang='lat' dir='ltr'><strong>ad</strong></span> <span class='ocrx_word' id='word_1_261' title='bbox 3546 1864 3763 1905; x_wconf 85' lang='lat' dir='ltr'><strong>summa</strong></span> 
     </span>
    </p>
   </div>
   <div class='ocr_carea' id='block_1_34' title="bbox 457 1943 2047 2015">
    <p class='ocr_par' dir='ltr' id='par_1_34' title="bbox 457 1943 2047 2015">
     <span class='ocr_line' id='line_1_34' title="bbox 457 1943 2047 2015; baseline -0.004 -15"><span class='ocrx_word' id='word_1_262' title='bbox 457 1962 578 2000; x_wconf 90' lang='lat' dir='ltr'><strong>cum</strong></span> <span class='ocrx_word' id='word_1_263' title='bbox 620 1947 731 2001; x_wconf 89' lang='lat' dir='ltr'><strong>Deo</strong></span> <span class='ocrx_word' id='word_1_264' title='bbox 780 1960 963 2015; x_wconf 88' lang='lat' dir='ltr'><strong>pacem</strong></span> <span class='ocrx_word' id='word_1_265' title='bbox 1012 1946 1197 2013; x_wconf 66' lang='lat' dir='ltr'><strong>gratiae</strong></span> <span class='ocrx_word' id='word_1_266' title='bbox 1228 1944 1394 2010; x_wconf 77' lang='lat' dir='ltr'><strong>ipsius</strong></span> <span class='ocrx_word' id='word_1_267' title='bbox 1427 1943 1713 1998; x_wconf 71' lang='lat' dir='ltr'><strong>serviendo</strong></span> <span class='ocrx_word' id='word_1_268' title='bbox 1749 1946 2047 2007; x_wconf 81' lang='lat' dir='ltr'><strong>ﬁrmamus,</strong></span> 
     </span>
    </p>
   </div>
   <div class='ocr_carea' id='block_1_35' title="bbox 436 2037 2047 2111">
    <p class='ocr_par' dir='ltr' id='par_1_35' title="bbox 436 2037 2047 2111">
     <span class='ocr_line' id='line_1_35' title="bbox 436 2037 2047 2111; baseline -0.002 -18"><span class='ocrx_word' id='word_1_269' title='bbox 436 2052 515 2111; x_wconf 67' lang='lat' dir='ltr'><strong>fut</strong></span> <span class='ocrx_word' id='word_1_270' title='bbox 549 2040 680 2108; x_wconf 75' lang='lat' dir='ltr'><strong>Regi</strong></span> <span class='ocrx_word' id='word_1_271' title='bbox 741 2049 927 2094; x_wconf 76' lang='lat' dir='ltr'><strong>nostra</strong></span> <span class='ocrx_word' id='word_1_272' title='bbox 972 2054 1077 2094; x_wconf 76' lang='lat' dir='ltr'><strong>nun</strong></span> <span class='ocrx_word' id='word_1_273' title='bbox 1110 2040 1283 2093; x_wconf 81' lang='lat' dir='ltr'><strong>Solum</strong></span> <span class='ocrx_word' id='word_1_274' title='bbox 1324 2038 1628 2093; x_wconf 83' lang='lat' dir='ltr'><strong>obedientia</strong></span> <span class='ocrx_word' id='word_1_275' title='bbox 1673 2037 2047 2106; x_wconf 87' lang='lat' dir='ltr'><strong>snbjiciamur,</strong></span> 
     </span>
    </p>
   </div>
   <div class='ocr_carea' id='block_1_36' title="bbox 456 2128 2047 2200">
    <p class='ocr_par' dir='ltr' id='par_1_36' title="bbox 456 2128 2047 2200">
     <span class='ocr_line' id='line_1_36' title="bbox 456 2128 2047 2200; baseline -0.001 -14"><span class='ocrx_word' id='word_1_276' title='bbox 456 2132 549 2186; x_wconf 89' lang='lat' dir='ltr'><strong>sed</strong></span> <span class='ocrx_word' id='word_1_277' title='bbox 583 2132 742 2185; x_wconf 88' lang='lat' dir='ltr'><strong>etiam</strong></span> <span class='ocrx_word' id='word_1_278' title='bbox 770 2131 973 2200; x_wconf 88' lang='lat' dir='ltr'><strong>judicio</strong></span> <span class='ocrx_word' id='word_1_279' title='bbox 1015 2132 1349 2199; x_wconf 79' lang='lat' dir='ltr'><strong>copulentur.</strong></span> <span class='ocrx_word' id='word_1_280' title='bbox 1404 2131 1668 2197; x_wconf 86' lang='lat' dir='ltr'><strong>Quoniam</strong></span> <span class='ocrx_word' id='word_1_281' title='bbox 1697 2131 1741 2183; x_wconf 89' lang='lat' dir='ltr'><strong>si</strong></span> <span class='ocrx_word' id='word_1_282' title='bbox 1774 2144 1827 2184; x_wconf 77' lang='lat' dir='ltr'><strong>In</strong></span> <span class='ocrx_word' id='word_1_283' title='bbox 1857 2128 2047 2184; x_wconf 86' lang='lat' dir='ltr'><strong>eadem</strong></span> 
     </span>
    </p>
   </div>
   <div class='ocr_carea' id='block_1_37' title="bbox 457 2221 2050 2292">
    <p class='ocr_par' dir='ltr' id='par_1_37' title="bbox 457 2221 2050 2292">
     <span class='ocr_line' id='line_1_37' title="bbox 457 2221 2050 2292; baseline -0.003 -14"><span class='ocrx_word' id='word_1_284' title='bbox 457 2223 720 2278; x_wconf 78' lang='lat' dir='ltr'><strong>sententia</strong></span> <span class='ocrx_word' id='word_1_285' title='bbox 746 2237 963 2285; x_wconf 85' lang='lat' dir='ltr'><strong>smnus,</strong></span> <span class='ocrx_word' id='word_1_286' title='bbox 993 2223 1037 2276; x_wconf 88' lang='lat' dir='ltr'><strong>si</strong></span> <span class='ocrx_word' id='word_1_287' title='bbox 1068 2223 1209 2292; x_wconf 82' lang='lat' dir='ltr'><strong>quod</strong></span> <span class='ocrx_word' id='word_1_288' title='bbox 1245 2223 1352 2275; x_wconf 87' lang='lat' dir='ltr'><strong>vult</strong></span> <span class='ocrx_word' id='word_1_289' title='bbox 1380 2223 1652 2288; x_wconf 69' lang='lat' dir='ltr'><strong>volumus,</strong></span> <span class='ocrx_word' id='word_1_290' title='bbox 1681 2232 1736 2276; x_wconf 88' lang='lat' dir='ltr'><strong>et</strong></span> <span class='ocrx_word' id='word_1_291' title='bbox 1773 2221 1913 2292; x_wconf 87' lang='lat' dir='ltr'><strong>quod</strong></span> <span class='ocrx_word' id='word_1_292' title='bbox 1948 2222 2050 2276; x_wconf 91' lang='lat' dir='ltr'><strong>im-</strong></span> 
     </span>
    </p>
   </div>
   <div class='ocr_carea' id='block_1_38' title="bbox 458 2312 2047 2386">
    <p class='ocr_par' dir='ltr' id='par_1_38' title="bbox 458 2312 2047 2386">
     <span class='ocr_line' id='line_1_38' title="bbox 458 2312 2047 2386; baseline -0.002 -16"><span class='ocrx_word' id='word_1_293' title='bbox 458 2318 649 2386; x_wconf 84' lang='lat' dir='ltr'><strong>probat</strong></span> <span class='ocrx_word' id='word_1_294' title='bbox 684 2314 1067 2385; x_wconf 87' lang='lat' dir='ltr'><strong>improhamus,</strong></span> <span class='ocrx_word' id='word_1_295' title='bbox 1105 2316 1221 2381; x_wconf 88' lang='lat' dir='ltr'><strong>ipse</strong></span> <span class='ocrx_word' id='word_1_296' title='bbox 1241 2314 1350 2384; x_wconf 87' lang='lat' dir='ltr'><strong>jam</strong></span> <span class='ocrx_word' id='word_1_297' title='bbox 1383 2329 1479 2381; x_wconf 86' lang='lat' dir='ltr'><strong>pro</strong></span> <span class='ocrx_word' id='word_1_298' title='bbox 1508 2315 1661 2368; x_wconf 85' lang='lat' dir='ltr'><strong>nobis</strong></span> <span class='ocrx_word' id='word_1_299' title='bbox 1700 2314 1877 2367; x_wconf 85' lang='lat' dir='ltr'><strong>omnia</strong></span> <span class='ocrx_word' id='word_1_300' title='bbox 1906 2312 2047 2367; x_wconf 89' lang='lat' dir='ltr'><strong>bella</strong></span> 
     </span>
    </p>
   </div>
   <div class='ocr_carea' id='block_1_39' title="bbox 454 2405 2049 2476">
    <p class='ocr_par' dir='ltr' id='par_1_39' title="bbox 454 2405 2049 2476">
     <span class='ocr_line' id='line_1_39' title="bbox 454 2405 2049 2476; baseline -0.004 -12"><span class='ocrx_word' id='word_1_301' title='bbox 454 2408 732 2470; x_wconf 89' lang='lat' dir='ltr'><strong>conﬁciet,</strong></span> <span class='ocrx_word' id='word_1_302' title='bbox 778 2409 890 2474; x_wconf 88' lang='lat' dir='ltr'><strong>ipse</strong></span> <span class='ocrx_word' id='word_1_303' title='bbox 912 2406 1001 2476; x_wconf 91' lang='lat' dir='ltr'><strong>qui</strong></span> <span class='ocrx_word' id='word_1_304' title='bbox 1028 2405 1176 2459; x_wconf 75' lang='lat' dir='ltr'><strong>dedit</strong></span> <span class='ocrx_word' id='word_1_305' title='bbox 1209 2406 1374 2472; x_wconf 86' lang='lat' dir='ltr'><strong>velle,</strong></span> <span class='ocrx_word' id='word_1_306' title='bbox 1409 2405 1625 2459; x_wconf 82' lang='lat' dir='ltr'><strong>donabit</strong></span> <span class='ocrx_word' id='word_1_307' title='bbox 1654 2417 1707 2461; x_wconf 91' lang='lat' dir='ltr'><strong>et</strong></span> <span class='ocrx_word' id='word_1_308' title='bbox 1731 2420 1891 2474; x_wconf 84' lang='lat' dir='ltr'><strong>posse</strong></span> <span class='ocrx_word' id='word_1_309' title='bbox 1923 2422 1936 2458; x_wconf 89' lang='lat'><strong>:</strong></span> <span class='ocrx_word' id='word_1_310' title='bbox 1990 2415 2049 2458; x_wconf 90' lang='lat' dir='ltr'><strong>nt</strong></span> 
     </span>
    </p>
   </div>
   <div class='ocr_carea' id='block_1_40' title="bbox 456 2497 2047 2568">
    <p class='ocr_par' dir='ltr' id='par_1_40' title="bbox 456 2497 2047 2568">
     <span class='ocr_line' id='line_1_40' title="bbox 456 2497 2047 2568; baseline -0.004 -11"><span class='ocrx_word' id='word_1_311' title='bbox 456 2502 625 2557; x_wconf 89' lang='lat' dir='ltr'><strong>simus</strong></span> <span class='ocrx_word' id='word_1_312' title='bbox 654 2510 1033 2568; x_wconf 73' lang='lat' dir='ltr'><strong>cooperatores</strong></span> <span class='ocrx_word' id='word_1_313' title='bbox 1072 2515 1296 2568; x_wconf 87' lang='lat' dir='ltr'><strong>operum</strong></span> <span class='ocrx_word' id='word_1_314' title='bbox 1334 2500 1473 2568; x_wconf 85' lang='lat' dir='ltr'><strong>ejus,</strong></span> <span class='ocrx_word' id='word_1_315' title='bbox 1502 2508 1557 2554; x_wconf 89' lang='lat' dir='ltr'><strong>et</strong></span> <span class='ocrx_word' id='word_1_316' title='bbox 1580 2498 1951 2568; x_wconf 71' lang='lat' dir='ltr'><strong>propheticum</strong></span> <span class='ocrx_word' id='word_1_317' title='bbox 1984 2497 2047 2552; x_wconf 89' lang='lat' dir='ltr'><strong>il-</strong></span> 
     </span>
    </p>
   </div>
   <div class='ocr_carea' id='block_1_41' title="bbox 454 2590 2046 2647">
    <p class='ocr_par' dir='ltr' id='par_1_41' title="bbox 454 2590 2046 2647">
     <span class='ocr_line' id='line_1_41' title="bbox 454 2590 2046 2647; baseline -0.003 0"><span class='ocrx_word' id='word_1_318' title='bbox 454 2595 543 2647; x_wconf 89' lang='lat' dir='ltr'><strong>lud</strong></span> <span class='ocrx_word' id='word_1_319' title='bbox 574 2608 694 2647; x_wconf 89' lang='lat' dir='ltr'><strong>cum</strong></span> <span class='ocrx_word' id='word_1_320' title='bbox 720 2591 746 2630; x_wconf 66' lang='grc' dir='ltr'>δ</span> <span class='ocrx_word' id='word_1_321' title='bbox 777 2591 899 2646; x_wconf 88' lang='lat' dir='ltr'><strong>ﬁdei</strong></span> <span class='ocrx_word' id='word_1_322' title='bbox 923 2591 1282 2646; x_wconf 76' lang='lat' dir='ltr'><strong>exsultatione</strong></span> <span class='ocrx_word' id='word_1_323' title='bbox 1317 2590 1556 2645; x_wconf 72' lang='lat' dir='ltr'><strong>dicnmus</strong></span> <span class='ocrx_word' id='word_1_324' title='bbox 1584 2609 1595 2643; x_wconf 92' lang='lat'>:</span> <span class='ocrx_word' id='word_1_325' title='bbox 1649 2590 1899 2643; x_wconf 81' lang='lat' dir='ltr'><strong>Dominus</strong></span> <span class='ocrx_word' id='word_1_326' title='bbox 1924 2590 2046 2643; x_wconf 89' lang='lat' dir='ltr'><strong>illu-</strong></span> 
     </span>
    </p>
   </div>
   <div class='ocr_carea' id='block_1_42' title="bbox 454 2681 2048 2751">
    <p class='ocr_par' dir='ltr' id='par_1_42' title="bbox 454 2681 2048 2751">
     <span class='ocr_line' id='line_1_42' title="bbox 454 2681 2048 2751; baseline -0.001 -13"><span class='ocrx_word' id='word_1_327' title='bbox 454 2686 670 2738; x_wconf 86' lang='lat' dir='ltr'><strong>minatio</strong></span> <span class='ocrx_word' id='word_1_328' title='bbox 710 2700 821 2737; x_wconf 85' lang='lat' dir='ltr'><strong>mea</strong></span> <span class='ocrx_word' id='word_1_329' title='bbox 850 2693 895 2738; x_wconf 83' lang='lat' dir='ltr'><strong>et</strong></span> <span class='ocrx_word' id='word_1_330' title='bbox 941 2683 1081 2736; x_wconf 83' lang='lat' dir='ltr'><strong>salus</strong></span> <span class='ocrx_word' id='word_1_331' title='bbox 1106 2698 1218 2736; x_wconf 84' lang='lat' dir='ltr'><strong>mea</strong></span> <span class='ocrx_word' id='word_1_332' title='bbox 1249 2700 1267 2747; x_wconf 90' lang='lat'><em>;</em></span> <span class='ocrx_word' id='word_1_333' title='bbox 1322 2699 1469 2751; x_wconf 85' lang='lat' dir='ltr'><strong>quem</strong></span> <span class='ocrx_word' id='word_1_334' title='bbox 1518 2682 1751 2736; x_wconf 83' lang='lat' dir='ltr'><strong>timebo?</strong></span> <span class='ocrx_word' id='word_1_335' title='bbox 1799 2681 2048 2736; x_wconf 79' lang='lat' dir='ltr'><strong>Dominus</strong></span> 
     </span>
    </p>
   </div>
   <div class='ocr_carea' id='block_1_43' title="bbox 456 2774 1952 2853">
    <p class='ocr_par' dir='ltr' id='par_1_43' title="bbox 456 2774 1952 2853">
     <span class='ocr_line' id='line_1_43' title="bbox 456 2774 1952 2853; baseline 0.001 -22"><span class='ocrx_word' id='word_1_336' title='bbox 456 2780 693 2849; x_wconf 83' lang='lat' dir='ltr'><strong>defensor</strong></span> <span class='ocrx_word' id='word_1_337' title='bbox 712 2778 829 2831; x_wconf 72' lang='lat' dir='ltr'><strong>vitta</strong></span> <span class='ocrx_word' id='word_1_338' title='bbox 867 2792 993 2830; x_wconf 77' lang='lat' dir='ltr'><strong>mete</strong></span> <span class='ocrx_word' id='word_1_339' title='bbox 1016 2794 1034 2841; x_wconf 90' lang='lat'><em>;</em></span> <span class='ocrx_word' id='word_1_340' title='bbox 1062 2793 1093 2829; x_wconf 89' lang='lat' dir='ltr'><strong>a</strong></span> <span class='ocrx_word' id='word_1_341' title='bbox 1114 2793 1212 2845; x_wconf 87' lang='lat' dir='ltr'><strong>quo</strong></span> <span class='ocrx_word' id='word_1_342' title='bbox 1241 2776 1508 2845; x_wconf 85' lang='lat' dir='ltr'><strong>trepidabo</strong></span> <span class='ocrx_word' id='word_1_343' title='bbox 1533 2774 1650 2847; x_wconf 82' lang='lat' dir='ltr'><strong>(Ps.</strong></span> <span class='ocrx_word' id='word_1_344' title='bbox 1676 2792 1820 2853; x_wconf 72' lang='lat' dir='ltr'><strong>xxvi,</strong></span> <span class='ocrx_word' id='word_1_345' title='bbox 1848 2779 1901 2845; x_wconf 82' lang='grc'><strong>1)</strong></span> <span class='ocrx_word' id='word_1_346' title='bbox 1929 2778 1952 2831; x_wconf 89' lang='lat'><strong>?</strong></span> 
     </span>
    </p>
   </div>
   <div class='ocr_carea' id='block_1_44' title="bbox 528 2867 2050 2940">
    <p class='ocr_par' dir='ltr' id='par_1_44' title="bbox 528 2867 2050 2940">
     <span class='ocr_line' id='line_1_44' title="bbox 528 2867 2050 2940; baseline -0.001 -16"><span class='ocrx_word' id='word_1_347' title='bbox 528 2869 659 2924; x_wconf 75' lang='lat' dir='ltr'><strong>CAP.</strong></span> <span class='ocrx_word' id='word_1_348' title='bbox 682 2867 748 2923; x_wconf 84' lang='lat' dir='ltr'><strong>V.</strong></span> <span class='ocrx_word' id='word_1_349' title='bbox 784 2898 851 2907; x_wconf 93' lang='lat'><strong>—</strong></span> <span class='ocrx_word' id='word_1_350' title='bbox 882 2869 982 2933; x_wconf 85' lang='lat' dir='ltr'><strong>Qui</strong></span> <span class='ocrx_word' id='word_1_351' title='bbox 1014 2882 1144 2937; x_wconf 90' lang='lat' dir='ltr'><strong>ergo</strong></span> <span class='ocrx_word' id='word_1_352' title='bbox 1171 2883 1271 2921; x_wconf 88' lang='lat' dir='ltr'><strong>non</strong></span> <span class='ocrx_word' id='word_1_353' title='bbox 1316 2884 1379 2920; x_wconf 83' lang='lat' dir='ltr'><strong>ea:</strong></span> <span class='ocrx_word' id='word_1_354' title='bbox 1399 2870 1735 2939; x_wconf 85' lang='lat' dir='ltr'><strong>sanguinibus</strong></span> <span class='ocrx_word' id='word_1_355' title='bbox 1754 2910 1767 2933; x_wconf 96' lang='lat'><strong>,</strong></span> <span class='ocrx_word' id='word_1_356' title='bbox 1806 2886 1967 2940; x_wconf 81' lang='lat' dir='ltr'><strong>neque</strong></span> <span class='ocrx_word' id='word_1_357' title='bbox 1989 2888 2050 2923; x_wconf 77' lang='lat' dir='ltr'><strong>ex</strong></span> 
     </span>
    </p>
   </div>
   <div class='ocr_carea' id='block_1_45' title="bbox 455 2961 2051 3031">
    <p class='ocr_par' dir='ltr' id='par_1_45' title="bbox 455 2961 2051 3031">
     <span class='ocr_line' id='line_1_45' title="bbox 455 2961 2051 3031; baseline 0 -14"><span class='ocrx_word' id='word_1_358' title='bbox 455 2964 718 3018; x_wconf 80' lang='lat' dir='ltr'><strong>voluntate</strong></span> <span class='ocrx_word' id='word_1_359' title='bbox 746 2963 939 3025; x_wconf 86' lang='lat' dir='ltr'><strong>carnis,</strong></span> <span class='ocrx_word' id='word_1_360' title='bbox 976 2971 997 2999; x_wconf 77' lang='grc' dir='ltr'><strong>ο</strong></span> <span class='ocrx_word' id='word_1_361' title='bbox 1034 2977 1198 3031; x_wconf 84' lang='lat' dir='ltr'><strong>neque</strong></span> <span class='ocrx_word' id='word_1_362' title='bbox 1218 2977 1281 3015; x_wconf 80' lang='lat' dir='ltr'><strong>ea:</strong></span> <span class='ocrx_word' id='word_1_363' title='bbox 1304 2964 1567 3014; x_wconf 86' lang='lat' dir='ltr'><strong>uoluntate</strong></span> <span class='ocrx_word' id='word_1_364' title='bbox 1594 2962 1717 3024; x_wconf 84' lang='lat' dir='ltr'><strong>viri,</strong></span> <span class='ocrx_word' id='word_1_365' title='bbox 1742 2961 1831 3017; x_wconf 89' lang='lat' dir='ltr'><strong>sed</strong></span> <span class='ocrx_word' id='word_1_366' title='bbox 1857 2980 1919 3017; x_wconf 78' lang='lat' dir='ltr'><strong>ea:</strong></span> <span class='ocrx_word' id='word_1_367' title='bbox 1940 2961 2051 3018; x_wconf 84' lang='lat' dir='ltr'><strong>Deo</strong></span> 
     </span>
    </p>
   </div>
   <div class='ocr_carea' id='block_1_46' title="bbox 456 3048 2053 3121">
    <p class='ocr_par' dir='ltr' id='par_1_46' title="bbox 456 3048 2053 3121">
     <span class='ocr_line' id='line_1_46' title="bbox 456 3048 2053 3121; baseline 0 -13"><span class='ocrx_word' id='word_1_368' title='bbox 456 3054 563 3108; x_wconf 88' lang='lat' dir='ltr'><strong>nati</strong></span> <span class='ocrx_word' id='word_1_369' title='bbox 584 3062 701 3106; x_wconf 88' lang='lat' dir='ltr'><strong>sunt</strong></span> <span class='ocrx_word' id='word_1_370' title='bbox 724 3050 908 3121; x_wconf 87' lang='lat' dir='ltr'><strong>(Joan.</strong></span> <span class='ocrx_word' id='word_1_371' title='bbox 937 3051 1108 3119; x_wconf 58' lang='lat' dir='ltr'><strong>L15),</strong></span> <span class='ocrx_word' id='word_1_372' title='bbox 1128 3048 1360 3105; x_wconf 70' lang='lat' dir='ltr'><strong>oll‘erant</strong></span> <span class='ocrx_word' id='word_1_373' title='bbox 1388 3051 1527 3105; x_wconf 87' lang='lat' dir='ltr'><strong>Patri</strong></span> <span class='ocrx_word' id='word_1_374' title='bbox 1553 3054 1894 3120; x_wconf 49' lang='lat' dir='ltr'><strong>paealicv-rnm</strong></span> <span class='ocrx_word' id='word_1_375' title='bbox 1920 3069 2053 3108; x_wconf 85' lang='lat' dir='ltr'><strong>con-</strong></span> 
     </span>
    </p>
   </div>
   <div class='ocr_carea' id='block_1_47' title="bbox 455 3139 2050 3211">
    <p class='ocr_par' dir='ltr' id='par_1_47' title="bbox 455 3139 2050 3211">
     <span class='ocr_line' id='line_1_47' title="bbox 455 3139 2050 3211; baseline -0.001 -11"><span class='ocrx_word' id='word_1_376' title='bbox 455 3144 699 3200; x_wconf 90' lang='lat' dir='ltr'><strong>cordiam</strong></span> <span class='ocrx_word' id='word_1_377' title='bbox 724 3142 980 3205; x_wconf 84' lang='lat' dir='ltr'><strong>ﬁliorum,</strong></span> <span class='ocrx_word' id='word_1_378' title='bbox 1011 3140 1037 3177; x_wconf 74' lang='grc'><strong>(³</strong></span> <span class='ocrx_word' id='word_1_379' title='bbox 1072 3150 1127 3195; x_wconf 91' lang='lat' dir='ltr'><strong>et</strong></span> <span class='ocrx_word' id='word_1_380' title='bbox 1154 3141 1205 3195; x_wconf 90' lang='lat' dir='ltr'><strong>in</strong></span> <span class='ocrx_word' id='word_1_381' title='bbox 1243 3139 1658 3211; x_wconf 75' lang='lat' dir='ltr'><strong>primogenitum</strong></span> <span class='ocrx_word' id='word_1_382' title='bbox 1707 3158 1859 3197; x_wconf 74' lang='lat' dir='ltr'><strong>novae</strong></span> <span class='ocrx_word' id='word_1_383' title='bbox 1893 3160 2050 3199; x_wconf 86' lang='lat' dir='ltr'><strong>crea-</strong></span> 
     </span>
    </p>
   </div>
   <div class='ocr_carea' id='block_1_48' title="bbox 457 3228 2127 3305">
    <p class='ocr_par' dir='ltr' id='par_1_48' title="bbox 457 3228 2127 3305">
     <span class='ocr_line' id='line_1_48' title="bbox 457 3228 2127 3305; baseline -0.001 -13"><span class='ocrx_word' id='word_1_384' title='bbox 457 3248 614 3301; x_wconf 74' lang='lat' dir='ltr'><strong>tum,</strong></span> <span class='ocrx_word' id='word_1_385' title='bbox 646 3237 735 3305; x_wconf 92' lang='lat' dir='ltr'><strong>qui</strong></span> <span class='ocrx_word' id='word_1_386' title='bbox 764 3238 912 3290; x_wconf 89' lang='lat' dir='ltr'><strong>venit</strong></span> <span class='ocrx_word' id='word_1_387' title='bbox 952 3250 1055 3287; x_wconf 91' lang='lat' dir='ltr'><strong>non</strong></span> <span class='ocrx_word' id='word_1_388' title='bbox 1105 3247 1283 3294; x_wconf 91' lang='lat' dir='ltr'><strong>suam,</strong></span> <span class='ocrx_word' id='word_1_389' title='bbox 1327 3233 1421 3288; x_wconf 91' lang='lat' dir='ltr'><strong>sed</strong></span> <span class='ocrx_word' id='word_1_390' title='bbox 1463 3235 1725 3289; x_wconf 86' lang='lat' dir='ltr'><strong>mittentis</strong></span> <span class='ocrx_word' id='word_1_391' title='bbox 1757 3235 1934 3292; x_wconf 75' lang='lat' dir='ltr'><strong>facere</strong></span> <span class='ocrx_word' id='word_1_392' title='bbox 1967 3253 2054 3291; x_wconf 76' lang='grc' dir='ltr'><strong>νο-</strong></span> <span class='ocrx_word' id='word_1_393' title='bbox 2080 3228 2127 3291; x_wconf 94' lang='lat' dir='ltr'><strong><em>C</em></strong></span> 
     </span>
    </p>
   </div>
   <div class='ocr_carea' id='block_1_49' title="bbox 455 3324 2048 3395">
    <p class='ocr_par' dir='ltr' id='par_1_49' title="bbox 455 3324 2048 3395">
     <span class='ocr_line' id='line_1_49' title="bbox 455 3324 2048 3395; baseline -0.001 -12"><span class='ocrx_word' id='word_1_394' title='bbox 455 3329 741 3395; x_wconf 88' lang='lat' dir='ltr'><strong>luntatem,</strong></span> <span class='ocrx_word' id='word_1_395' title='bbox 784 3328 1039 3380; x_wconf 86' lang='lat' dir='ltr'><strong>universa</strong></span> <span class='ocrx_word' id='word_1_396' title='bbox 1064 3324 1370 3395; x_wconf 75' lang='lat' dir='ltr'><strong>adoptionis</strong></span> <span class='ocrx_word' id='word_1_397' title='bbox 1399 3326 1640 3379; x_wconf 89' lang='lat' dir='ltr'><strong>membra</strong></span> <span class='ocrx_word' id='word_1_398' title='bbox 1679 3337 2005 3383; x_wconf 85' lang='lat' dir='ltr'><strong>concurrant</strong></span> <span class='ocrx_word' id='word_1_399' title='bbox 2035 3347 2048 3381; x_wconf 87' lang='lat'><strong>:</strong></span> 
     </span>
    </p>
   </div>
   <div class='ocr_carea' id='block_1_50' title="bbox 456 3418 2054 3494">
    <p class='ocr_par' dir='ltr' id='par_1_50' title="bbox 456 3418 2054 3494">
     <span class='ocr_line' id='line_1_50' title="bbox 456 3418 2054 3494; baseline -0.001 -17"><span class='ocrx_word' id='word_1_400' title='bbox 456 3423 713 3494; x_wconf 89' lang='lat' dir='ltr'><strong>quoniam</strong></span> <span class='ocrx_word' id='word_1_401' title='bbox 735 3421 903 3492; x_wconf 85' lang='lat' dir='ltr'><strong>gratia</strong></span> <span class='ocrx_word' id='word_1_402' title='bbox 933 3418 1111 3474; x_wconf 76' lang='lat' dir='ltr'><strong>Patris</strong></span> <span class='ocrx_word' id='word_1_403' title='bbox 1142 3434 1246 3472; x_wconf 90' lang='lat' dir='ltr'><strong>non</strong></span> <span class='ocrx_word' id='word_1_404' title='bbox 1293 3418 1570 3473; x_wconf 87' lang='lat' dir='ltr'><strong>discordes</strong></span> <span class='ocrx_word' id='word_1_405' title='bbox 1618 3435 1792 3489; x_wconf 85' lang='lat' dir='ltr'><strong>neque</strong></span> <span class='ocrx_word' id='word_1_406' title='bbox 1817 3419 2054 3475; x_wconf 69' lang='lat' dir='ltr'><strong>di~simi-</strong></span> 
     </span>
    </p>
   </div>
   <div class='ocr_carea' id='block_1_51' title="bbox 453 3513 2052 3584">
    <p class='ocr_par' dir='ltr' id='par_1_51' title="bbox 453 3513 2052 3584">
     <span class='ocr_line' id='line_1_51' title="bbox 453 3513 2052 3584; baseline 0.002 -14"><span class='ocrx_word' id='word_1_407' title='bbox 453 3513 555 3581; x_wconf 85' lang='lat' dir='ltr'><strong>les,</strong></span> <span class='ocrx_word' id='word_1_408' title='bbox 588 3514 683 3568; x_wconf 91' lang='lat' dir='ltr'><strong>sed</strong></span> <span class='ocrx_word' id='word_1_409' title='bbox 712 3530 874 3568; x_wconf 90' lang='lat' dir='ltr'><strong>unum</strong></span> <span class='ocrx_word' id='word_1_410' title='bbox 912 3516 1206 3569; x_wconf 86' lang='lat' dir='ltr'><strong>sentientes</strong></span> <span class='ocrx_word' id='word_1_411' title='bbox 1235 3531 1509 3584; x_wconf 90' lang='lat' dir='ltr'><strong>unumque</strong></span> <span class='ocrx_word' id='word_1_412' title='bbox 1537 3528 1806 3583; x_wconf 90' lang='lat' dir='ltr'><strong>amantes,</strong></span> <span class='ocrx_word' id='word_1_413' title='bbox 1831 3518 2052 3584; x_wconf 57' lang='lat' dir='ltr'><strong>adopta.</strong></span> 
     </span>
    </p>
   </div>
   <div class='ocr_carea' id='block_1_52' title="bbox 453 3606 2054 3680">
    <p class='ocr_par' dir='ltr' id='par_1_52' title="bbox 453 3606 2054 3680">
     <span class='ocr_line' id='line_1_52' title="bbox 453 3606 2054 3680; baseline 0.001 -19"><span class='ocrx_word' id='word_1_414' title='bbox 453 3607 536 3663; x_wconf 70' lang='lat' dir='ltr'><strong>vit</strong></span> <span class='ocrx_word' id='word_1_415' title='bbox 566 3606 831 3662; x_wconf 70' lang='lat' dir='ltr'><strong>liaeredes.</strong></span> <span class='ocrx_word' id='word_1_416' title='bbox 891 3608 969 3659; x_wconf 87' lang='lat' dir='ltr'><strong>Ad</strong></span> <span class='ocrx_word' id='word_1_417' title='bbox 1018 3622 1175 3661; x_wconf 79' lang='lat' dir='ltr'><strong>unam</strong></span> <span class='ocrx_word' id='word_1_418' title='bbox 1207 3606 1530 3662; x_wconf 77' lang='lat' dir='ltr'><strong>reformatos</strong></span> <span class='ocrx_word' id='word_1_419' title='bbox 1562 3608 1847 3678; x_wconf 80' lang='lat' dir='ltr'><strong>imaginem</strong></span> <span class='ocrx_word' id='word_1_420' title='bbox 1891 3624 2054 3680; x_wconf 87' lang='lat' dir='ltr'><strong>opor-</strong></span> 
     </span>
    </p>
   </div>
   <div class='ocr_carea' id='block_1_53' title="bbox 454 3698 2051 3757">
    <p class='ocr_par' dir='ltr' id='par_1_53' title="bbox 454 3698 2051 3757">
     <span class='ocr_line' id='line_1_53' title="bbox 454 3698 2051 3757; baseline 0.001 -4"><span class='ocrx_word' id='word_1_421' title='bbox 454 3708 534 3755; x_wconf 90' lang='lat' dir='ltr'><strong>tet</strong></span> <span class='ocrx_word' id='word_1_422' title='bbox 558 3700 791 3754; x_wconf 84' lang='lat' dir='ltr'><strong>animam</strong></span> <span class='ocrx_word' id='word_1_423' title='bbox 824 3698 1027 3754; x_wconf 86' lang='lat' dir='ltr'><strong>habere</strong></span> <span class='ocrx_word' id='word_1_424' title='bbox 1057 3698 1412 3755; x_wconf 79' lang='lat' dir='ltr'><strong>conformem.</strong></span> <span class='ocrx_word' id='word_1_425' title='bbox 1475 3700 1681 3755; x_wconf 85' lang='lat' dir='ltr'><strong>Natalis</strong></span> <span class='ocrx_word' id='word_1_426' title='bbox 1714 3701 1924 3757; x_wconf 83' lang='lat' dir='ltr'><strong>Domini</strong></span> <span class='ocrx_word' id='word_1_427' title='bbox 1958 3720 2051 3756; x_wconf 90' lang='lat' dir='ltr'><strong>na-</strong></span> 
     </span>
    </p>
   </div>
   <div class='ocr_carea' id='block_1_54' title="bbox 452 3791 2054 3864">
    <p class='ocr_par' dir='ltr' id='par_1_54' title="bbox 452 3791 2054 3864">
     <span class='ocr_line' id='line_1_54' title="bbox 452 3791 2054 3864; baseline 0.001 -17"><span class='ocrx_word' id='word_1_428' title='bbox 452 3791 577 3848; x_wconf 90' lang='lat' dir='ltr'><strong>talis</strong></span> <span class='ocrx_word' id='word_1_429' title='bbox 598 3800 681 3846; x_wconf 89' lang='lat' dir='ltr'><strong>est</strong></span> <span class='ocrx_word' id='word_1_430' title='bbox 702 3792 846 3860; x_wconf 86' lang='lat' dir='ltr'><strong>pacis</strong></span> <span class='ocrx_word' id='word_1_431' title='bbox 882 3809 892 3842; x_wconf 92' lang='lat'>:</span> <span class='ocrx_word' id='word_1_432' title='bbox 932 3800 955 3828; x_wconf 77' lang='lat'><strong><em>°</em></strong></span> <span class='ocrx_word' id='word_1_433' title='bbox 980 3792 1059 3846; x_wconf 91' lang='lat' dir='ltr'><strong>sic</strong></span> <span class='ocrx_word' id='word_1_434' title='bbox 1084 3794 1226 3846; x_wconf 85' lang='lat' dir='ltr'><strong>enim</strong></span> <span class='ocrx_word' id='word_1_435' title='bbox 1252 3793 1321 3846; x_wconf 87' lang='lat' dir='ltr'><strong>ait</strong></span> <span class='ocrx_word' id='word_1_436' title='bbox 1339 3793 1630 3863; x_wconf 71' lang='lat' dir='ltr'><strong>Apostolus</strong></span> <span class='ocrx_word' id='word_1_437' title='bbox 1661 3810 1675 3846; x_wconf 88' lang='lat'><strong>:</strong></span> <span class='ocrx_word' id='word_1_438' title='bbox 1708 3791 1831 3860; x_wconf 60' lang='lat' dir='ltr'><strong>Ipse</strong></span> <span class='ocrx_word' id='word_1_439' title='bbox 1851 3804 1924 3848; x_wconf 84' lang='lat' dir='ltr'><strong>est</strong></span> <span class='ocrx_word' id='word_1_440' title='bbox 1948 3810 2054 3864; x_wconf 72' lang='lat' dir='ltr'><strong>pax</strong></span> 
     </span>
    </p>
   </div>
   <div class='ocr_carea' id='block_1_55' title="bbox 452 3884 2053 3958">
    <p class='ocr_par' dir='ltr' id='par_1_55' title="bbox 452 3884 2053 3958">
     <span class='ocr_line' id='line_1_55' title="bbox 452 3884 2053 3958; baseline 0.002 -20"><span class='ocrx_word' id='word_1_441' title='bbox 452 3894 650 3951; x_wconf 88' lang='lat' dir='ltr'><strong>nostra,</strong></span> <span class='ocrx_word' id='word_1_442' title='bbox 674 3885 762 3956; x_wconf 96' lang='lat' dir='ltr'><strong>qui</strong></span> <span class='ocrx_word' id='word_1_443' title='bbox 788 3886 909 3955; x_wconf 75' lang='lat' dir='ltr'><strong>fecit</strong></span> <span class='ocrx_word' id='word_1_444' title='bbox 934 3892 1147 3952; x_wconf 85' lang='lat' dir='ltr'><strong>utraque</strong></span> <span class='ocrx_word' id='word_1_445' title='bbox 1171 3902 1331 3938; x_wconf 87' lang='lat' dir='ltr'><strong>unum</strong></span> <span class='ocrx_word' id='word_1_446' title='bbox 1380 3884 1600 3957; x_wconf 85' lang='lat' dir='ltr'><strong>(Ephes.</strong></span> <span class='ocrx_word' id='word_1_447' title='bbox 1634 3901 1690 3939; x_wconf 83' lang='grc' dir='ltr'><strong>ιι.</strong></span> <span class='ocrx_word' id='word_1_448' title='bbox 1730 3884 1818 3958; x_wconf 60' lang='lat' dir='ltr'><strong>li)</strong></span> <span class='ocrx_word' id='word_1_449' title='bbox 1852 3905 1867 3953; x_wconf 86' lang='lat'><strong>;</strong></span> <span class='ocrx_word' id='word_1_450' title='bbox 1918 3891 2053 3956; x_wconf 85' lang='lat' dir='ltr'><strong>quo-</strong></span> 
     </span>
    </p>
   </div>
   <div class='ocr_carea' id='block_1_56' title="bbox 451 3977 2053 4050">
    <p class='ocr_par' dir='ltr' id='par_1_56' title="bbox 451 3977 2053 4050">
     <span class='ocr_line' id='line_1_56' title="bbox 451 3977 2053 4050; baseline 0.005 -20"><span class='ocrx_word' id='word_1_451' title='bbox 451 3977 597 4031; x_wconf 84' lang='lat' dir='ltr'><strong>niam</strong></span> <span class='ocrx_word' id='word_1_452' title='bbox 626 3977 741 4033; x_wconf 82' lang='lat' dir='ltr'><strong>sive</strong></span> <span class='ocrx_word' id='word_1_453' title='bbox 768 3977 1008 4043; x_wconf 71' lang='lat' dir='ltr'><strong>Judaeus,</strong></span> <span class='ocrx_word' id='word_1_454' title='bbox 1051 3979 1165 4032; x_wconf 84' lang='lat' dir='ltr'><strong>sive</strong></span> <span class='ocrx_word' id='word_1_455' title='bbox 1194 3978 1431 4047; x_wconf 88' lang='lat' dir='ltr'><strong>gentilis,</strong></span> <span class='ocrx_word' id='word_1_456' title='bbox 1458 3994 1550 4050; x_wconf 83' lang='lat' dir='ltr'><strong>per</strong></span> <span class='ocrx_word' id='word_1_457' title='bbox 1594 3978 1764 4045; x_wconf 88' lang='lat' dir='ltr'><strong>ipsum</strong></span> <span class='ocrx_word' id='word_1_458' title='bbox 1810 3980 2053 4038; x_wconf 77' lang='lat' dir='ltr'><strong>habemus</strong></span> 
     </span>
    </p>
   </div>
   <div class='ocr_carea' id='block_1_57' title="bbox 450 4068 2049 4145">
    <p class='ocr_par' dir='ltr' id='par_1_57' title="bbox 450 4068 2049 4145">
     <span class='ocr_line' id='line_1_57' title="bbox 450 4068 2049 4145; baseline -0.001 -20"><span class='ocrx_word' id='word_1_459' title='bbox 450 4085 710 4124; x_wconf 78' lang='lat' dir='ltr'><strong>accessum</strong></span> <span class='ocrx_word' id='word_1_460' title='bbox 754 4069 810 4122; x_wconf 87' lang='lat' dir='ltr'><strong>in</strong></span> <span class='ocrx_word' id='word_1_461' title='bbox 857 4086 959 4122; x_wconf 89' lang='lat' dir='ltr'><strong>uno</strong></span> <span class='ocrx_word' id='word_1_462' title='bbox 988 4068 1191 4137; x_wconf 77' lang='lat' dir='ltr'><strong>Spiritu</strong></span> <span class='ocrx_word' id='word_1_463' title='bbox 1221 4071 1289 4123; x_wconf 90' lang='lat' dir='ltr'><strong>ad</strong></span> <span class='ocrx_word' id='word_1_464' title='bbox 1333 4069 1543 4124; x_wconf 83' lang='lat' dir='ltr'><strong>Patrem</strong></span> <span class='ocrx_word' id='word_1_465' title='bbox 1591 4070 1722 4142; x_wconf 88' lang='lat' dir='ltr'><strong>(lb.,</strong></span> <span class='ocrx_word' id='word_1_466' title='bbox 1758 4071 1888 4139; x_wconf 68' lang='lat'><strong>18);</strong></span> <span class='ocrx_word' id='word_1_467' title='bbox 1941 4074 2049 4145; x_wconf 76' lang='lat'><strong>91</strong></span> 
     </span>
    </p>
   </div>
   <div class='ocr_carea' id='block_1_58' title="bbox 450 4161 2051 4234">
    <p class='ocr_par' dir='ltr' id='par_1_58' title="bbox 450 4161 2051 4234">
     <span class='ocr_line' id='line_1_58' title="bbox 450 4161 2051 4234; baseline 0.002 -18"><span class='ocrx_word' id='word_1_468' title='bbox 450 4161 541 4232; x_wconf 88' lang='lat' dir='ltr'><strong>qui</strong></span> <span class='ocrx_word' id='word_1_469' title='bbox 571 4172 698 4216; x_wconf 89' lang='lat' dir='ltr'><strong>ante</strong></span> <span class='ocrx_word' id='word_1_470' title='bbox 726 4161 994 4231; x_wconf 86' lang='lat' dir='ltr'><strong>passionis</strong></span> <span class='ocrx_word' id='word_1_471' title='bbox 1024 4161 1167 4216; x_wconf 88' lang='lat' dir='ltr'><strong>diem</strong></span> <span class='ocrx_word' id='word_1_472' title='bbox 1198 4162 1499 4216; x_wconf 80' lang='lat' dir='ltr'><strong>Voluntaria</strong></span> <span class='ocrx_word' id='word_1_473' title='bbox 1527 4162 1882 4232; x_wconf 79' lang='lat' dir='ltr'><strong>diSpositione</strong></span> <span class='ocrx_word' id='word_1_474' title='bbox 1916 4182 2051 4234; x_wconf 67' lang='lat' dir='ltr'><strong>prte-</strong></span> 
     </span>
    </p>
   </div>
   <div class='ocr_carea' id='block_1_59' title="bbox 451 4254 2051 4326">
    <p class='ocr_par' dir='ltr' id='par_1_59' title="bbox 451 4254 2051 4326">
     <span class='ocr_line' id='line_1_59' title="bbox 451 4254 2051 4326; baseline 0.001 -14"><span class='ocrx_word' id='word_1_475' title='bbox 451 4256 677 4323; x_wconf 85' lang='lat' dir='ltr'><strong>lectnm,</strong></span> <span class='ocrx_word' id='word_1_476' title='bbox 726 4254 1021 4326; x_wconf 81' lang='lat' dir='ltr'><strong>discipulos</strong></span> <span class='ocrx_word' id='word_1_477' title='bbox 1054 4270 1181 4312; x_wconf 85' lang='lat' dir='ltr'><strong>suos</strong></span> <span class='ocrx_word' id='word_1_478' title='bbox 1206 4256 1304 4311; x_wconf 80' lang='lat' dir='ltr'><strong>huc</strong></span> <span class='ocrx_word' id='word_1_479' title='bbox 1336 4257 1604 4326; x_wconf 70' lang='lat' dir='ltr'><strong>przccipne</strong></span> <span class='ocrx_word' id='word_1_480' title='bbox 1634 4259 1878 4313; x_wconf 87' lang='lat' dir='ltr'><strong>doctrina</strong></span> <span class='ocrx_word' id='word_1_481' title='bbox 1914 4257 1933 4296; x_wconf 70' lang='grc' dir='ltr'><strong>ί</strong></span> <span class='ocrx_word' id='word_1_482' title='bbox 1969 4260 2051 4314; x_wconf 83' lang='lat' dir='ltr'><strong>in-</strong></span> 
     </span>
    </p>
   </div>
   <div class='ocr_carea' id='block_1_60' title="bbox 449 4347 2051 4421">
    <p class='ocr_par' dir='ltr' id='par_1_60' title="bbox 449 4347 2051 4421">
     <span class='ocr_line' id='line_1_60' title="bbox 449 4347 2051 4421; baseline 0.001 -13"><span class='ocrx_word' id='word_1_483' title='bbox 449 4350 722 4417; x_wconf 79' lang='lat' dir='ltr'><strong>formavit,</strong></span> <span class='ocrx_word' id='word_1_484' title='bbox 778 4362 836 4405; x_wconf 92' lang='lat' dir='ltr'><strong>ut</strong></span> <span class='ocrx_word' id='word_1_485' title='bbox 886 4350 1132 4405; x_wconf 88' lang='lat' dir='ltr'><strong>diceret:</strong></span> <span class='ocrx_word' id='word_1_486' title='bbox 1164 4347 1353 4403; x_wconf 82' lang='lat' dir='ltr'><strong>Pacem</strong></span> <span class='ocrx_word' id='word_1_487' title='bbox 1386 4366 1548 4404; x_wconf 83' lang='lat' dir='ltr'><strong>meam</strong></span> <span class='ocrx_word' id='word_1_488' title='bbox 1577 4351 1644 4405; x_wconf 83' lang='lat' dir='ltr'><strong>do</strong></span> <span class='ocrx_word' id='word_1_489' title='bbox 1674 4352 1834 4421; x_wconf 80' lang='lat' dir='ltr'><strong>vobis,</strong></span> <span class='ocrx_word' id='word_1_490' title='bbox 1873 4370 2051 4421; x_wconf 82' lang='lat' dir='ltr'><strong>pacem</strong></span> 
     </span>
    </p>
   </div>
   <div class='ocr_carea' id='block_1_61' title="bbox 452 4443 2047 4515">
    <p class='ocr_par' dir='ltr' id='par_1_61' title="bbox 452 4443 2047 4515">
     <span class='ocr_line' id='line_1_61' title="bbox 452 4443 2047 4515; baseline 0.001 -15"><span class='ocrx_word' id='word_1_491' title='bbox 452 4461 618 4501; x_wconf 87' lang='lat' dir='ltr'><strong>meam</strong></span> <span class='ocrx_word' id='word_1_492' title='bbox 656 4446 889 4515; x_wconf 88' lang='lat' dir='ltr'><strong>relinquo</strong></span> <span class='ocrx_word' id='word_1_493' title='bbox 919 4446 1057 4499; x_wconf 81' lang='lat' dir='ltr'><strong>vobis</strong></span> <span class='ocrx_word' id='word_1_494' title='bbox 1091 4443 1271 4515; x_wconf 83' lang='lat' dir='ltr'><strong>(Joan.</strong></span> <span class='ocrx_word' id='word_1_495' title='bbox 1304 4460 1420 4509; x_wconf 79' lang='lat' dir='ltr'><strong>xw,</strong></span> <span class='ocrx_word' id='word_1_496' title='bbox 1450 4444 1558 4514; x_wconf 84' lang='grc' dir='ltr'><strong>Π).</strong></span> <span class='ocrx_word' id='word_1_497' title='bbox 1616 4443 1684 4498; x_wconf 83' lang='grc' dir='ltr'><strong>Ει</strong></span> <span class='ocrx_word' id='word_1_498' title='bbox 1713 4461 1781 4501; x_wconf 90' lang='lat' dir='ltr'><strong>ne</strong></span> <span class='ocrx_word' id='word_1_499' title='bbox 1824 4445 1925 4501; x_wconf 86' lang='lat' dir='ltr'><strong>sub</strong></span> <span class='ocrx_word' id='word_1_500' title='bbox 1955 4462 2047 4502; x_wconf 89' lang='lat' dir='ltr'><strong>no-</strong></span> 
     </span>
    </p>
   </div>
   <div class='ocr_carea' id='block_1_62' title="bbox 453 4538 2043 4609">
    <p class='ocr_par' dir='ltr' id='par_1_62' title="bbox 453 4538 2043 4609">
     <span class='ocr_line' id='line_1_62' title="bbox 453 4538 2043 4609; baseline 0.002 -16"><span class='ocrx_word' id='word_1_501' title='bbox 453 4540 599 4594; x_wconf 90' lang='lat' dir='ltr'><strong>mine</strong></span> <span class='ocrx_word' id='word_1_502' title='bbox 644 4539 880 4609; x_wconf 85' lang='lat' dir='ltr'><strong>generali</strong></span> <span class='ocrx_word' id='word_1_503' title='bbox 938 4538 1083 4606; x_wconf 88' lang='lat' dir='ltr'><strong>pacis</strong></span> <span class='ocrx_word' id='word_1_504' title='bbox 1130 4553 1242 4592; x_wconf 82' lang='lat' dir='ltr'><strong>snae</strong></span> <span class='ocrx_word' id='word_1_505' title='bbox 1286 4540 1519 4607; x_wconf 91' lang='lat' dir='ltr'><strong>qualitas</strong></span> <span class='ocrx_word' id='word_1_506' title='bbox 1561 4539 1773 4605; x_wconf 88' lang='lat' dir='ltr'><strong>lateret,</strong></span> <span class='ocrx_word' id='word_1_507' title='bbox 1803 4540 2043 4608; x_wconf 80' lang='lat' dir='ltr'><strong>adjecit:</strong></span> 
     </span>
    </p>
   </div>
   <div class='ocr_carea' id='block_1_63' title="bbox 454 4619 2128 4711">
    <p class='ocr_par' dir='ltr' id='par_1_63' title="bbox 454 4619 2128 4711">
     <span class='ocr_line' id='line_1_63' title="bbox 454 4619 2128 4711; baseline 0.003 -26"><span class='ocrx_word' id='word_1_508' title='bbox 454 4630 579 4685; x_wconf 86' lang='lat' dir='ltr'><strong>Non</strong></span> <span class='ocrx_word' id='word_1_509' title='bbox 598 4630 1026 4711; x_wconf 83' lang='lat' dir='ltr'><strong>quemadmodum</strong></span> <span class='ocrx_word' id='word_1_510' title='bbox 1055 4631 1280 4683; x_wconf 89' lang='lat' dir='ltr'><strong>mundus</strong></span> <span class='ocrx_word' id='word_1_511' title='bbox 1308 4630 1396 4682; x_wconf 87' lang='lat' dir='ltr'><strong>dat</strong></span> <span class='ocrx_word' id='word_1_512' title='bbox 1422 4647 1515 4702; x_wconf 85' lang='lat' dir='ltr'><strong>ego</strong></span> <span class='ocrx_word' id='word_1_513' title='bbox 1542 4630 1609 4685; x_wconf 84' lang='lat' dir='ltr'><strong>do</strong></span> <span class='ocrx_word' id='word_1_514' title='bbox 1630 4632 1790 4687; x_wconf 84' lang='lat' dir='ltr'><strong>vobis.</strong></span> <span class='ocrx_word' id='word_1_515' title='bbox 1851 4633 2043 4704; x_wconf 85' lang='lat' dir='ltr'><strong>Habet,</strong></span> <span class='ocrx_word' id='word_1_516' title='bbox 2076 4619 2128 4679; x_wconf 82' lang='grc' dir='ltr'>Ῑ)</span> 
     </span>
    </p>
   </div>
   <div class='ocr_carea' id='block_1_64' title="bbox 529 4786 2050 4856">
    <p class='ocr_par' dir='ltr' id='par_1_64' title="bbox 529 4786 2050 4856">
     <span class='ocr_line' id='line_1_64' title="bbox 529 4786 2050 4856; baseline 0.007 -16"><span class='ocrx_word' id='word_1_517' title='bbox 529 4802 555 4828; x_wconf 74' lang='lat' dir='ltr'><strong>a</strong></span> <span class='ocrx_word' id='word_1_518' title='bbox 586 4789 750 4856; x_wconf 70' lang='lat' dir='ltr'><strong>Qnmd</strong></span> <span class='ocrx_word' id='word_1_519' title='bbox 772 4803 840 4841; x_wconf 69' lang='lat' dir='ltr'><strong>im</strong></span> <span class='ocrx_word' id='word_1_520' title='bbox 871 4786 1106 4856; x_wconf 64' lang='lat' dir='ltr'><strong>antiquae</strong></span> <span class='ocrx_word' id='word_1_521' title='bbox 1134 4786 1433 4850; x_wconf 87' lang='lat' dir='ltr'><strong>editiones,</strong></span> <span class='ocrx_word' id='word_1_522' title='bbox 1483 4787 1575 4842; x_wconf 70' lang='lat' dir='ltr'><strong>lux</strong></span> <span class='ocrx_word' id='word_1_523' title='bbox 1599 4798 1785 4844; x_wconf 83' lang='lat' dir='ltr'><strong>uestra.</strong></span> <span class='ocrx_word' id='word_1_524' title='bbox 1820 4791 1951 4847; x_wconf 90' lang='lat' dir='ltr'><strong>Dein</strong></span> <span class='ocrx_word' id='word_1_525' title='bbox 1981 4809 2050 4849; x_wconf 79' lang='lat' dir='ltr'><strong>ex</strong></span> 
     </span>
    </p>
   </div>
   <div class='ocr_carea' id='block_1_65' title="bbox 455 4857 2052 4934">
    <p class='ocr_par' dir='ltr' id='par_1_65' title="bbox 455 4857 2052 4934">
     <span class='ocr_line' id='line_1_65' title="bbox 455 4857 2052 4934; baseline 0.001 -16"><span class='ocrx_word' id='word_1_526' title='bbox 455 4862 652 4919; x_wconf 86' lang='lat' dir='ltr'><strong>cod.S.</strong></span> <span class='ocrx_word' id='word_1_527' title='bbox 674 4861 816 4914; x_wconf 84' lang='lat' dir='ltr'><strong>Petri</strong></span> <span class='ocrx_word' id='word_1_528' title='bbox 848 4875 896 4934; x_wconf 78' lang='lat' dir='ltr'><strong>et</strong></span> <span class='ocrx_word' id='word_1_529' title='bbox 931 4876 1035 4934; x_wconf 79' lang='lat' dir='ltr'><strong>uno</strong></span> <span class='ocrx_word' id='word_1_530' title='bbox 1064 4857 1208 4934; x_wconf 64' lang='lat' dir='ltr'><strong>Vat.,</strong></span> <span class='ocrx_word' id='word_1_531' title='bbox 1239 4859 1568 4934; x_wconf 80' lang='lat' dir='ltr'><strong>magni/icenl</strong></span> <span class='ocrx_word' id='word_1_532' title='bbox 1599 4862 2052 4934; x_wconf 80' lang='lat' dir='ltr'><strong>scripsimus,pro</strong></span> 
     </span>
    </p>
   </div>
   <div class='ocr_carea' id='block_1_66' title="bbox 454 4930 2047 5007">
    <p class='ocr_par' dir='ltr' id='par_1_66' title="bbox 454 4930 2047 5007">
     <span class='ocr_line' id='line_1_66' title="bbox 454 4930 2047 5007; baseline -0.001 -20"><span class='ocrx_word' id='word_1_533' title='bbox 454 4935 811 5007; x_wconf 71' lang='lat' dir='ltr'><strong>gloriﬁcent;_</strong></span> <span class='ocrx_word' id='word_1_534' title='bbox 831 4930 1080 5007; x_wconf 50' lang='lat' dir='ltr'><strong>similiter</strong></span> <span class='ocrx_word' id='word_1_535' title='bbox 1110 4933 1253 4984; x_wconf 88' lang='lat' dir='ltr'><strong>enim</strong></span> <span class='ocrx_word' id='word_1_536' title='bbox 1292 4930 1485 4999; x_wconf 81' lang='lat' dir='ltr'><strong>legitur</strong></span> <span class='ocrx_word' id='word_1_537' title='bbox 1539 4946 1704 4985; x_wconf 88' lang='lat' dir='ltr'><strong>serm.</strong></span> <span class='ocrx_word' id='word_1_538' title='bbox 1729 4935 1817 5001; x_wconf 76' lang='lat'><strong>38,</strong></span> <span class='ocrx_word' id='word_1_539' title='bbox 1849 4930 1969 5004; x_wconf 60' lang='lat' dir='ltr'><strong>cap;</strong></span> <span class='ocrx_word' id='word_1_540' title='bbox 1993 4938 2047 5003; x_wconf 77' lang='lat'><strong>‘5,</strong></span> 
     </span>
    </p>
   </div>
   <div class='ocr_carea' id='block_1_67' title="bbox 453 5000 1068 5069">
    <p class='ocr_par' dir='ltr' id='par_1_67' title="bbox 453 5000 1068 5069">
     <span class='ocr_line' id='line_1_67' title="bbox 453 5000 1068 5069; baseline -0.011 -8"><span class='ocrx_word' id='word_1_541' title='bbox 453 5000 508 5061; x_wconf 68' lang='lat' dir='ltr'><strong>ct</strong></span> <span class='ocrx_word' id='word_1_542' title='bbox 538 5021 703 5058; x_wconf 79' lang='lat' dir='ltr'><strong>scrin.</strong></span> <span class='ocrx_word' id='word_1_543' title='bbox 745 5002 833 5061; x_wconf 73' lang='grc'><strong>43.</strong></span> <span class='ocrx_word' id='word_1_544' title='bbox 862 5016 981 5069; x_wconf 53' lang='lat' dir='ltr'><strong>cup.</strong></span> <span class='ocrx_word' id='word_1_545' title='bbox 1013 5000 1068 5054; x_wconf 69' lang='lat'><strong>4.</strong></span> 
     </span>
    </p>
   </div>
   <div class='ocr_carea' id='block_1_68' title="bbox 524 5071 1585 5142">
    <p class='ocr_par' dir='ltr' id='par_1_68' title="bbox 524 5071 1585 5142">
     <span class='ocr_line' id='line_1_68' title="bbox 524 5071 1585 5142; baseline -0.003 -14"><span class='ocrx_word' id='word_1_546' title='bbox 524 5075 553 5115; x_wconf 67' lang='grc' dir='ltr'><strong>ι)</strong></span> <span class='ocrx_word' id='word_1_547' title='bbox 581 5076 635 5129; x_wconf 88' lang='lat' dir='ltr'><strong>In</strong></span> <span class='ocrx_word' id='word_1_548' title='bbox 669 5091 765 5127; x_wconf 85' lang='lat' dir='ltr'><strong>ms.</strong></span> <span class='ocrx_word' id='word_1_549' title='bbox 805 5072 922 5126; x_wconf 73' lang='lat' dir='ltr'><strong>Val.</strong></span> <span class='ocrx_word' id='word_1_550' title='bbox 954 5074 1163 5127; x_wconf 72' lang='lat' dir='ltr'><strong>collect.</strong></span> <span class='ocrx_word' id='word_1_551' title='bbox 1199 5072 1233 5127; x_wconf 78' lang='lat'><strong>5</strong></span> <span class='ocrx_word' id='word_1_552' title='bbox 1262 5071 1415 5127; x_wconf 82' lang='lat' dir='ltr'><strong>deest</strong></span> <span class='ocrx_word' id='word_1_553' title='bbox 1442 5072 1585 5142; x_wconf 73' lang='lat' dir='ltr'><strong>ﬁdei.</strong></span> 
     </span>
    </p>
   </div>
   <div class='ocr_carea' id='block_1_69' title="bbox 532 5144 2053 5217">
    <p class='ocr_par' dir='ltr' id='par_1_69' title="bbox 532 5144 2053 5217">
     <span class='ocr_line' id='line_1_69' title="bbox 532 5144 2053 5217; baseline 0.002 -17"><span class='ocrx_word' id='word_1_554' title='bbox 532 5158 554 5186; x_wconf 76' lang='grc' dir='ltr'><strong>ο</strong></span> <span class='ocrx_word' id='word_1_555' title='bbox 588 5147 686 5200; x_wconf 82' lang='lat' dir='ltr'><strong>Ms.</strong></span> <span class='ocrx_word' id='word_1_556' title='bbox 711 5145 769 5200; x_wconf 90' lang='lat' dir='ltr'><strong>S.</strong></span> <span class='ocrx_word' id='word_1_557' title='bbox 805 5144 971 5208; x_wconf 84' lang='lat' dir='ltr'><strong>Petri,</strong></span> <span class='ocrx_word' id='word_1_558' title='bbox 998 5161 1088 5199; x_wconf 79' lang='lat' dir='ltr'><strong>nec</strong></span> <span class='ocrx_word' id='word_1_559' title='bbox 1110 5161 1172 5199; x_wconf 72' lang='lat' dir='ltr'><strong>ea:</strong></span> <span class='ocrx_word' id='word_1_560' title='bbox 1212 5144 1467 5217; x_wconf 81' lang='lat' dir='ltr'><strong>voluptate</strong></span> <span class='ocrx_word' id='word_1_561' title='bbox 1495 5147 1686 5213; x_wconf 80' lang='lat' dir='ltr'><strong>carnis,</strong></span> <span class='ocrx_word' id='word_1_562' title='bbox 1729 5163 1821 5202; x_wconf 87' lang='lat' dir='ltr'><strong>nec</strong></span> <span class='ocrx_word' id='word_1_563' title='bbox 1867 5164 1931 5203; x_wconf 81' lang='lat' dir='ltr'><strong>ea:</strong></span> <span class='ocrx_word' id='word_1_564' title='bbox 1966 5166 2053 5203; x_wconf 78' lang='lat' dir='ltr'><strong>uo-</strong></span> 
     </span>
    </p>
   </div>
   <div class='ocr_carea' id='block_1_70' title="bbox 452 5217 2052 5286">
    <p class='ocr_par' dir='ltr' id='par_1_70' title="bbox 452 5217 2052 5286">
     <span class='ocr_line' id='line_1_70' title="bbox 452 5217 2052 5286; baseline -0.001 -10"><span class='ocrx_word' id='word_1_565' title='bbox 452 5221 653 5286; x_wconf 83' lang='lat' dir='ltr'><strong>luptate</strong></span> <span class='ocrx_word' id='word_1_566' title='bbox 681 5218 795 5271; x_wconf 82' lang='lat' dir='ltr'><strong>viri.</strong></span> <span class='ocrx_word' id='word_1_567' title='bbox 846 5220 933 5268; x_wconf 69' lang='lat' dir='ltr'><strong>Sic</strong></span> <span class='ocrx_word' id='word_1_568' title='bbox 962 5221 1122 5269; x_wconf 74' lang='lat' dir='ltr'><strong>etiam</strong></span> <span class='ocrx_word' id='word_1_569' title='bbox 1170 5217 1308 5283; x_wconf 87' lang='lat' dir='ltr'><strong>apud</strong></span> <span class='ocrx_word' id='word_1_570' title='bbox 1350 5218 1605 5271; x_wconf 84' lang='lat' dir='ltr'><strong>Hilarium</strong></span> <span class='ocrx_word' id='word_1_571' title='bbox 1640 5220 1733 5273; x_wconf 91' lang='lat' dir='ltr'><strong>lib.</strong></span> <span class='ocrx_word' id='word_1_572' title='bbox 1772 5222 1888 5274; x_wconf 87' lang='lat' dir='ltr'><strong>tde</strong></span> <span class='ocrx_word' id='word_1_573' title='bbox 1934 5221 2052 5275; x_wconf 85' lang='lat' dir='ltr'><strong>Tri-</strong></span> 
     </span>
    </p>
   </div>
   <div class='ocr_carea' id='block_1_71' title="bbox 457 5287 2053 5360">
    <p class='ocr_par' dir='ltr' id='par_1_71' title="bbox 457 5287 2053 5360">
     <span class='ocr_line' id='line_1_71' title="bbox 457 5287 2053 5360; baseline 0.001 -15"><span class='ocrx_word' id='word_1_574' title='bbox 457 5295 647 5353; x_wconf 75' lang='lat' dir='ltr'><strong>nitate,</strong></span> <span class='ocrx_word' id='word_1_575' title='bbox 677 5308 730 5343; x_wconf 82' lang='grc' dir='ltr'><strong>ιι.</strong></span> <span class='ocrx_word' id='word_1_576' title='bbox 755 5287 909 5351; x_wconf 79' lang='grc' dir='ltr'><strong>10,ἰιι</strong></span> <span class='ocrx_word' id='word_1_577' title='bbox 934 5288 1299 5342; x_wconf 84' lang='lat' dir='ltr'><strong>vetustissimo</strong></span> <span class='ocrx_word' id='word_1_578' title='bbox 1322 5289 1511 5344; x_wconf 89' lang='lat' dir='ltr'><strong>codice</strong></span> <span class='ocrx_word' id='word_1_579' title='bbox 1541 5288 1784 5360; x_wconf 84' lang='lat' dir='ltr'><strong>ejusdem</strong></span> <span class='ocrx_word' id='word_1_580' title='bbox 1816 5292 2053 5348; x_wconf 68' lang='lat' dir='ltr'><strong>basilica:</strong></span> 
     </span>
    </p>
   </div>
   <div class='ocr_carea' id='block_1_72' title="bbox 452 5361 711 5417">
    <p class='ocr_par' dir='ltr' id='par_1_72' title="bbox 452 5361 711 5417">
     <span class='ocr_line' id='line_1_72' title="bbox 452 5361 711 5417; baseline -0.015 0"><span class='ocrx_word' id='word_1_581' title='bbox 452 5362 508 5417; x_wconf 87' lang='lat' dir='ltr'><strong>S.</strong></span> <span class='ocrx_word' id='word_1_582' title='bbox 548 5361 711 5415; x_wconf 81' lang='lat' dir='ltr'><strong>Petri.</strong></span> 
     </span>
    </p>
   </div>
   <div class='ocr_carea' id='block_1_73' title="bbox 529 5429 2050 5502">
    <p class='ocr_par' dir='ltr' id='par_1_73' title="bbox 529 5429 2050 5502">
     <span class='ocr_line' id='line_1_73' title="bbox 529 5429 2050 5502; baseline 0.002 -15"><span class='ocrx_word' id='word_1_583' title='bbox 529 5431 553 5469; x_wconf 73' lang='grc' dir='ltr'>ἀ</span> <span class='ocrx_word' id='word_1_584' title='bbox 586 5434 640 5487; x_wconf 84' lang='grc' dir='ltr'><strong>1η</strong></span> <span class='ocrx_word' id='word_1_585' title='bbox 667 5448 766 5484; x_wconf 74' lang='grc' dir='ltr'><strong>ηις.</strong></span> <span class='ocrx_word' id='word_1_586' title='bbox 799 5431 1008 5486; x_wconf 81' lang='lat' dir='ltr'><strong>Bonon.</strong></span> <span class='ocrx_word' id='word_1_587' title='bbox 1041 5438 1097 5487; x_wconf 89' lang='lat' dir='ltr'><strong>et</strong></span> <span class='ocrx_word' id='word_1_588' title='bbox 1123 5429 1272 5495; x_wconf 85' lang='lat' dir='ltr'><strong>Vat.,</strong></span> <span class='ocrx_word' id='word_1_589' title='bbox 1302 5446 1367 5487; x_wconf 89' lang='lat' dir='ltr'><strong>ac</strong></span> <span class='ocrx_word' id='word_1_590' title='bbox 1394 5433 1565 5501; x_wconf 89' lang='lat' dir='ltr'><strong>prima</strong></span> <span class='ocrx_word' id='word_1_591' title='bbox 1594 5433 1855 5502; x_wconf 89' lang='lat' dir='ltr'><strong>editione,</strong></span> <span class='ocrx_word' id='word_1_592' title='bbox 1892 5436 2050 5490; x_wconf 89' lang='lat' dir='ltr'><strong>etiam</strong></span> 
     </span>
    </p>
   </div>
   <div class='ocr_carea' id='block_1_74' title="bbox 465 5505 957 5558">
    <p class='ocr_par' dir='ltr' id='par_1_74' title="bbox 465 5505 957 5558">
     <span class='ocr_line' id='line_1_74' title="bbox 465 5505 957 5558; baseline 0 0"><span class='ocrx_word' id='word_1_593' title='bbox 465 5507 510 5558; x_wconf 87' lang='lat' dir='ltr'><strong>in</strong></span> <span class='ocrx_word' id='word_1_594' title='bbox 540 5505 957 5558; x_wconf 80' lang='lat' dir='ltr'><strong>nrimoaenilum.</strong></span> 
     </span>
    </p>
   </div>
   <div class='ocr_carea' id='block_1_75' title="bbox 458 5520 1829 5645">
    <p class='ocr_par' dir='ltr' id='par_1_75' title="bbox 458 5520 1829 5645">
     <span class='ocr_line' id='line_1_75' title="bbox 458 5520 957 5576; baseline -0.002 -17"><span class='ocrx_word' id='word_1_595' title='bbox 458 5523 510 5559; x_wconf 79' lang='lat' dir='ltr'><strong>tn</strong></span> <span class='ocrx_word' id='word_1_596' title='bbox 540 5520 957 5576; x_wconf 77' lang='lat' dir='ltr'><strong>primogentlum.</strong></span> 
     </span>
     <span class='ocr_line' id='line_1_76' title="bbox 535 5575 1829 5645; baseline 0.003 -17"><span class='ocrx_word' id='word_1_597' title='bbox 535 5588 556 5613; x_wconf 72' lang='grc' dir='ltr'><strong><em>ε</em></strong></span> <span class='ocrx_word' id='word_1_598' title='bbox 594 5577 691 5629; x_wconf 62' lang='grc' dir='ltr'><strong>Μς.</strong></span> <span class='ocrx_word' id='word_1_599' title='bbox 724 5576 783 5630; x_wconf 88' lang='lat' dir='ltr'><strong>S.</strong></span> <span class='ocrx_word' id='word_1_600' title='bbox 808 5575 953 5630; x_wconf 80' lang='lat' dir='ltr'><strong>Petri</strong></span> <span class='ocrx_word' id='word_1_601' title='bbox 986 5576 1229 5645; x_wconf 86' lang='lat' dir='ltr'><strong>etprima</strong></span> <span class='ocrx_word' id='word_1_602' title='bbox 1254 5575 1419 5630; x_wconf 91' lang='lat' dir='ltr'><strong>editio</strong></span> <span class='ocrx_word' id='word_1_603' title='bbox 1448 5593 1461 5629; x_wconf 88' lang='lat'><strong>:</strong></span> <span class='ocrx_word' id='word_1_604' title='bbox 1491 5576 1638 5631; x_wconf 83' lang='lat' dir='ltr'><strong>Sicut</strong></span> <span class='ocrx_word' id='word_1_605' title='bbox 1670 5578 1829 5632; x_wconf 89' lang='lat' dir='ltr'><strong>enim.</strong></span> 
     </span>
    </p>
   </div>
   <div class='ocr_carea' id='block_1_76' title="bbox 538 5646 2051 5719">
    <p class='ocr_par' dir='ltr' id='par_1_76' title="bbox 538 5646 2051 5719">
     <span class='ocr_line' id='line_1_77' title="bbox 538 5646 2051 5719; baseline 0.005 -20"><span class='ocrx_word' id='word_1_606' title='bbox 538 5646 555 5684; x_wconf 73' lang='grc' dir='ltr'><em>τ</em></span> <span class='ocrx_word' id='word_1_607' title='bbox 593 5647 731 5700; x_wconf 83' lang='lat' dir='ltr'><strong>Editi</strong></span> <span class='ocrx_word' id='word_1_608' title='bbox 773 5659 826 5700; x_wconf 85' lang='lat' dir='ltr'><strong>et</strong></span> <span class='ocrx_word' id='word_1_609' title='bbox 854 5647 1055 5715; x_wconf 81' lang='lat' dir='ltr'><strong>aliquot</strong></span> <span class='ocrx_word' id='word_1_610' title='bbox 1084 5650 1240 5701; x_wconf 80' lang='lat' dir='ltr'><strong>codd.</strong></span> <span class='ocrx_word' id='word_1_611' title='bbox 1275 5648 1476 5701; x_wconf 87' lang='lat' dir='ltr'><strong>addunt</strong></span> <span class='ocrx_word' id='word_1_612' title='bbox 1522 5664 1637 5712; x_wconf 83' lang='lat' dir='ltr'><strong>sua,</strong></span> <span class='ocrx_word' id='word_1_613' title='bbox 1671 5649 1816 5719; x_wconf 91' lang='lat' dir='ltr'><strong>quod</strong></span> <span class='ocrx_word' id='word_1_614' title='bbox 1846 5648 2051 5706; x_wconf 85' lang='lat' dir='ltr'><strong>delevi-</strong></span> 
     </span>
    </p>
   </div>
   <div class='ocr_carea' id='block_1_77' title="bbox 462 5719 1618 5784">
    <p class='ocr_par' dir='ltr' id='par_1_77' title="bbox 462 5719 1618 5784">
     <span class='ocr_line' id='line_1_78' title="bbox 462 5719 1618 5784; baseline 0.002 -11"><span class='ocrx_word' id='word_1_615' title='bbox 462 5734 581 5773; x_wconf 87' lang='lat' dir='ltr'><strong>mns</strong></span> <span class='ocrx_word' id='word_1_616' title='bbox 607 5736 667 5770; x_wconf 65' lang='lat' dir='ltr'><strong>ex</strong></span> <span class='ocrx_word' id='word_1_617' title='bbox 696 5736 796 5772; x_wconf 90' lang='lat' dir='ltr'><strong>ms.</strong></span> <span class='ocrx_word' id='word_1_618' title='bbox 830 5720 887 5773; x_wconf 83' lang='lat' dir='ltr'><strong>S.</strong></span> <span class='ocrx_word' id='word_1_619' title='bbox 918 5719 1057 5773; x_wconf 76' lang='lat' dir='ltr'><strong>Petri</strong></span> <span class='ocrx_word' id='word_1_620' title='bbox 1083 5729 1131 5773; x_wconf 90' lang='lat' dir='ltr'><strong>et</strong></span> <span class='ocrx_word' id='word_1_621' title='bbox 1169 5719 1331 5784; x_wconf 75' lang='lat' dir='ltr'><strong>prium</strong></span> <span class='ocrx_word' id='word_1_622' title='bbox 1362 5720 1444 5771; x_wconf 69' lang='lat' dir='ltr'><strong>edi</strong></span> <span class='ocrx_word' id='word_1_623' title='bbox 1476 5722 1618 5775; x_wconf 64' lang='lat' dir='ltr'><strong>ioue.</strong></span> 
     </span>
    </p>
   </div>
   <div class='ocr_carea' id='block_1_78' title="bbox 536 5786 2049 5863">
    <p class='ocr_par' dir='ltr' id='par_1_78' title="bbox 536 5786 2049 5863">
     <span class='ocr_line' id='line_1_79' title="bbox 536 5786 2049 5863; baseline 0.009 -27"><span class='ocrx_word' id='word_1_624' title='bbox 536 5799 560 5836; x_wconf 71' lang='grc' dir='ltr'><strong><em>κ</em></strong></span> <span class='ocrx_word' id='word_1_625' title='bbox 588 5786 747 5843; x_wconf 68' lang='lat' dir='ltr'><strong>Enim</strong></span> <span class='ocrx_word' id='word_1_626' title='bbox 779 5806 873 5863; x_wconf 87' lang='lat' dir='ltr'><strong>pro</strong></span> <span class='ocrx_word' id='word_1_627' title='bbox 903 5792 1065 5861; x_wconf 81' lang='lat' dir='ltr'><strong>inquit</strong></span> <span class='ocrx_word' id='word_1_628' title='bbox 1093 5792 1373 5861; x_wconf 47' lang='lat' dir='ltr'><strong>supposuit</strong></span> <span class='ocrx_word' id='word_1_629' title='bbox 1415 5793 1763 5858; x_wconf 75' lang='lat' dir='ltr'><strong>Quesitellns;</strong></span> <span class='ocrx_word' id='word_1_630' title='bbox 1821 5809 1924 5863; x_wconf 90' lang='lat' dir='ltr'><strong>qua</strong></span> <span class='ocrx_word' id='word_1_631' title='bbox 1954 5810 2049 5849; x_wconf 85' lang='lat' dir='ltr'><strong>atl-</strong></span> 
     </span>
    </p>
   </div>
   <div class='ocr_carea' id='block_1_79' title="bbox 464 5862 2048 5932">
    <p class='ocr_par' dir='ltr' id='par_1_79' title="bbox 464 5862 2048 5932">
     <span class='ocr_line' id='line_1_80' title="bbox 464 5862 2048 5932; baseline 0.003 -15"><span class='ocrx_word' id='word_1_632' title='bbox 464 5864 732 5927; x_wconf 89' lang='lat' dir='ltr'><strong>ctoritate,</strong></span> <span class='ocrx_word' id='word_1_633' title='bbox 776 5862 1130 5932; x_wconf 86' lang='lat' dir='ltr'><strong>ignoramus:</strong></span> <span class='ocrx_word' id='word_1_634' title='bbox 1163 5879 1353 5920; x_wconf 82' lang='lat' dir='ltr'><strong>omnes</strong></span> <span class='ocrx_word' id='word_1_635' title='bbox 1400 5866 1546 5918; x_wconf 88' lang='lat' dir='ltr'><strong>enim</strong></span> <span class='ocrx_word' id='word_1_636' title='bbox 1596 5867 1765 5921; x_wconf 87' lang='lat' dir='ltr'><strong>nostri</strong></span> <span class='ocrx_word' id='word_1_637' title='bbox 1812 5862 1946 5924; x_wconf 85' lang='lat' dir='ltr'><strong>mss.</strong></span> <span class='ocrx_word' id='word_1_638' title='bbox 1992 5877 2048 5922; x_wconf 89' lang='lat' dir='ltr'><strong>et</strong></span> 
     </span>
    </p>
   </div>
   <div class='ocr_carea' id='block_1_80' title="bbox 2154 1940 3767 2013">
    <p class='ocr_par' dir='ltr' id='par_1_80' title="bbox 2154 1940 3767 2013">
     <span class='ocr_line' id='line_1_81' title="bbox 2154 1940 3767 2013; baseline -0.001 -17"><span class='ocrx_word' id='word_1_639' title='bbox 2154 1940 2438 2012; x_wconf 67' lang='lat' dir='ltr'><strong>persenies</strong></span> <span class='ocrx_word' id='word_1_640' title='bbox 2472 1959 2486 1995; x_wconf 91' lang='lat'><strong>:</strong></span> <span class='ocrx_word' id='word_1_641' title='bbox 2515 1956 2623 2013; x_wconf 90' lang='lat' dir='ltr'><strong>quo</strong></span> <span class='ocrx_word' id='word_1_642' title='bbox 2672 1956 2771 1996; x_wconf 89' lang='lat' dir='ltr'><strong>nos</strong></span> <span class='ocrx_word' id='word_1_643' title='bbox 2796 1956 2963 1996; x_wconf 89' lang='lat' dir='ltr'><strong>unum</strong></span> <span class='ocrx_word' id='word_1_644' title='bbox 2994 1941 3257 2008; x_wconf 80' lang='lat' dir='ltr'><strong>volentes,</strong></span> <span class='ocrx_word' id='word_1_645' title='bbox 3325 1957 3489 1996; x_wconf 89' lang='lat' dir='ltr'><strong>unum</strong></span> <span class='ocrx_word' id='word_1_646' title='bbox 3520 1952 3767 1996; x_wconf 77' lang='lat' dir='ltr'><strong>sentien-</strong></span> 
     </span>
    </p>
   </div>
   <div class='ocr_carea' id='block_1_81' title="bbox 2154 2033 3766 2106">
    <p class='ocr_par' dir='ltr' id='par_1_81' title="bbox 2154 2033 3766 2106">
     <span class='ocr_line' id='line_1_82' title="bbox 2154 2033 3766 2106; baseline -0.001 -17"><span class='ocrx_word' id='word_1_647' title='bbox 2154 2047 2259 2101; x_wconf 85' lang='lat' dir='ltr'><strong>tes,</strong></span> <span class='ocrx_word' id='word_1_648' title='bbox 2289 2035 2417 2089; x_wconf 87' lang='lat' dir='ltr'><strong>etin</strong></span> <span class='ocrx_word' id='word_1_649' title='bbox 2447 2033 2551 2089; x_wconf 90' lang='lat' dir='ltr'><strong>ﬁde</strong></span> <span class='ocrx_word' id='word_1_650' title='bbox 2576 2048 2642 2089; x_wconf 89' lang='lat' dir='ltr'><strong>ac</strong></span> <span class='ocrx_word' id='word_1_651' title='bbox 2667 2049 2764 2105; x_wconf 90' lang='lat' dir='ltr'><strong>spe</strong></span> <span class='ocrx_word' id='word_1_652' title='bbox 2792 2043 2848 2090; x_wconf 90' lang='lat' dir='ltr'><strong>et</strong></span> <span class='ocrx_word' id='word_1_653' title='bbox 2888 2034 2943 2089; x_wconf 91' lang='lat' dir='ltr'><strong>in</strong></span> <span class='ocrx_word' id='word_1_654' title='bbox 2974 2033 3242 2089; x_wconf 80' lang='lat' dir='ltr'><strong>cliaritate</strong></span> <span class='ocrx_word' id='word_1_655' title='bbox 3270 2034 3591 2101; x_wconf 73' lang='lat' dir='ltr'><strong>Concordes,</strong></span> <span class='ocrx_word' id='word_1_656' title='bbox 3634 2033 3766 2106; x_wconf 87' lang='lat' dir='ltr'><strong>Spi-</strong></span> 
     </span>
    </p>
   </div>
   <div class='ocr_carea' id='block_1_82' title="bbox 2152 2126 3767 2198">
    <p class='ocr_par' dir='ltr' id='par_1_82' title="bbox 2152 2126 3767 2198">
     <span class='ocr_line' id='line_1_83' title="bbox 2152 2126 3767 2198; baseline -0.001 -16"><span class='ocrx_word' id='word_1_657' title='bbox 2152 2128 2288 2182; x_wconf 90' lang='lat' dir='ltr'><strong>ritus</strong></span> <span class='ocrx_word' id='word_1_658' title='bbox 2318 2128 2462 2196; x_wconf 87' lang='lat' dir='ltr'><strong>pacis</strong></span> <span class='ocrx_word' id='word_1_659' title='bbox 2490 2137 2612 2197; x_wconf 88' lang='lat' dir='ltr'><strong>agat</strong></span> <span class='ocrx_word' id='word_1_660' title='bbox 2636 2136 2797 2195; x_wconf 88' lang='lat' dir='ltr'><strong>atque</strong></span> <span class='ocrx_word' id='word_1_661' title='bbox 2825 2126 3084 2196; x_wconf 88' lang='lat' dir='ltr'><strong>perducat</strong></span> <span class='ocrx_word' id='word_1_662' title='bbox 3114 2144 3127 2179; x_wconf 88' lang='lat'><strong>:</strong></span> <span class='ocrx_word' id='word_1_663' title='bbox 3158 2128 3411 2197; x_wconf 88' lang='lat' dir='ltr'><strong>quoniam</strong></span> <span class='ocrx_word' id='word_1_664' title='bbox 3449 2128 3767 2198; x_wconf 79' lang='lat' dir='ltr'><strong>quicumque</strong></span> 
     </span>
    </p>
   </div>
   <div class='ocr_carea' id='block_1_83' title="bbox 2153 2217 3757 2292">
    <p class='ocr_par' dir='ltr' id='par_1_83' title="bbox 2153 2217 3757 2292">
     <span class='ocr_line' id='line_1_84' title="bbox 2153 2217 3757 2292; baseline -0.001 -15"><span class='ocrx_word' id='word_1_665' title='bbox 2153 2220 2359 2289; x_wconf 87' lang='lat' dir='ltr'><strong>Spiritu</strong></span> <span class='ocrx_word' id='word_1_666' title='bbox 2394 2218 2490 2275; x_wconf 87' lang='lat' dir='ltr'><strong>Dei</strong></span> <span class='ocrx_word' id='word_1_667' title='bbox 2518 2228 2764 2290; x_wconf 86' lang='lat' dir='ltr'><strong>aguntur,</strong></span> <span class='ocrx_word' id='word_1_668' title='bbox 2810 2220 2851 2274; x_wconf 87' lang='lat' dir='ltr'><strong>ii</strong></span> <span class='ocrx_word' id='word_1_669' title='bbox 2876 2219 2975 2289; x_wconf 79' lang='lat' dir='ltr'><strong>ﬁlii</strong></span> <span class='ocrx_word' id='word_1_670' title='bbox 3001 2232 3118 2274; x_wconf 87' lang='lat' dir='ltr'><strong>sunt</strong></span> <span class='ocrx_word' id='word_1_671' title='bbox 3151 2217 3243 2273; x_wconf 85' lang='lat' dir='ltr'><strong>Dei</strong></span> <span class='ocrx_word' id='word_1_672' title='bbox 3273 2220 3449 2292; x_wconf 83' lang='lat' dir='ltr'><strong>(Rom.</strong></span> <span class='ocrx_word' id='word_1_673' title='bbox 3483 2234 3600 2279; x_wconf 78' lang='lat' dir='ltr'><strong>VIII.</strong></span> <span class='ocrx_word' id='word_1_674' title='bbox 3634 2219 3757 2288; x_wconf 76' lang='grc'><strong>14),</strong></span> 
     </span>
    </p>
   </div>
   <div class='ocr_carea' id='block_1_84' title="bbox 2153 2312 3765 2384">
    <p class='ocr_par' dir='ltr' id='par_1_84' title="bbox 2153 2312 3765 2384">
     <span class='ocr_line' id='line_1_85' title="bbox 2153 2312 3765 2384; baseline 0.002 -18"><span class='ocrx_word' id='word_1_675' title='bbox 2153 2315 2242 2383; x_wconf 91' lang='lat' dir='ltr'><strong>qui</strong></span> <span class='ocrx_word' id='word_1_676' title='bbox 2270 2324 2460 2384; x_wconf 89' lang='lat' dir='ltr'><strong>regnat</strong></span> <span class='ocrx_word' id='word_1_677' title='bbox 2505 2329 2625 2368; x_wconf 90' lang='lat' dir='ltr'><strong>cum</strong></span> <span class='ocrx_word' id='word_1_678' title='bbox 2661 2312 2825 2379; x_wconf 76' lang='lat' dir='ltr'><strong>Filio,</strong></span> <span class='ocrx_word' id='word_1_679' title='bbox 2874 2325 2929 2369; x_wconf 90' lang='lat' dir='ltr'><strong>et</strong></span> <span class='ocrx_word' id='word_1_680' title='bbox 2968 2312 3173 2384; x_wconf 90' lang='lat' dir='ltr'><strong>Spiritu</strong></span> <span class='ocrx_word' id='word_1_681' title='bbox 3226 2322 3418 2370; x_wconf 86' lang='lat' dir='ltr'><strong>sancto</strong></span> <span class='ocrx_word' id='word_1_682' title='bbox 3462 2312 3519 2370; x_wconf 89' lang='lat' dir='ltr'><strong>in</strong></span> <span class='ocrx_word' id='word_1_683' title='bbox 3558 2315 3765 2371; x_wconf 64' lang='lat' dir='ltr'><strong>uacula</strong></span> 
     </span>
    </p>
   </div>
   <div class='ocr_carea' id='block_1_85' title="bbox 2152 2407 2740 2463">
    <p class='ocr_par' dir='ltr' id='par_1_85' title="bbox 2152 2407 2740 2463">
     <span class='ocr_line' id='line_1_86' title="bbox 2152 2407 2740 2463; baseline -0.002 -1"><span class='ocrx_word' id='word_1_684' title='bbox 2152 2408 2493 2463; x_wconf 68' lang='lat' dir='ltr'><strong>saeculorum.</strong></span> <span class='ocrx_word' id='word_1_685' title='bbox 2545 2407 2740 2463; x_wconf 87' lang='lat' dir='ltr'><strong>Amen.</strong></span> 
     </span>
    </p>
   </div>
   <div class='ocr_carea' id='block_1_86' title="bbox 2520 2521 3403 2597">
    <p class='ocr_par' dir='ltr' id='par_1_86' title="bbox 2520 2521 3403 2597">
     <span class='ocr_line' id='line_1_87' title="bbox 2520 2521 3403 2597; baseline 0.002 -20"><span class='ocrx_word' id='word_1_686' title='bbox 2520 2522 2750 2578; x_wconf 80' lang='lat' dir='ltr'><strong>SERMO</strong></span> <span class='ocrx_word' id='word_1_687' title='bbox 2792 2521 2986 2577; x_wconf 78' lang='lat' dir='ltr'><strong>XXVII</strong></span> <span class='ocrx_word' id='word_1_688' title='bbox 3042 2523 3149 2591; x_wconf 77' lang='grc' dir='ltr'><strong>[ΑΙ.</strong></span> <span class='ocrx_word' id='word_1_689' title='bbox 3184 2522 3403 2597; x_wconf 71' lang='lat' dir='ltr'><strong>XXVI].</strong></span> 
     </span>
    </p>
   </div>
   <div class='ocr_carea' id='block_1_87' title="bbox 2512 2612 3399 2671">
    <p class='ocr_par' dir='ltr' id='par_1_87' title="bbox 2512 2612 3399 2671">
     <span class='ocr_line' id='line_1_88' title="bbox 2512 2612 3399 2671; baseline 0.003 -3"><span class='ocrx_word' id='word_1_690' title='bbox 2512 2614 2539 2653; x_wconf 64' lang='grc' dir='ltr'><strong><em>ι</em></strong></span> <span class='ocrx_word' id='word_1_691' title='bbox 2583 2612 2652 2670; x_wconf 83' lang='grc' dir='ltr'><strong>1η</strong></span> <span class='ocrx_word' id='word_1_692' title='bbox 2698 2614 2980 2670; x_wconf 80' lang='lat' dir='ltr'><strong>Natisitate</strong></span> <span class='ocrx_word' id='word_1_693' title='bbox 3019 2612 3232 2670; x_wconf 85' lang='lat' dir='ltr'><strong>Domini</strong></span> <span class='ocrx_word' id='word_1_694' title='bbox 3269 2614 3399 2671; x_wconf 81' lang='lat' dir='ltr'><strong>VII.</strong></span> 
     </span>
    </p>
   </div>
   <div class='ocr_carea' id='block_1_88' title="bbox 2154 2726 3769 2797">
    <p class='ocr_par' dir='ltr' id='par_1_88' title="bbox 2154 2726 3769 2797">
     <span class='ocr_line' id='line_1_89' title="bbox 2154 2726 3769 2797; baseline -0.001 -12"><span class='ocrx_word' id='word_1_695' title='bbox 2154 2729 2430 2785; x_wconf 73' lang='lat' dir='ltr'><strong>SYNDPSIS.</strong></span> <span class='ocrx_word' id='word_1_696' title='bbox 2463 2759 2533 2771; x_wconf 89' lang='lat'>—</span> <span class='ocrx_word' id='word_1_697' title='bbox 2586 2726 2624 2782; x_wconf 88' lang='grc' dir='ltr'><strong>Ι.</strong></span> <span class='ocrx_word' id='word_1_698' title='bbox 2650 2727 2898 2795; x_wconf 66' lang='grc' dir='ltr'><strong>ιΕᾳιιαιὶε</strong></span> <span class='ocrx_word' id='word_1_699' title='bbox 2944 2746 3055 2784; x_wconf 85' lang='lat' dir='ltr'><strong>esse</strong></span> <span class='ocrx_word' id='word_1_700' title='bbox 3106 2730 3319 2797; x_wconf 84' lang='lat' dir='ltr'><strong>periculi</strong></span> <span class='ocrx_word' id='word_1_701' title='bbox 3360 2730 3666 2784; x_wconf 84' lang='lat' dir='ltr'><strong>alterutram</strong></span> <span class='ocrx_word' id='word_1_702' title='bbox 3705 2730 3769 2784; x_wconf 85' lang='lat' dir='ltr'><strong>in</strong></span> 
     </span>
    </p>
   </div>
   <div class='ocr_carea' id='block_1_89' title="bbox 2227 2800 3769 2871">
    <p class='ocr_par' dir='ltr' id='par_1_89' title="bbox 2227 2800 3769 2871">
     <span class='ocr_line' id='line_1_90' title="bbox 2227 2800 3769 2871; baseline 0 -16"><span class='ocrx_word' id='word_1_703' title='bbox 2227 2800 2430 2855; x_wconf 66' lang='lat' dir='ltr'><strong>Christo</strong></span> <span class='ocrx_word' id='word_1_704' title='bbox 2478 2816 2670 2871; x_wconf 77' lang='lat' dir='ltr'><strong>negare</strong></span> <span class='ocrx_word' id='word_1_705' title='bbox 2725 2813 2985 2854; x_wconf 85' lang='lat' dir='ltr'><strong>naturam.</strong></span> <span class='ocrx_word' id='word_1_706' title='bbox 3016 2831 3088 2842; x_wconf 92' lang='lat'>—</span> <span class='ocrx_word' id='word_1_707' title='bbox 3126 2800 3191 2856; x_wconf 91' lang='lat' dir='ltr'><strong>ll.</strong></span> <span class='ocrx_word' id='word_1_708' title='bbox 3227 2800 3463 2871; x_wconf 83' lang='lat' dir='ltr'><strong>Verbum</strong></span> <span class='ocrx_word' id='word_1_709' title='bbox 3500 2815 3628 2855; x_wconf 80' lang='lat' dir='ltr'><strong>caro</strong></span> <span class='ocrx_word' id='word_1_710' title='bbox 3678 2800 3769 2855; x_wconf 79' lang='lat' dir='ltr'><strong>fa-</strong></span> 
     </span>
    </p>
   </div>
   <div class='ocr_carea' id='block_1_90' title="bbox 2226 2870 3769 2943">
    <p class='ocr_par' dir='ltr' id='par_1_90' title="bbox 2226 2870 3769 2943">
     <span class='ocr_line' id='line_1_91' title="bbox 2226 2870 3769 2943; baseline -0.001 -16"><span class='ocrx_word' id='word_1_711' title='bbox 2226 2884 2391 2943; x_wconf 50' lang='lat' dir='ltr'><strong>ctunr</strong></span> <span class='ocrx_word' id='word_1_712' title='bbox 2404 2880 2506 2937; x_wconf 74' lang='lat' dir='ltr'><strong>est,</strong></span> <span class='ocrx_word' id='word_1_713' title='bbox 2531 2870 2789 2941; x_wconf 88' lang='lat' dir='ltr'><strong>quomodo</strong></span> <span class='ocrx_word' id='word_1_714' title='bbox 2811 2872 3201 2943; x_wconf 85' lang='lat' dir='ltr'><strong>intelligendum</strong></span> <span class='ocrx_word' id='word_1_715' title='bbox 3226 2873 3250 2927; x_wconf 72' lang='grc' dir='ltr'><strong>ἶ)</strong></span> <span class='ocrx_word' id='word_1_716' title='bbox 3288 2870 3389 2937; x_wconf 82' lang='lat' dir='ltr'><strong>Qui</strong></span> <span class='ocrx_word' id='word_1_717' title='bbox 3408 2870 3617 2939; x_wconf 62' lang='lat' dir='ltr'><strong>«ﬂectus</strong></span> <span class='ocrx_word' id='word_1_718' title='bbox 3638 2873 3664 2926; x_wconf 60' lang='grc' dir='ltr'><em>ἵ</em></span> <span class='ocrx_word' id='word_1_719' title='bbox 3691 2901 3769 2911; x_wconf 72' lang='lat'><strong>~—</strong></span> 
     </span>
    </p>
   </div>
   <div class='ocr_carea' id='block_1_91' title="bbox 2232 2941 3769 3013">
    <p class='ocr_par' dir='ltr' id='par_1_91' title="bbox 2232 2941 3769 3013">
     <span class='ocr_line' id='line_1_92' title="bbox 2232 2941 3769 3013; baseline -0.001 -16"><span class='ocrx_word' id='word_1_720' title='bbox 2232 2943 2319 2997; x_wconf 91' lang='lat' dir='ltr'><strong>lll.</strong></span> <span class='ocrx_word' id='word_1_721' title='bbox 2362 2941 2634 2995; x_wconf 87' lang='lat' dir='ltr'><strong>Diabolum</strong></span> <span class='ocrx_word' id='word_1_722' title='bbox 2667 2945 2806 2996; x_wconf 84' lang='lat' dir='ltr'><strong>varie</strong></span> <span class='ocrx_word' id='word_1_723' title='bbox 2834 2941 3068 2998; x_wconf 81' lang='lat' dir='ltr'><strong>homines</strong></span> <span class='ocrx_word' id='word_1_724' title='bbox 3116 2953 3314 2998; x_wconf 77' lang='lat' dir='ltr'><strong>tentare</strong></span> <span class='ocrx_word' id='word_1_725' title='bbox 3355 2959 3448 3013; x_wconf 84' lang='lat' dir='ltr'><strong>pro</strong></span> <span class='ocrx_word' id='word_1_726' title='bbox 3494 2944 3649 2997; x_wconf 81' lang='lat' dir='ltr'><strong>variis</strong></span> <span class='ocrx_word' id='word_1_727' title='bbox 3675 2960 3769 2996; x_wconf 88' lang='lat' dir='ltr'><strong>eo-</strong></span> 
     </span>
    </p>
   </div>
   <div class='ocr_carea' id='block_1_92' title="bbox 2228 3012 3768 3081">
    <p class='ocr_par' dir='ltr' id='par_1_92' title="bbox 2228 3012 3768 3081">
     <span class='ocr_line' id='line_1_93' title="bbox 2228 3012 3768 3081; baseline 0.001 -14"><span class='ocrx_word' id='word_1_728' title='bbox 2228 3031 2345 3067; x_wconf 89' lang='lat' dir='ltr'><strong>rum</strong></span> <span class='ocrx_word' id='word_1_729' title='bbox 2393 3013 2473 3079; x_wconf 72' lang='lat' dir='ltr'><strong>a/f</strong></span> <span class='ocrx_word' id='word_1_730' title='bbox 2498 3015 2659 3067; x_wconf 74' lang='lat' dir='ltr'><strong>uibus</strong></span> <span class='ocrx_word' id='word_1_731' title='bbox 2681 3024 2729 3069; x_wconf 90' lang='lat' dir='ltr'><strong>et</strong></span> <span class='ocrx_word' id='word_1_732' title='bbox 2774 3015 2987 3069; x_wconf 85' lang='lat' dir='ltr'><strong>studiis.</strong></span> <span class='ocrx_word' id='word_1_733' title='bbox 3013 3015 3088 3057; x_wconf 83' lang='grc'><strong>-’</strong></span> <span class='ocrx_word' id='word_1_734' title='bbox 3118 3014 3204 3069; x_wconf 90' lang='lat' dir='ltr'><strong>IV.</strong></span> <span class='ocrx_word' id='word_1_735' title='bbox 3239 3014 3390 3081; x_wconf 83' lang='lat' dir='ltr'><strong>Quod</strong></span> <span class='ocrx_word' id='word_1_736' title='bbox 3429 3014 3528 3068; x_wconf 86' lang='lat' dir='ltr'><strong>soli</strong></span> <span class='ocrx_word' id='word_1_737' title='bbox 3573 3012 3768 3068; x_wconf 73' lang='lat' dir='ltr'><strong>orienti</strong></span> 
     </span>
    </p>
   </div>
   <div class='ocr_carea' id='block_1_93' title="bbox 2227 3083 3764 3153">
    <p class='ocr_par' dir='ltr' id='par_1_93' title="bbox 2227 3083 3764 3153">
     <span class='ocr_line' id='line_1_94' title="bbox 2227 3083 3764 3153; baseline 0.001 -16"><span class='ocrx_word' id='word_1_738' title='bbox 2227 3085 2439 3153; x_wconf 77' lang='lat' dir='ltr'><strong>quidam</strong></span> <span class='ocrx_word' id='word_1_739' title='bbox 2464 3083 2750 3139; x_wconf 83' lang='lat' dir='ltr'><strong>Christiani</strong></span> <span class='ocrx_word' id='word_1_740' title='bbox 2772 3102 2827 3140; x_wconf 84' lang='lat' dir='ltr'><strong>se</strong></span> <span class='ocrx_word' id='word_1_741' title='bbox 2845 3086 3121 3151; x_wconf 85' lang='lat' dir='ltr'><strong>inclinant,</strong></span> <span class='ocrx_word' id='word_1_742' title='bbox 3159 3102 3223 3140; x_wconf 74' lang='lat' dir='ltr'><strong>es;</strong></span> <span class='ocrx_word' id='word_1_743' title='bbox 3248 3086 3613 3150; x_wconf 82' lang='lat' dir='ltr'><strong>superstitione</strong></span> <span class='ocrx_word' id='word_1_744' title='bbox 3628 3102 3764 3140; x_wconf 76' lang='lat' dir='ltr'><strong>esse.</strong></span> 
     </span>
    </p>
   </div>
   <div class='ocr_carea' id='block_1_94' title="bbox 2229 3153 3764 3228">
    <p class='ocr_par' dir='ltr' id='par_1_94' title="bbox 2229 3153 3764 3228">
     <span class='ocr_line' id='line_1_95' title="bbox 2229 3153 3764 3228; baseline 0.001 -19"><span class='ocrx_word' id='word_1_745' title='bbox 2229 3185 2298 3228; x_wconf 52' lang='grc' dir='ltr'><em>τῖς</em></span> <span class='ocrx_word' id='word_1_746' title='bbox 2325 3155 2389 3209; x_wconf 91' lang='lat' dir='ltr'><strong>V.</strong></span> <span class='ocrx_word' id='word_1_747' title='bbox 2425 3153 2663 3209; x_wconf 71' lang='lat' dir='ltr'><strong>Calesfia</strong></span> <span class='ocrx_word' id='word_1_748' title='bbox 2693 3172 2908 3228; x_wconf 81' lang='lat' dir='ltr'><strong>corpora</strong></span> <span class='ocrx_word' id='word_1_749' title='bbox 2940 3156 3205 3211; x_wconf 86' lang='lat' dir='ltr'><strong>hominum</strong></span> <span class='ocrx_word' id='word_1_750' title='bbox 3233 3158 3445 3228; x_wconf 77' lang='lat' dir='ltr'><strong>utilitati</strong></span> <span class='ocrx_word' id='word_1_751' title='bbox 3476 3157 3764 3211; x_wconf 72' lang='lat' dir='ltr'><strong>servire.—</strong></span> 
     </span>
    </p>
   </div>
   <div class='ocr_carea' id='block_1_95' title="bbox 2237 3226 3765 3299">
    <p class='ocr_par' dir='ltr' id='par_1_95' title="bbox 2237 3226 3765 3299">
     <span class='ocr_line' id='line_1_96' title="bbox 2237 3226 3765 3299; baseline 0.003 -22"><span class='ocrx_word' id='word_1_752' title='bbox 2237 3226 2319 3279; x_wconf 73' lang='grc' dir='ltr'><strong>Ἠ.</strong></span> <span class='ocrx_word' id='word_1_753' title='bbox 2349 3228 2477 3299; x_wconf 68' lang='lat' dir='ltr'><strong>uuis</strong></span> <span class='ocrx_word' id='word_1_754' title='bbox 2523 3238 2694 3281; x_wconf 88' lang='lat' dir='ltr'><strong>rectus</strong></span> <span class='ocrx_word' id='word_1_755' title='bbox 2719 3226 3075 3281; x_wconf 83' lang='lat' dir='ltr'><strong>creaturarum</strong></span> <span class='ocrx_word' id='word_1_756' title='bbox 3119 3245 3265 3284; x_wconf 84' lang='lat' dir='ltr'><strong>usus.</strong></span> <span class='ocrx_word' id='word_1_757' title='bbox 3318 3227 3496 3282; x_wconf 82' lang='lat' dir='ltr'><strong>Homo</strong></span> <span class='ocrx_word' id='word_1_758' title='bbox 3524 3229 3593 3281; x_wconf 87' lang='lat' dir='ltr'><strong>ad</strong></span> <span class='ocrx_word' id='word_1_759' title='bbox 3620 3245 3765 3299; x_wconf 76' lang='lat' dir='ltr'><strong>pra:-</strong></span> 
     </span>
    </p>
   </div>
   <div class='ocr_carea' id='block_1_96' title="bbox 2229 3298 3143 3369">
    <p class='ocr_par' dir='ltr' id='par_1_96' title="bbox 2229 3298 3143 3369">
     <span class='ocr_line' id='line_1_97' title="bbox 2229 3298 3143 3369; baseline 0.004 -18"><span class='ocrx_word' id='word_1_760' title='bbox 2229 3298 2394 3351; x_wconf 84' lang='lat' dir='ltr'><strong>sentia</strong></span> <span class='ocrx_word' id='word_1_761' title='bbox 2422 3308 2595 3364; x_wconf 86' lang='lat' dir='ltr'><strong>natus,</strong></span> <span class='ocrx_word' id='word_1_762' title='bbox 2618 3298 2687 3351; x_wconf 88' lang='lat' dir='ltr'><strong>ad</strong></span> <span class='ocrx_word' id='word_1_763' title='bbox 2710 3302 2887 3369; x_wconf 80' lang='lat' dir='ltr'><strong>futura</strong></span> <span class='ocrx_word' id='word_1_764' title='bbox 2912 3310 3143 3356; x_wconf 82' lang='lat' dir='ltr'><strong>renatus.</strong></span> 
     </span>
    </p>
   </div>
   <div class='ocr_carea' id='block_1_97' title="bbox 2227 3430 3766 3501">
    <p class='ocr_par' dir='ltr' id='par_1_97' title="bbox 2227 3430 3766 3501">
     <span class='ocr_line' id='line_1_98' title="bbox 2227 3430 3766 3501; baseline 0.003 -13"><span class='ocrx_word' id='word_1_765' title='bbox 2227 3430 2358 3488; x_wconf 64' lang='lat' dir='ltr'><strong>Car.</strong></span> <span class='ocrx_word' id='word_1_766' title='bbox 2390 3432 2432 3487; x_wconf 91' lang='grc' dir='ltr'><strong>Ι.</strong></span> <span class='ocrx_word' id='word_1_767' title='bbox 2462 3464 2534 3474; x_wconf 94' lang='grc'><strong>-</strong></span> <span class='ocrx_word' id='word_1_768' title='bbox 2562 3432 2901 3491; x_wconf 79' lang='lat' dir='ltr'><strong>Fesﬁvitatis</strong></span> <span class='ocrx_word' id='word_1_769' title='bbox 2940 3434 3241 3493; x_wconf 67' lang='lat' dir='ltr'><strong>hodiernae.</strong></span> <span class='ocrx_word' id='word_1_770' title='bbox 3268 3436 3628 3501; x_wconf 84' lang='lat' dir='ltr'><strong>dilectissimi,</strong></span> <span class='ocrx_word' id='word_1_771' title='bbox 3662 3451 3766 3493; x_wconf 84' lang='lat' dir='ltr'><strong>ve-</strong></span> 
     </span>
    </p>
   </div>
   <div class='ocr_carea' id='block_1_98' title="bbox 2155 3526 3769 3599">
    <p class='ocr_par' dir='ltr' id='par_1_98' title="bbox 2155 3526 3769 3599">
     <span class='ocr_line' id='line_1_99' title="bbox 2155 3526 3769 3599; baseline -0.001 -19"><span class='ocrx_word' id='word_1_772' title='bbox 2155 3541 2249 3580; x_wconf 83' lang='lat' dir='ltr'><strong>rus</strong></span> <span class='ocrx_word' id='word_1_773' title='bbox 2279 3536 2565 3579; x_wconf 85' lang='lat' dir='ltr'><strong>venerator</strong></span> <span class='ocrx_word' id='word_1_774' title='bbox 2593 3534 2677 3580; x_wconf 86' lang='lat' dir='ltr'><strong>est</strong></span> <span class='ocrx_word' id='word_1_775' title='bbox 2709 3536 2764 3581; x_wconf 91' lang='lat' dir='ltr'><strong>et</strong></span> <span class='ocrx_word' id='word_1_776' title='bbox 2790 3528 2910 3596; x_wconf 91' lang='lat' dir='ltr'><strong>pius</strong></span> <span class='ocrx_word' id='word_1_777' title='bbox 2938 3528 3113 3582; x_wconf 90' lang='lat' dir='ltr'><strong>cultor</strong></span> <span class='ocrx_word' id='word_1_778' title='bbox 3159 3531 3249 3598; x_wconf 89' lang='lat' dir='ltr'><strong>qui</strong></span> <span class='ocrx_word' id='word_1_779' title='bbox 3279 3528 3389 3599; x_wconf 76' lang='lat'><strong>92</strong></span> <span class='ocrx_word' id='word_1_780' title='bbox 3435 3543 3535 3583; x_wconf 91' lang='lat' dir='ltr'><strong>nec</strong></span> <span class='ocrx_word' id='word_1_781' title='bbox 3582 3526 3650 3583; x_wconf 91' lang='lat' dir='ltr'><strong>de</strong></span> <span class='ocrx_word' id='word_1_782' title='bbox 3681 3530 3769 3583; x_wconf 89' lang='lat' dir='ltr'><strong>in-</strong></span> 
     </span>
    </p>
   </div>
   <div class='ocr_carea' id='block_1_99' title="bbox 2154 3618 3768 3689">
    <p class='ocr_par' dir='ltr' id='par_1_99' title="bbox 2154 3618 3768 3689">
     <span class='ocr_line' id='line_1_100' title="bbox 2154 3618 3768 3689; baseline 0.001 -16"><span class='ocrx_word' id='word_1_783' title='bbox 2154 3619 2469 3673; x_wconf 80' lang='lat' dir='ltr'><strong>carnatione</strong></span> <span class='ocrx_word' id='word_1_784' title='bbox 2498 3618 2706 3673; x_wconf 91' lang='lat' dir='ltr'><strong>Domini</strong></span> <span class='ocrx_word' id='word_1_785' title='bbox 2731 3618 2932 3689; x_wconf 87' lang='lat' dir='ltr'><strong>aliquid</strong></span> <span class='ocrx_word' id='word_1_786' title='bbox 2970 3619 3189 3686; x_wconf 80' lang='lat' dir='ltr'><strong>falsum,</strong></span> <span class='ocrx_word' id='word_1_787' title='bbox 3217 3635 3314 3676; x_wconf 91' lang='lat' dir='ltr'><strong>nec</strong></span> <span class='ocrx_word' id='word_1_788' title='bbox 3338 3622 3406 3675; x_wconf 83' lang='lat' dir='ltr'><strong>de</strong></span> <span class='ocrx_word' id='word_1_789' title='bbox 3439 3621 3644 3676; x_wconf 89' lang='lat' dir='ltr'><strong>Deitate</strong></span> <span class='ocrx_word' id='word_1_790' title='bbox 3664 3620 3768 3675; x_wconf 84' lang='lat' dir='ltr'><strong>ali-</strong></span> 
     </span>
    </p>
   </div>
   <div class='ocr_carea' id='block_1_100' title="bbox 2156 3711 3765 3783">
    <p class='ocr_par' dir='ltr' id='par_1_100' title="bbox 2156 3711 3765 3783">
     <span class='ocr_line' id='line_1_101' title="bbox 2156 3711 3765 3783; baseline 0.002 -18"><span class='ocrx_word' id='word_1_791' title='bbox 2156 3711 2285 3783; x_wconf 91' lang='lat' dir='ltr'><strong>quid</strong></span> <span class='ocrx_word' id='word_1_792' title='bbox 2334 3712 2501 3767; x_wconf 88' lang='lat' dir='ltr'><strong>scmit</strong></span> <span class='ocrx_word' id='word_1_793' title='bbox 2548 3712 2867 3782; x_wconf 88' lang='lat' dir='ltr'><strong>indignum:</strong></span> <span class='ocrx_word' id='word_1_794' title='bbox 2926 3714 3069 3782; x_wconf 91' lang='lat' dir='ltr'><strong>paris</strong></span> <span class='ocrx_word' id='word_1_795' title='bbox 3101 3717 3244 3768; x_wconf 86' lang='lat' dir='ltr'><strong>enim</strong></span> <span class='ocrx_word' id='word_1_796' title='bbox 3289 3714 3513 3782; x_wconf 88' lang='lat' dir='ltr'><strong>periculi</strong></span> <span class='ocrx_word' id='word_1_797' title='bbox 3562 3714 3765 3769; x_wconf 84' lang='lat' dir='ltr'><strong>malum</strong></span> 
     </span>
    </p>
   </div>
   <div class='ocr_carea' id='block_1_101' title="bbox 2155 3806 3767 3875">
    <p class='ocr_par' dir='ltr' id='par_1_101' title="bbox 2155 3806 3767 3875">
     <span class='ocr_line' id='line_1_102' title="bbox 2155 3806 3767 3875; baseline -0.001 -14"><span class='ocrx_word' id='word_1_798' title='bbox 2155 3816 2260 3871; x_wconf 88' lang='lat' dir='ltr'><strong>est,</strong></span> <span class='ocrx_word' id='word_1_799' title='bbox 2303 3806 2347 3859; x_wconf 90' lang='lat' dir='ltr'><strong>si</strong></span> <span class='ocrx_word' id='word_1_800' title='bbox 2388 3806 2464 3859; x_wconf 92' lang='lat' dir='ltr'><strong>illi</strong></span> <span class='ocrx_word' id='word_1_801' title='bbox 2493 3814 2586 3859; x_wconf 87' lang='lat' dir='ltr'><strong>aut</strong></span> <span class='ocrx_word' id='word_1_802' title='bbox 2625 3815 2834 3860; x_wconf 57' lang='lat' dir='ltr'><strong>natura:</strong></span> <span class='ocrx_word' id='word_1_803' title='bbox 2864 3818 3065 3860; x_wconf 77' lang='lat' dir='ltr'><strong>nosme</strong></span> <span class='ocrx_word' id='word_1_804' title='bbox 3116 3806 3339 3871; x_wconf 82' lang='lat' dir='ltr'><strong>veritas,</strong></span> <span class='ocrx_word' id='word_1_805' title='bbox 3385 3813 3480 3859; x_wconf 81' lang='lat' dir='ltr'><strong>aut</strong></span> <span class='ocrx_word' id='word_1_806' title='bbox 3522 3815 3767 3875; x_wconf 73' lang='lat' dir='ltr'><strong>paternae</strong></span> 
     </span>
    </p>
   </div>
   <div class='ocr_carea' id='block_1_102' title="bbox 2153 3896 3768 3969">
    <p class='ocr_par' dir='ltr' id='par_1_102' title="bbox 2153 3896 3768 3969">
     <span class='ocr_line' id='line_1_103' title="bbox 2153 3896 3768 3969; baseline 0.001 -18"><span class='ocrx_word' id='word_1_807' title='bbox 2153 3898 2341 3969; x_wconf 74' lang='lat' dir='ltr'><strong>gloria:</strong></span> <span class='ocrx_word' id='word_1_808' title='bbox 2366 3908 2594 3968; x_wconf 88' lang='lat' dir='ltr'><strong>negatur</strong></span> <span class='ocrx_word' id='word_1_809' title='bbox 2635 3897 2940 3967; x_wconf 65' lang='lat' dir='ltr'><strong>inqualitas.</strong></span> <span class='ocrx_word' id='word_1_810' title='bbox 2991 3896 3123 3952; x_wconf 85' lang='lat' dir='ltr'><strong>Cum</strong></span> <span class='ocrx_word' id='word_1_811' title='bbox 3155 3913 3284 3968; x_wconf 90' lang='lat' dir='ltr'><strong>ergo</strong></span> <span class='ocrx_word' id='word_1_812' title='bbox 3332 3898 3396 3951; x_wconf 86' lang='lat' dir='ltr'><strong>ad</strong></span> <span class='ocrx_word' id='word_1_813' title='bbox 3452 3897 3768 3968; x_wconf 86' lang='lat' dir='ltr'><strong>intelligen-</strong></span> 
     </span>
    </p>
   </div>
   <div class='ocr_carea' id='block_1_103' title="bbox 2154 3990 3765 4060">
    <p class='ocr_par' dir='ltr' id='par_1_103' title="bbox 2154 3990 3765 4060">
     <span class='ocr_line' id='line_1_104' title="bbox 2154 3990 3765 4060; baseline -0.001 -13"><span class='ocrx_word' id='word_1_814' title='bbox 2154 3992 2283 4047; x_wconf 91' lang='lat' dir='ltr'><strong>dum</strong></span> <span class='ocrx_word' id='word_1_815' title='bbox 2316 4001 2714 4046; x_wconf 73' lang='lat' dir='ltr'><strong>sacramentum</strong></span> <span class='ocrx_word' id='word_1_816' title='bbox 2737 3990 3049 4046; x_wconf 84' lang='lat' dir='ltr'><strong>Nativitatis</strong></span> <span class='ocrx_word' id='word_1_817' title='bbox 3071 3990 3300 4055; x_wconf 86' lang='lat' dir='ltr'><strong>Christi,</strong></span> <span class='ocrx_word' id='word_1_818' title='bbox 3349 4006 3451 4060; x_wconf 87' lang='lat' dir='ltr'><strong>qua</strong></span> <span class='ocrx_word' id='word_1_819' title='bbox 3484 3990 3553 4045; x_wconf 90' lang='lat' dir='ltr'><strong>de</strong></span> <span class='ocrx_word' id='word_1_820' title='bbox 3587 3998 3765 4045; x_wconf 86' lang='lat' dir='ltr'><strong>matre</strong></span> 
     </span>
    </p>
   </div>
   <div class='ocr_carea' id='block_1_104' title="bbox 2154 4082 3763 4153">
    <p class='ocr_par' dir='ltr' id='par_1_104' title="bbox 2154 4082 3763 4153">
     <span class='ocr_line' id='line_1_105' title="bbox 2154 4082 3763 4153; baseline 0 -16"><span class='ocrx_word' id='word_1_821' title='bbox 2154 4083 2377 4153; x_wconf 82' lang='lat' dir='ltr'><strong>Virgine</strong></span> <span class='ocrx_word' id='word_1_822' title='bbox 2400 4091 2488 4139; x_wconf 89' lang='lat' dir='ltr'><strong>est</strong></span> <span class='ocrx_word' id='word_1_823' title='bbox 2514 4093 2686 4149; x_wconf 88' lang='lat' dir='ltr'><strong>ortus,</strong></span> <span class='ocrx_word' id='word_1_824' title='bbox 2721 4083 3045 4148; x_wconf 89' lang='lat' dir='ltr'><strong>accedimus,</strong></span> <span class='ocrx_word' id='word_1_825' title='bbox 3071 4083 3319 4153; x_wconf 88' lang='lat' dir='ltr'><strong>abigatur</strong></span> <span class='ocrx_word' id='word_1_826' title='bbox 3351 4082 3544 4150; x_wconf 92' lang='lat' dir='ltr'><strong>procul</strong></span> <span class='ocrx_word' id='word_1_827' title='bbox 3583 4092 3763 4137; x_wconf 90' lang='lat' dir='ltr'><strong>terre-</strong></span> 
     </span>
    </p>
   </div>
   <div class='ocr_carea' id='block_1_105' title="bbox 2157 4172 3766 4246">
    <p class='ocr_par' dir='ltr' id='par_1_105' title="bbox 2157 4172 3766 4246">
     <span class='ocr_line' id='line_1_106' title="bbox 2157 4172 3766 4246; baseline -0.002 -15"><span class='ocrx_word' id='word_1_828' title='bbox 2157 4190 2345 4231; x_wconf 88' lang='lat' dir='ltr'><strong>narum</strong></span> <span class='ocrx_word' id='word_1_829' title='bbox 2376 4177 2554 4246; x_wconf 87' lang='lat' dir='ltr'><strong>caligo</strong></span> <span class='ocrx_word' id='word_1_830' title='bbox 2584 4178 2873 4237; x_wconf 89' lang='lat' dir='ltr'><strong>rationum,</strong></span> <span class='ocrx_word' id='word_1_831' title='bbox 2902 4172 2920 4212; x_wconf 77' lang='grc' dir='ltr'>ι</span> <span class='ocrx_word' id='word_1_832' title='bbox 2952 4184 3006 4230; x_wconf 89' lang='lat' dir='ltr'><strong>et</strong></span> <span class='ocrx_word' id='word_1_833' title='bbox 3037 4175 3104 4230; x_wconf 90' lang='lat' dir='ltr'><strong>ab</strong></span> <span class='ocrx_word' id='word_1_834' title='bbox 3136 4174 3452 4229; x_wconf 73' lang='lat' dir='ltr'><strong>illuminatte</strong></span> <span class='ocrx_word' id='word_1_835' title='bbox 3483 4173 3605 4230; x_wconf 89' lang='lat' dir='ltr'><strong>ﬁdei</strong></span> <span class='ocrx_word' id='word_1_836' title='bbox 3629 4188 3766 4229; x_wconf 82' lang='lat' dir='ltr'><strong>ocu-</strong></span> 
     </span>
    </p>
   </div>
   <div class='ocr_carea' id='block_1_106' title="bbox 2153 4263 3767 4339">
    <p class='ocr_par' dir='ltr' id='par_1_106' title="bbox 2153 4263 3767 4339">
     <span class='ocr_line' id='line_1_107' title="bbox 2153 4263 3767 4339; baseline -0.002 -16"><span class='ocrx_word' id='word_1_837' title='bbox 2153 4268 2223 4323; x_wconf 84' lang='lat' dir='ltr'><strong>lis</strong></span> <span class='ocrx_word' id='word_1_838' title='bbox 2252 4267 2539 4323; x_wconf 66' lang='lat' dir='ltr'><strong>mundana}</strong></span> <span class='ocrx_word' id='word_1_839' title='bbox 2576 4269 2855 4339; x_wconf 67' lang='lat' dir='ltr'><strong>sapientim</strong></span> <span class='ocrx_word' id='word_1_840' title='bbox 2898 4268 3075 4322; x_wconf 79' lang='lat' dir='ltr'><strong>fumus</strong></span> <span class='ocrx_word' id='word_1_841' title='bbox 3119 4264 3374 4321; x_wconf 58' lang='lat' dir='ltr'><strong>abscedat</strong></span> <span class='ocrx_word' id='word_1_842' title='bbox 3404 4281 3419 4330; x_wconf 91' lang='lat'><strong>;</strong></span> <span class='ocrx_word' id='word_1_843' title='bbox 3449 4263 3631 4319; x_wconf 74' lang='lat' dir='ltr'><strong>divina</strong></span> <span class='ocrx_word' id='word_1_844' title='bbox 3675 4273 3767 4321; x_wconf 87' lang='lat' dir='ltr'><strong>est</strong></span> 
     </span>
    </p>
   </div>
   <div class='ocr_carea' id='block_1_107' title="bbox 2152 4356 3764 4426">
    <p class='ocr_par' dir='ltr' id='par_1_107' title="bbox 2152 4356 3764 4426">
     <span class='ocr_line' id='line_1_108' title="bbox 2152 4356 3764 4426; baseline -0.003 -9"><span class='ocrx_word' id='word_1_845' title='bbox 2152 4362 2298 4417; x_wconf 92' lang='lat' dir='ltr'><strong>enim</strong></span> <span class='ocrx_word' id='word_1_846' title='bbox 2342 4362 2638 4416; x_wconf 81' lang='lat' dir='ltr'><strong>auctoritas</strong></span> <span class='ocrx_word' id='word_1_847' title='bbox 2687 4362 2773 4416; x_wconf 91' lang='lat' dir='ltr'><strong>cui</strong></span> <span class='ocrx_word' id='word_1_848' title='bbox 2803 4359 3117 4426; x_wconf 87' lang='lat' dir='ltr'><strong>credimus,</strong></span> <span class='ocrx_word' id='word_1_849' title='bbox 3153 4358 3335 4413; x_wconf 85' lang='lat' dir='ltr'><strong>divina</strong></span> <span class='ocrx_word' id='word_1_850' title='bbox 3382 4366 3466 4413; x_wconf 90' lang='lat' dir='ltr'><strong>est</strong></span> <span class='ocrx_word' id='word_1_851' title='bbox 3510 4356 3764 4413; x_wconf 82' lang='lat' dir='ltr'><strong>doctrina</strong></span> 
     </span>
    </p>
   </div>
   <div class='ocr_carea' id='block_1_108' title="bbox 2153 4448 3759 4522">
    <p class='ocr_par' dir='ltr' id='par_1_108' title="bbox 2153 4448 3759 4522">
     <span class='ocr_line' id='line_1_109' title="bbox 2153 4448 3759 4522; baseline -0.001 -15"><span class='ocrx_word' id='word_1_852' title='bbox 2153 4468 2314 4521; x_wconf 87' lang='lat' dir='ltr'><strong>quam</strong></span> <span class='ocrx_word' id='word_1_853' title='bbox 2364 4451 2662 4522; x_wconf 85' lang='lat' dir='ltr'><strong>sequimur.</strong></span> <span class='ocrx_word' id='word_1_854' title='bbox 2719 4452 2987 4518; x_wconf 87' lang='lat' dir='ltr'><strong>Quoniam</strong></span> <span class='ocrx_word' id='word_1_855' title='bbox 3029 4450 3145 4505; x_wconf 87' lang='lat' dir='ltr'><strong>sive</strong></span> <span class='ocrx_word' id='word_1_856' title='bbox 3197 4449 3330 4517; x_wconf 83' lang='lat' dir='ltr'><strong>legis</strong></span> <span class='ocrx_word' id='word_1_857' title='bbox 3361 4448 3759 4519; x_wconf 88' lang='lat' dir='ltr'><strong>testiﬁcatinni,</strong></span> 
     </span>
    </p>
   </div>
   <div class='ocr_carea' id='block_1_109' title="bbox 2152 4540 3765 4614">
    <p class='ocr_par' dir='ltr' id='par_1_109' title="bbox 2152 4540 3765 4614">
     <span class='ocr_line' id='line_1_110' title="bbox 2152 4540 3765 4614; baseline -0.002 -14"><span class='ocrx_word' id='word_1_858' title='bbox 2152 4543 2269 4601; x_wconf 85' lang='lat' dir='ltr'><strong>sive</strong></span> <span class='ocrx_word' id='word_1_859' title='bbox 2309 4544 2543 4599; x_wconf 89' lang='lat' dir='ltr'><strong>oraculis</strong></span> <span class='ocrx_word' id='word_1_860' title='bbox 2570 4547 2985 4614; x_wconf 85' lang='lat' dir='ltr'><strong>prophetarum,</strong></span> <span class='ocrx_word' id='word_1_861' title='bbox 3018 4543 3135 4597; x_wconf 85' lang='lat' dir='ltr'><strong>sive</strong></span> <span class='ocrx_word' id='word_1_862' title='bbox 3156 4541 3484 4611; x_wconf 77' lang='lat' dir='ltr'><strong>evangelicae</strong></span> <span class='ocrx_word' id='word_1_863' title='bbox 3510 4540 3654 4595; x_wconf 64' lang='lat' dir='ltr'><strong>tubae</strong></span> <span class='ocrx_word' id='word_1_864' title='bbox 3676 4541 3765 4596; x_wconf 85' lang='lat' dir='ltr'><strong>in-</strong></span> 
     </span>
    </p>
   </div>
   <div class='ocr_carea' id='block_1_110' title="bbox 2156 4636 3763 4707">
    <p class='ocr_par' dir='ltr' id='par_1_110' title="bbox 2156 4636 3763 4707">
     <span class='ocr_line' id='line_1_111' title="bbox 2156 4636 3763 4707; baseline -0.003 -11"><span class='ocrx_word' id='word_1_865' title='bbox 2156 4641 2408 4698; x_wconf 88' lang='lat' dir='ltr'><strong>teriorem</strong></span> <span class='ocrx_word' id='word_1_866' title='bbox 2456 4640 2842 4696; x_wconf 82' lang='lat' dir='ltr'><strong>adinoveamus</strong></span> <span class='ocrx_word' id='word_1_867' title='bbox 2893 4637 3175 4704; x_wconf 89' lang='lat' dir='ltr'><strong>auditum,</strong></span> <span class='ocrx_word' id='word_1_868' title='bbox 3232 4651 3420 4692; x_wconf 86' lang='lat' dir='ltr'><strong>verum</strong></span> <span class='ocrx_word' id='word_1_869' title='bbox 3475 4645 3562 4692; x_wconf 87' lang='lat' dir='ltr'><strong>est</strong></span> <span class='ocrx_word' id='word_1_870' title='bbox 3611 4636 3763 4707; x_wconf 87' lang='lat' dir='ltr'><strong>quod</strong></span> 
     </span>
    </p>
   </div>
   <div class='ocr_carea' id='block_1_111' title="bbox 2156 4796 3759 4868">
    <p class='ocr_par' dir='ltr' id='par_1_111' title="bbox 2156 4796 3759 4868">
     <span class='ocr_line' id='line_1_112' title="bbox 2156 4796 3759 4868; baseline -0.001 -16"><span class='ocrx_word' id='word_1_871' title='bbox 2156 4796 2285 4852; x_wconf 90' lang='lat' dir='ltr'><strong>editi</strong></span> <span class='ocrx_word' id='word_1_872' title='bbox 2316 4796 2535 4861; x_wconf 85' lang='lat' dir='ltr'><strong>habent,</strong></span> <span class='ocrx_word' id='word_1_873' title='bbox 2568 4797 2755 4868; x_wconf 86' lang='lat' dir='ltr'><strong>inquit.</strong></span> <span class='ocrx_word' id='word_1_874' title='bbox 2810 4796 2984 4851; x_wconf 85' lang='lat' dir='ltr'><strong>Habet</strong></span> <span class='ocrx_word' id='word_1_875' title='bbox 3016 4804 3195 4868; x_wconf 89' lang='lat' dir='ltr'><strong>autem</strong></span> <span class='ocrx_word' id='word_1_876' title='bbox 3219 4796 3338 4868; x_wconf 89' lang='lat' dir='ltr'><strong>si_ne</strong></span> <span class='ocrx_word' id='word_1_877' title='bbox 3362 4810 3465 4849; x_wconf 84' lang='lat' dir='ltr'><strong>non</strong></span> <span class='ocrx_word' id='word_1_878' title='bbox 3487 4804 3539 4851; x_wconf 88' lang='lat' dir='ltr'><strong>et</strong></span> <span class='ocrx_word' id='word_1_879' title='bbox 3564 4810 3759 4868; x_wconf 86' lang='lat' dir='ltr'><strong>vocem</strong></span> 
     </span>
    </p>
   </div>
   <div class='ocr_carea' id='block_1_112' title="bbox 2155 4866 3763 4937">
    <p class='ocr_par' dir='ltr' id='par_1_112' title="bbox 2155 4866 3763 4937">
     <span class='ocr_line' id='line_1_113' title="bbox 2155 4866 3763 4937; baseline -0.002 -14"><span class='ocrx_word' id='word_1_880' title='bbox 2155 4886 2278 4923; x_wconf 87' lang='lat' dir='ltr'><strong>suas</strong></span> <span class='ocrx_word' id='word_1_881' title='bbox 2302 4872 2599 4937; x_wconf 84' lang='lat' dir='ltr'><strong>reperimus</strong></span> <span class='ocrx_word' id='word_1_882' title='bbox 2628 4866 2679 4922; x_wconf 87' lang='lat' dir='ltr'><strong>in</strong></span> <span class='ocrx_word' id='word_1_883' title='bbox 2709 4868 2925 4923; x_wconf 89' lang='lat' dir='ltr'><strong>duobus</strong></span> <span class='ocrx_word' id='word_1_884' title='bbox 2960 4867 3120 4922; x_wconf 85' lang='lat' dir='ltr'><strong>codd.</strong></span> <span class='ocrx_word' id='word_1_885' title='bbox 3166 4867 3226 4922; x_wconf 86' lang='lat' dir='ltr'><strong>S.</strong></span> <span class='ocrx_word' id='word_1_886' title='bbox 3260 4866 3402 4920; x_wconf 80' lang='lat' dir='ltr'><strong>Petri</strong></span> <span class='ocrx_word' id='word_1_887' title='bbox 3433 4878 3487 4921; x_wconf 90' lang='lat' dir='ltr'><strong>et</strong></span> <span class='ocrx_word' id='word_1_888' title='bbox 3523 4869 3574 4920; x_wconf 86' lang='lat' dir='ltr'><strong>in</strong></span> <span class='ocrx_word' id='word_1_889' title='bbox 3606 4867 3763 4922; x_wconf 72' lang='lat' dir='ltr'><strong>(lasi-</strong></span> 
     </span>
    </p>
   </div>
   <div class='ocr_carea' id='block_1_113' title="bbox 2160 4938 3757 5003">
    <p class='ocr_par' dir='ltr' id='par_1_113' title="bbox 2160 4938 3757 5003">
     <span class='ocr_line' id='line_1_114' title="bbox 2160 4938 3757 5003; baseline -0.004 -9"><span class='ocrx_word' id='word_1_890' title='bbox 2160 4943 2332 4994; x_wconf 85' lang='lat' dir='ltr'><strong>nensi.</strong></span> <span class='ocrx_word' id='word_1_891' title='bbox 2369 4941 2421 4994; x_wconf 87' lang='lat' dir='ltr'><strong>lu</strong></span> <span class='ocrx_word' id='word_1_892' title='bbox 2445 4940 2807 4994; x_wconf 84' lang='lat' dir='ltr'><strong>anterioribus</strong></span> <span class='ocrx_word' id='word_1_893' title='bbox 2832 4938 3024 5001; x_wconf 73' lang='lat' dir='ltr'><strong>editis,</strong></span> <span class='ocrx_word' id='word_1_894' title='bbox 3048 4949 3103 4993; x_wconf 91' lang='lat' dir='ltr'><strong>et</strong></span> <span class='ocrx_word' id='word_1_895' title='bbox 3133 4953 3264 4991; x_wconf 90' lang='lat' dir='ltr'><strong>mss.</strong></span> <span class='ocrx_word' id='word_1_896' title='bbox 3291 4948 3449 4991; x_wconf 83' lang='lat' dir='ltr'><strong>U‘llllll</strong></span> <span class='ocrx_word' id='word_1_897' title='bbox 3486 4941 3757 5003; x_wconf 79' lang='lat' dir='ltr'><strong>posterin.</strong></span> 
     </span>
    </p>
   </div>
   <div class='ocr_carea' id='block_1_114' title="bbox 2157 5008 3764 5078">
    <p class='ocr_par' dir='ltr' id='par_1_114' title="bbox 2157 5008 3764 5078">
     <span class='ocr_line' id='line_1_115' title="bbox 2157 5008 3764 5078; baseline -0.003 -11"><span class='ocrx_word' id='word_1_898' title='bbox 2157 5028 2275 5067; x_wconf 89' lang='lat' dir='ltr'><strong>rum</strong></span> <span class='ocrx_word' id='word_1_899' title='bbox 2307 5012 2686 5066; x_wconf 67' lang='lat' dir='ltr'><strong>COHCl‘IiOIIUIIl</strong></span> <span class='ocrx_word' id='word_1_900' title='bbox 2720 5028 2733 5063; x_wconf 87' lang='lat'>:</span> <span class='ocrx_word' id='word_1_901' title='bbox 2783 5009 2904 5064; x_wconf 90' lang='lat' dir='ltr'><strong>Non</strong></span> <span class='ocrx_word' id='word_1_902' title='bbox 2936 5008 3332 5078; x_wconf 34' lang='lat' dir='ltr'><strong>habet,‘inquit,</strong></span> <span class='ocrx_word' id='word_1_903' title='bbox 3363 5011 3584 5061; x_wconf 67' lang='lat' dir='ltr'><strong>mundus</strong></span> <span class='ocrx_word' id='word_1_904' title='bbox 3622 5012 3764 5062; x_wconf 63' lang='lat' dir='ltr'><strong>ami-</strong></span> 
     </span>
    </p>
   </div>
   <div class='ocr_carea' id='block_1_115' title="bbox 2158 5078 3765 5147">
    <p class='ocr_par' dir='ltr' id='par_1_115' title="bbox 2158 5078 3765 5147">
     <span class='ocr_line' id='line_1_116' title="bbox 2158 5078 3765 5147; baseline -0.002 -11"><span class='ocrx_word' id='word_1_905' title='bbox 2158 5083 2305 5137; x_wconf 86' lang='lat' dir='ltr'><strong>citias</strong></span> <span class='ocrx_word' id='word_1_906' title='bbox 2334 5099 2497 5144; x_wconf 82' lang='lat' dir='ltr'><strong>ueras,</strong></span> <span class='ocrx_word' id='word_1_907' title='bbox 2532 5095 2577 5135; x_wconf 89' lang='lat' dir='ltr'><strong>et</strong></span> <span class='ocrx_word' id='word_1_908' title='bbox 2593 5082 2797 5147; x_wconf 83' lang='lat' dir='ltr'><strong>multos,</strong></span> <span class='ocrx_word' id='word_1_909' title='bbox 2824 5092 2928 5137; x_wconf 86' lang='lat' dir='ltr'><strong>etc.</strong></span> <span class='ocrx_word' id='word_1_910' title='bbox 2962 5080 3016 5135; x_wconf 88' lang='lat' dir='ltr'><strong>In</strong></span> <span class='ocrx_word' id='word_1_911' title='bbox 3042 5094 3149 5135; x_wconf 90' lang='lat' dir='ltr'><strong>uno</strong></span> <span class='ocrx_word' id='word_1_912' title='bbox 3166 5078 3452 5147; x_wconf 79' lang='lat' dir='ltr'><strong>Vaticano,</strong></span> <span class='ocrx_word' id='word_1_913' title='bbox 3474 5081 3594 5147; x_wconf 88' lang='lat' dir='ltr'><strong>quia</strong></span> <span class='ocrx_word' id='word_1_914' title='bbox 3621 5080 3765 5133; x_wconf 79' lang='lat' dir='ltr'><strong>mul-</strong></span> 
     </span>
    </p>
   </div>
   <div class='ocr_carea' id='block_1_116' title="bbox 2160 5158 2699 5217">
    <p class='ocr_par' dir='ltr' id='par_1_116' title="bbox 2160 5158 2699 5217">
     <span class='ocr_line' id='line_1_117' title="bbox 2160 5158 2699 5217; baseline -0.007 -9"><span class='ocrx_word' id='word_1_915' title='bbox 2160 5166 2258 5217; x_wconf 87' lang='lat' dir='ltr'><strong>los,</strong></span> <span class='ocrx_word' id='word_1_916' title='bbox 2294 5170 2389 5216; x_wconf 84' lang='lat' dir='ltr'><strong>pro</strong></span> <span class='ocrx_word' id='word_1_917' title='bbox 2414 5165 2459 5207; x_wconf 84' lang='lat' dir='ltr'><strong>et</strong></span> <span class='ocrx_word' id='word_1_918' title='bbox 2491 5158 2699 5206; x_wconf 82' lang='lat' dir='ltr'><strong>mullos.</strong></span> 
     </span>
    </p>
   </div>
   <div class='ocr_carea' id='block_1_117' title="bbox 2161 5221 3761 5349">
    <p class='ocr_par' dir='ltr' id='par_1_117' title="bbox 2161 5221 3761 5349">
     <span class='ocr_line' id='line_1_118' title="bbox 2161 5221 3761 5349; baseline 0.001 -72"><span class='ocrx_word' id='word_1_919' title='bbox 2161 5296 2203 5349; x_wconf 69' lang='grc' dir='ltr'><em>Α</em></span> <span class='ocrx_word' id='word_1_920' title='bbox 2232 5223 2260 5262; x_wconf 71' lang='grc' dir='ltr'><strong>ιι</strong></span> <span class='ocrx_word' id='word_1_921' title='bbox 2288 5225 2347 5308; x_wconf 74' lang='lat' dir='ltr'><strong>ln</strong></span> <span class='ocrx_word' id='word_1_922' title='bbox 2373 5240 2500 5279; x_wconf 90' lang='lat' dir='ltr'><strong>mss.</strong></span> <span class='ocrx_word' id='word_1_923' title='bbox 2526 5223 2583 5279; x_wconf 88' lang='lat' dir='ltr'><strong>S.</strong></span> <span class='ocrx_word' id='word_1_924' title='bbox 2616 5224 2757 5279; x_wconf 85' lang='lat' dir='ltr'><strong>Petri</strong></span> <span class='ocrx_word' id='word_1_925' title='bbox 2786 5233 2841 5278; x_wconf 90' lang='lat' dir='ltr'><strong>et</strong></span> <span class='ocrx_word' id='word_1_926' title='bbox 2866 5223 3013 5290; x_wconf 91' lang='lat' dir='ltr'><strong>Vat.,</strong></span> <span class='ocrx_word' id='word_1_927' title='bbox 3039 5224 3101 5278; x_wconf 81' lang='lat' dir='ltr'><strong>At</strong></span> <span class='ocrx_word' id='word_1_928' title='bbox 3117 5225 3162 5279; x_wconf 83' lang='lat' dir='ltr'><strong>si</strong></span> <span class='ocrx_word' id='word_1_929' title='bbox 3182 5240 3202 5292; x_wconf 87' lang='lat'><strong><em>;</em></strong></span> <span class='ocrx_word' id='word_1_930' title='bbox 3225 5224 3277 5279; x_wconf 90' lang='lat' dir='ltr'><strong>in</strong></span> <span class='ocrx_word' id='word_1_931' title='bbox 3300 5221 3471 5292; x_wconf 88' lang='lat' dir='ltr'><strong>prima</strong></span> <span class='ocrx_word' id='word_1_932' title='bbox 3492 5221 3761 5292; x_wconf 86' lang='lat' dir='ltr'><strong>editione,</strong></span> 
     </span>
     <span class='ocr_line' id='line_1_119' title="bbox 2207 5311 2321 5349; baseline 0.009 -1"><span class='ocrx_word' id='word_1_933' title='bbox 2207 5311 2233 5348; x_wconf 88' lang='lat' dir='ltr'><strong>c</strong></span> <span class='ocrx_word' id='word_1_934' title='bbox 2255 5313 2321 5349; x_wconf 74' lang='lat' dir='ltr'><strong>at.</strong></span> 
     </span>
    </p>
   </div>
   <div class='ocr_carea' id='block_1_118' title="bbox 2207 5311 2321 5349">
    <p class='ocr_par' dir='ltr' id='par_1_118' title="bbox 2207 5311 2321 5349">
     <span class='ocr_line' id='line_1_120' title="bbox 2207 5311 2321 5349; baseline 0.009 -1"><span class='ocrx_word' id='word_1_935' title='bbox 2207 5311 2321 5349; x_wconf 68' lang='lat'><strong>€81.</strong></span> 
     </span>
    </p>
   </div>
   <div class='ocr_carea' id='block_1_119' title="bbox 2241 5365 3766 5433">
    <p class='ocr_par' dir='ltr' id='par_1_119' title="bbox 2241 5365 3766 5433">
     <span class='ocr_line' id='line_1_121' title="bbox 2241 5365 3766 5433; baseline -0.001 -11"><span class='ocrx_word' id='word_1_936' title='bbox 2241 5369 2257 5405; x_wconf 73' lang='grc' dir='ltr'>ί</span> <span class='ocrx_word' id='word_1_937' title='bbox 2287 5366 2343 5422; x_wconf 86' lang='lat' dir='ltr'><strong>In</strong></span> <span class='ocrx_word' id='word_1_938' title='bbox 2375 5367 2498 5423; x_wconf 88' lang='lat' dir='ltr'><strong>cod.</strong></span> <span class='ocrx_word' id='word_1_939' title='bbox 2529 5366 2587 5422; x_wconf 91' lang='lat' dir='ltr'><strong>S.</strong></span> <span class='ocrx_word' id='word_1_940' title='bbox 2623 5365 2791 5433; x_wconf 89' lang='lat' dir='ltr'><strong>Petri,</strong></span> <span class='ocrx_word' id='word_1_941' title='bbox 2815 5374 2888 5420; x_wconf 88' lang='lat' dir='ltr'><strong>est</strong></span> <span class='ocrx_word' id='word_1_942' title='bbox 2910 5365 3113 5422; x_wconf 81' lang='lat' dir='ltr'><strong>veniens</strong></span> <span class='ocrx_word' id='word_1_943' title='bbox 3145 5402 3163 5420; x_wconf 91' lang='lat'><strong>.</strong></span> <span class='ocrx_word' id='word_1_944' title='bbox 3190 5406 3206 5421; x_wconf 93' lang='lat'><strong>.</strong></span> <span class='ocrx_word' id='word_1_945' title='bbox 3242 5407 3257 5422; x_wconf 93' lang='lat'><strong>.</strong></span> <span class='ocrx_word' id='word_1_946' title='bbox 3290 5405 3306 5420; x_wconf 96' lang='lat'><strong>.</strong></span> <span class='ocrx_word' id='word_1_947' title='bbox 3337 5381 3455 5433; x_wconf 64' lang='lat' dir='ltr'><strong>qua</strong></span> <span class='ocrx_word' id='word_1_948' title='bbox 3473 5382 3587 5420; x_wconf 85' lang='lat' dir='ltr'><strong>cum</strong></span> <span class='ocrx_word' id='word_1_949' title='bbox 3611 5380 3766 5421; x_wconf 85' lang='lat' dir='ltr'><strong>ama-</strong></span> 
     </span>
    </p>
   </div>
   <div class='ocr_carea' id='block_1_120' title="bbox 2161 5441 2376 5493">
    <p class='ocr_par' dir='ltr' id='par_1_120' title="bbox 2161 5441 2376 5493">
     <span class='ocr_line' id='line_1_122' title="bbox 2161 5441 2376 5493; baseline -0.005 -1"><span class='ocrx_word' id='word_1_950' title='bbox 2161 5441 2376 5493; x_wconf 78' lang='lat' dir='ltr'><strong>toribus.</strong></span> 
     </span>
    </p>
   </div>
   <div class='ocr_carea' id='block_1_121' title="bbox 2238 5507 3761 5580">
    <p class='ocr_par' dir='ltr' id='par_1_121' title="bbox 2238 5507 3761 5580">
     <span class='ocr_line' id='line_1_123' title="bbox 2238 5507 3761 5580; baseline 0.003 -20"><span class='ocrx_word' id='word_1_951' title='bbox 2238 5521 2252 5560; x_wconf 86' lang='lat' dir='ltr'><strong>l</strong></span> <span class='ocrx_word' id='word_1_952' title='bbox 2292 5510 2607 5565; x_wconf 78' lang='lat' dir='ltr'><strong>Addidimus</strong></span> <span class='ocrx_word' id='word_1_953' title='bbox 2634 5520 2683 5563; x_wconf 87' lang='lat' dir='ltr'><strong>ct</strong></span> <span class='ocrx_word' id='word_1_954' title='bbox 2712 5523 2779 5564; x_wconf 79' lang='lat' dir='ltr'><strong>ex</strong></span> <span class='ocrx_word' id='word_1_955' title='bbox 2810 5509 3012 5565; x_wconf 89' lang='lat' dir='ltr'><strong>nostris</strong></span> <span class='ocrx_word' id='word_1_956' title='bbox 3034 5507 3194 5565; x_wconf 89' lang='lat' dir='ltr'><strong>codd.</strong></span> <span class='ocrx_word' id='word_1_957' title='bbox 3227 5508 3284 5566; x_wconf 85' lang='lat' dir='ltr'><strong>In</strong></span> <span class='ocrx_word' id='word_1_958' title='bbox 3306 5507 3761 5580; x_wconf 83' lang='lat' dir='ltr'><strong>primaeditione,</strong></span> 
     </span>
    </p>
   </div>
   <div class='ocr_carea' id='block_1_122' title="bbox 2160 5581 2702 5636">
    <p class='ocr_par' dir='ltr' id='par_1_122' title="bbox 2160 5581 2702 5636">
     <span class='ocr_line' id='line_1_124' title="bbox 2160 5581 2702 5636; baseline -0.009 0"><span class='ocrx_word' id='word_1_959' title='bbox 2160 5581 2231 5636; x_wconf 82' lang='lat' dir='ltr'><strong>ibi</strong></span> <span class='ocrx_word' id='word_1_960' title='bbox 2261 5592 2334 5636; x_wconf 87' lang='lat' dir='ltr'><strong>est</strong></span> <span class='ocrx_word' id='word_1_961' title='bbox 2354 5591 2401 5636; x_wconf 92' lang='lat' dir='ltr'><strong>et</strong></span> <span class='ocrx_word' id='word_1_962' title='bbox 2424 5598 2513 5636; x_wconf 89' lang='lat' dir='ltr'><strong>cor</strong></span> <span class='ocrx_word' id='word_1_963' title='bbox 2541 5595 2702 5636; x_wconf 86' lang='lat' dir='ltr'><strong>tuum.</strong></span> 
     </span>
    </p>
   </div>
   <div class='ocr_carea' id='block_1_123' title="bbox 2230 5649 3765 5725">
    <p class='ocr_par' dir='ltr' id='par_1_123' title="bbox 2230 5649 3765 5725">
     <span class='ocr_line' id='line_1_125' title="bbox 2230 5649 3765 5725; baseline -0.001 -18"><span class='ocrx_word' id='word_1_964' title='bbox 2230 5649 2257 5690; x_wconf 74' lang='grc' dir='ltr'><strong>ιε</strong></span> <span class='ocrx_word' id='word_1_965' title='bbox 2291 5655 2436 5707; x_wconf 55' lang='lat' dir='ltr'><strong>linus</strong></span> <span class='ocrx_word' id='word_1_966' title='bbox 2486 5654 2659 5708; x_wconf 81' lang='lat' dir='ltr'><strong>codex</strong></span> <span class='ocrx_word' id='word_1_967' title='bbox 2704 5652 2773 5725; x_wconf 62' lang='lat' dir='ltr'><strong>S.</strong></span> <span class='ocrx_word' id='word_1_968' title='bbox 2800 5652 2942 5707; x_wconf 91' lang='lat' dir='ltr'><strong>Petri</strong></span> <span class='ocrx_word' id='word_1_969' title='bbox 2986 5671 3001 5706; x_wconf 90' lang='lat'><strong><em>:</em></strong></span> <span class='ocrx_word' id='word_1_970' title='bbox 3037 5651 3221 5710; x_wconf 86' lang='lat' dir='ltr'><strong>Sermo</strong></span> <span class='ocrx_word' id='word_1_971' title='bbox 3259 5651 3321 5708; x_wconf 89' lang='lat' dir='ltr'><strong>S.</strong></span> <span class='ocrx_word' id='word_1_972' title='bbox 3368 5652 3554 5708; x_wconf 85' lang='lat' dir='ltr'><strong>Leonis</strong></span> <span class='ocrx_word' id='word_1_973' title='bbox 3602 5669 3765 5725; x_wconf 65' lang='lat' dir='ltr'><strong>papa</strong></span> 
     </span>
    </p>
   </div>
   <div class='ocr_carea' id='block_1_124' title="bbox 2157 5722 3362 5780">
    <p class='ocr_par' dir='ltr' id='par_1_124' title="bbox 2157 5722 3362 5780">
     <span class='ocr_line' id='line_1_126' title="bbox 2157 5722 3362 5780; baseline 0.002 -2"><span class='ocrx_word' id='word_1_974' title='bbox 2157 5736 2337 5778; x_wconf 87' lang='lat' dir='ltr'><strong>contra</strong></span> <span class='ocrx_word' id='word_1_975' title='bbox 2362 5726 2623 5778; x_wconf 79' lang='lat' dir='ltr'><strong>hwreticos</strong></span> <span class='ocrx_word' id='word_1_976' title='bbox 2651 5725 2716 5778; x_wconf 89' lang='lat' dir='ltr'><strong>de</strong></span> <span class='ocrx_word' id='word_1_977' title='bbox 2747 5722 3111 5778; x_wconf 84' lang='lat' dir='ltr'><strong>Incaruatione</strong></span> <span class='ocrx_word' id='word_1_978' title='bbox 3141 5725 3362 5780; x_wconf 79' lang='lat' dir='ltr'><strong>Domini.</strong></span> 
     </span>
    </p>
   </div>
   <div class='ocr_carea' id='block_1_125' title="bbox 2234 5794 3769 5865">
    <p class='ocr_par' dir='ltr' id='par_1_125' title="bbox 2234 5794 3769 5865">
     <span class='ocr_line' id='line_1_127' title="bbox 2234 5794 3769 5865; baseline -0.003 -14"><span class='ocrx_word' id='word_1_979' title='bbox 2234 5794 2251 5832; x_wconf 77' lang='grc' dir='ltr'><strong><em>ι</em></strong></span> <span class='ocrx_word' id='word_1_980' title='bbox 2286 5795 2377 5851; x_wconf 87' lang='lat' dir='ltr'><strong>Sic</strong></span> <span class='ocrx_word' id='word_1_981' title='bbox 2405 5812 2506 5849; x_wconf 73' lang='lat' dir='ltr'><strong>ms.</strong></span> <span class='ocrx_word' id='word_1_982' title='bbox 2536 5796 2591 5850; x_wconf 90' lang='lat' dir='ltr'><strong>S.</strong></span> <span class='ocrx_word' id='word_1_983' title='bbox 2630 5795 2793 5850; x_wconf 85' lang='lat' dir='ltr'><strong>Petri.</strong></span> <span class='ocrx_word' id='word_1_984' title='bbox 2840 5797 2951 5865; x_wconf 81' lang='lat' dir='ltr'><strong>AL,</strong></span> <span class='ocrx_word' id='word_1_985' title='bbox 2978 5794 3149 5851; x_wconf 89' lang='lat' dir='ltr'><strong>oculo.</strong></span> <span class='ocrx_word' id='word_1_986' title='bbox 3183 5794 3359 5851; x_wconf 90' lang='lat' dir='ltr'><strong>Prima</strong></span> <span class='ocrx_word' id='word_1_987' title='bbox 3392 5795 3582 5863; x_wconf 88' lang='lat' dir='ltr'><strong>editio,</strong></span> <span class='ocrx_word' id='word_1_988' title='bbox 3614 5807 3663 5851; x_wconf 83' lang='lat' dir='ltr'><strong>et</strong></span> <span class='ocrx_word' id='word_1_989' title='bbox 3691 5796 3769 5850; x_wconf 74' lang='lat' dir='ltr'><strong>it-</strong></span> 
     </span>
    </p>
   </div>
   <div class='ocr_carea' id='block_1_126' title="bbox 2153 5865 2771 5936">
    <p class='ocr_par' dir='ltr' id='par_1_126' title="bbox 2153 5865 2771 5936">
     <span class='ocr_line' id='line_1_128' title="bbox 2153 5865 2771 5936; baseline 0.002 -16"><span class='ocrx_word' id='word_1_990' title='bbox 2153 5866 2435 5923; x_wconf 85' lang='lat' dir='ltr'><strong>luminante</strong></span> <span class='ocrx_word' id='word_1_991' title='bbox 2455 5866 2577 5936; x_wconf 79' lang='lat' dir='ltr'><strong>ﬁdei</strong></span> <span class='ocrx_word' id='word_1_992' title='bbox 2602 5865 2771 5921; x_wconf 81' lang='lat' dir='ltr'><strong>oculo.</strong></span> 
     </span>
    </p>
   </div>
  </div>
