3994 6354
236 374 338 431 ﬂ?

1650 370 1885 426 SEBMU
1925 366 2141 423 XXVII.

3418 370 3527 427 218

233 500 262 531 ⁸
291 493 481 548 beatus
506 490 747 548 Joannes
776 492 966 563 plenus
993 485 1199 557 Spiritu
1225 493 1414 541 sancto
1446 486 1680 541 intonuit
1712 503 1726 539 :
1759 483 1825 540 In
1855 489 1902 547 Α
1935 493 2104 539 tostas
2130 500 2145 551 ;
2176 484 2229 540 in
2260 484 2615 555 adoptionem
2658 487 2881 545 veniunt
2926 484 3109 550 alieni,
3135 493 3189 541 et
3216 484 3271 542 in
3303 484 3527 545 haeredi.

229 588 481 660 principio
504 597 617 641 erat
665 586 908 649 Verbum,
931 596 977 642 et
1013 581 1234 641 Verbum
1255 594 1362 635 erat
1389 581 1529 654 apud
1567 580 1750 648 Deum,
1782 592 1831 635 et

226 681 365 737 Dea
390 690 503 733 erat
542 679 790 736 Verbum.
837 679 953 735 Hoc
979 680 1162 734 eratin
1190 676 1446 748 principio
1476 677 1616 746 apud
1641 674 1824 732 Deum.

226 771 412 827 Omnia
435 788 529 841 per
559 772 732 842 ipsum
765 774 907 843 facta
928 782 1067 836 sunt,
1122 780 1168 825 et
1208 773 1319 825 sine
1345 768 1461 839 ipso
1493 767 1685 837 factum
1729 775 1823 829 est,

164 859 347 945 illum
396 861 601 933 (Joan.
634 879 677 930 ι,
716 868 738 919 1
779 862 869 935 '5).
927 864 993 918 Et
1028 863 1282 917 similiter
1324 876 1519 917 verum
1560 870 1644 913 est
1681 859 1823 930 quod

174 962 187 999 ί
221 958 357 1010 idem
407 955 750 1024 pra-dicatur
788 955 1031 1025 adjecit:
1068 953 1288 1008 Verbum
1336 970 1457 1008 caro
1510 955 1702 1020 factum
1752 959 1827 1004 est

217 1060 261 1102 et
285 1050 538 1103 habitauit
564 1051 617 1103 in
642 1048 833 1113 nobis;
860 1060 909 1102 et
934 1048 1152 1102 vidimus
1188 1046 1408 1119 gloriam
1440 1048 1571 1119 ejus,
1603 1048 1823 1118 gloriam

214 1141 356 1209 quasi
406 1138 684 1213 Unigeniti
748 1158 780 1196 ιι
830 1137 1046 1195 Ραιινεδ
1091 1137 1291 1208 tibist,
1328 1137 1446 1209 M).
1502 1137 1558 1192 In
1598 1152 1822 1209 utraque

214 1249 335 1302 ergo
369 1246 577 1290 natura
623 1237 764 1291 idem
810 1246 891 1289 est
928 1234 1022 1288 Dei
1056 1232 1229 1288 Filius
1268 1244 1452 1287 nostra
1496 1233 1817 1304 suscipiens,

211 1335 262 1381 et
295 1328 527 1396 propria
578 1344 687 1383 non
736 1327 1035 1392 amittens;
1064 1325 1119 1380 in
1170 1325 1392 1379 homine
1422 1324 1696 1379 hominem
1730 1340 1815 1379 re-

211 1434 437 1482 novatis,
474 1430 499 1458 ι’
532 1420 587 1474 in
616 1433 677 1474 se
708 1417 1168 1474 incommutabilis
1194 1431 1564 1488 perseverans.
1637 1416 1818 1470 Dt-itas

206 1513 368 1575 enim,
400 1528 528 1580 qua:
560 1511 637 1566 illi
669 1526 792 1567 cum
826 1510 987 1566 Patre
1016 1511 1321 1566 communis
1352 1518 1459 1572 est,
1492 1508 1699 1563 nullum
1724 1508 1819 1562 de-

209 1602 521 1657 trimentum
573 1603 987 1671 omnipotentiae
1037 1601 1242 1664 subiit,
1296 1614 1399 1654 nec
1445 1599 1541 1654 Dei
1589 1597 1816 1653 formam

205 1695 342 1748 servi
373 1695 562 1749 forma
593 1695 836 1757 violavit,
865 1694 991 1764 quia
1030 1709 1242 1748 summa
1270 1702 1326 1747 et
1366 1692 1696 1761 sempiterna
1725 1707 1814 1746 es-

207 1789 401 1854 sentia,
434 1804 561 1857 quae
586 1804 647 1843 se
675 1789 741 1842 ad
771 1790 895 1842 bum
918 1788 987 1842 ιιιί
1011 1787 1229 1857 generis
1256 1786 1809 1851 inclinavitsalutem,

1933 586 2096 634 tatem
2142 580 2519 649 ingrediuntur
2573 578 2839 633 extranei.
2892 576 2969 631 De
3026 577 3203 647 impiis
3242 578 3407 648 ju-ti,
3457 579 3528 637 de

1931 674 2108 727 avaris
2139 674 2379 741 benigni,
2410 674 2478 728 de
2506 673 2971 729 ittcoutinentibtts
3009 675 3167 741 casti,
3201 674 3268 730 de
3297 678 3527 730 terrenis

1929 762 2194 832 incipiunt
2224 780 2347 819 esse
2374 768 2648 821 cmlestes.
2708 766 2839 832 Qum
2870 775 3047 819 autem
3101 777 3184 821 est
3218 746 3316 822 isia
3350 780 3522 819 muta.

1930 856 2026 923 tio,
2056 857 2157 910 nisi
2183 856 2424 911 dextera:
2455 857 2718 911 EXCt'lSl?
2769 858 3030 922 Quoniam
3058 860 3201 912 venit
3233 857 3399 912 Filius
3429 855 3524 911 Dei

1926 948 2227 1003 dissolvere
2253 962 2417 1015 Opera
2445 949 2650 1003 diaboli
2676 949 2715 1018 (l
2744 947 2907 1013 Joun,
2943 964 3019 1012 III,
3061 948 3139 1017 8),
3164 959 3211 1003 et
3245 950 3314 1002 ita
3345 964 3405 1003 se
3430 961 3522 1001 tto-

1922 1040 2032 1107 bis,
2066 1056 2272 1111 nosque
2300 1039 2326 1078 δ
2353 1043 2577 1096 ἰηεριιιίι
2606 1041 2732 1108 stbi,
2755 1050 2811 1095 ut
2841 1044 2928 1096 Dei
2953 1044 3017 1095 ad
3037 1046 3267 1096 humana
3296 1042 3520 1098 desceno

1922 1138 2027 1203 sio,
2060 1134 2217 1194 ﬁeret
2249 1136 2482 1190 hominis
2509 1136 2574 1190 ad
2599 1137 2781 1189 divina
2811 1125 2925 1218 pro}
2943 1138 3106 1193 ertio.

1992 1228 2120 1285 CAP.
2154 1227 2239 1285 Ill.
2273 1255 2347 1272 -—
2370 1228 2421 1281 In
2456 1231 2554 1281 bac
2580 1241 2778 1291 autem,
2810 1228 3167 1296 dilectissimi,
3202 1229 3507 1284 misericoro

1920 1316 2009 1373 dia
2028 1319 2144 1385 Dei,
2175 1320 2330 1392 cujus
2357 1335 2481 1390 ergo
2505 1334 2603 1372 nos
2628 1319 3051 1389 magnitudinem
3069 1321 3336 1387 lellical‘c
3365 1318 3381 1357 ί
3408 1338 3513 1377 non

1922 1424 2250 1479 possumus,
2310 1415 2475 1469 multa
2532 1413 2897 1469 sollicitudine
2957 1414 3371 1483 prtecavt-ndum
3432 1424 3516 1470 est

1919 1504 2242 1560 Christianis
2278 1526 2341 1561 ne
2369 1510 2652 1565 dialtolicis
2682 1509 2875 1564 itewm
2902 1509 3182 1575 capiantur
3205 1508 3431 1571 insidiis,
3459 1518 3515 1564 et

1917 1599 2120 1656 eisdem
2174 1619 2392 1667 rursus,
2436 1604 2677 1673 qttilmsi
2728 1604 3193 1663 renuntiavtrunt.
3236 1604 3513 1658 erroribus

1918 1693 2281 1763 implicentur.
2318 1697 2593 1760 Nunepitn
2624 1697 2820 1752 desinit
2853 1699 3024 1753 ltostis
3040 1697 3510 1766 antiquus,trans-

1916 1784 2152 1855 ﬁgurans
2184 1803 2241 1840 se
2263 1790 2313 1842 in
2347 1789 2596 1858 angelum
2635 1790 2767 1843 lucis
2800 1789 2867 1860 (ll
2894 1789 3011 1845 Cor.
3040 1807 3114 1856 XI,
3150 1791 3273 1863 14),
3313 1789 3511 1857 decep.

203 1892 296 1933 nos
320 1880 556 1950 quidem
588 1881 640 1934 in
694 1895 850 1935 suam
894 1879 1122 1952 gloriam
1155 1879 1465 1941 transtulit,
1524 1878 1617 1933 sed
1665 1878 1807 1949 quod
1845 1883 1885 1942 Β
1916 1880 2119 1934 tiomim
2141 1881 2570 1950 laqueosubiqne
2590 1885 2945 1950 prmtondere,
2965 1894 3082 1937 i-tut
3108 1900 3324 1953 quoquo
3347 1878 3510 1941 modo

202 1981 311 2027 erat
361 1986 493 2027 esse
526 1987 637 2028 non
684 1974 916 2029 destitit.
973 1971 1129 2029 Unde
1167 1987 1289 2028 cum
1340 1971 1666 2042 Unigenitus
1719 1972 1812 2027 Dei

200 2065 465 2120 minorem
501 2080 566 2122 se
598 2066 761 2122 Patre
802 2066 1095 2122 conﬁtetur
1127 2065 1308 2140 (Joan.
1335 2080 1446 2135 XIV,
1472 2064 1591 2136 ‘28),
1642 2066 1726 2121 cui
1755 2079 1814 2120 se

198 2156 318 2212 dicit
341 2159 624 2229 aequalem
658 2156 841 2228 (Joau.
868 2174 923 2225 ι,
953 2157 1046 2229 30)
1072 2200 1088 2224 ,
1122 2162 1410 2213 veritatem
1438 2161 1488 2211 in
1532 2174 1592 2213 se
1625 2158 1812 2211 formae

197 2251 483 2321 utriusque
512 2251 860 2307 demonstrat
888 2268 903 2305 :
934 2263 991 2305 ut
1014 2261 1069 2306 et
1099 2249 1395 2305 humanam
1422 2252 1616 2321 probet
1639 2251 1810 2321 itnpa-

197 2346 390 2411 rilitas,
424 2356 480 2400 et
501 2344 746 2400 divinam
794 2345 1037 2400 declaret
1075 2345 1377 2414 aqualitas.

256 2436 394 2492 Cn.
428 2436 495 2493 11.
528 2467 605 2478 -
634 2438 901 2507 M-tjestati
933 2436 1099 2507 igitur
1129 2435 1252 2491 Filii
1286 2436 1377 2491 Dei
1410 2450 1672 2505 corporea
1710 2451 1809 2488 na-

195 2529 374 2583 tivitas
405 2528 550 2583 nihil
581 2530 831 2593 abstulit,
862 2528 995 2584 nihil
1043 2528 1299 2592 Contulit,
1349 2528 1472 2598 quia
1509 2527 1807 2584 substantia

194 2621 670 2677 incommutabilis
696 2637 800 2677 nec
823 2623 988 2676 minui
1024 2621 1218 2689 potuit,
1252 2636 1351 2674 nec
1385 2620 1595 2685 augeri.
1650 2617 1809 2687 Quod

192 2715 331 2771 enim
388 2712 624 2769 Verbum
670 2731 792 2769 caro
834 2715 1029 2783 factum
1076 2724 1172 2777 est,
1224 2729 1333 2767 non
1386 2711 1489 2769 hoc
1516 2712 1808 2783 signiﬁcat,

192 2807 327 2879 quod
364 2808 423 2862 in
457 2823 686 2863 carnem
719 2808 788 2863 sit
828 2809 924 2862 Dei
973 2816 1164 2862 natura
1197 2815 1433 2872 mutata,
1468 2809 1563 2860 sed
1591 2805 1740 2876 quod
1777 2818 1809 2859 a

193 2899 371 2957 Verbo
395 2902 452 2955 in
478 2906 747 2957 unitatem
782 2915 1030 2971 persttnte
1053 2902 1122 2955 sit
1152 2916 1279 2955 caro
1310 2910 1559 2971 succi-pta
1592 2916 1608 2964 ;
1635 2901 1688 2955 in
1716 2915 1808 2955 cu-

190 2992 271 3065 ius
322 2994 523 3064 utique
556 2997 781 3050 nomine
831 2996 993 3049 ltomo
1033 3003 1181 3049 tottts
1210 2993 1495 3065 accipitur,
1529 3009 1651 3050 cum
1701 3009 1809 3065 quo

193 3083 333 3140 intra
372 3086 621 3156 Virginis
653 3102 861 3142 viscera
894 3101 1086 3143 Sancto
1134 3086 1343 3157 Spiritu
1400 3086 1724 3151 fecttudata.
1754 3096 1811 3143 et.

194 3191 498 3248 numquam
557 3179 867 3248 virginitate
904 3178 1165 3241 caritura,
1201 3189 1308 3234 tam
1363 3179 1805 3251 inseparabiliter

1921 1971 2077 2026 [idem
2103 1972 2437 2026 credentium
2464 1986 2792 2041 eorrutupat,
2822 1976 3043 2029 instare.
3069 1973 3226 2029 Novit
3251 1978 3334 2029 cui
3357 1975 3508 2031 adbi-

1916 2060 2039 2117 beat
2080 2074 2243 2118 mstus
2271 2064 2588 2129 cupiditatis
2615 2108 2626 2129 ,
2661 2066 2745 2119 cui
2798 2066 3080 2120 illecebras
3110 2071 3249 2135 gulae
3278 2067 3506 2136 ingerat,

1915 2158 2002 2211 cui
2050 2170 2283 2225 apponat
2311 2157 2422 2230 94
2463 2160 2813 2213 incitamenta
2850 2161 3072 2214 luxuriat
3098 2203 3113 2226 ,
3142 2163 3226 2215 cui
3262 2161 3508 2216 infundat

1915 2251 2061 2303 virus
2094 2250 2341 2315 invitlim;
2376 2252 2521 2305 ..οι-ιι
2553 2269 2709 2315 quem
2741 2268 2974 2308 uiuat-ore
3002 2256 3309 2318 c0nturltet,
3346 2270 3505 2324 quem

1913 2343 2107 2412 gaudio
2130 2345 2298 2409 fallat,
2318 2361 2475 2410 quem
2502 2356 2646 2400 metu
2665 2346 2931 2414 opprimat
2946 2390 2957 2405 .
2975 2362 3133 2417 quem
3150 2347 3506 2403 admiratione

1911 2434 2165 2500 seducal;
2207 2438 2446 2490 omnium
2500 2437 2719 2491 discutit
2769 2439 3225 2501 consuetudines,
3283 2437 3506 2494 ventilat

1910 2541 2090 2594 curas,
2126 2537 2393 2582 scrutatur
2416 2527 2443 2565 ιι
2476 2527 2729 2594 affectus;
2778 2542 2833 2584 et
2865 2529 2935 2583 ibt
2965 2544 3156 2583 causas
3193 2533 3381 2597 quarrit
3412 2544 3507 2585 no-

1910 2617 2089 2675 cettdi.
2122 2620 2208 2672 ubi
2241 2636 2436 2690 quemq
2462 2637 2508 2675 .e
2548 2622 2739 2675 viderit
2772 2620 3066 2674 studiosius
3095 2623 3367 2691 occupari.
3400 2621 3506 2676 lla-

1910 2709 2004 2765 bet
2031 2714 2230 2767 etenim
2288 2718 2485 2767 multos
2528 2730 2591 2768 ex
2651 2714 2731 2768 eis
2762 2730 2900 2785 quos
2949 2715 3186 2768 tenacius
3214 2716 3505 2786 obligavit,

1910 2813 2065 2871 aptos
2095 2806 2302 2859 artibus
2340 2804 2453 2860 suis
2478 2850 2491 2866 ,
2514 2812 2752 2876 'quorum
2785 2807 2850 2859 ad
2896 2807 3033 2860 alios
3072 2809 3423 2875 decipiendos
3451 2816 3506 2864 et

1910 2895 2140 2966 ingeniis
2165 2906 2343 2951 utatur
2370 2910 2419 2952 et
2453 2899 2671 2969 linguis.
2704 2899 2805 2953 Per
2838 2900 2970 2955 istos
2998 2900 3233 2955 remedia
3287 2903 3504 2971 :egritu-

1910 2988 2118 3052 dinum,
2153 2989 2348 3043 indicia
2378 2990 2697 3050 fututorum.
2726 2992 3057 3060 placationes
3088 2992 3416 3060 diemonum,
3449 3004 3504 3049 et

1911 3082 2259 3150 depulsiones
2287 3084 2672 3155 promittuntur
2701 3086 3035 3139 umbrarum.
3080 3084 3097 3123 ι
3128 3086 3343 3141 Addunt
3367 3102 3425 3141 se
3449 3095 3505 3142 et

1912 3176 2009 3242 illi,
2036 3178 2123 3245 qtti
2162 3188 2326 3231 totam
2372 3178 2619 3232 humana-
2650 3180 2774 3232 vitae
2801 3180 3164 3234 conditionem
3198 3180 3267 3235 de
3314 3181 3502 3235 stella-

193 3269 280 3325 Dei
305 3269 493 3326 Filius
518 3268 549 3308 δ
580 3279 668 3327 est
693 3273 895 3339 imitus,
924 3282 983 3327 ut
1008 3272 1097 3343 qui
1126 3283 1246 3328 erat
1277 3274 1711 3343 intemporaliter
1739 3274 1808 3329 de
1833 3260 1880 3324 C
1913 3286 2030 3325 rum
2066 3273 2300 3337 pendere
2325 3272 2605 3327 ellectibus
2634 3272 2994 3341 mentiuntur,
3028 3284 3083 3327 et
3117 3274 3259 3344 quod
3300 3284 3379 3329 est
3412 3282 3505 3329 aut

198 3364 441 3419 essentia
474 3363 663 3419 Patris
684 3364 922 3435 genitus,
953 3364 1072 3435 ipse
1099 3368 1168 3419 sit
1200 3366 1575 3435 temporaliter
1602 3365 1672 3419 de
1695 3376 1813 3419 ute-

194 3473 254 3514 ro
286 3457 541 3526 Virginis
600 3465 779 3513 natus.
832 3458 1007 3514 Aliter
1054 3462 1200 3515 enim
1249 3460 1318 3513 ab
1355 3469 1576 3515 aeternae
1619 3459 1811 3513 mortis

199 3550 445 3605 vinculis
489 3564 602 3604 non
646 3564 932 3620 possemus
968 3550 1203 3615 absolvi,
1238 3551 1339 3605 nisi
1371 3552 1421 3606 in
1466 3553 1664 3605 nostris
1712 3549 1809 3607 ﬁe—

196 3654 272 3698 ret
307 3642 569 3709 humilis,
616 3643 709 3713 qui
760 3644 1107 3711 omnipotens
1150 3642 1260 3714 93
1303 3652 1327 3680 ε
1353 3644 1708 3713 permanebat
1754 3644 1807 3700 iu

194 3736 323 3791 suis.
387 3735 638 3791 Nasceris
666 3736 848 3805 itaque
878 3737 1140 3790 Domitius
1170 3747 1359 3792 noster
1377 3735 1534 3792 Jesus
1562 3736 1811 3794 Christus

196 3826 361 3882 homo
392 3841 584 3892 verus,
615 3827 705 3896 qui
738 3843 1027 3896 numquam
1062 3826 1269 3882 destitit
1293 3841 1417 3882 esse
1449 3828 1591 3882 Deus
1620 3843 1804 3891 verus,

198 3935 351 3976 nova
380 3930 660 3976 creatum
688 3920 741 3974 in
764 3936 823 3975 se
851 3919 980 3975 fecit
1001 3921 1281 3977 exordium
1303 3961 1320 3988 ,
1344 3930 1402 3976 et
1430 3920 1449 3959 ί
1478 3922 1529 3976 in
1555 3931 1702 3976 ortus
1724 3921 1808 3977 sui

196 4010 365 4067 forma
398 4012 562 4067 dedit
590 4016 826 4067 humano
854 4012 1040 4083 generi
1069 4012 1315 4081 spiritale
1348 4013 1678 4082 principium
1703 4056 1718 4079 ,
1751 4021 1809 4068 ut

197 4105 258 4160 ad
285 4106 539 4160 carnalis
570 4106 937 4176 generationis
961 4105 1226 4160 abolenda
1251 4106 1524 4174 contagia,
1546 4116 1693 4160 es.~et
1721 4120 1808 4160 re-

200 4197 535 4267 generandis
590 4199 743 4268 origo
793 4197 913 4252 sine
956 4211 1163 4252 semine
1192 4197 1458 4260 criminis,
1501 4196 1569 4250 de
1612 4196 1808 4265 quibus

198 4288 398 4345 dicitur
428 4308 443 4342 :
476 4289 586 4357 Qui
610 4305 802 4344 non-ea:
825 4290 1184 4359 sanguiuibus,
1218 4305 1375 4355 neque
1406 4297 1431 4336 ε
1460 4304 1524 4343 ea:
1548 4288 1810 4342 voluntate

200 4386 394 4445 carnis,
429 4399 601 4453 neque
626 4383 967 4438 exnoluutate
992 4383 1108 4447 viri,
1161 4384 1250 4436 sed
1291 4396 1357 4435 ex
1388 4379 1495 4434 Deo
1539 4381 1648 4434 uati
1690 4390 1807 4433 sunt

200 4478 386 4549 (locu.
421 4493 461 4544 ι,
488 4476 606 4550 15).
655 4476 785 4546 Quae
812 4476 914 4532 hoc
943 4483 1343 4531 sacramentum
1375 4490 1530 4529 mens
1562 4488 1805 4544 compre-

199 4570 467 4635 beudere,
500 4588 625 4642 qua:
656 4571 797 4626 banc
839 4572 1066 4641 gratiam
1096 4569 1276 4624 valeat
1310 4569 1488 4640 lingua
1532 4567 1809 4624 narrare?

1913 3361 2106 3416 divime
2133 3362 2448 3429 voluntatis,
2475 3373 2566 3418 aut
2588 3378 2812 3430 nosme,
2836 3364 3296 3420 iudecliuabilimn
3317 3366 3505 3423 dicunt

1913 3467 2035 3507 esse
2075 3454 2329 3507 latorum.
2378 3454 2508 3520 Quae
2541 3468 2741 3520 tamen,
2789 3465 2850 3510 ut
2894 3459 3215 3511 cumulatim
3248 3464 3499 3523 noceant,

1913 3547 2179 3616 spondent
2233 3561 2392 3617 posse
2438 3550 2657 3613 mutari,
2718 3549 2761 3603 si
2812 3549 2915 3603 illis
2962 3565 3082 3619 qtue
3143 3550 3504 3607 adversantur

1912 3637 2179 3693 sideribus
2244 3640 2597 3706 supplicetur.
2651 3638 2803 3694 Unde
2853 3649 3219 3693 commentum
3280 3639 3502 3709 impium

1912 3738 1952 3767 ω
1980 3745 2074 3784 sua
2106 3730 2312 3784 ratione
2342 3730 2674 3795 dcstruitur,
2708 3732 2828 3797 quia
2870 3733 2913 3786 si
2949 3732 3200 3798 praedicta
3234 3748 3337 3785 non
3368 3745 3496 3801 per-

1913 3833 2154 3890 manent,
2181 3840 2284 3876 non
2309 3836 2427 3877 sunt
2466 3824 2568 3877 fata
2600 3825 2920 3891 metuenda;
2951 3824 2994 3878 si
3029 3833 3363 3895 permanent,
3395 3837 3502 3877 non

1912 3927 2036 3970 sunt
2068 3924 2211 3970 astra
2244 3916 2566 3969 veneranda.

1985 4006 2116 4061 Car.
2151 4008 2238 4061 IV.
2285 4037 2355 4048 --
2390 4009 2462 4063 lie
2496 4008 2692 4063 talibus
2722 4008 2979 4063 institutis
3031 4011 3193 4063 etiam
3228 4006 3312 4062 illa
3341 4022 3503 4078 gene-

1910 4110 2063 4154 ratur
2096 4100 2365 4167 impietas,
2398 4112 2455 4154 ut
2488 4103 2566 4154 sol
2600 4109 2627 4136 ιι
2660 4103 2708 4154 iit
2744 4101 3088 4156 iurhottiOne
3116 4101 3322 4155 diurnae
3370 4100 3503 4155 lucis

1910 4206 2207 4262 exsurgens
2249 4208 2278 4245 a
2336 4192 2659 4263 quibusdam
2716 4193 3188 4259 insipientioribus
3242 4194 3309 4247 de
3368 4193 3504 4246 locis

1911 4285 2361 4340 eminentioribus
2393 4286 2674 4349 adoretur;
2708 4286 2848 4353 quod
2888 4285 3125 4337 nonnulli
3156 4284 3313 4337 eti-nt
3349 4282 3503 4335 Chri-

1911 4376 2078 4433 8tiani
2106 4379 2243 4430 adeo
2273 4392 2341 4445 se,
2363 4376 2615 4445 religiose
2653 4377 2830 4432 facere
2860 4385 3066 4445 putant,
3105 4386 3157 4428 ut
3193 4378 3500 4443 [vrilhqu-lm

1912 4469 1977 4522 ad
2009 4468 2067 4521 Β.
2108 4466 2250 4521 Petri
2299 4468 2530 4536 apostoli
2561 4469 2855 4536 basilicam,
2889 4483 3005 4536 quae
3030 4468 3119 4521 uni
3150 4466 3261 4521 Dt-o
3294 4466 3418 4521 vivo
3447 4474 3502 4522 et

1909 4577 2042 4618 vero
2095 4572 2177 4616 est
2223 4562 2493 4628 dedicata,
2550 4566 2904 4632 perveniant.
2947 4562 3219 4631 superatis
3245 4576 3310 4632 gr
3343 4559 3502 4614 dibus

202 4662 353 4717 Redit
387 4664 443 4717 in
491 4663 864 4719 innocentiam
898 4663 1178 4734 iniquitas,
1222 4671 1277 4717 et
1304 4662 1358 4717 in
1391 4664 1686 4717 novitatem
1718 4677 1808 4716 ve-
1836 4654 1891 4715 D
1917 4655 2110 4728 quibus
2141 4655 2207 4708 ad
2252 4665 2561 4725 suggestum
2602 4664 2626 4690 ο
2669 4669 2809 4709 area:
2838 4652 3135 4724 superioris
3171 4651 3501 4718 ascenditur,

206 4893 241 4946 ς
276 4832 301 4857 λ
332 4820 658 4876 Addidimus
704 4820 883 4877 beatus
926 4835 995 4877 ex
1050 4819 1403 4877 Lectionariis
1443 4819 1503 4875 S.
1561 4820 1705 4877 Petri
1753 4827 1808 4875 et

250 4908 403 4945 eron.

250 4908 403 4945 CTDII.

277 4962 301 5001 δ
327 4964 506 5018 Prima
558 4961 727 5018 editio
767 4961 936 5024 addit,
984 4962 1207 5033 plemth
1248 4963 1431 5033 gratim
1458 4971 1508 5016 et
1554 4962 1803 5033 veritatis.

202 5033 358 5097 Dein,
392 5034 458 5087 lu
487 5043 710 5103 utraque
730 5037 862 5087 enim
894 5047 1079 5087 natura
1106 5033 1157 5088 iit
1181 5032 1393 5087 duobus
1421 5048 1550 5087 mss.
1577 5032 1635 5087 S.
1660 5032 1803 5089 Petri

200 5112 255 5159 et
291 5108 409 5160 Vat.
444 5121 508 5159 ac
542 5105 707 5169 prima
739 5105 1000 5159 editione.

276 5188 296 5216 ε
329 5178 508 5231 Codd.
542 5178 598 5231 S.
634 5175 800 5239 Petri,
830 5177 941 5247 ipse
962 5174 1415 5247 incommutabilis.
1480 5174 1672 5229 Postea
1699 5190 1803 5228 non

206 5249 374 5313 desiit,
408 5263 510 5316 pro
536 5264 637 5301 non
664 5246 879 5308 destitit,
912 5251 963 5300 in
998 5262 1099 5301 ms.
1139 5246 1459 5301 Veronensi.

271 5318 295 5356 δ
320 5312 422 5375 Sic
461 5334 530 5374 ex
561 5319 758 5372 nostris
784 5316 1067 5374 codicibus
1095 5326 1153 5373 et
1181 5318 1349 5385 priuta
1376 5317 1638 5373 editione.
1687 5312 1806 5371 Ca:-

204 5392 301 5446 teri
333 5393 491 5454 editi,
526 5391 718 5442 uuitur.

275 5471 298 5498 σ
330 5463 449 5515 Duo
495 5462 654 5513 todtl.
687 5460 748 5515 S.
795 5458 939 5515 Petri
970 5458 1210 5521 addunt,
1257 5466 1305 5513 et
1349 5458 1603 5521 sublimis,
1641 5456 1808 5511 Paulo

207 5542 347 5595 ante,
378 5550 483 5586 non
505 5545 818 5602 poteramus,
851 5547 949 5601 pro
981 5547 1082 5585 non
1110 5545 1397 5601 possemus,
1425 5531 1479 5585 in
1510 5544 1612 5585 ms.
1639 5527 1808 5585 Vero-

210 5617 357 5660 neost
368 5645 381 5656 .

280 5673 300 5713 ί
332 5673 652 5742 Ρττιιροείιὶο
680 5675 737 5727 in
764 5673 915 5728 abest
944 5687 973 5727 a
997 5672 1163 5740 prima
1192 5672 1450 5728 editione.

278 5756 303 5794 ι
330 5746 428 5801 Ms.
459 5741 517 5803 S.
549 5743 719 5812 Petri,
742 5762 806 5800 ea:
830 5746 1117 5816 voluptate,
1151 5744 1226 5798 uti
1259 5745 1424 5799 etiam
1459 5742 1513 5798 in
1540 5741 1806 5814 superiori

212 5830 480 5881 Iunone,
509 5831 631 5887 cap.
661 5821 715 5873 ὅ.

282 5888 306 5927 ⁵
334 5888 471 5946 Cod.
504 5886 642 5944 Bon.
674 5898 731 5946 et
758 5887 928 5961 prima
956 5887 1142 5955 editio,
1174 5886 1373 5942 inserit.

1891 4796 1908 4813 ’
1992 4812 2009 4851 ί
2045 4812 2121 4866 Ita
2153 4826 2217 4866 ex
2248 4828 2376 4868 mss.
2406 4813 2463 4869 S.
2497 4811 2639 4867 Petri
2672 4821 2724 4866 et
2752 4812 2951 4867 Veron.
2987 4812 3094 4876 AL,
3124 4828 3224 4866 non
3254 4813 3480 4866 valemus

1990 4884 2004 4935 l
2044 4886 2134 4938 Sic
2156 4899 2219 4937 ex
2246 4900 2347 4938 ms.
2368 4884 2565 4940 Veron.
2594 4895 2646 4939 et
2669 4885 2879 4939 duobus
2905 4883 3026 4937 Vat.
3052 4883 3503 4945 Al.,remmtiat~e-

1911 4966 2049 5010 rant.

1984 5026 2011 5064 ¹ί
2042 5027 2173 5082 Mss.
2203 5024 2262 5081 S.
2294 5025 2459 5090 Petri,
2486 5026 2716 5092 Bonon.,
2748 5040 2810 5080 ac
2842 5025 3008 5094 prima
3038 5024 3224 5085 editio,
3249 5025 3477 5094 e/I‘ectns.

1990 5096 2008 5135 1
2048 5098 2187 5151 Editi
2213 5105 2338 5151 ante
2359 5096 2730 5164 Quesuelluin,
2758 5109 2811 5151 et
2840 5097 3000 5166 aliqui
3024 5096 3209 5158 cttdd.,
3235 5098 3505 5150 Addunmr

1912 5169 2079 5223 etilli.
2118 5170 2560 5223 Emendattont'm
2590 5169 2915 5221 conﬁrmant
2952 5183 3085 5223 mss.
3119 5170 3177 5221 S.
3212 5167 3379 5228 Petri,
3409 5168 3505 5219 γε,

1914 5255 2033 5297 ron.
2080 5252 2131 5293 et
2173 5242 2355 5294 Casio.
2391 5238 2554 5293 Paulo
2596 5249 2721 5310 post
2757 5238 3019 5307 e/I'ectibus
3049 5240 3380 5294 restituitntts
3433 5252 3503 5290 ιιι

1913 5312 2075 5366 editis
2115 5322 2240 5365 ante
2288 5310 2490 5377 Quem.
2536 5322 2584 5364 et
2620 5312 2931 5365 melioribus
2963 5314 3157 5364 noswis
3210 5310 3501 5377 codicibus.

1912 5384 2235 5450 Quesnelltts
2284 5376 2402 5436 cum
2451 5395 2559 5435 mss
2628 5384 2841 5437 collect.
2900 5382 2965 5446 5,
3016 5380 3314 5448 n/fectlbus;
3369 5389 3419 5431 et
3453 5376 3503 5434 iu

1913 5457 2153 5520 margine
2188 5472 2201 5506 :
2230 5453 2338 5518 AL,
2371 5451 2653 5517 effectibus.

1984 5535 2022 5599 fl
2051 5526 2156 5599 ᾼΙ..
2188 5524 2302 5599 hac.
2340 5526 2641 5599 QUESNELL.
2682 5522 2734 5576 in
2768 5527 3029 5591 margine.
3271 5587 3303 5599 Α
3362 5587 3400 5599 ﬁ
3490 5587 3501 5599 .

1985 5596 2015 5624 '
2053 5587 2494 5663 l’ratpositiouetu
2529 5598 2579 5648 in
2618 5587 2953 5664 reposuimus
2994 5609 3061 5647 ex
3101 5606 3230 5645 mss.
3270 5587 3329 5643 S.
3362 5587 3503 5647 Petri

1909 5676 1965 5722 et
1996 5666 2165 5721 tribus
2202 5667 2319 5721 Vat.
2349 5683 2410 5721 ac
2442 5667 2609 5733 prima
2645 5666 2899 5720 editione.

1984 5748 2008 5774 ο
2034 5738 2356 5802 Qttesuellus
2391 5731 2450 5792 in.
2485 5740 2717 5791 secunda
2745 5738 2980 5789 editione
3033 5734 3170 5787 hanc
3197 5731 3501 5785 annomtio-

1910 5825 2035 5866 nem
2065 5810 2299 5879 subjecit
2332 5827 2345 5861 τ
2377 5828 2396 5861 ι
2422 5810 2592 5884 Antea
2615 5808 2890 5884 legebatur
2916 5803 3226 5884 ara',_etiam
3254 5811 3303 5857 in
3323 5805 3505 5884 prima

1909 5897 2093 5938 nostra
2149 5875 2406 5938 editione.
2465 5875 2720 5935 Errorein
2780 5881 2985 5944 primus
3027 5875 3376 5947 deprehendit
3428 5875 3509 5929 vi!
