3994 6354
474 333 619 397 ξω

1660 325 1718 381 S.
1756 318 2005 379 LEONIS
2041 316 2252 375 MAGNI
2291 315 2675 375 SERMONES.

3674 321 3781 376 920

507 463 776 510 converso
828 460 1059 518 corpora
1087 455 1113 486 ιι
1152 444 1221 500 ad
1259 448 1567 500 nascentem
1611 453 1671 495 se
1718 438 1888 494 solem
1936 435 2094 492 rene-
2118 442 2170 503 Α
2197 441 2279 490 est
2308 433 2412 501 sol,
2439 432 2521 488 vel
2564 430 2694 503 quid
2742 439 2826 487 est
2853 431 3009 499 lana,
3053 432 3159 489 nisi
3183 442 3205 471 ο
3246 431 3477 489 visibilis
3513 442 3783 508 creatur;
3839 495 3847 500 ,

474 580 477 583 ‹
507 552 677 613 stant,
700 550 755 599 et
780 540 1015 598 curvatis
1036 536 1359 598 cervicibus,
1376 534 1435 588 in
1457 533 1718 587 honorem
1742 545 1801 585 se
1827 528 2094 598 splendidi

474 692 477 693 ν
507 633 660 692 orbis
683 633 962 687 inclinarunt.
983 630 1092 701 95
1121 627 1271 695 Quod
1307 625 1419 681 fieri
1453 625 1643 692 partim
1676 623 1988 693 ignorantiae
2016 621 2095 674 vi-

507 725 622 791 tio,
674 725 865 793 partim
907 720 1225 791 paganitatis
1253 718 1481 786 spiritu,
1515 716 1739 770 multum
1772 713 2094 767 tabescimus

506 825 565 875 et
592 818 834 873 dolemus
873 833 885 868 :
930 815 1053 880 quia
1097 814 1197 868 etsi
1236 812 1448 881 quidam
1484 810 1619 865 forte
1658 810 1966 864 Creatorem
1999 823 2094 878 po-

508 911 615 968 tius
642 909 852 981 pulchri
901 906 1118 963 lumiuis
1150 922 1310 977 quam
1363 906 1537 975 ipsum
1571 905 1785 970 lumen,
1840 901 1981 971 quod
2011 908 2096 956 est

506 1014 771 1067 uacatura,
816 1010 1166 1065 venerantur,
1221 998 1599 1054 abstinendum
1632 1006 1811 1050 tamen
1857 1004 1941 1049 est
1968 993 1995 1031 δ
2022 994 2090 1049 ab

505 1093 620 1164 ipsa
650 1095 831 1163 specie
860 1092 1017 1163 hujus
1048 1091 1234 1156 ol‘licii,
1267 1106 1428 1161 quam
1460 1105 1579 1145 cum
1609 1089 1663 1143 in
1694 1086 1893 1143 nostris
1944 1087 2090 1141 inve-

509 1185 606 1253 nit,
632 1184 722 1255 qui
764 1185 987 1240 deorum
1028 1184 1229 1237 cultum
1263 1181 1503 1249 reliquit,
1534 1197 1710 1235 nonne
1743 1181 1880 1234 hanc
1908 1192 2089 1233 secum

506 1285 712 1349 partem
758 1278 1033 1345 Opinionis
1070 1284 1295 1329 vetusta:
1341 1284 1615 1343 tamquam
1656 1271 1984 1341 probabilem
2007 1286 2092 1325 re-

508 1370 752 1435 tentabit,
783 1385 943 1440 quam
961 1368 1280 1425 Christianis
1304 1376 1358 1421 et
1386 1366 1561 1435 impiis
1590 1363 1783 1421 viderit
1802 1379 1923 1420 esse
1942 1378 2088 1419 com-

512 1462 765 1517 munem?

572 1551 701 1609 Cu.
726 1550 1174 1621 V.-—Abjiciatur
1202 1565 1330 1620 ergo
1356 1564 1385 1603 a
1416 1548 1805 1604 consuetudine
1851 1548 2084 1605 ﬁdelium

501 1642 800 1699 damnanda
846 1643 1205 1713 perversitas,
1236 1658 1333 1697 nec
1374 1643 1546 1696 honor
1578 1642 1668 1695 uni
1709 1642 1818 1697 Deo
1846 1642 2083 1709 debitus,

488 1750 688 1801 eorum
727 1735 919 1790 ritibus
950 1736 1039 1805 qui
1087 1735 1348 1789 creaturis
1399 1733 1734 1798 deserviunt,
1768 1737 2078 1788 misceatur.

2198 536 2251 580 et
2273 538 2549 593 corporeae
2580 524 2711 578 lucis
2752 523 3056 579 elementa?
3082 534 3309 594 quorum
3351 538 3513 578 unum
3553 533 3636 579 est
3667 539 3781 579 ma-

2191 618 2325 686 joris
2354 615 2634 684 claritatis,
2677 623 2733 670 et
2760 615 2902 669 aliud
2955 612 3178 671 minoris
3226 625 3311 671 est
3340 615 3577 670 luminis.
3626 608 3784 674 Sicut

2194 728 2335 768 enim
2381 713 2485 767 alia
2533 710 2745 775 diurna,
2792 711 2891 763 alia
2924 722 3182 765 nocturna
3239 724 3358 764 sunt
3394 720 3656 777 tempora.
3707 712 3780 766 ita

2195 802 2221 841 ά
2247 804 2512 859 diversam
2545 804 2595 857 in
2620 802 2975 858 luminaribus
3006 804 3318 869 qualitatem
3366 796 3593 857 Creator
3622 802 3781 857 insti-

2196 898 2313 961 tuit,
2349 911 2471 949 cum
2504 907 2680 950 tamen
2715 893 3027 965 priusquam
3056 894 3168 947 haec
3199 884 3421 960 iit-rent,
3450 888 3640 949 etdies
3660 894 3780 949 sine

2193 990 2326 1046 solis
2354 988 2551 1053 allii-io,
2584 998 2638 1043 et
2668 1002 2853 1042 noctes
2881 989 2995 1043 sine
3026 988 3163 1042 lunzc
3196 980 3495 1042 ministerio
3540 1002 3776 1058 praeces-
3828 976 3831 987 ’

2192 1087 2411 1142 sissent.
2443 1084 2549 1141 Sed
2585 1095 2608 1123 ⁶
2642 1084 3011 1140 candebantur
3038 1085 3137 1138 ista
3165 1082 3231 1137 ad
3264 1081 3495 1138 faciendi
3543 1080 3780 1138 hominis

2192 1180 2499 1246 utilitatem,
2559 1188 2615 1233 ut
2658 1176 2921 1233 ratioiiale
2967 1176 3165 1232 animal
3214 1190 3311 1230 nec
3336 1174 3390 1229 in
3430 1172 3779 1230 distinctione

2194 1276 2481 1337 mensium,
2513 1288 2614 1328 nec
2644 1272 2697 1327 in
2731 1287 2951 1328 recursu
2981 1285 3272 1337 annorum,
3306 1284 3406 1325 nec
3436 1269 3488 1324 in
3530 1268 3777 1325 dinume.

2190 1367 2845 1439 ratione96temporum
2870 1365 3182 1420 falleretur:
3216 1378 3335 1418 cum
3361 1378 3458 1434 per
3490 1360 3509 1400 ί
3540 1360 3779 1431 inaequa-

2190 1460 2318 1517 lium
2351 1463 2602 1514 horarum
2626 1462 2861 1527 impares
2884 1472 3083 1524 moras,
3108 1466 3165 1513 et
3190 1457 3530 1513 dissimilium
3559 1467 3775 1512 artuum

2187 1554 2340 1624 signa
2369 1551 2672 1616 manifesta,
2702 1559 2759 1607 et
2782 1566 2954 1605 annos
2982 1550 3063 1606 sol
3089 1549 3457 1615 concluderet,
3486 1558 3778 1604 etmcnses

2189 1649 2311 1704 luna
2342 1657 2368 1695 κ
2422 1655 2727 1702 renovaret.
2758 1646 2961 1713 Quarto
3015 1658 3268 1717 namque,
3297 1653 3353 1697 ut
3384 1644 3630 1713 legimus,
3659 1640 3771 1710 die,

2187 1740 2323 1795 dixit
2359 1740 2503 1796 Deus
2534 1755 2549 1793 :
2581 1738 2740 1793 Fiant
2787 1738 3065 1793 luminaria
3102 1734 3155 1791 in
3186 1737 3506 1807 ﬁrmamento
3547 1734 3690 1799 caeli,
3726 1741 3774 1788 et

501 1828 639 1885 Dicit
676 1830 818 1885 enim
852 1829 1123 1899 Scriptura
1159 1828 1337 1883 divina
1374 1847 1385 1882 :
1423 1827 1695 1881 Dominum
1739 1827 1899 1881 Deum
1936 1838 2081 1883 tuum
2118 1840 2156 1897 Β
2186 1834 2388 1889 luceant
2408 1848 2560 1901 super
2585 1840 2791 1897 terram,
2814 1838 2861 1883 et
2886 1829 3116 1884 dividant
3147 1828 3279 1881 inter
3302 1827 3435 1880 diem
3460 1834 3506 1880 et
3536 1833 3733 1879 noctem
3754 1863 3771 1890 ,

499 1920 761 1987 adorabis,
792 1932 838 1976 et
874 1921 951 1974 illi
981 1922 1079 1975 soli
1101 1922 1283 1975 servies
1317 1918 1530 1992 (Matth.
1560 1936 1629 1985 tv,
1660 1919 1767 1990 10).
1800 1920 1864 1974 Ει
1894 1920 2079 1974 beatus

499 2012 618 2082 Job,
650 2014 802 2069 homo
830 2015 940 2067 sine
968 2014 1195 2084 querela,
1226 2022 1283 2065 ut
1313 2014 1389 2065 ait
1424 2015 1699 2078 Dominus,
1734 2022 1778 2065 et
1822 2013 2081 2068 continens

497 2123 551 2161 se
576 2107 637 2161 ab
664 2107 802 2160 omni
823 2123 878 2161 re
904 2109 1039 2160 mala
1070 2106 1211 2174 (Job.
1243 2121 1281 2169 ι,
1307 2104 1396 2175 8),
1434 2105 1699 2174 Numquid
1722 2105 1824 2158 vidi
1848 2150 1861 2172 ,
1889 2104 2079 2175 inquit,

496 2199 653 2252 solem
666 2214 780 2250 cum
810 2198 1049 2269 fulgeret,
1082 2206 1126 2250 et
1145 2198 1315 2251 lunam
1339 2196 1653 2249 incedentem
1669 2197 1825 2263 clare,
1854 2207 1901 2251 et
1932 2198 2080 2251 ltela-

497 2296 604 2340 tum
629 2298 699 2342 est
724 2304 809 2341 cor
832 2304 997 2341 meum
1019 2288 1073 2340 in
1101 2287 1396 2341 abscondito
1417 2328 1429 2349 .
1462 2298 1508 2341 et
1540 2288 1797 2341 osculatus
1833 2304 1943 2340 sum
1966 2304 2079 2342 ma-

496 2392 619 2431 num
654 2394 818 2432 meam
850 2394 869 2433 :
892 2395 1005 2447 qua:
1026 2387 1095 2433 est
1123 2379 1363 2449 iniquitas
1394 2380 1634 2440 maxima.
1661 2389 1707 2433 et
1733 2381 1931 2449 negatio
1960 2396 2085 2434 con-

497 2478 576 2523 tra
608 2467 768 2524 Deum
794 2470 1101 2524 altissimum
1133 2467 1276 2539 (Job.
1308 2485 1458 2536 xui,
1489 2467 1875 2540 ‘26—‘28)?Quid
1899 2481 2077 2529 autem

494 2716 829 2774 clarissimus
874 2717 1109 2773 Joannes
1135 2716 1445 2786 Ciampinns
1496 2716 1788 2783 Romanus,
1824 2718 2078 2787 magister

500 2790 753 2845 Brevium
784 2790 989 2860 gratim,
1021 2805 1082 2842 ac
1113 2788 1167 2842 in
1189 2802 1412 2856 utraque
1441 2788 1741 2860 _signatura
1774 2787 2083 2843 referenda-

494 2861 632 2921 rius.
664 2858 951 2930 veramque
999 2860 1282 2930 lectionem
1334 2858 1622 2913 vindicavit
1664 2859 1865 2930 scripto
1895 2860 2081 2917 Boium

499 2946 721 2997 excitso,
748 2926 886 2984 anno
917 2931 1073 2996 1695,
1108 2933 1205 2983 sub
1229 2928 1325 2983 hac
1351 2930 1638 2999 epigraphe
1666 2948 1676 2981 :
1707 2926 1781 2982 De
1812 2931 1944 2999 uocis
1968 2948 2083 2985 cor-

500 3003 720 3055 rectione
752 3003 806 3055 in
848 3018 1075 3056 sermone
1102 3003 1131 3052 7
1181 3000 1241 3055 S.
1284 2996 1465 3053 Leonis
1510 2996 1687 3070 Magni
1716 3000 1779 3053 de
1805 2998 2081 3056 Nutivitate

502 3073 729 3139 liomini,
776 3082 879 3127 etc.
926 3071 1189 3126 Litterqu
1229 3074 1630 3135 munusculum,
1671 3082 1776 3125 etc.
1826 3073 1961 3126 Nihil
2010 3084 2080 3128 ex

2187 1934 2234 1980 et
2256 1924 2355 1978 sint
2376 1925 2431 1979 in
2447 1926 2615 1995 signa,
2646 1932 2693 1976 et
2719 1933 2969 1992 tempora,
2998 1929 3043 1975 et
3065 1912 3197 1984 dies,
3228 1928 3273 1973 et
3300 1933 3490 1984 annos,
3518 1926 3565 1970 et
3585 1914 3687 1972 sint
3718 1917 3771 1972 in

2188 2018 2509 2086 ﬁrmamento
2557 2016 2689 2079 cali,
2728 2026 2781 2068 ut
2822 2014 3023 2069 luceant
3075 2028 3229 2083 super
3270 2020 3458 2066 terram
3513 1996 3662 2081 (Gen.
3720 2022 3775 2077 t,

2192 2109 2279 2171 ιι,
2315 2109 2425 2176 is).
3160 2180 3163 2183 λ

2258 2201 2386 2258 Cn.
2421 2200 2505 2256 Vl.
2537 2230 2609 2242 —-
2636 2198 3056 2268 Expergiscere,
3090 2212 3121 2252 ι)
3152 2196 3344 2261 homo,
3375 2202 3431 2250 et
3460 2192 3772 2262 dignitatem

2186 2302 2293 2349 tute
2319 2308 2584 2363 cognosce
2613 2300 2836 2346 naturas.
2862 2290 3163 2346 Recordare
3192 2300 3241 2343 te
3270 2287 3468 2344 factum
3489 2286 3553 2340 ad
3586 2285 3774 2356 imagi-

2187 2402 2308 2442 nem
2337 2386 2433 2442 Dei
2460 2382 2610 2458 (Gen.
2636 2400 2675 2448 t.
2699 2383 2826 2453 26);
2854 2383 3113 2453 quie,etsi
3144 2384 3196 2439 in
3218 2381 3386 2437 Adam
3416 2388 3691 2448 corrupta,
3720 2380 3770 2432 in

2184 2477 2401 2535 Christo
2418 2490 2599 2536 tamen
2617 2486 2700 2533 est
2718 2475 3204 2533 reformata.Utere
3218 2474 3489 2548 quomodo
3514 2473 3775 2530 utendum

2185 2732 2289 2776 non
2321 2726 2436 2777 erat
2464 2729 2523 2776 ut
2544 2721 2634 2790 qui
2665 2720 2752 2775 illa
2768 2718 3039 2788 subibant,
3064 2716 3131 2775 ad
3160 2718 3423 2776 orientem
3457 2720 3625 2776 solem
3650 2728 3775 2777 cor.

2187 2798 2284 2862 [ius
2317 2794 2676 2847 reﬂecterent.
2701 2790 2832 2846 Cum
2862 2798 3038 2846 autem
3083 2792 3297 2847 basilica
3332 2790 3389 2848 Θ.
3432 2790 3607 2857 Petri,
3634 2796 3779 2851 sicut

2185 2874 2241 2918 et
2268 2864 2385 2918 alia:
2407 2865 2652 2934 quaedam
2694 2865 2924 2932 antiquae.
2950 2863 3105 2919 Urbis
3137 2864 3399 2934 basilicas,
3431 2864 3597 2919 solem
3628 2866 3769 2919 occi-

2186 2935 2401 2990 dentem
2427 2932 2500 2989 ab
2546 2935 2764 2988 introitu
2824 2936 3137 3003 respiceret,
3184 2932 3307 2989 hinc
3338 2935 3650 3000 Christiani,
3678 2939 3771 3003 qui

2189 3005 2448 3059 orientem
2499 3016 2684 3059 versus
2728 3020 2881 3059 orare
2929 3004 3067 3059 soliti
3101 3010 3273 3071 erant,
3302 3020 3369 3059 ne
3399 3005 3612 3070 antiqua
3641 3022 3773 3060 con-

2189 3079 2421 3131 suetudo
2449 3086 2478 3130 a
2511 3077 2751 3144 patribus
2780 3084 3000 3144 accepta
3026 3086 3186 3145 atque
3222 3078 3275 3131 lu
3306 3078 3423 3145 ipso
3452 3075 3774 3142 bttntlunate

498 3134 794 3216 doctissimi
833 3143 931 3198 viri
964 3144 1343 3199 dis~ertatione
1387 3144 1487 3197 hoc
1530 3134 1659 3216 loco
1694 3146 2036 3216 excerpimus
2062 3182 2077 3211 ,
2107 3134 2152 3193 C
2187 3160 2442 3216 usurpata
2477 3134 2687 3211 penitus
2713 3134 3131 3210 oblitteraretur,
3164 3150 3303 3201 hunc
3329 3134 3499 3202 'ritutn
3526 3134 3775 3205 retinue-

501 3215 625 3283 quia
664 3219 923 3281 integram
949 3229 1066 3268 eam
1099 3223 1551 3281 reprwsentamus
1597 3213 1661 3267 ad
1718 3215 1919 3269 calcem
1952 3215 2080 3271 isto-

502 3300 617 3339 rum
649 3298 976 3339 sermonum.
1024 3284 1133 3338 HOC
1180 3300 1341 3338 unum
1375 3299 1585 3347 moneo,
1628 3297 1927 3339 correctum
1960 3302 2081 3340 esse

503 3355 644 3410 hunc
668 3355 841 3409 locum
872 3363 1187 3409 auctoritate
1217 3355 1419 3409 codicis
1450 3354 1687 3410 Vaticani
1733 3371 1881 3411 num.
1919 3354 2079 3422 1277,

500 3440 534 3491 ε
559 3428 825 3482 sexcrntis
872 3427 1089 3481 circiter
1121 3428 1273 3480 annis
1321 3428 1546 3480 exarati.
1585 3446 1604 3478 ι
1658 3425 1926 3481 Hactenus
1968 3428 2080 3483 ille.

496 3492 765 3567 ,Ciatnpini
814 3497 1245 3567 diSsertationem
1289 3498 1340 3551 in
1392 3497 1854 3551 observationibus
1884 3500 2082 3567 nostris

500 3559 755 3622 lusoriam
788 3568 1047 3623 invenies.
1081 3566 1138 3621 ln
1173 3584 1451 3623 numerum
1484 3577 1659 3622 autem
1700 3569 1898 3621 codicis
1932 3566 2081 3623 Vati-

499 3638 618 3693 Cani
669 3639 838 3708 ΗΠ,
878 3655 1035 3707 quem
1083 3653 1204 3693 cum
1252 3638 1449 3708 optima
1503 3640 1728 3693 lectione
1774 3640 2084 3708 Ciampinus

501 3720 689 3764 nactus
735 3718 840 3775 est,
882 3725 1035 3764 error
1079 3709 1311 3779 irrepsit.
1364 3709 1544 3764 Codex
1589 3712 1729 3763 enim
1760 3725 1827 3763 eo
1860 3720 2084 3765 numero

498 3781 739 3849 signatus
770 3781 901 3834 nihil
930 3783 1088 3834 habet
1109 3781 1248 3845 qttod
1274 3782 1338 3834 ad
1363 3779 1596 3834 Leonem
1633 3780 1917 3848 pertineat.
1954 3783 2082 3837 Dili-

499 3850 678 3919 gentia
710 3861 885 3905 autem
937 3851 1298 3920 inquisitionis
1328 3852 1563 3905 adhibita
1586 3892 1600 3916 ,
1631 3854 1932 3918 reperimus
1964 3869 2081 3920 eam

502 3917 785 3975 lectionem
830 3924 878 3975 in
912 3917 1230 3992 perantiquo
1260 3922 1515 3975 Vaticano
1552 3917 1891 3975 Lectinnario
1920 3917 2079 3992 ηδτ,

499 4001 553 4046 et
582 3994 722 4046 hunc
760 3991 994 4046 codicem
1040 4007 1067 4045 a
1099 3991 1378 4055 Ciampitto
1422 3993 1707 4062 allegatum
1736 3991 2079 4049 arbitramur.

500 4062 637 4116 Huic
668 4072 844 4117 autem
868 4063 1003 4117 duos
1045 4065 1178 4118 alios
1205 4079 1333 4117 mss.
1379 4063 1545 4117 libros
1574 4064 1808 4118 basilicae
1830 4064 1889 4119 S.
1940 4065 2081 4121 Petri

498 4134 745 4204 addimus
781 4137 1018 4204 signatos
1058 4150 1203 4188 num.
1245 4134 1347 4189 105
1373 4144 1435 4204 et
1458 4134 1585 4201 l07,
1609 4146 1660 4188 et
1691 4151 1852 4188 unum
1889 4134 2081 4199 Vallic,

498 4202 545 4259 Α
578 4205 658 4267 l0,
694 4205 781 4275 qui
806 4202 1091 4259 lectionem
1120 4219 1255 4259 area:
1281 4203 1852 4275 similiterprmlerunt.
1892 4204 1947 4260 lu
1976 4208 2083 4262 alio

498 4286 630 4329 Vero
676 4277 913 4347 ejusdem
957 4277 1189 4331 basilica!
1233 4277 1352 4329 cod.
1406 4278 1522 4336 106,
1556 4278 1644 4343 qui
1670 4285 1847 4330 tamen
1878 4292 1980 4330 non
2014 4280 2081 4333 ita

499 4350 732 4418 antiqua:
773 4347 995 4415 originis
1044 4358 1145 4405 est.
1182 4347 1406 4418 habetur
1452 4349 1586 4401 arcis
1618 4364 1715 4415 pro
1744 4364 1917 4413 ante;
1946 4351 2085 4403 sicut

499 4417 659 4472 etiam
691 4422 741 4474 in
766 4434 865 4473 ms.
896 4418 1207 4473 Veronensi.
1238 4417 1397 4472 Forte
1424 4418 1616 4483 aliquis
1642 4421 1892 4487 antiquus
1914 4422 2049 4474 libra

2185 3228 2387 3289 rant,e_t
2414 3219 2627 3289 quidem
2658 3218 2709 3271 in
2733 3220 2847 3289 ejus
2882 3218 3112 3271 basilica:
3137 3218 3292 3289 unius
3318 3218 3560 3283 introitu,
3591 3222 3643 3273 in
3664 3235 3773 3285 qua

2185 3284 2319 3342 olim.
2345 3284 2462 3342 fons
2496 3284 2827 3355 baptism-uiis
2849 3294 2985 3355 erat,
3020 3305 3123 3355 quo
3153 3285 3319 3343 ahlttli
3359 3290 3543 3344 lideles
3572 3305 3769 3345 nomen

2185 3359 2313 3415 dare
2362 3358 2578 3414 Christo
2633 3366 3025 3419 consueverant
3071 3357 3171 3413 sub
3224 3357 3450 3415 Romani
3501 3358 3773 3429 pontificis

2184 3440 2367 3485 ulanu.
2422 3432 2621 3496 Quustt.
2650 3452 2721 3469 -ιι
2747 3430 2943 3484 Confer
2975 3445 3094 3499 quae
3138 3433 3188 3484 in
3222 3431 3361 3485 hunc
3396 3432 3571 3485 locum
3592 3432 3772 3499 expli-

2188 3501 2418 3556 candum
2449 3502 2653 3571 optime
2681 3500 2899 3571 digessit
2920 3500 3228 3565 Ciampiuus
3257 3501 3377 3558 loco
3406 3501 3639 3571 allegato
3670 3518 3771 3560 no-

2188 3574 2391 3642 tatiOue
2420 3566 2777 3642 praecedenti;
2806 3566 2892 3625 uhi
2928 3575 3067 3642 inter
3098 3583 3288 3625 czctera
3337 3566 3632 3642 ingressum
3671 3588 3769 3629 seu

2186 3638 2378 3697 faciem
2407 3636 2641 3697 basilica».
2659 3636 2716 3696 S.
2739 3636 2879 3697 Petri
2904 3643 2968 3696 ad
2992 3641 3254 3696 orientem
3280 3636 3557 3712 spectasse
3583 3652 3770 3699 osten-

2185 3712 2284 3775 dis,
2302 3712 2445 3785 unde
2472 3713 2736 3768 orientem
2759 3716 2925 3767 solem
2955 3716 3260 3769 veneratori
3286 3716 3336 3766 in
3362 3725 3611 3785 suggestu
3628 3728 3771 3769 aram

2184 3784 2510 3853 superioris.
2548 3786 3096 3855 'corpore_reﬂectarc
3148 3785 3434 3839 debebant.
3494 3785 3549 3839 Id
3588 3797 3771 3842 autem

2224 3856 2379 3927 artim
2428 3854 2733 3922 ignorantia:
2776 3856 2934 3927 uitio,
2966 3856 3169 3927 partim
3220 3857 3531 3927 paganitatis
3583 3859 3771 3925 spiritu

2187 3871 2379 3977 Earum
2428 3871 2733 3922 ignorantia:
2776 3871 2934 3914 vino.
2986 3871 3169 3927 parum
3220 3871 3531 3926 pnganuans
3583 3871 3771 3925 spiritu

2225 3922 2348 3980 ehat
2386 3941 2412 3979 a
2466 3928 2736 3979 nonnullis
2777 3920 3119 3993 Christianis,
3167 3930 3289 3994 qttia
3345 3922 3396 3979 hi
3447 3926 3772 3997 arripientes

2185 4004 2419 4052 veterem
2449 3997 2872 4051 Chrlstlauorutn
2908 4000 3067 4051 ritum
3096 3997 3284 4049 orandi
3318 3997 3454 4052 facie
3493 3998 3559 4053 ad
3586 3999 3773 4052 orien-

2186 4074 2292 4122 tem
2323 4084 2498 4134 versa,
2518 4071 2825 4138 ignorantes
2855 4082 2983 4121 vero
3011 4068 3166 4136 hujus
3195 4073 3333 4138 ritus
3353 4070 3639 4130 rationem.
3663 4084 3773 4138 qua

2184 4154 2292 4192 non
2322 4140 2421 4203 sol,
2450 4138 2543 4192 sed
2576 4137 2715 4192 Deus
2748 4140 3093 4203 adorabatur,
3120 4137 3366 4192 eumdem
3394 4142 3552 4203 ritum
3584 4140 3650 4193 ad
3676 4137 3769 4193 So-

2188 4204 2293 4262 lem
2329 4202 2632 4263 naSCentvm
2666 4204 3031 4262 venerandum
3063 4202 3321 4277 paganica
3351 4202 3540 4279 spiritu
3583 4212 3774 4263 tradu-

2185 4282 2397 4349 cebant.
2437 4279 2569 4334 llinc
2603 4291 2816 4346 pravam
2850 4278 3115 4349 ejusmodi
3146 4278 3588 4333 consuetudinem
3625 4281 3677 4335 in
3704 4284 3775 4337 ill

2184 4348 2509 4405 Christianis
2539 4352 2596 4405 S.
2627 4350 2861 4419 pontifex
2897 4367 3001 4405 non
3037 4368 3068 4404 e
3100 4350 3405 4405 Maiiichteis
3436 4351 3520 4405 vel
3550 4353 3773 4406 l’iiscil-

2186 4420 2419 4476 lianistis
2446 4431 2618 4476 ortam
2644 4422 2866 4483 ittdit'al,
2900 4422 2989 4474 scd
3015 4436 3077 4476 ex
3111 4423 3331 4491 antiquo
3360 4420 3464 4475 ritu
3508 4421 3778 4478 Christia-

500 4489 611 4566 riu:
629 4491 885 4566 scriptum
910 4490 1113 4566 invenit
1145 4505 1300 4566 arcae,
1330 4490 1403 4541 uti
1430 4480 1691 4566 legiturin
1722 4480 1858 4566 ttiss._
1879 4480 2082 4566 Veneto
2112 4510 2157 4566 υ
2186 4503 2375 4544 norum
2402 4508 2434 4562 p
2455 4494 2657 4566 igzinico
2682 4480 2867 4559 spiritu
2892 4492 2955 4566 ad
2981 4492 3146 4566 solem
3172 4480 3773 4566 igrioranlertt‘aductu;

499 4558 633 4620 155,
661 4574 709 4615 et
747 4559 927 4613 Ca~in.
960 4561 1171 4613 collect.
1214 4561 1263 4621 l,
1293 4569 1339 4612 et
1374 4562 1507 4613 arcis
1536 4563 1707 4627 putitts
1737 4561 2076 4614 seribendunl

501 4632 735 4699 putavit.
764 4630 818 4683 In
849 4631 953 4683 alio
984 4630 1250 4686 Vallicell.
1293 4628 1497 4693 XXVI,
1528 4646 1690 4684 aerew
1733 4631 1960 4685 habetur
1988 4647 2083 4699 pro

505 4716 656 4756 arcte.

579 4780 605 4808 ⁸
626 4769 1077 4825 Consuetudinem
1103 4770 1257 4823 istam
1282 4778 1588 4835 usurpatam
1614 4785 1732 4824 esse
1749 4770 1879 4824 dicit
1898 4781 2083 4824 auctor

505 4852 689 4897 noster
742 4843 930 4911 partim
969 4841 1273 4911 ignorantia:
1318 4840 1439 4894 vitio
1473 4881 1488 4905 ,
1534 4842 1721 4911 partim
1772 4842 2084 4911 paganitatis

501 4914 720 4980 spiritu;
755 4922 1039 4981 natamque
1086 4929 1147 4964 ex
1185 4926 1344 4977 prava
1367 4925 1461 4964 seu
1508 4911 1952 4977 Manichzeorum,
1987 4928 2084 4966 seu

504 4983 1029 5038 Priscillianistarum
1060 4998 1182 5052 erga
1206 5050 1210 5052 ἓ
1233 4982 1406 5052 sidera
1450 4985 1813 5038 veneratione.
1848 4984 1979 5037 Cum
2007 4993 2085 5035 ta-

505 5070 627 5109 men
659 5064 866 5107 asserat
893 5050 1151 5121 quosdam
1196 5050 1331 5107 forte
1380 5051 1687 5108 Creatorem
1746 5056 1920 5121 potius
1963 5054 2081 5120 pul-

505 5126 619 5179 chri
654 5126 867 5177 luminis
889 5140 1045 5190 quant
1076 5126 1245 5191 ipsum
1276 5126 1450 5179 lumen
1478 5141 1598 5181 esse
1621 5136 1919 5183 veneratos.
1954 5140 2083 5194 pro-

505 5196 676 5251 babile
708 5196 991 5248 admodum
1021 5205 1102 5249 est
1131 5207 1305 5249 ortum
1333 5208 1450 5250 esse
1477 5197 1633 5251 ritum
1666 5196 1813 5250 illum
1848 5212 1909 5250 ex
1942 5197 2083 5250 anti-

505 5283 611 5335 quo
654 5266 1079 5319 Clu-isuauorum
1127 5281 1305 5331 more,
1354 5270 1441 5333 qui
1488 5270 1552 5321 ad
1596 5271 1857 5322 orientem
1913 5268 2081 5322 solem

506 5340 829 5409 versiorare
854 5348 1273 5409 coasueventut;
1310 5351 1711 5409 prmsertimque
1747 5353 1867 5391 cum
1902 5340 2081 5402 bapti-

504 5407 660 5462 zandi
718 5419 902 5475 erant,
936 5408 1183 5462 conversi
1241 5411 1305 5461 ad
1339 5407 1668 5464 occidentem
1703 5409 1915 5465 Satanan
1946 5426 2086 5464 nun-

506 5481 636 5532 tium
695 5480 1070 5541 remittebant.
1112 5479 1357 5534 convehi
1403 5492 1579 5534 autem
1626 5484 1961 5549 postmodum
2014 5481 2081 5535 ad

503 5554 791 5611 orientem,
818 5550 1085 5605 Christum
1111 5553 1409 5605 salutabant
1438 5563 1597 5620 atque
1626 5554 1944 5605 adorabunt.
1972 5550 2078 5606 Sed

505 5636 599 5675 cur
628 5622 727 5675 hoc
756 5625 805 5674 in
852 5623 1092 5690 ingressu
1128 5623 1356 5675 basilicae
1387 5622 1445 5676 S.
1511 5624 1651 5676 Petri
1707 5626 1880 5690 potius
1922 5639 2081 5683 quam

505 5695 765 5746 aliarum?
794 5692 1050 5746 Nimirum
1081 5705 1202 5746 tunc
1235 5697 1488 5760 temporis
1526 5710 1641 5749 mos
1682 5706 1797 5749 erat
1834 5704 1891 5747 ut
1927 5693 2081 5749 Chri-

505 5764 802 5837 stianarum
820 5768 1011 5837 templa
1029 5765 1193 5820 solem
1208 5768 1471 5837 orientem
1485 5765 1836 5837 reapicerent,
1850 5780 2082 5836 eumque

504 5835 869 5906 Ingredientes
906 5834 1189 5892 adversum
1222 5836 1512 5906 haberent;
1560 5834 1914 5908 quamobrem
1943 5834 2080 5907 opus

2186 4575 2283 4615 nec
2314 4563 2662 4629 reprehendit
2689 4572 2865 4615 tamen
2899 4562 3072 4630 ipsum
3092 4564 3251 4616 ritum
3274 4563 3461 4616 orandi
3488 4564 3553 4616 ad
3576 4565 3775 4618 Uriem

2186 4642 2315 4692 tem.
2339 4634 2434 4687 sed
2464 4634 2579 4700 ejus
2609 4635 2857 4695 ahustttn,
2884 4649 2992 4701 quo
3015 4633 3101 4688 vel
3129 4633 3210 4687 sol
3251 4633 3549 4695 colebatur,
3597 4636 3676 4687 vel
3727 4637 3777 4691 si

2184 4718 2290 4755 non
2323 4705 2425 4767 sol,
2462 4704 2553 4756 sed
2588 4703 2727 4757 Deus
2756 4704 3061 4769 coleretur,
3090 4704 3401 4758 scandalum
3430 4719 3497 4759 ex
3532 4705 3777 4761 ςὶιοιιηιο

2186 4773 2400 4843 stantiis
2427 4773 2558 4829 oriri
2586 4789 2654 4843 po
2679 4786 2818 4843 erat.

2256 4842 2283 4882 δ
2309 4845 2397 4898 Sic
2423 4859 2487 4898 ex
2521 4832 2651 4916 ms's.
2677 4844 2735 4900 S.
2766 4841 2906 4899 Petri
2933 4855 2984 4897 ct
3008 4832 3203 4900 Veron.
3232 4836 3340 4913 .‘ll.,
3364 4846 3425 4898 ab
3454 4845 3565 4915 ipsa
3586 4845 3777 4916 hujus-

2186 4917 2322 4969 modi
2349 4915 2513 4985 specie
2539 4915 2708 4985 omni.

2260 4996 2283 5026 ε
2316 4985 2501 5052 Forte,
2525 4987 2765 5041 rimbiles.
2801 4986 3151 5052 Qussnstws
3180 4985 3229 5040 in
3263 4985 3523 5053 margine.

2257 5053 2281 5093 ἀ
2302 5058 2481 5111 Codex
2518 5056 2736 5119 Verou.,
2769 5057 2993 5110 diversos
3016 5059 3066 5111 in
3087 5052 3447 5128 luminaribus
3472 5052 3775 5128 qualitates.

2185 5124 2318 5184 Cod.
2351 5128 2480 5181 Bon.
2514 5140 2565 5181 et
2592 5129 2758 5193 prima
2785 5129 2970 5191 editio,
3002 5128 3052 5181 in
3076 5126 3375 5181 luminibus.

2261 5208 2283 5237 ο
2328 5201 2499 5253 l‘rima
2545 5201 2709 5253 editio
2752 5208 2805 5254 et
2848 5214 2985 5254 unus
3016 5198 3154 5261 ναι..
3185 5199 3616 5254 concedebantur.
3661 5200 3775 5257 Alii

2186 5269 2312 5326 editi
2343 5280 2465 5325 autc
2487 5272 2714 5339 Quesn.,
2745 5272 2948 5324 condita
2965 5282 3101 5325 sunt.
3124 5269 3282 5338 Ques'
3308 5271 3557 5325 ellianam
3582 5286 3776 5325 emen—

2185 5340 2454 5397 dationem
2507 5344 2803 5408 reperimus
2852 5342 2905 5395 in
2953 5350 3159 5408 septem
3219 5342 3418 5395 nostris
3463 5341 3660 5406 codd.,
3704 5343 3776 5397 ad

2185 5429 2343 5481 quam
2387 5411 2596 5465 accedit
2637 5428 2736 5465 ms.
2771 5410 2987 5477 Casin.,
3018 5428 3133 5464 cum
3177 5411 3505 5465 debebantur.
3553 5410 3673 5469 Mox
3705 5430 3776 5467 ex

2183 5484 2344 5539 codd.
2385 5481 2446 5539 S.
2485 5482 2646 5547 Petri,
2680 5481 2826 5549 Val.,
2866 5481 3126 5537 Vallicell.
3173 5496 3223 5552 et
3266 5481 3443 5537 Casio.
3484 5497 3549 5538 ac
3601 5484 3778 5552 prima

2184 5555 2439 5620 editione,
2466 5553 2686 5622 faciendi
2706 5555 3039 5623 reposuimus
3062 5568 3155 5621 pro
3172 5551 3483 5623 faciendam.

2261 5624 2281 5664 ί
2316 5627 2390 5680 Ita
2420 5618 2550 5680 mss.
2587 5618 2789 5689 Corb.,
2839 5618 3141 5681 Gaudiiv'al.
3172 5618 3241 5677 'et
3291 5625 3421 5678 Vict.
3471 5618 3779 5692 Quesoelli.

2183 5696 2444 5754 Similiter
2489 5699 2659 5751 nostri
2704 5696 2861 5752 codd.
2913 5705 2969 5752 et
3014 5694 3288 5751 nonnullae
3327 5695 3615 5752 editiones.
3660 5697 3781 5766 ΔΙ..

2182 5767 2477 5841 aequalium.

2257 5850 2282 5889 s
2310 5840 2425 5908 AL,
2455 5840 2814 5895 duci-minarat
2838 5838 2895 5896 in
2929 5852 3037 5898 ms.
3063 5836 3230 5896 Corb.
3260 5833 3564 5905 numelli.
