3994 6354
1658 305 1891 361 διςιιιιο
1932 305 2162 363 XXVIII.

286 438 366 487 ast
406 427 706 484 vlsibllilnta
749 429 1043 495 creaturis,
1076 430 1217 484 sicut
1260 428 1429 484 uteris
1467 434 1647 495 terra,
1674 427 1850 493 mari,
1880 432 1930 487 Α
1959 426 2145 496 procul
2171 426 2334 483 dubio
2358 428 2425 482 ad
2452 426 2746 497 spiritalem
2775 426 3016 483 lhtltlam
3043 426 3312 498 copiosius
3342 427 3531 485 incita-

286 523 435 590 sotlo,
466 536 615 587 aere,
649 521 880 578 tantibus
901 533 1060 593 atque
1083 521 1427 588 numinibus;
1457 530 1484 561 ι
1514 531 1569 578 et
1596 519 1851 593 quidquid

285 619 334 675 In
362 615 438 673 eis
460 614 744 686 pulchrum
774 622 935 684 atque
962 615 1208 670 mirabile
1235 624 1339 682 est,
1374 614 1520 670 refer
1541 614 1607 668 ad
1639 611 1850 667 Iaudem

281 710 572 782 stglorlam
621 708 947 764 Conditoris.
980 708 1098 763 Noli
1140 720 1263 763 esse
1306 708 1521 764 deditus
1552 707 1627 762 illi
1667 705 1852 761 lumini

279 818 378 870 quo
424 802 677 856 volucres
703 811 758 857 et
809 810 1110 869 serpentes,
1163 814 1270 871 quo
1298 800 1485 856 bestia:
1513 809 1565 855 et
1599 799 1849 869 pecudes,

277 908 377 966 quo
420 906 624 948 musca
651 893 987 948 delectantur
1030 903 1085 948 et
1113 907 1344 947 vermes.
1376 890 1577 947 Lucem
1603 888 1631 929 ι’
1660 905 1853 960 corpo-

279 998 415 1042 ream
459 1000 623 1041 sensu
662 995 822 1055 tange
855 1000 1157 1055 corporeo,
1195 992 1249 1039 et
1282 992 1393 1039 toto
1434 986 1627 1038 mentis
1656 982 1850 1037 all'ectu

277 1080 393 1134 illud
437 1092 627 1135 verum
680 1080 859 1135 lumen
891 1078 1218 1147 amplectere
1271 1076 1413 1147 quod
1446 1076 1706 1130 illuminat
1745 1092 1852 1131 orno

276 1186 377 1224 nan
400 1170 661 1224 hominem
682 1171 956 1225 uenientem
981 1170 1035 1222 in
1055 1169 1186 1222 hunc
1202 1168 1449 1221 mundum
1478 1166 1660 1239 (Joan.
1695 1181 1734 1228 ι,
1768 1165 1847 1234 9).

274 1272 322 1317 et
349 1264 416 1319 tle
443 1278 553 1331 quo
579 1262 707 1317 dicit
733 1264 992 1332 propheta
1021 1279 1031 1313 :
1067 1261 1301 1315 Accedite
1325 1261 1394 1313 ad
1415 1276 1552 1322 eum.
1586 1271 1631 1313 et
1658 1259 1852 1312 illumi-

274 1355 481 1414 nantini.
503 1354 569 1423 let
590 1355 755 1407 vultus
784 1354 933 1408 rostri
971 1370 1073 1407 non
1095 1352 1389 1407 erubescant
1413 1350 1530 1423 (Ps.
1560 1366 1744 1414 ιιιιιιι,
1768 1352 1846 1418 6).

272 1444 322 1501 Si
350 1446 495 1499 enim
526 1446 785 1512 templum
821 1446 913 1499 Dei
941 1458 1152 1508 sumus,
1182 1454 1237 1499 et
1266 1444 1499 1509 Spiritus
1531 1442 1625 1498 Dei
1652 1443 1852 1498 habitat

274 1538 321 1591 in
350 1536 508 1590 nobis
538 1534 583 1605 (Ι
610 1534 731 1590 Cor.
758 1550 837 1600 ιιι,
882 1536 990 1602 l6),
1017 1551 1144 1590 rt.th
1191 1549 1287 1590 κστ
1334 1534 1477 1605 quod
1508 1534 1678 1589 lidelis
1707 1535 1853 1605 quis-

273 1644 368 1700 que
398 1638 423 1669 ⁸
455 1631 515 1684 in
559 1646 659 1684 suo
701 1630 860 1685 habet
907 1629 1109 1694 animo,
1152 1646 1309 1699 quam
1358 1629 1500 1699 quod
1545 1630 1769 1684 miratur
1800 1632 1850 1685 in

275 1723 425 1777 celo.
453 1721 572 1777 Non
600 1721 779 1789 itaque
812 1722 986 1787 vobis,
1017 1721 1375 1785 dilectissimi,
1408 1721 1511 1777 hoc
1539 1732 1632 1777 aut
1664 1720 1852 1776 indici-

1955 536 2096 585 mur,
2132 521 2431 577 Nntivitalis
2464 521 2757 577 Dotniniec
2786 531 3127 578 sacramento
3156 521 3315 577 nobis
3336 523 3534 580 clarius

1953 623 2270 670 coruscante
2295 632 2307 668 :
2337 623 2395 669 ut
2435 624 2772 669 recurrentes
2815 614 2881 669 ad
2912 614 3058 670 illam
3097 614 3292 670 divinat
3320 616 3532 670 miseri-

1953 706 2152 762 cordiae
2194 705 2515 762 ineﬂ‘ahilem
2548 706 2966 770 inclinationem.
2990 721 3092 777 qua
3116 706 3339 762 Creator
3361 708 3533 769 homi-

1954 817 2081 856 num
2103 797 2132 840 δ
2165 801 2326 855 homo
2349 800 2462 855 lleri
2492 800 2739 871 dignatus
2769 812 2871 866 est,
2896 800 2947 855 In
2972 800 3140 870 ipsius
3166 815 3265 856 nos
3291 800 3530 857 invenia-

1955 908 2076 949 mur
2105 902 2323 957 natura,
2364 909 2522 964 quem
2564 894 2847 948 adoramus
2877 894 2928 948 in
2965 902 3168 948 nostra.
3214 892 3356 949 Deus
3383 893 3527 949 enim

1954 985 2047 1039 Dei
2082 984 2268 1047 Filius.
2305 983 2372 1040 de
2401 983 2725 1054 sempiterno
2753 994 2811 1039 et
2840 984 3074 1055 ingenito
3104 982 3262 1040 Patre
3290 986 3534 1054 unigeni-

1953 1082 2061 1145 tus,
2092 1078 2457 1148 sempiternus
2481 1090 2698 1132 manens
2721 1078 2778 1132 in
2809 1076 2978 1132 forma
3009 1079 3122 1143 Dei,
3153 1087 3206 1133 et
3234 1079 3533 1134 incommu-

1954 1172 2188 1227 tabiliter
2212 1181 2373 1241 atque
2401 1171 2824 1240 intemporaliter
2848 1170 3087 1227 habensi
3117 1187 3222 1227 non
3240 1173 3382 1227 aliud
3409 1184 3531 1229 esse

1952 1280 2112 1335 quam
2145 1264 2303 1319 Pater
2339 1274 2444 1331 est,
2476 1264 2704 1320 formam
2741 1265 2881 1319 servi
2913 1266 3030 1320 sine
3060 1278 3169 1318 sum
3213 1264 3535 1320 detrimento

1954 1357 2250 1425 maiestatis
2302 1356 2415 1428 οε
2458 1355 2684 1425 accepit,
2726 1365 2784 1412 ut
2822 1356 2874 1411 in
2915 1371 3008 1412 sua
3056 1369 3156 1411 nos
3188 1358 3530 1425 provenerat,

1958 1450 1972 1498 i
2005 1460 2108 1503 non
2138 1463 2198 1504 se
2226 1448 2275 1502 in
2306 1457 2487 1502 nostra
2510 1447 2783 1517 deiiceret.
2820 1447 2972 1503 Unde
3000 1448 3208 1517 utrique
3240 1457 3445 1501 natura;
3476 1447 3528 1503 in

1953 1541 2068 1595 suis
2111 1540 2530 1610 pmprie‘tatihus
2584 1540 2939 1610 permanenti,
2992 1548 3133 1594 tanta
3182 1547 3266 1595 est
3314 1540 3536 1595 unitatis

1957 1632 2093 1688 l'acta
2125 1632 2454 1696 communio,
2487 1641 2546 1688 ut
2572 1631 2827 1702 quidquid
2858 1631 2931 1686 ibi
2960 1642 3037 1687 est
3070 1629 3189 1698 Dei,
3229 1646 3335 1686 non
3367 1630 3438 1685 sit
3468 1630 3539 1685 ab

1958 1723 2287 1779 humanitate
2311 1724 2666 1794 disiunctum;
2698 1722 2955 1793 quidquid
2976 1731 3152 1779 autem
3174 1731 3257 1778 est
3279 1722 3537 1792 hominis,

272 1829 403 1879 mus,
461 1827 559 1868 aut
604 1815 913 1877 suademus.
962 1823 1018 1869 ut
1063 1814 1371 1884 despiciatis
1416 1830 1583 1883 opera
1613 1814 1733 1882 Dei,
1764 1822 1853 1868 aut
1886 1822 1929 1881 Β
1963 1830 2070 1871 non
2098 1817 2168 1870 sit
2197 1831 2223 1867 a
2254 1816 2462 1870 Deitate
2486 1814 2738 1869 divisum.

271 1909 603 1964 contrarium
634 1909 837 1977 aliquid
872 1909 989 1963 lidei
1025 1918 1238 1973 vestrae,
1272 1910 1322 1963 in
1349 1909 1412 1964 iis
1441 1924 1560 1978 quae
1588 1909 1730 1964 Deus
1760 1907 1855 1961 bo.

271 2017 366 2059 aus
396 2003 547 2058 bona
575 2003 837 2066 condidit,
870 2001 1178 2066 aestimetis;
1208 2002 1302 2056 sed
1335 2011 1391 2055 ut
1418 2000 1445 2038 ά
1472 2002 1617 2055 omni
1645 2007 1857 2055 creatu-

271 2108 447 2148 rarum
483 2098 690 2163 specie,
732 2094 839 2164 97
883 2102 937 2148 et
970 2094 1217 2147 universo
1262 2092 1419 2160 hujus
1452 2091 1636 2148 mundi
1664 2104 1854 2149 ornatu

271 2186 671 2243 rationabiliter
690 2197 746 2242 et
774 2196 1133 2256 temperanter
1162 2187 1386 2242 utamini
1416 2200 1431 2240 :
1482 2186 1605 2251 Qua
1634 2187 1767 2240 enim
1784 2187 1858 2240 vi-

271 2279 479 2343 dentur,
505 2279 646 2333 sicut
664 2280 740 2333 ait
763 2278 1077 2348 Apostolus.
1108 2279 1408 2348 temporalia
1445 2288 1595 2340 sunt;
1624 2292 1740 2347 qua
1763 2294 1858 2332 att-

268 2378 359 2425 tat
380 2386 497 2423 non
521 2370 758 2424 videntur
786 2379 980 2426 wterna
1002 2380 1116 2425 sunt
1146 2370 1212 2441 (II
1247 2370 1368 2425 Cor.
1398 2384 1471 2438 tv,
1511 2368 1623 2442 18).
1661 2379 1683 2408 ι’
1708 2369 1859 2426 Unde

268 2464 383 2531 quia
414 2479 495 2519 sp
522 2477 837 2519 rauenna
867 2477 1053 2518 sumus
1082 2466 1190 2519 nati
1213 2500 1229 2529 ,
1260 2463 1328 2519 ad
1367 2464 1543 2519 futura
1565 2476 1741 2519 autem
1768 2479 1855 2519 re-

266 2554 392 2620 nati,
425 2569 542 2609 non
580 2556 965 2624 temporalibus
1004 2555 1161 2611 bonis
1188 2555 1376 2620 dediti,
1406 2555 1501 2611 sed
1542 2557 1761 2611 telernis
1783 2557 1857 2610 sl-

268 2660 383 2702 mus
406 2646 651 2711 intenti;
682 2656 737 2702 et
777 2654 840 2701 ut
865 2662 1017 2714 spem
1062 2659 1299 2701 nostram
1339 2647 1608 2716 possimus
1639 2648 1857 2717 propius

265 2736 492 2803 intueri,
522 2738 573 2792 in
606 2737 724 2808 ipso
745 2748 1081 2794 sacramento
1102 2739 1305 2795 Natalis
1325 2739 1539 2795 Domini
1562 2739 1859 2811 cogitemus

268 2830 389 2903 quid
425 2840 645 2886 naturai
683 2842 881 2886 nostra:
907 2832 1076 2902 gratia
1100 2832 1281 2887 divina
1308 2834 1616 2888 contulerit.
1661 2833 1859 2889 Audia-

268 2937 381 2976 mus
414 2923 745 2992 Apostolum
765 2923 1033 2979 dicentem
1067 2941 1081 2979 :
1116 2922 1309 2979 Μονιυὶ
1337 2925 1472 2979 enim
1500 2925 1640 2991 estis.
1686 2935 1734 2978 et
1756 2925 1856 2978 vita

265 3024 426 3069 mtra
458 3013 766 3069 abscondita
800 3023 872 3069 est
903 3031 1016 3069 cum
1046 3014 1245 3070 Christo
1283 3017 1335 3070 in
1373 3016 1499 3071 Deo.
1527 3015 1653 3071 Cum
1688 3026 1856 3071 autem

265 3099 505 3160 Christus
550 3107 849 3177 apparuerit
888 3108 990 3161 vita
1014 3117 1200 3173 vestra,
1224 3117 1345 3162 tunc
1365 3118 1413 3162 et
1438 3124 1522 3163 vos
1544 3109 1856 3179 apparebitis

2029 1906 2156 1963 Car.
2191 1906 2249 1962 ll.
2282 1936 2349 1946 —-
2379 1903 2726 1961 Celebrantes
2770 1903 2949 1974 igitur,
2996 1901 3358 1964 dilectissimi,
3388 1911 3541 1959 nata-

1962 2000 2065 2055 lem
2096 1998 2238 2055 diein
2273 1997 2482 2054 Domini
2523 1997 2839 2063 Salvatoris,
2878 2006 3087 2066 partum
3112 1996 3282 2051 beam
3306 1994 3541 2067 Virginis

1960 2096 2169 2165 integre
2198 2094 2515 2164 Cogitemus,
2547 2103 2609 2150 ut
2632 2093 2778 2148 carni
2808 2094 3107 2163 animaque
3135 2101 3408 2161 conceptae
3433 2092 3540 2147 viro

1962 2196 2126 2245 tutam
2142 2188 2299 2243 Verbi
2320 2187 2470 2242 nullo
2488 2184 2745 2256 temporis
2768 2196 2964 2254 puncto
2982 2182 3218 2240 defuisse
3236 2184 3537 2250 credamus,

1960 2295 2062 2337 nae
2089 2281 2235 2348 prius
2282 2281 2568 2335 formatum
2611 2292 2773 2348 atque
2802 2277 3097 2332 animatum
3129 2275 3385 2344 templum
3413 2290 3539 2331 eor-

1961 2374 2108 2443 poris
2128 2373 2345 2438 Christi,
2370 2371 2512 2445 quod
2537 2371 2639 2425 sibi
2664 2370 3045 2439 superveniens
3068 2367 3366 2423 vindicaret
3388 2367 3540 2423 hahi~

1959 2474 2120 2530 talos,
2152 2466 2245 2522 sed
2282 2479 2374 2534 per
2403 2466 2579 2535 ipsum
2607 2474 2660 2521 et
2699 2462 2755 2519 in
2785 2465 2922 2533 ipso,
2952 2477 3090 2517 novo
3119 2461 3320 2515 homini
3352 2460 3533 2515 datum

1959 2570 2080 2613 esse
2112 2557 2428 2627 principium
2462 2573 2476 2609 :
2510 2564 2569 2611 ut
2598 2556 2651 2610 in
2683 2569 2793 2610 uno
2819 2553 2913 2609 Dei
2951 2561 3111 2622 atque
3139 2552 3373 2607 hominis
3402 2552 3535 2619 tilio,

1958 2660 2013 2706 et
2039 2649 2157 2706 sine
2181 2661 2353 2706 matre
2380 2648 2579 2716 Deitas,
2628 2656 2682 2705 et
2706 2648 2821 2705 sine
2848 2655 2996 2717 patre
3032 2656 3175 2702 esset
3206 2644 3533 2700 humanitas.

1959 2742 2125 2800 Simul
2154 2743 2294 2799 enim
2326 2758 2419 2811 per
2448 2742 2707 2810 Spiritum
2735 2749 2979 2798 sanetum
3014 2740 3288 2795 iecundata
3319 2738 3537 2807 virgini-

1960 2844 2064 2901 tas,
2110 2836 2227 2890 siue
2273 2835 2632 2904 corruptionis
2672 2834 2897 2902 vestigio
2922 2832 3093 2888 edidit
3132 2843 3185 2887 et
3212 2832 3294 2887 sui
3321 2844 3539 2901 generis

1957 2929 2221 2993 sobolem,
2250 2939 2303 2984 et
2329 2943 2440 2982 suae
2465 2928 2647 2998 stirpis
2670 2938 2965 2985 auctorem.
3000 2923 3153 2982 Unde
3182 2935 3235 2979 et
3264 2924 3402 2979 idem
3432 2922 3536 2978 Do-

1958 3024 2157 3086 minus,
2206 3022 2344 3076 sicut
2382 3021 2708 3091 evangelista
2755 3025 3163 3083 commemorat,
3218 3015 3464 3085 qumsivit
3503 3030 3532 3068 a

1958 3117 2157 3173 Iudaeis
2199 3118 2354 3186 cuius
2385 3116 2552 3171 lilium
2579 3114 2849 3171 Christum
2876 3115 3270 3182 Seripturarum
3301 3112 3536 3167 auctori-

262 3200 522 3270 eumipso
548 3201 603 3253 in
631 3200 796 3271 gloria
825 3199 1048 3269 (Coloss.
1072 3218 1153 3270 ιιι,
1180 3204 1232 3268 3,
1265 3201 1355 3269 4);
1379 3203 1467 3271 qui
1512 3202 1648 3257 vivit
1685 3212 1741 3257 et
1766 3218 1852 3258 re-
1880 3197 1925 3262 C
1958 3218 2066 3264 tate
2094 3209 2436 3273 didicissent;
2484 3219 2538 3264 et
2581 3206 2783 3263 eisdem
2820 3205 3266 3276 respondentibus
3298 3204 3437 3273 quod
3466 3217 3535 3261 es
3607 3209 3615 3215 ‘

259 3300 381 3357 gnat
421 3305 557 3344 cum
607 3290 767 3345 Patre
794 3300 849 3345 et
877 3291 1079 3361 Spiritu
1106 3301 1293 3347 sancto
1324 3307 1419 3362 per
1449 3294 1627 3348 omnia
1658 3293 1851 3349 saecula

260 3383 612 3436 srculorum.
645 3381 838 3437 Amen.

609 3497 839 3552 SERMO
878 3498 1090 3554 XXVIII
1133 3499 1235 3571 [ΑΙ.
1272 3498 1503 3572 XXVII].

605 3585 625 3625 ί
655 3588 722 3642 In
762 3590 1050 3645 Nativitate
1092 3591 1296 3645 Domini
1343 3590 1508 3644 VIII.

258 3676 537 3755 Sinorsts.
573 3704 649 3755 f—
682 3681 722 3737 I.
763 3683 967 3747 Quanta
1009 3686 1187 3739 laetitia
1230 3688 1524 3755 mysterium
1548 3685 1737 3741 Christi
1756 3703 1848 3741 na-

322 3752 519 3828 agatis
540 3753 609 3828 sit
638 3756 1013 3828 excipiendum.
1043 3782 1110 3795 --
1150 3756 1214 3811 ιι.
1244 3752 1469 3828 Διάιίιιε
1494 3759 1767 3828 animaque
1793 3758 1847 3814 in

322 3818 542 3899 Christo
568 3818 794 3899 humana
820 3824 964 3879 nullo
992 3839 1243 3899 momento
1280 3824 1494 3881 Verbum
1520 3818 1761 3899 abfuisse.
1777 3859 1849 3870 -ο

323 3889 408 3944 III.
444 3891 520 3943 In
547 3893 761 3968 delenda
785 3907 987 3968 peccato
1010 3896 1135 3950 Adit:
1163 3899 1447 3952 voluntario
1464 3889 1721 3968 justitiam
1744 3910 1848 3955 esse

320 3974 606 4017 servatam.
636 3993 706 4005 --
733 3966 820 4019 IV.
857 3966 1001 4021 Varii
1037 3983 1234 4021 errores
1269 3972 1403 4022 circa
1439 3966 1847 4024 incarnationem

325 4032 733 4113 Domini-7y.
765 4035 992 4113 .‘Vestorii
1030 4052 1077 4092 et
1116 4039 1363 4109 Eutychis
1392 4043 1555 4113 impia
1583 4044 1841 4113 dogmata.

320 4104 441 4179 -—_\
462 4102 509 4157 l.
544 4102 822 4160 Vrritatem
866 4110 1130 4179 utriusque
1177 4102 1377 4165 natura:
1420 4102 1473 4165 in
1519 4102 1742 4174 Chrii'to,
1793 4116 1845 4167 in

318 4176 582 4254 unitatem
599 4192 841 4254 personis
863 4176 1143 4254 convenire.
1174 4210 1245 4254 έ-
1273 4180 1378 4254 Yll.
1403 4182 1667 4247 Quomodo
1684 4183 1842 4254 pleni-

319 4253 450 4298 litt-0
491 4246 787 4302 Dit'initatis
825 4253 1158 4319 corporaliter
1188 4252 1241 4304 in
1263 4246 1467 4306 Christo
1495 4246 1765 4317 inhabitat,
1800 4260 1846 4307 et

319 4333 369 4366 nt
400 4314 669 4370 Ecclesia.

318 4333 369 4366 tu
400 4333 669 4371 noctesta.

318 4408 452 4461 Car.
482 4408 527 4462 I.
556 4434 628 4450 --
656 4410 788 4465 Cum
820 4426 1033 4479 semper
1062 4426 1181 4476 nos,
1230 4414 1582 4476 dilectissimi,
1616 4415 1845 4483 gaudere

1960 3302 2125 3361 David
2154 3311 2410 3358 venturus
2437 3302 2648 3357 semine
2669 3299 2969 3355 traderetur
2990 3317 3003 3352 :
3028 3297 3315 3364 Quomodo,
3340 3296 3534 3367 inquit,

1953 3397 2100 3451 illum
2132 3395 2407 3451 Dominum
2436 3408 2582 3449 suum
2612 3393 2775 3449 David
2814 3394 2867 3447 in
2908 3392 3093 3457 spiritu
3124 3401 3286 3455 uocat,
3321 3390 3493 3444 disens
3513 3402 3534 3444 θ

1956 3489 2099 3544 Ditis
2134 3486 2387 3543 Dominus
2426 3487 2647 3541 Domino
2691 3501 2804 3541 meo
2840 3501 2859 3539 :
2908 3484 3042 3541 Sede
3080 3501 3111 3537 a
3153 3484 3347 3537 dextris
3388 3484 3532 3547 meis,

1953 3584 2110 3639 donec
2145 3598 2333 3655 ponam
2374 3582 2606 3636 inimicos
2646 3590 2757 3635 tuos
2796 3580 3071 3633 seabellum
3116 3576 3302 3648 pedum
3329 3585 3531 3631 tuorum

1951 3674 2165 3746 (Matth.
2198 3688 2333 3739 uti,
2362 3674 2454 3740 65,
2486 3671 2585 3736 μς
2622 3669 2709 3725 Ps.
2741 3685 2852 3735 six,
2881 3669 2965 3739 I)?
2992 3668 3101 3724 Nec
3129 3675 3415 3735 potuerunt
3438 3666 3530 3721 Ju-

1952 3768 2052 3825 daei
2087 3765 2414 3836 propositam
2442 3766 2652 3823 solvere
2681 3762 3053 3834 quaestionem,
3086 3763 3210 3829 quia
3239 3774 3343 3813 non
3373 3758 3529 3815 intelc

1951 3859 2187 3929 ligebant
2216 3859 2270 3912 in
2300 3872 2407 3912 uno
2434 3853 2649 3911 Christo
2677 3867 2728 3909 et
2761 3851 3070 3924 progeniem
3103 3850 3427 3916 Davidicam,
3474 3859 3529 3905 et

1949 3962 2198 4007 naturam
2228 3947 2599 4018 prophetatam
2629 3960 2749 4001 esse
2778 3944 3035 3999 divinam.

2018 4044 2147 4101 Car.
2171 4043 2257 4099 Ill.
2281 4069 2353 4086 —-
2374 4042 2618 4111 Maiestas
2644 4052 2818 4094 autem
2846 4038 2965 4094 Filii
3002 4037 3095 4092 Dei
3118 4034 3339 4106 aequalis
3363 4032 3527 4099 Patri,

1949 4141 2184 4196 vestiens
2227 4154 2287 4194 se
2331 4137 2628 4193 humilitate
2658 4134 2858 4201 servili,
2904 4147 3002 4187 nec
3034 4130 3308 4186 metuebat
3339 4129 3525 4191 minui,

1950 4246 2048 4289 nec
2078 4230 2349 4301 indigebat
2373 4227 2586 4297 augeri;
2637 4227 2915 4294 ipsumque
2952 4222 3196 4276 ct'i'ectum
3224 4219 3529 4274 misericor-

1948 4325 2048 4379 diae
2072 4339 2204 4385 suae,
2225 4337 2382 4392 quem
2406 4319 2729 4375 restitutioni
2759 4315 3097 4385 itttpcndebat
3120 4314 3388 4376 humanm,
3413 4310 3524 4363 sola

1949 4419 2171 4487 exsequi
2227 4420 2440 4485 poterat
2486 4415 2683 4467 virtute
2719 4411 2970 4472 Deitatis;
3019 4416 3076 4459 ut
3118 4415 3417 4461 creaturam
3461 4403 3527 4458 ad

249 4496 297 4551 in
320 4498 581 4570 Domino,
612 4501 787 4558 omnia
813 4504 988 4558 divina
1014 4506 1219 4575 eloquia
1247 4516 1271 4553 ε
1298 4509 1663 4569 exhortantur.
1684 4506 1842 4563 Itodis
1872 4501 1920 4559 1)
1948 4511 2235 4580 imaginem
2266 4502 2360 4565 Del
2402 4507 2670 4564 conditam
2713 4498 2921 4575 (Cenes.
2947 4512 2987 4566 ι,
3017 4492 3110 4571 26)
3150 4512 3179 4553 a
3207 4496 3335 4568 iugo
3368 4492 3391 4533 ¹ι
3425 4494 3532 4552 diri.

316 4730 343 4801 ξ
374 4720 541 4801 Unus
570 4726 719 4796 νει..
742 4739 797 4783 ut
825 4731 1071 4801 quidquid
1086 4770 1110 4801 Α.
1148 4772 1162 4786 .
1190 4770 1203 4786 .
1235 4772 1246 4784 .
1275 4731 1488 4797 referas.

314 4794 343 4836 δ
392 4798 481 4854 Ita
521 4794 713 4855 omnes
755 4794 922 4856 noétri
961 4794 1121 4857 codd.
1168 4813 1219 4856 et
1274 4794 1400 4856 editi
1429 4814 1553 4857 ante
1583 4802 1847 4869 Quesnel-

246 4865 492 4942 Ium,qui
518 4881 757 4942 testatur
782 4872 851 4925 ita
870 4873 1043 4926 etiam
1073 4873 1176 4942 legi
1204 4873 1255 4926 in
1281 4865 1762 4938 mss.Gaudiival.;
1791 4884 1846 4930 at

246 4940 360 5007 ipse
390 4941 573 5016 edidit
596 4942 971 5016 incorporeum,
992 4954 1046 4998 et
1073 4940 1189 5014 post
1221 4944 1540 5016 incorporeo,
1562 4961 1660 4998 nec
1677 4944 1844 5002 ullum

248 5024 348 5064 ms.
390 5011 600 5067 librum
636 5015 714 5068 sic
743 5011 1116 5085 praeferentem
1160 5011 1439 5068 indicavit.
1494 5016 1676 5085 Neque
1722 5031 1844 5071 con-

244 5090 427 5154 textus
468 5085 666 5138 Leonis
713 5085 763 5139 id
806 5085 1054 5152 requirit.
1098 5085 1292 5139 Lucem
1340 5086 1482 5139 enim
1525 5101 1838 5154 oorpoream

245 5153 394 5224 tangi
433 5168 708 5223 corporeo
743 5170 903 5210 sensu
949 5172 1054 5209 non
1104 5164 1281 5222 vetat,
1327 5157 1417 5218 qui
1460 5153 1838 5224 praemiserat:

247 5217 428 5289 Utere,
476 5217 733 5293 quomodo
762 5227 1007 5280 utendum
1031 5235 1144 5289 est,
1195 5217 1514 5293 t'isibiiibui;
1559 5228 1681 5281 dum
1728 5229 1843 5282 solo

249 5306 419 5347 sensu
446 5303 764 5367 tangantur,
792 5304 973 5354 mente
1000 5305 1177 5354 autem
1206 5314 1393 5353 verum
1425 5299 1604 5353 lumen
1644 5299 1843 5371 ample-

244 5373 488 5420 utamur.

318 5446 338 5474 ι
372 5430 477 5491 Sic
506 5451 570 5491 ex
610 5452 740 5492 mss.
767 5436 825 5493 S.
869 5435 1008 5494 Petri
1038 5446 1090 5493 et
1119 5439 1301 5493 Casia.
1333 5438 1444 5503 AL,
1479 5439 1629 5492 habet
1658 5439 1710 5493 in
1750 5456 1844 5493 sua

242 5507 444 5580 angari.
476 5506 620 5580 Mos,
645 5508 820 5579 utique
850 5526 946 5579 pro
969 5511 1137 5580 itaque
1182 5512 1234 5564 in
1269 5512 1438 5580 prima
1467 5510 1723 5565 editione.

312 5572 342 5613 δ
388 5576 531 5633 Cod.
571 5579 705 5633 Bon.
734 5572 797 5633 ἐι
835 5572 1000 5649 prima
1054 5572 1562 5647 cilium-omnium;
1612 5588 1666 5649 ei
1720 5579 1841 5634 dein

246 5648 609 5773 ιῖξπρῧηὶιίιετ
649 5666 743 5720 pro
772 5648 1114 5719 temperanter
1144 5654 1195 5706 in
1239 5668 1342 5704 uno
1383 5668 1481 5706 ms.
1517 5653 1575 5707 S.
1610 5648 1753 5706 Petri
1790 5657 1844 5707 et

246 5733 273 5771 ἢ
298 5736 349 5773 I0
432 5743 459 5769 -ι
499 5760 512 5772 .

246 5728 349 5773 alio
382 5728 512 5773 Val.

319 5800 343 5828 ο
377 5792 528 5858 Quia
545 5801 712 5850 autem
737 5792 807 5850 ad
825 5795 1096 5865 prasentia
1117 5808 1291 5851 sumus
1318 5795 1449 5866 nati,
1463 5793 1532 5852 ad
1552 5796 1735 5868 futura
1755 5810 1846 5849 stt-

1952 4748 2067 4787 mus
2094 4731 2277 4795 renati,
2306 4732 2361 4786 in
2392 4745 2493 4785 ms.
2526 4724 2658 4783 Bon.
2688 4736 2741 4782 et
2762 4727 2934 4795 prima
2962 4724 3090 4783 edit.

2031 4802 2049 4841 ί
2079 4803 2136 4857 In
2162 4818 2269 4858 uno
2308 4816 2410 4858 ms.
2441 4802 2498 4858 S.
2516 4800 2683 4864 Petri,
2708 4797 2784 4853 De
2810 4798 3090 4855 Nativitate
3113 4798 3319 4853 Domini
3358 4805 3533 4851 contra

1953 4874 2237 4931 haereticos.
2272 4873 2326 4928 In
2358 4872 2465 4928 alio
2503 4870 2745 4939 eiusdem
2775 4871 3007 4939 basilica:
3035 4864 3398 4939 cod.,_(.ontra
3427 4867 3533 4922 Ne-

1948 4945 2158 5000 storium
2181 4955 2226 4999 et
2248 4943 2376 4997 alios
2408 4934 2670 4997 hereticos
2696 4941 2768 4994 de
2788 4934 3149 4996 Incarnatione
3180 4937 3406 4993 Domini.

2021 5023 2046 5062 8
2082 5014 2214 5070 Tres
2244 5012 2364 5069 Vat.
2393 5012 2550 5068 codd.
2583 5021 2638 5066 et
2667 5012 2835 5081 prima
2868 5012 3051 5081 editio,
3077 5011 3420 5066 cohortentur.

2020 5084 2050 5123 h
2078 5085 2210 5141 Cod.
2246 5086 2306 5142 S.
2342 5085 2507 5147 Petri,
2539 5094 2591 5138 et
2624 5080 2742 5137 Vat.
2781 5081 2940 5147 1267,
2972 5080 3125 5137 homo
3153 5099 3278 5135 esse.

2028 5154 2043 5193 ¹
2076 5155 2250 5214 Codd.
2286 5158 2349 5229 _S_.
2388 5153 2556 5221 Petri,
2596 5162 2657 5229 _et
2698 5153 2999 5229 Bon.,_non
3036 5150 3337 5229 a_litcr_rsse
3377 5165 3530 5229 quam

1950 5226 2112 5282 Pater
2139 5236 2233 5282 est.
2285 5226 2458 5282 Unum
2501 5219 2717 5280 verbum
2758 5234 2830 5277 est
2869 5223 3083 5280 leCIiOlII
3128 5222 3351 5289 vulgata:
3382 5219 3533 5287 adie-

1950 5298 2265 5423 ﬁliique1
2302 5312 2368 5352 ex
2402 5297 2486 5352 his
2514 5294 2697 5362 codd.,
2742 5300 2855 5350 tum
2885 5312 2951 5351 ex
2982 5298 3199 5365 antiquo
3225 5292 3530 5349 Lectionar.

1999 5384 2026 5422 a
2059 5408 2073 5422 .
2224 5395 2267 5423 ι.

1999 5376 2073 5423 at.
2110 5369 2267 5423 ηδτ.

2026 5442 2040 5489 i
2087 5439 2249 5506 Editi,
2284 5454 2385 5493 non
2413 5439 2523 5505 ipse
2549 5437 2601 5491 in
2629 5446 2806 5491 nostra
2833 5436 3084 5505 deﬁceret.
3112 5435 3301 5492 Melius
3326 5429 3528 5506 incod.

1951 5508 2008 5566 S.
2043 5509 2211 5565 Petri.
2237 5500 2574 5576 'Panlo'post
2608 5507 2659 5563 in
2694 5508 2796 5564 hoc
2817 5500 3019 5567 codice.
3049 5518 3103 5562 et
3134 5509 3185 5561 in
3222 5506 3335 5559 Vat.
3368 5500 3529 5569 I267,

1950 5598 2052 5651 non
2082 5583 2145 5635 sit
2173 5582 2235 5636 ab
2265 5580 2471 5636 homine
2500 5590 2806 5651 separatum,
2837 5590 2881 5633 et
2912 5579 3259 5651 quidquid‘est
3291 5576 3525 5651 Itoininis.

2025 5646 2053 5690 Il
2092 5651 2264 5716 l‘ldili,
2318 5653 2445 5706 dirae
2490 5646 2869 5705 dominationis.
2918 5646 3117 5717 Queén.
3168 5649 3218 5703 in
3270 5650 3530 5711 margine,

1951 5725 2053 5780 diri
2078 5725 2445 5804 dominatori};
2489 5721 2631 5804 quod
2672 5720 3002 5804 pra-tulimus
3046 5719 3532 5804 auctoritalefli‘ug-

1950 5810 2071 5854 sum
2098 5795 2258 5855 codd.
2286 5790 2346 5854 S.
2375 5788 2542 5863 Petri,
2590 5802 2647 5853 et
2673 5788 2951 5862 Casinam.
2986 5802 3089 5851 etc.
3121 5792 3182 5851 In
3215 5790 3335 5852 Vat.
3373 5790 3531 5858 1267,
