3994 6354
1555 327 1614 382 S.
1658 325 1899 381 LEUNIS
1926 323 2139 380 MAGNI
2176 323 2569 382 SERMONES.

3619 319 3729 377 au

439 444 792 502 dominatoris
816 451 1054 503 erueret.
1081 443 1191 501 Sed
1211 441 1336 515 quia
1362 455 1469 497 non
1490 439 1562 495 ita
1595 441 1648 495 in
1668 441 1901 510 primum
1928 442 2025 495 ho—
2055 444 2103 501 Α
2131 448 2253 493 rant
2283 437 2303 476 ί
2344 439 2604 496 unitatem
2642 439 2871 495 Deitatis
2921 438 3224 509 intelligere
3268 438 3371 494 nisi
3417 438 3470 493 in
3518 436 3728 493 unitate

440 542 638 595 minem
662 539 909 597 diabolus
935 539 1208 595 violentus
1228 539 1533 602 exstiterat,
1551 543 1609 590 ut
1628 550 1750 590 eum
1776 534 1827 589 in
1853 544 2030 603 partes

441 650 566 690 suas
592 634 709 691 sine
740 634 893 690 liberi
922 633 1131 688 arbitrii
1165 630 1523 687 consensione
1569 628 1909 697 transferret,
1953 631 2031 682 sic

442 728 828 785 destruendum
869 736 1147 797 peccatum
1176 736 1202 764 ι
1242 724 1417 781 fuerat
1446 724 1810 780 voluntarium
1841 734 1895 779 et
1936 724 2032 777 lio-

439 822 567 877 stilo
609 822 914 885 consilium,
958 830 1017 875 ut
1044 820 1189 875 dono
1216 820 1408 891 gratia:
1440 833 1545 873 non
1577 819 1794 873 obesset
1840 831 2029 872 norma

435 911 673 982 justitize.
705 912 762 966 lii
797 911 963 965 totius
995 911 1155 979 igitur
1171 909 1403 968 .ltumaiii
1426 910 1643 979 generis
1671 918 1852 979 strage
1881 922 2030 963 cum-

436 1006 606 1071 muni,
650 1020 813 1058 unum
842 1008 1015 1059 solum
1042 1002 1071 1042 ι’
1102 1014 1219 1059 erat
1266 1002 1563 1059 remedium
1593 1001 1695 1055 sub
1720 1001 1917 1055 divinae
1944 1015 2031 1055 ra-

438 1098 597 1153 tionis
628 1099 865 1163 oeculto,
913 1099 1055 1171 quod
1093 1107 1274 1167 posset
1312 1096 1601 1153 subvenire
1648 1092 1951 1165 ρτοειιιςιιίς,
1982 1092 2030 1147 si

433 1191 629 1261 aliquis
660 1193 890 1247 filiorum
918 1193 1085 1249 Adam
1115 1190 1391 1261 originalis
1417 1188 1872 1256 pracvnricationis
1902 1186 2031 1241 alie-

433 1299 534 1339 niis
558 1297 719 1355 atque
747 1290 1013 1341 innocens
1045 1294 1379 1347 nasceretur,
1411 1286 1499 1351 qui
1530 1282 1745 1338 caeteris
1771 1292 1827 1336 et
1847 1295 2031 1334 exem-

434 1377 523 1446 plo
549 1379 662 1451 99
690 1381 967 1449 prodesset
998 1389 1054 1435 et
1085 1379 1297 1433 merito.
1349 1377 1454 1433 Sed
1481 1377 1604 1446 quia
1635 1378 1736 1430 line
1768 1374 2030 1429 naturalis

434 1472 718 1539 generatio
773 1486 876 1527 non
916 1471 1146 1538 sitiebat,
1198 1485 1296 1525 nec
1345 1477 1555 1538 peierat
1589 1468 1791 1522 vitiata:
1830 1466 2030 1521 radicis

436 1577 672 1630 prepago
711 1579 832 1618 esse
862 1565 980 1619 siue
1024 1565 1255 1629 semine,
1303 1563 1370 1616 de
1408 1577 1514 1632 quo
1549 1561 1823 1628 Scriptura
1857 1559 2024 1614 dicit:

437 1657 567 1725 Quis
591 1667 755 1726 potest
782 1662 950 1729 facere
976 1660 1228 1712 mundum
1256 1661 1320 1711 de
1347 1657 1609 1711 immundo
1637 1666 1936 1724 conceptum
1956 1673 2030 1710 se-

436 1748 611 1804 mine?
641 1748 826 1804 Nonne
854 1760 929 1817 tu,
964 1751 1052 1818 qui
1077 1752 1218 1803 solus
1248 1767 1299 1804 es
1330 1747 1473 1820 (Job.
1508 1766 1615 1814 xxv,
1646 1748 1738 1820 ψ
1772 1750 2028 1803 Dominus

434 1838 603 1894 David
632 1840 803 1897 factus
833 1855 914 1896 est
953 1842 1094 1896 illius
1117 1840 1305 1904 David,
1330 1853 1381 1897 et
1405 1841 1473 1897 de
1503 1843 1749 1910 promissi
1777 1852 1799 1881 ο
1830 1841 2029 1911 germi-

432 1934 518 1987 nis
539 1933 713 1989 frucut
740 1935 917 2003 proles
933 1944 1016 1990 est
1037 1943 1154 1990 orta
1178 1936 1294 1989 sine
1320 1936 1471 2002 vitio,
1494 1937 1545 1989 in
1569 1950 2028 2005 unaiiiper‘ouam

433 2026 646 2095 gemina
694 2028 1057 2081 eonveiiiente
1116 2040 1304 2082 natura
1353 2045 1366 2080 :
1417 2039 1472 2081 iit
1525 2028 1715 2083 eodem
1767 2039 2029 2097 conceptu

432 2117 729 2189 eodemque
777 2129 934 2189 partu
979 2120 1292 2190 gigneretur
1340 2121 1594 2175 Dominus
1637 2129 1822 2174 noster
1871 2119 2030 2174 Jesus

432 2209 699 2278 Christus,
746 2213 832 2266 cui
864 2208 891 2248 ά
939 2221 993 2266 et
1034 2226 1159 2267 vera
1197 2212 1404 2268 inesset
1433 2212 1613 2267 Deitas
1658 2212 1723 2265 ad
1773 2211 2027 2266 miracula

432 2316 688 2372 operum,
745 2313 801 2359 et
844 2318 972 2360 vera
1028 2302 1337 2361 humanitas
1391 2305 1459 2361 ad
1511 2304 1855 2361 tolerantiam
1907 2320 2030 2375 pas-

434 2394 670 2451 sianum.

502 2488 632 2541 Car.
666 2486 755 2543 IV.
805 2516 877 2531 -—
922 2489 1085 2545 Fides
1121 2489 1283 2561 igitur
1325 2489 1615 2558 catholica,
1664 2489 2026 2554 dilectissimi,

432 2579 817 2637 oblatrantium
850 2584 1228 2639 hmreticorum
1252 2594 1471 2652 spernat
1495 2599 1735 2654 errores,
1758 2586 1846 2654 qui
1876 2601 2030 2639 muii-

431 2672 587 2728 dana:
610 2675 887 2745 sapientia:
911 2676 1149 2731 vanitate
1174 2677 1408 2746 decepti,
1426 2692 1453 2731 a
1479 2677 1720 2731 veritatis
1734 2676 2029 2745 Evangelia

430 2778 794 2837 reces~erimt,
827 2778 882 2825 et
928 2770 1354 2824 incarnationem
1388 2769 1544 2825 Verbi
1587 2769 1893 2839 intelligere
1919 2784 2027 2824 non

431 2856 702 2923 valentes,
734 2859 801 2914 de
827 2874 987 2916 causa
1022 2860 1432 2915 illuminationis
1458 2860 1700 2915 fecerunt
1726 2861 1825 2916 sibi
1859 2872 2029 2918 mate-

429 2950 560 3005 riam
591 2955 868 3009 caicitatis.
918 2955 1049 3010 Nam
1081 2958 1322 3011 omnium
1371 2954 1483 3011 fere
1526 2956 1657 3011 falsa
1688 2956 2027 3013 credentium

428 3043 794 3112 Opinionibus,
823 3062 941 3113 qua:
962 3047 1124 3101 etiam
1150 3049 1202 3102 in
1225 3048 1396 3103 sancti
1426 3046 1659 3115 Spiritus
1686 3049 2025 3118 negationem

432 3145 714 3201 proruunt,
744 3136 1074 3202 retractatis,
1104 3139 1375 3192 neminem
1402 3154 1536 3206 pene
1558 3138 1807 3195 deviasse
1828 3154 2027 3210 cogito-

2135 547 2419 603 personae,
2462 533 2711 589 eumdem
2761 547 3104 589 asserueriint
3133 548 3254 589 esse
3305 533 3514 588 Patrem
3564 545 3724 602 quem

2135 626 2367 693 Filium;
2417 639 2472 682 ut
2506 628 2651 683 nasci
2681 641 2731 683 et
2764 629 2976 694 nutriri,
3018 628 3124 698 pati
3154 640 3207 684 et
3238 626 3391 687 mori,
3426 625 3640 695 sepeliri
3670 632 3729 680 et

2136 735 2441 789 resurgere,
2483 720 2549 773 ad
2580 719 2828 775 eumdem
2866 732 3179 786 pertineret,
3227 720 3315 786 qui
3344 734 3437 788 per
3464 720 3642 771 omnia
3671 724 3728 772 et

2134 810 2367 868 hominis
2404 827 2688 879 personam
2731 812 2978 877 impleret
3005 822 3061 867 et
3094 813 3271 867 Verbi.
3302 812 3528 879 Quidam
3572 822 3717 879 puta-

2138 914 2332 959 verunt
2372 904 2654 959 Dominum
2697 904 2881 965 .lesum
2914 905 3185 959 Clirisiuiu
3229 920 3334 959 non
3367 913 3566 959 nostrae
3600 903 3731 957 sub-

2134 1001 2348 1054 stantiae
2372 1014 2567 1068 corpus
2594 998 2864 1063 habuiss»,
2898 999 2992 1054 sed
3019 1001 3088 1052 ab
3111 998 3393 1053 i-leiiientis
3423 995 3723 1065 Superiori-

2135 1090 2233 1146 bus
2264 1107 2326 1146 ac
2360 1091 2727 1146 subtilioribus
2762 1092 2918 1163 ιοο
2947 1101 3239 1159 sntnpltttn.
3290 1088 3517 1158 Quidam
3543 1101 3725 1143 autem

2134 1191 2534 1240 aestimaverunt
2594 1188 2645 1239 in
2686 1200 2849 1239 carne
2887 1183 3086 1239 Christi
3144 1184 3429 1238 humanam
3489 1185 3723 1238 animam

2136 1288 2161 1325 κ
2188 1296 2292 1334 non
2321 1279 2507 1343 fuisse,
2532 1280 2627 1335 sed
2662 1290 2844 1349 partes
2875 1279 3067 1332 anima».
3093 1278 3263 1344 ipsam
3291 1276 3452 1332 Vi-rbi
3474 1276 3730 1346 implesse

2138 1372 2421 1427 Deitatem.
2467 1372 2708 1440 Quorum
2761 1371 3116 1442 imprudentia
3158 1371 3210 1425 in
3259 1370 3360 1425 huc
3405 1370 3637 1435 transiit,
3671 1379 3732 1424 ut

2133 1466 2370 1521 animam
2416 1466 2631 1536 quidem
2679 1465 2844 1519 fuisse
2893 1464 2946 1519 in
2994 1463 3224 1518 Domino
3272 1463 3584 1524 faterentur,
3631 1463 3729 1518 sed

2134 1559 2381 1614 eamdem
2412 1558 2654 1613 dicerent
2684 1569 2863 1612 mente
2889 1557 3152 1622 carui~se,
3183 1557 3306 1625 quia
3332 1555 3601 1612 sufficeret
3631 1556 3733 1611 lio-

2135 1650 2264 1705 mini
2293 1651 2408 1705 sola
2440 1650 2619 1705 Deitas
2647 1650 2715 1703 ad
2757 1650 2937 1705 omnia
2969 1651 3084 1703 rati-
3110 1653 3191 1703 nis
3217 1648 3415 1704 officia.
3447 1649 3731 1705 Postremo

2134 1743 2294 1798 iidem
2348 1758 2596 1797 asserere
2638 1748 3127 1812 prte~umpserunt,
3186 1756 3391 1811 partem
3437 1741 3727 1812 quamdam

2062 1841 2104 1900 Β
2137 1835 2296 1890 Verbi
2330 1836 2380 1888 in
2406 1848 2624 1889 carnem
2668 1832 2835 1888 fuisse
2865 1849 3205 1901 conversam,
3241 1846 3300 1889 ut
3330 1834 3383 1888 in
3416 1836 3573 1889 unius
3594 1834 3730 1904 dog-

2134 1929 2296 1985 matis
2339 1933 2606 1987 varietate
2638 1932 2941 2003 multiplici,
2995 1946 3099 1987 non
3144 1932 3325 1987 carnis
3369 1941 3571 1987 tantum
3605 1934 3727 1988 ani-

2134 2037 2345 2091 maeque
2370 2017 2401 2058 ¹ι
2447 2032 2655 2087 natura,
2690 2023 2785 2077 sed
2825 2025 2987 2079 etiam
3028 2024 3195 2094 ipsius
3226 2020 3389 2080 Verbi
3426 2025 3732 2081 solveretur

2132 2114 2391 2168 essentia.

2203 2209 2332 2263 CAP.
2370 2207 2432 2264 V.
2461 2235 2535 2252 --
2566 2208 2728 2264 Multa
2760 2218 2885 2263 sunt
2914 2221 2967 2264 et
3003 2210 3105 2265 alia
3136 2210 3376 2282 prodigia
3410 2210 3727 2278 falsitatum,

2131 2300 2325 2371 quibus
2352 2302 2734 2356 enumi-raiidis
2756 2301 3031 2356 charitatis
3060 2310 3256 2357 vestra:
3277 2319 3384 2359 non
3399 2314 3482 2359 est
3506 2301 3734 2374 fatigan-

2131 2393 2232 2448 dus
2263 2395 2500 2450 auilitus.
2551 2394 2658 2450 Sed
2691 2409 2805 2464 post
2842 2396 3086 2451 diversas
3118 2396 3445 2466 iinpietates.
3478 2414 3599 2469 quia
3626 2398 3730 2454 sibi

2134 2488 2360 2542 invicem
2412 2498 2537 2543 sunt
2577 2488 2981 2543 multiformium
3033 2490 3485 2559 blasphemiarum
3524 2506 3730 2561 cogna-

2134 2578 2280 2634 Ii0ne
2302 2595 2581 2643 roanexm,
2607 2581 2673 2634 de
2696 2580 2776 2633 liis
2802 2581 3135 2650 potissimum
3162 2582 3435 2637 erroribus
3452 2583 3733 2638 declinan-

2132 2672 2216 2727 dis
2233 2674 2629 2729 observantiam
2652 2688 2843 2729 vestrm
2860 2674 3164 2730 devotionis
3187 2676 3731 2749 admoneo;quorum

2134 2783 2273 2823 unus
2317 2769 2517 2822 dudum
2563 2767 2812 2823 Nestorio
2845 2780 3065 2824 auctore
3093 2786 3421 2837 consurgere
3468 2787 3573 2827 non
3620 2773 3731 2827 im-

2132 2878 2276 2932 pune
2303 2861 2549 2925 tentavit,
2574 2863 2708 2916 alius
2732 2878 2904 2931 nuper
2927 2864 3038 2933 pari
3069 2867 3446 2921 exsecratione
3466 2866 3731 2923 damnan-

2133 2954 2254 3023 dus,
2291 2954 2533 3026 Eutyche
2577 2966 2847 3010 assertore
2890 2957 3155 3026 prorupit.
3208 2957 3339 3013 Nam
3384 2960 3475 3014 ille
3514 2959 3729 3017 beatam

2136 3048 2355 3102 Mariam
2402 3046 2674 3117 Virginem
2729 3049 2961 3104 hominis
3013 3050 3384 3105 tantummodo
3436 3067 3598 3107 ausus
3640 3061 3731 3109 est

2137 3140 2433 3207 pra-dicare
2475 3138 2814 3209 genitricem,
2857 3150 2914 3194 ut
2961 3139 3014 3194 in
3046 3152 3308 3211 eoiiceptu
3340 3143 3457 3210 ejus
3486 3154 3539 3199 et
3572 3152 3731 3213 partu

428 3226 651 3291 scimus,
686 3229 785 3282 nisi
814 3229 905 3296 qui
953 3229 1181 3285 duarum
1212 3230 1263 3285 in
1295 3229 1511 3285 Christo
1544 3240 1853 3286 naturarum
1884 3233 2023 3287 veri-
2053 3222 2098 3282 C
2134 3233 2275 3287 nulla
2308 3230 2472 3287 Verbi
2512 3241 2565 3285 et
2595 3231 2771 3286 carnis
2820 3232 2953 3288 facta
2997 3235 3167 3289 unitio
3211 3235 3523 3291 crederetur
3555 3254 3567 3289 :
3601 3240 3730 3307 quia

430 3325 592 3373 tatem
635 3321 737 3373 sub
767 3322 924 3376 uiiius
956 3337 1198 3391 persona:
1234 3325 1574 3379 confessione
1619 3340 1722 3378 non
1765 3326 2018 3380 credidit.

429 3408 534 3463 Alii
561 3411 759 3466 etenim
793 3412 1020 3468 Domino
1063 3415 1234 3470 solam
1268 3414 1685 3485 humanitatem,
1728 3417 1818 3471 alii
1849 3417 2019 3473 solam

428 3503 731 3571 ascripsere
761 3502 1046 3560 Deitatem.
1084 3506 1187 3561 Alii
1219 3523 1401 3561 veram
1433 3510 1649 3578 quidem
1697 3510 1747 3563 iii
1787 3510 1904 3576 ipso
1932 3509 2021 3563 Di-

431 3593 740 3659 vinitatem,
800 3599 895 3653 sed
934 3615 1153 3655 carnem
1199 3601 1453 3657 dixerunt
1484 3603 1649 3659 fuisse
1691 3605 2017 3660 simulatam.

429 3688 532 3743 Alii
557 3689 786 3759 professi
816 3704 942 3748 sunt
970 3710 1153 3749 veram
1181 3712 1302 3750 eum
1327 3698 1631 3764 suscepisse
1658 3714 1900 3761 carnem,
1923 3700 2019 3754 sed

428 3780 522 3836 Dei
553 3783 726 3838 Patris
770 3800 877 3839 non
925 3785 1178 3842 habuisse
1220 3797 1497 3855 naturain;
1550 3800 1604 3843 et
1636 3788 1830 3843 Deitali
1880 3790 2018 3859 ejus,

425 3890 545 3944 qua:
572 3886 725 3931 erant
752 3878 1002 3934 humanae
1025 3881 1363 3945 substantiae,
1387 3882 1730 3951 deputantes,
1759 3882 2018 3951 majorem

426 3965 527 4020 sibi
578 3966 749 4023 Deum
794 3972 1170 4040 mitioremque
1215 3972 1519 4041 finxerunt,
1567 3988 1687 4028 cum
1729 3964 1926 4043 gradus
1968 3975 2019 4028 in

425 4072 549 4111 tera
576 4057 892 4117 Diivinitate
918 4076 1040 4118 esse
1070 4072 1092 4100 ο
1121 4079 1227 4119 non
1258 4066 1451 4133 possit:
1483 4066 1734 4135 quoniam
1765 4065 2020 4135 quidquid

425 4150 535 4204 Deo
565 4153 743 4208 tniiius
771 4164 875 4225 est,
914 4156 1052 4211 Deus
1084 4174 1188 4211 non
1221 4168 1323 4213 est.
1359 4160 1464 4213 Alii
1494 4170 1891 4229 cognoscentes
1920 4160 2020 4214 Pa-

421 4248 518 4301 tris
548 4259 602 4304 et
632 4249 750 4306 Filii
783 4253 985 4308 nullam
1010 4268 1131 4309 esse
1174 4255 1506 4324 distantiam,
1549 4257 1674 4327 quia
1722 4272 1827 4311 non
1859 4265 2017 4327 pote-

419 4410 535 4463 durt'
556 4411 909 4485 dominator-is.
940 4413 1060 4468 Mox
1092 4424 1292 4469 exueret
1315 4431 1411 4485 pro
1436 4425 1631 4470 erueret
1660 4419 1711 4472 in
1740 4432 1846 4471 ms.
1876 4416 2010 4472 Bon.

2135 3325 2228 3380 Dei
2276 3324 2441 3381 Filius
2487 3338 2593 3377 non
2640 3323 2796 3393 ipsel
2835 3323 3009 3380 factus
3053 3326 3119 3380 sit
3150 3327 3385 3382 hominis
3416 3328 3579 3393 illius,
3626 3330 3730 3387 sed

2133 3428 2315 3474 creato
2362 3417 2571 3473 homini
2610 3417 2722 3471 sola
2764 3432 2822 3473 se
2862 3417 3174 3488 dignatione
3213 3422 3522 3477 sociaverit.
3572 3423 3730 3490 Quod

2131 3511 2410 3566 catholica:
2441 3525 2601 3565 aures
2628 3525 2964 3582 nequaquam
3006 3512 3237 3568 tolerare
3267 3523 3575 3585 potuerunt.
3603 3529 3731 3585 quas

2130 3604 2208 3658 sic
2250 3603 2538 3672 Evangelii)
2575 3602 2815 3657 veritatis
2866 3602 3086 3659 imbutas
3125 3616 3270 3671 sunt,
3310 3615 3369 3661 nt
3415 3606 3730 3664 firmissime

2134 3696 2381 3750 noverint
2420 3695 2617 3749 nullam
2649 3709 2770 3749 esse
2810 3695 3045 3751 humano
3091 3699 3273 3767 generi
3314 3714 3465 3766 spent
3509 3700 3725 3770 salutis,

2132 3789 2236 3844 nisi
2266 3790 2381 3858 ipse
2408 3797 2551 3842 esset
2581 3787 2721 3842 illius
2752 3787 3007 3858 Virginis,
3040 3789 3132 3861 qui
3161 3801 3374 3846 creator
3398 3802 3479 3846 est
3513 3792 3725 3848 matris.

2133 3883 2230 3939 llic
2268 3891 2443 3936 autem
2489 3881 2805 3936 recentioris
2849 3882 3116 3952 sacrilegii
3166 3882 3419 3953 profanus
3459 3898 3725 3952 assertor,

2131 3976 2429 4032 unitionem
2474 3974 2689 4044 quidem
2736 3974 2788 4029 in
2817 3974 3034 4029 Christo
3075 3975 3301 4031 duarum
3332 3977 3609 4033 Ctmfessu,‘
3639 3988 3729 4034 ρει

2132 4079 2467 4134 naturarum,
2499 4066 2590 4121 sed
2624 4066 2734 4135 ipsa
2758 4065 3001 4121 uiiitione
3031 4067 3080 4120 id
3107 4066 3240 4121 dixit
3270 4069 3541 4133 effectum,
3574 4081 3629 4123 ut
3654 4084 3727 4124 ex

2130 4160 2336 4214 duabus
2368 4174 2470 4212 una
2503 4167 2827 4221 remaneret,
2879 4159 3181 4213 nullatenus
3205 4160 3425 4214 alterius
3453 4164 3726 4218 existente

2130 4251 2447 4315 substantia,
2468 4266 2586 4320 qua!
2610 4249 2822 4321 utiquei
2857 4248 3019 4315 liuiri,
3052 4250 3152 4305 nisi
3176 4253 3724 4322 autconsumpiione,

2126 4415 2316 4469 eadem
2348 4411 2564 4467 Sabellii
2601 4410 2793 4464 haeresi
2822 4411 3050 4481 loquens
3079 4411 3134 4467 S.
3172 4414 3433 4481 pontifex,
3472 4417 3725 4472 unitatem

418 4492 469 4534 et
500 4496 667 4558 prima
712 4484 969 4549 editioae,
1004 4485 1055 4538 in
1089 4486 1282 4555 quibus
1315 4476 1484 4556 'paulo
1512 4498 1638 4542 ante
1683 4493 1878 4558 factam
1918 4504 2015 4557 pro
2048 4498 2095 4556 ι)
2123 4484 2421 4538 substantia?
2440 4484 2699 4558 appellat.
2734 4476 3067 4558 P:iulii’piist,
3099 4495 3153 4536 ut
3175 4476 3327 4538 nasci
3352 4526 3368 4558 .
3389 4476 3468 4540 ...
3496 4488 3725 4556 pertine-

418 4551 699 4607 conditam.

490 4622 680 4697 'f_'fres
719 4623 877 4697 codd.
916 4624 1036 4681 Vat.
1084 4635 1139 4681 et
1178 4641 1316 4680 unus
1351 4627 1408 4681 S.
1436 4627 1605 4687 Petri.
1654 4628 1773 4697 fuit.
1801 4628 1857 4681 ln
1891 4627 2010 4681 Vat.

418 4692 579 4817 [2167,
612 4696 684 4749 sic
704 4696 1065 4750 destruendum
1096 4699 1194 4768 fuit
1222 4698 1569 4751 voluntarium
1599 4692 1856 4752 et'hOstile
1882 4714 2009 4753 con-

418 4782 459 4817 si
487 4781 613 4817 iam.
992 4810 995 4817 .

416 4781 613 4818 sutum.

416 4784 613 4818 81111011.

383 4784 396 4909 :6
434 4906 445 4909 Α
488 4834 514 4873 b
546 4835 618 4887 lla
650 4851 714 4890 ex
744 4836 951 4890 diiohiis
981 4810 1109 4893 inss.
1144 4839 1197 4893 S.
1229 4837 1370 4893 Petri
1403 4849 1457 4895 et
1485 4838 1706 4908 antiqtto
1741 4840 1861 4895 Vat.
1894 4840 2010 4894 lan-

416 4906 562 4960 datu.
597 4911 704 4975 Al.,
735 4910 855 4977 fuit.
883 4911 1047 4963 Paulo
1075 4918 1195 4978 post
1225 4912 1275 4963 in
1306 4911 1430 4977 illis,
1463 4906 1659 4965 ueteris
1685 4921 1731 4964 et
1753 4912 2007 4980 exemplo,

415 4980 712 5035 ailcciniiis
745 4980 1056 5047 particulam
1096 4991 1141 5034 et
1187 4981 1377 5036 Leonis
1423 4982 1564 5051 stylo
1614 4984 1847 5039 maxime
1877 4997 2009 5038 con-

412 5065 599 5116 gruam
628 5064 691 5103 ex
723 5050 912 5105 eodem
945 5053 1165 5118 antiquo
1203 5052 1320 5106 Vat.

489 5130 520 5195 t-‘_
542 5118 614 5195 ln_
628 5121 785 5195 editis
814 5133 939 5175 ante
969 5122 1317 5189 Quesnellum
1346 5134 1398 5178 ct
1422 5122 1692 5194 aliquibus
1724 5139 1882 5189 mss.,
1916 5143 2006 5195 ge-

412 5192 569 5264 neris.
594 5190 775 5264 _Lertin
798 5204 978 5246 autem
1008 5197 1274 5262 germinis,
1300 5212 1455 5264 quam
1497 5190 1546 5248 iii
1575 5197 1694 5249 aliis
1718 5211 1853 5249 mss.
1882 5190 2005 5251 V'at.

411 5274 459 5314 et
501 5260 557 5316 S.
591 5262 730 5317 Petri
751 5260 1068 5335 reperimus.
1096 5267 1263 5333 magis
1286 5260 1527 5335 congruit
1549 5282 1669 5321 cum
1701 5267 2006 5323 textuJere-

412 5348 703 5409 ll'llih‘XSlll,
725 5336 757 5389 5
782 5352 793 5387 :
817 5334 1086 5409 suscitabo
1110 5336 1277 5409 Dauid
1298 5334 1501 5409 germen
1522 5341 1753 5407 justum;
1777 5350 1829 5393 et
1848 5338 2005 5394 Isaiae

412 5419 486 5466 xi,
519 5403 544 5458 ί
578 5422 591 5456 :
624 5402 841 5459 Germen
870 5406 933 5460 de
958 5408 1133 5460 radice
1159 5408 1290 5473 eius.

482 5473 855 5550 f’Particnliiii
902 5490 945 5530 et
986 5480 1352 5547 suppleviinus
1391 5494 1457 5534 ex
1502 5481 1739 5550 quinque
1776 5496 1909 5535 mss.
1942 5497 2007 5537 ac

416 5546 585 5613 prima
617 5550 876 5604 editioiie.

484 5626 510 5653 ο
541 5619 638 5699 Ms.
671 5619 851 5675 Casia.
882 5628 937 5675 et
962 5621 1067 5675 duo
1094 5620 1236 5688 Vat.,
1270 5634 1390 5676 cum
1419 5620 1585 5692 prima
1614 5621 1877 5688 editione,
1902 5639 2006 5678 non

412 5700 631 5757 possint.

485 5756 502 5794 ί
537 5761 773 5828 Quatuor
806 5778 935 5818 mss.
955 5774 1009 5819 et
1042 5765 1207 5832 prima
1237 5763 1425 5828 editio,
1458 5764 1738 5818 veritatem.
1766 5765 2006 5820 Retinni-

410 5836 815 5903 ntus-unitatem,
855 5836 978 5905 quia
1007 5838 1257 5892 similiter
1287 5850 1456 5893 scrin.
1489 5836 1585 5905 ει,
1623 5850 1675 5891 c.
1716 5838 1775 5903 5,
1806 5837 1875 5894 de
1903 5839 2007 5894 hac

2122 4565 2221 4628 ret,
2269 4570 2389 4628 cum
2416 4553 2704 4628 Quesiielln
2744 4552 3033 4628 praeferunt
3075 4559 3242 4609 llOall‘i
3273 4556 3434 4610 ciidd.
3462 4552 3516 4612 et
3545 4562 3722 4628 prima

2124 4626 2313 4680 editio.
2349 4626 2481 4677 Alia-
2507 4625 2790 4679 editiones.
2814 4634 2869 4695 et
2896 4627 3036 4679 nasci
3064 4665 3076 4678 .
3098 4667 3107 4675 .
3130 4665 3142 4678 .
3162 4666 3174 4679 .
3208 4630 3476 4695 pertinere.

2196 4706 2221 4743 s
2255 4696 2471 4763 Aliquot
2495 4695 2653 4748 cudtl.
2683 4706 2729 4766 et
2761 4694 2887 4748 editi
2920 4710 3041 4751 ante
3071 4694 3447 4766 QiteSIielltttn,
3484 4717 3587 4754 non
3621 4699 3722 4755 Ita-

2117 4766 2325 4831 bilasse,
2358 4783 2447 4819 nec
2478 4766 2658 4839 fuisse.
2689 4765 2812 4839 Post
2842 4782 3006 4834 pauca
3040 4784 3209 4835 prima
3233 4765 3545 4839 editio,pro
3570 4773 3720 4837 Quo-

2115 4854 2229 4891 rum
2284 4838 2632 4910 imprudentia
2664 4878 2678 4900 ,
2731 4837 2890 4910 liabet
2936 4839 3293 4903 Quorumdam
3334 4837 3721 4910 iiiipri.denia;

2113 4919 2170 4963 et
2202 4910 2338 4964 forte
2371 4909 2561 4961 melius
2584 4951 2598 4972 ,
2645 4924 2765 4961 cniii
2798 4909 2959 4978 aliqui
2987 4926 3050 4964 i-x
3087 4909 3499 4977 Apullttiaristis,
3534 4915 3585 4967 iit
3617 4930 3716 4967 ait-

2113 4980 2383 5036 tecedi-nti
2429 4980 2649 5049 periodo
2690 4979 2960 5049 indicatis,
2994 4982 3057 5033 ad
3093 4981 3234 5037 hunc
3265 4998 3507 5040 errarem
3547 4986 3721 5041 decli-

2113 5067 2179 5105 na
2193 5054 2386 5105 vi-ritit.

2187 5124 2215 5159 ιι
2248 5125 2320 5177 lta
2365 5121 2530 5175 nostri
2579 5120 2737 5175 codd.
2776 5132 2830 5176 et
2869 5121 2996 5176 editi
3040 5134 3166 5177 ante
3197 5125 3567 5192 Quesiii-lliim,
3620 5132 3719 5194 qui

2114 5194 2261 5248 nullo
2288 5194 2524 5247 indicato
2547 5206 2671 5257 ms.,
2701 5202 2754 5247 et
2777 5194 2921 5247 nulla
2951 5196 3112 5248 etiam
3146 5198 3370 5251 indic:il:i
3395 5199 3606 5250 diversa
3644 5203 3718 5251 le-

2112 5267 2313 5333 ctione,
2353 5267 2431 5318 sic
2470 5264 2704 5328 vulgavit
2728 5280 2742 5319 :
2770 5264 3052 5335 Naturam,
3084 5266 3171 5320 sed
3201 5270 3355 5321 etiam
3379 5269 3543 5335 ἱμάτια
3572 5268 3719 5324 verbi

2110 5338 2362 5392 solverent
2403 5335 2696 5389 essentiam.
2765 5334 2820 5389 In
2863 5352 2970 5390 uno
3012 5338 3253 5392 Valliciil.
3309 5348 3345 5394 Α
3383 5340 3466 5398 10.
3516 5343 3716 5399 exiguo

2110 5409 2426 5480 discrimine
2457 5408 2525 5480 ab
2554 5410 2696 5461 edita
2723 5407 2951 5480 lectione
2979 5407 3057 5461 sic
3090 5408 3349 5464 habetur:
3383 5410 3449 5465 Ut
3477 5414 3529 5464 in
3554 5412 3715 5480 hujus

2110 5479 2364 5547 dagmatis
2394 5479 2638 5533 varietate
2676 5479 2968 5550 multiplici,
3013 5496 3115 5532 non
3148 5484 3317 5535 carnis
3354 5493 3550 5535 tantum
3595 5485 3717 5537 ani-

2110 5567 2325 5623 mmque,
2357 5552 2444 5605 sed
2470 5552 2623 5603 etiam
2654 5551 2818 5620 ipsius
2857 5552 3297 5623 verbisolvere'izr
3319 5557 3554 5607 essentia.
3588 5555 3711 5608 Mur

2111 5623 2266 5745 ii;itio
2303 5626 2493 5693 capitis
2534 5627 2810 5692 sequentis
2845 5624 2971 5678 cod.
3008 5622 3124 5677 Vat.
3174 5624 3312 5680 1267
3341 5644 3354 5679 :
3382 5624 3552 5679 Multa
3589 5642 3690 5687 sun

2111 5710 2140 5745 a
2167 5712 2236 5745 la.

2109 5710 2236 5748 αμα.

2189 5765 2203 5802 λ
2240 5767 2347 5828 ΑΙ..
2381 5770 2548 5837 factus
2573 5775 2667 5830 est,
2696 5773 2750 5819 et
2774 5775 2981 5834 postea,
3015 5767 3243 5837 sociavit.

2187 5839 2199 5885 ἰ
2240 5837 2315 5892 ita
2336 5838 2681 5907 Quasnellus,
2703 5845 2759 5893 et
2784 5838 2954 5908 prima
2974 5841 3141 5895 editio
3162 5854 3283 5896 cum
3305 5856 3440 5899 mss.
3474 5840 3533 5898 S.
3559 5841 3713 5903 Petri
