3994 6354
298 364 393 423 325
1690 368 1773 425 SE
1782 368 1925 424 ιῖΜο
1961 366 2133 427 XXIX

3465 366 3569 423 2‘26

292 490 376 536 aut
400 480 749 549 separatione
792 494 898 535 non
946 488 1148 550 posset.
1194 481 1322 536 lIrec
1356 498 1488 537 vero
1519 496 1625 539 tam
1658 486 1875 540 inimica
1909 490 1956 546 A
1984 488 2263 543 universos
2290 489 2545 543 admonet
2566 487 2785 544 dicens:
2827 488 3006 546 Videte
3037 505 3101 544 ne
3127 492 3242 557 quis
3289 506 3376 545 vos
3423 491 3444 529 ι
3480 500 3579 546 de-

292 584 403 633 sunt
427 588 577 628 sana:
603 573 748 637 lidei,
775 584 834 629 ut
856 586 1126 644 nequeant
1147 576 1311 648 recipi
1336 576 1453 634 siue
1477 578 1688 633 excidio
1710 579 1888 634 nomi-

294 672 367 725 nis
396 669 714 723 Christiani.
759 668 814 726 Si
858 670 1001 723 enim
1040 669 1195 725 Verbi
1227 672 1523 726 iucarnatio
1549 682 1575 709 ι
1606 672 1778 726 unitio
1804 681 1886 727 est

291 763 477 816 divinae
526 763 887 833 humanaeque
927 775 1154 831 natum,
1203 765 1297 820 sed
1331 765 1432 821 hnc
1471 766 1590 836 ipso
1619 781 1886 822 concursu

294 856 442 927 101
468 856 613 923 quod
642 871 753 909 erat
784 857 1078 925 geminum,
1103 855 1301 911 factum
1325 870 1407 912 est
1428 858 1737 927 singulare;
1769 859 1885 915 sola

288 950 545 1003 lin-initas
571 964 638 1005 ex
670 961 825 1004 utero
857 949 1093 1021 Virginis
1136 962 1258 1005 nata
1301 962 1406 1015 est.
1437 960 1494 1007 et
1524 969 1616 1022 per
1643 952 1886 1008 ludiﬁca-

290 1047 475 1099 tnriani
508 1062 553 1109 si
575 1048 747 1102 eciem
784 1046 895 1099 sola
929 1046 1093 1101 subiit
1120 1047 1446 1101 nutrimenta
1474 1059 1529 1102 et
1552 1049 1885 1104 incrementa

285 1153 409 1210 corp
433 1152 580 1201 irea;
617 1148 781 1203 utque
802 1153 991 1193 omnes
1017 1137 1403 1194 umtabilitates
1432 1138 1679 1195 humanae
1699 1140 1886 1195 condi-

284 1232 444 1285 tionis
477 1233 751 1291 nmittam.
784 1232 898 1286 sola
933 1231 1195 1286 Divinitas
1226 1232 1505 1301 cruciﬁxa,
1535 1234 1650 1289 sola
1682 1233 1884 1290 Divini-

284 1336 359 1380 tas
384 1337 632 1393 nmrtna,
665 1328 781 1381 sola
805 1326 1066 1381 Divinitas
1091 1338 1172 1383 est
1200 1330 1441 1395 sepulta;
1472 1336 1529 1383 ut
1545 1330 1656 1399 jam
1686 1345 1882 1386 secun-

280 1420 405 1476 dum
436 1424 566 1476 talia
599 1424 898 1477 sentientes
948 1423 1231 1493 sperandae
1274 1426 1684 1479 resurrectionis
1733 1426 1881 1480 nulla

279 1516 342 1569 sit
376 1520 541 1583 ratio,
593 1533 694 1573 nec
736 1520 808 1571 sit
850 1519 1225 1587 primogenitae
1264 1534 1327 1572 ea:
1370 1520 1587 1572 mortuis
1628 1520 1880 1577 Christus

278 1606 507 1677 (Coloss.
546 1626 585 1670 l.
622 1610 713 1677 18)
748 1629 761 1661 :
800 1611 922 1681 quia
970 1627 1073 1664 non
1107 1610 1206 1664 fuit
1251 1610 1343 1675 qui
1381 1610 1607 1667 deberet
1647 1611 1881 1668 resusci-

279 1701 398 1767 tari,
432 1702 481 1755 si
513 1700 540 1739 δ
573 1720 678 1756 non
712 1704 899 1757 fuisset
924 1704 1011 1773 qui
1042 1714 1220 1771 posset
1248 1701 1443 1757 orcidi.

341 1791 479 1848 Cn.
520 1793 609 1847 VI.
646 1824 713 1835 —
743 1795 933 1849 Absint
974 1810 1005 1849 a
1050 1795 1304 1851 cordibus
1350 1794 1573 1861 vestris,
1629 1794 1877 1851 dilectis-

1988 581 2147 646 cipiat
2189 598 2279 653 per
2327 581 2706 652 philosophiam
2755 593 2801 636 et
2832 584 3036 636 inanem
3065 583 3357 653 fallaciam,
3390 601 3578 640 secun-

1988 672 2109 725 dum
2133 674 2457 728 traditionem
2478 674 2762 736 hominum.
2786 686 2831 730 et
2860 692 2962 729 non
2984 678 3262 730 secundum
3282 675 3580 733 Christum:

1987 766 2107 833 quia
2134 767 2186 820 in
2214 768 2324 838 ipso
2348 766 2595 821 inhabitat
2622 770 2788 823 omnis
2819 768 3085 833 plenitudo
3122 768 3419 823 Divinttatis
3464 785 3581 823 cor-

1988 859 2252 928 poraliter.
2287 866 2331 910 et
2355 860 2473 912 estis
2502 859 2682 928 repleti
2711 862 2765 914 in
2795 861 2888 915 illo
2910 860 3105 930 (Colos.
3132 876 3190 927 tt,
3224 865 3280 929 8,
3315 862 3425 933 10).
3461 863 3575 918 Non

1987 950 2121 1004 dixit
2154 950 2310 1022 102
2335 950 2651 1022 spiritaliter.
2689 953 2781 1007 sed
2813 954 3174 1022 corporaliter,
3202 963 3259 1008 ut
3291 970 3469 1009 veram
3494 955 3613 1033 ἰη-ᾇ

1988 1046 2291 1115 telligatuus
2329 1045 2689 1100 substantiam
2721 1049 2921 1110 carnis,
2965 1048 3055 1102 ubi
3105 1060 3188 1103 est
3230 1049 3607 1122 plenitudinis,

1989 1139 2302 1194 Divinitatis
2333 1139 2651 1193 iuhabitatio
2679 1140 2976 1210 corporalis
3000 1139 3215 1211 (Ep/tes.
3242 1156 3281 1206 t,
3304 1142 3397 1213 25)
3424 1160 3436 1196 :
3470 1158 3576 1211 qua
3595 1148 3614 1205 ί

1986 1232 2169 1301 utique
2200 1239 2311 1284 tota
2340 1230 2500 1285 etiam
2548 1231 2789 1301 repletur
2815 1231 3084 1297 Eccle~ia,
3141 1249 3261 1299 qua:
3301 1215 3611 1301 inhaerens;r

1984 1295 2169 1394 capiti,
2194 1339 2394 1393 corpus
2419 1336 2501 1378 est
2525 1295 2725 1380 Christi
2758 1326 2947 1395 (Catos.
2984 1342 3026 1392 ι,
3056 1295 3188 1394 iii:
3219 1328 3311 1398 qui
3357 1330 3488 1384 vivit
3516 1295 3609 1388 etz

1985 1429 2173 1486 regnat
2203 1432 2324 1471 cum
2358 1417 2516 1473 Patre
2546 1427 2600 1473 et
2648 1416 2856 1488 Spiritu
2890 1428 3077 1473 sancto
3110 1418 3255 1476 Deus
3285 1419 3339 1474 in
3369 1421 3569 1478 stecula
3606 1472 3611 1501 λ

1982 1514 2325 1567 steculorum.
2355 1518 2545 1567 Amen.

2345 1605 2580 1662 δεηΜο
2618 1604 2795 1660 XXIX
2831 1604 2936 1679 [ΑΙ.
2960 1606 3228 1678 XXVIII].

2370 1709 2395 1747 κ
2428 1699 2495 1753 1η
2530 1699 2812 1755 Nativitate
2841 1702 3051 1756 Domini
3079 1701 3181 1757 ΙΧ.

1983 1794 2253 1851 Svnorsrs.
2287 1823 2353 1836 -—
2387 1794 2430 1850 1.
2466 1794 2592 1860 Quce
2613 1812 2717 1864 pax
2742 1796 2805 1848 ab
2827 1799 3021 1862 angelis
3051 1799 3317 1851 nuntietur
3336 1808 3572 1854 nascente

274 1886 420 1951 simi,
442 1888 841 1943 diabolicarum
871 1888 1287 1959 inspirationum
1315 1898 1337 1925 ο
1367 1888 1633 1943 virulenta
1660 1889 1882 1944 menda-
1914 1874 1958 1935 Β
2058 1868 2381 1959 ᾳξῖῗξίθςξῖ
2408 1866 2934 1959 ξΙ³Ῐῗτ¹¹ξξζῖξξῖ⁰ξί
2950 1870 3379 1959 άέξηέηξαρζημςσρι
3404 1874 3569 1959 ‘0’"?

274 1984 377 2047 cia,
406 1993 465 2038 et
508 1988 750 2040 scientes
773 1985 916 2053 quod
963 1986 1297 2053 sempiterna
1347 1985 1466 2040 Filii
1518 1985 1701 2040 Deitas
1728 1986 1881 2041 nullo

272 2076 411 2147 apud
448 2077 663 2131 Patrem
708 2079 882 2133 crevit
919 2087 1232 2148 augmento,
1290 2078 1585 2148 prudenter
1612 2077 1880 2133 advertite

274 2170 413 2240 quod
451 2173 541 2226 cui
570 2182 777 2226 natura:
811 2175 860 2226 in
893 2172 1063 2225 Adam
1090 2171 1293 2226 dictum
1326 2180 1428 2235 est,
1457 2170 1619 2224 Ttrra
1647 2189 1718 2236 es,
1751 2172 1880 2225 etin

274 2273 411 2316 terra
430 2282 462 2315 δι
496 2264 594 2317 ibis
620 2262 774 2335 (Gen.
810 2280 889 2326 ιιι,
922 2266 1038 2331 I9).
1076 2265 1252 2320 eidem
1309 2266 1360 2320 in
1399 2266 1619 2319 Christo
1658 2266 1876 2331 dicitur,

274 2352 409 2409 Sede
446 2373 478 2408 a
511 2355 708 2410 dextris
758 2359 883 2411 meis
928 2356 1062 2428 (Ps.
1101 2372 1216 2417 (ιιι.
1252 2356 1325 2424 1).
1380 2358 1686 2412 Secundum
1730 2358 1878 2412 illaut

271 2456 527 2503 naturam
568 2464 673 2517 qua
722 2447 969 2503 Christus
999 2451 1222 2519 :t-qualis
1262 2458 1345 2503 est
1374 2449 1541 2514 Patri,
1585 2466 1877 2517 numquam

270 2540 497 2595 interior
526 2541 623 2595 fuit
682 2541 1000 2611 Unigenitns
1052 2542 1389 2597 siihlimitate
1446 2542 1740 2610 Genitoris,
1780 2558 1879 2599 nec

270 2634 599 2704 temporalis
628 2647 708 2689 est
739 2634 790 2688 ei
819 2650 940 2689 cum
974 2631 1132 2688 Patre
1187 2633 1381 2702 gloria,
1436 2632 1462 2671 ά
1512 2637 1602 2705 qui
1650 2634 1703 2689 in
1758 2636 1870 2704 ipsa

268 2728 445 2785 Patris
476 2739 561 2784 est
588 2729 835 2789 dextera.
855 2729 923 2783 de
951 2744 1053 2797 qua
1084 2728 1137 2783 iii
1167 2728 1354 2783 Exodo
1380 2728 1575 2783 dicitur
1600 2748 1611 2781 :
1651 2728 1877 2783 Dextera

268 2832 377 2882 tua.
418 2822 664 2885 Domine,
694 2823 987 2892 glorificata
1016 2832 1091 2877 est
1118 2823 1172 2876 in
1201 2823 1387 2877 virtute
1421 2823 1617 2894 (Exod.
1656 2840 1743 2888 xv,
1778 2824 1875 2893 6);

268 2929 319 2974 et
342 2917 395 2971 in
432 2916 578 2971 Isaia
607 2934 621 2969 :
655 2916 898 2980 Domine,
927 2916 1045 2988 quis
1075 2918 1297 2972 credidit
1325 2917 1533 2970 auditni
1575 2918 1785 2971 nostra?
1830 2928 1878 2972 et

270 3011 545 3066 brachium
580 3008 791 3063 Domini
846 3011 928 3064 cui
968 3010 1247 3065 revelatum
1307 3021 1382 3065 est
1436 3009 1589 3071 (Iani.
1653 3028 1773 3071 LIII,
1807 3014 1873 3078 ις

270 3103 419 3158 Rom.
454 3119 519 3165 ι.
550 3103 684 3175 I7)?
716 3106 1036 3174 Assumptus
1062 3102 1222 3174 igitur
1249 3103 1410 3159 homo
1444 3106 1495 3158 in
1525 3105 1718 3160 FIIIUIII
1754 3105 1875 3171 Dei,

268 3198 425 3251 sicin
484 3199 750 3251 unitatem
791 3211 1038 3266 persona:
1079 3195 1279 3251 Christi
1323 3198 1391 3249 ah
1443 3196 1572 3262 ipsis
1618 3212 1877 3268 corpora-

271 3290 414 3345 libus
444 3299 539 3345 est
566 3300 818 3360 receptus
845 3290 1105 3349 exordiis.
1142 3300 1198 3344 ut
1236 3306 1335 3347 nec
1364 3292 1482 3346 sine
1507 3267 1873 3347 Deitateicon-
1900 3267 1945 3328 Ο

270 3392 465 3453 ceptus
509 3384 601 3451 sit,
634 3399 732 3438 nec
756 3386 873 3438 sine
916 3382 1127 3439 Deitate
1155 3384 1353 3448 editus,
1390 3400 1489 3440 nec
1519 3386 1636 3439 sine
1664 3385 1873 3441 Deitate

271 3474 535 3528 nutritus.
578 3475 724 3529 Idem
751 3484 870 3530 erat
907 3474 958 3530 in
993 3476 1293 3543 miraculis,
1328 3476 1468 3529 idem
1498 3476 1547 3530 in
1587 3491 1870 3532 Contume-

270 3568 397 3632 Iiis;
430 3582 535 3636 per
565 3567 853 3623 humutam
889 3569 1257 3625 inﬁrmitatem
1287 3573 1580 3624 crucilixus
1633 3584 1873 3628 mortuus

270 3671 321 3716 et
345 3662 643 3733 sepultus;
672 3678 769 3733 per
789 3662 1025 3717 divinam
1052 3666 1305 3717 virtutem
1333 3665 1420 3718 dic
1451 3664 1607 3719 tertia
1640 3665 1874 3721 resusci-

275 3763 441 3821 tatus,
500 3754 747 3809 ascendit
790 3755 856 3809 ad
900 3759 1091 3818 cmlos'.
1120 3765 1143 3793 ⁶
1190 3756 1439 3811 Consedit
1486 3759 1552 3811 ad
1594 3758 1866 3813 dexteram

271 3844 362 3901 Dei
416 3845 621 3911 Patris,
669 3856 719 3900 et
768 3845 821 3899 in
874 3859 1058 3901 natura
1111 3847 1342 3901 hominis
1388 3851 1597 3914 accepit
1636 3866 1666 3904 a
1711 3850 1870 3908 Patre

270 3938 408 4006 quod
443 3937 504 3990 in
539 3946 732 3990 natura
764 3936 985 3992 Deitatis
1015 3939 1178 3992 etiam
1212 3939 1325 4008 ipse
1352 3939 1595 3995 donavit.

334 4033 473 4089 Car.
515 4032 625 4086 VII.
660 4033 894 4097 —Il:ec,
916 4033 1268 4099 dilectissimi,
1306 4037 1395 4105 pio
1416 4036 1578 4089 corde
1610 4037 1874 4093 meditan-

274 4134 372 4193 tes,
406 4126 706 4196 apostolici
731 4140 947 4195 semper
974 4141 1247 4183 memores
1277 4137 1450 4183 estote
1470 4130 1749 4201 praecepti,
1782 4132 1874 4204 qui

273 4344 324 4391 et
362 4335 493 4390 aliis
533 4333 654 4387 Vat.
699 4332 985 4400 Perperam
1033 4331 1085 4386 in
1134 4331 1257 4385 aliis
1296 4332 1458 4386 editis
1502 4341 1555 4387 et
1599 4334 1872 4387 nonnullis

275 4410 641 4478 posteriorum
664 4406 1045 4478 collectionum
1076 4402 1260 4469 cudd.,
1293 4403 1429 4472 ﬁeri.

342 4488 368 4514 ⁸
404 4478 540 4531 Erat
566 4476 621 4529 in
650 4476 715 4527 ed
741 4480 808 4530 tis
830 4482 884 4528 ιιι
911 4474 1111 4538 ali-iuot
1134 4491 1287 4533 mss"
1310 4492 1408 4528 non
1443 4477 1603 4529 nnitio
1631 4485 1739 4541 est;
1770 4476 1866 4531 sed

274 4555 539 4620 particula
572 4564 674 4600 non
709 4562 987 4620 perperam
1026 4546 1225 4600 insi-rta
1259 4545 1351 4620 fuit
1380 4563 1395 4601 :
1426 4564 1547 4601 nam
1578 4547 1870 4618 Eulyt-Ites,

274 4617 430 4685 cuius
462 4635 708 4674 errorem
739 4622 796 4671 S.
826 4617 935 4672 Leo
972 4619 1268 4681 impugnat.
1303 4617 1526 4671 duarum
1557 4617 1867 4673 naturarum

275 4707 576 4748 ιιηίιηηιιιη
603 4705 709 4743 non
740 4692 971 4758 negavit,
1001 4690 1093 4742 sed
1126 4689 1194 4743 ita
1230 4688 1498 4743 fatebatur
1530 4700 1584 4742 ut
1612 4700 1731 4758 post
1755 4693 1871 4743 uni-

278 4746 478 4818 tiouem
508 4777 577 4817 ex
608 4746 836 4815 duabus"
861 4746 1019 4815 ιιητιίιι
1067 4763 1394 4815 remansisse
1438 4746 1659 4816 diceret.
1717 4763 1874 4816 Deest
1900 4746 1949 4805 Ι)

246 4829 407 4953 Ιεειηε
436 4834 555 4887 hzec
589 4833 845 4898 partit-nia
878 4833 929 4885 in
957 4832 1169 4885 duobus
1200 4847 1329 4885 is.
1355 4832 1411 4887 8.
1434 4831 1599 4896 Petri,
1635 4834 1684 4885 iti
1711 4832 1872 4888 Valli-

275 4909 354 4953 cel
390 4951 401 4953 _
430 4907 485 4953 in
517 4903 816 4953 ilasiiiensi.
846 4917 951 4953 etc.
975 4902 1029 4953 lii
1064 4906 1230 4953 prima
1259 4904 1496 4953 editionis
1527 4914 1579 4953 et
1605 4920 1653 4953 in
1686 4905 1871 4953 codice

275 4909 355 4960 cel
390 4951 403 4963 .
430 4907 485 4959 iu
517 4903 817 4966 Basiliensi,
846 4917 951 4957 etc.
974 4902 1029 4957 In
1064 4906 1230 4971 pritua
1259 4904 1496 4957 editionis
1527 4914 1579 4958 et
1605 4920 1653 4957 tn
1686 4905 1871 4959 codice

278 4977 469 5031 Βοιιωι
500 5018 513 5036 .
550 4990 657 5028 non
688 4976 859 5028 solum
886 4974 1033 5027 dves!
1064 4990 1188 5033 non.
1230 4976 1321 5028 sed
1353 4976 1514 5029 etiam
1542 4976 1724 5034 unitio.
1756 4977 1867 5030 sic:

277 5048 338 5102 Si
374 5049 516 5103 enim
542 5045 699 5100 Verbi
739 5046 1024 5100 incarnatio
1064 5047 1250 5099 divini:
1290 5050 1621 5116 humanisque
1670 5057 1870 5101 natura:

235 5125 248 5169 t
275 5130 367 5173 est.
397 5120 523 5171 Post
559 5131 723 5174 pauca
750 5133 871 5170 cum
898 5118 1193 5182 potioribus
1222 5132 1348 5170 m~s.
1384 5119 1639 5171 insvruim
1665 5132 1709 5171 is
1735 5134 1872 5183 prte-

276 5190 604 5259 positioitem
634 5198 850 5243 exante
888 5202 1076 5242 vocem
1124 5201 1287 5250 utero,
1332 5204 1452 5255 quae
1499 5188 1555 5244 in
1600 5191 1871 5245 nonnullis

275 5262 630 5319 coitionibus,
663 5270 718 5312 et
744 5276 773 5312 a
805 5263 1097 5324 Quesiielto
1121 5260 1407 5313 omittitur.

345 5331 374 5370 δ
403 5332 499 5387 Sic
529 5347 595 5385 ex
622 5331 833 5384 duobus
861 5346 990 5385 mss.
1014 5332 1073 5387 S.
1105 5329 1244 5384 Petri
1265 5344 1314 5385 et
1348 5347 1452 5382 uno
1477 5329 1721 5386 Vallicel.
1755 5332 1865 5398 AL,

276 5420 377 5456 non
412 5406 530 5471 (ait.
562 5402 700 5457 Cod.
729 5402 933 5464 Casia,
964 5419 1066 5455 non
1100 5404 1196 5470 fuit
1225 5404 1314 5471 qui
1342 5403 1523 5474 possit.

350 5487 373 5514 ο
408 5478 658 5539 Quatuor
680 5475 861 5539 codd.,
898 5474 1205 5527 truculento.

346 5543 371 5582 δ
406 5546 484 5598 Ita
516 5546 923 5599 ornentlaviutus
944 5561 1012 5599 ex
1041 5548 1247 5598 duobus
1290 5561 1419 5600 mss.
1447 5547 1503 5600 S.
1538 5544 1705 5609 Petri,
1742 5545 1864 5600 Val-

277 5618 424 5670 Iirel.
472 5627 525 5671 et
560 5614 770 5674 Casio"
814 5632 932 5671 cuiu
965 5627 1123 5670 antea
1162 5619 1447 5677 legeretur,
1481 5633 1597 5677 ante
1636 5626 1706 5670 est
1749 5620 1861 5684 ipsa

280 5686 463 5741 Patris
484 5690 711 5742 dextera.
746 5686 892 5758 Unus
918 5685 1031 5742 Vat.
1065 5688 1285 5741 Collect.
1324 5690 1379 5758 β,
1408 5690 1495 5758 qui
1516 5701 1587 5741 est
1613 5689 1724 5747 ipsa
1761 5687 1860 5741 Pa-

279 5761 369 5831 t_ris
393 5762 626 5815 dextera.
661 5758 815 5831 Alius
850 5757 996 5824 Vat.,
1027 5759 1150 5831 quia
1179 5759 1286 5831 ipse
1313 5757 1486 5814 Patris
1526 5771 1598 5831 est
1630 5760 1859 5831 dextera.

276 5829 546 5901 Coi-gruit
570 5830 878 5901 emendatio
912 5844 1033 5885 cum
1064 5829 1158 5886 illo
1199 5829 1336 5900 'psal.
1387 5847 1502 5897 crit,
1541 5830 1599 5885 I:
1654 5830 1788 5888 Sede
1828 5850 1863 5886 a

279 5900 485 5955 dextris
510 5903 653 5955 meis.
678 5900 797 5956 Mox
827 5915 963 5955 unus
1014 5902 1181 5957 codex
1212 5903 1268 5957 S.
1307 5902 1467 5966 Petri.
1503 5913 1555 5955 et
1588 5902 1859 5957 Vallicel--

2057 1939 2375 2009 corporalem
2404 1944 2663 2009 transisse.
2727 1940 2859 1991 lliin
2897 1940 3151 1991 Dutntnus
3185 1942 3410 1994 Domino
3444 1957 3565 1996 meo

2056 2007 2380 2083 expenditur.
2412 2008 2587 2083 ——|II.
2623 2007 3013 2083 Ingadoptantis
3057 2012 3410 2064 misericordia
3454 2013 3568 2083 glo-

2054 2078 2314 2134 riandum.
2343 2078 2624 2150 Infantiam
2646 2079 2837 2135 Christi
2856 2098 2964 2135 esse
2983 2082 3354 2137 honorandum.

2054 2173 2181 2229 (3η.
2220 2174 2257 2229 Ι.
2289 2203 2361 2214 -
2394 2172 2619 2229 Excedit
2644 2174 2883 2244 quidem.
2918 2175 3280 2235 dilectissimi.
3313 2178 3572 2232 multum-

1982 2281 2088 2336 que
2117 2267 2482 2333 smiereminct
2527 2266 2744 2321 humani
2786 2267 2989 2338 eloquii
3033 2267 3347 2323 facultatem
3406 2269 3572 2326 divini

1982 2361 2163 2426 Operis
2208 2359 2549 2430 magnitudo;
2599 2368 2653 2414 et
2694 2359 2819 2415 inde
2867 2361 3040 2415 oritur
3080 2362 3369 2417 dil‘ticultas
3405 2363 3567 2431 fandi,

1985 2453 2127 2507 unde
2155 2454 2308 2506 adest
2356 2453 2493 2506 ratio
2523 2470 2628 2505 nou
2663 2453 2904 2507 tacendi:
2936 2455 3060 2523 quia
3097 2456 3147 2507 in
3197 2454 3414 2510 Christo
3441 2455 3570 2511 Jesu

1984 2546 2122 2601 Filio
2156 2547 2248 2601 Dei
2291 2563 2395 2600 non
2451 2546 2624 2600 solum
2676 2548 2743 2601 ad
2813 2548 3048 2603 divinam
3087 2550 3424 2615 essentiam,
3475 2549 3570 2604 sed

1983 2639 2141 2693 etiam
2179 2640 2243 2691 ad
2280 2637 2570 2691 humanam
2603 2648 2812 2709 spectat
2860 2649 3104 2694 naturam
3130 2681 3144 2705 ,
3185 2644 3327 2711 quod
3370 2641 3569 2697 dictum

1983 2741 2065 2787 e~t
2097 2748 2191 2801 per
2216 2733 2562 2801 prophetam:
2597 2731 2987 2787 Generationem
3020 2737 3131 2805 ejus
3162 2735 3279 2805 quis
3306 2736 3572 2789 enarrabit

1985 2822 2120 2896 (Isa.
2156 2840 2269 2887 LIII,
2299 2824 2401 2894 8)?
2435 2824 2728 2893 Utramque
2758 2827 2900 2880 enim
2930 2828 3285 2883 substantiam
3321 2830 3373 2881 in
3410 2845 3569 2884 unam

1983 2917 2301 2972 convenisse
2332 2932 2639 2985 personam,
2698 2919 2799 2971 nisi
2843 2916 2974 2972 ﬁdes
2999 2918 3207 2981 credat.
3241 2935 3423 2975 sermo
3463 2936 3571 2978 non

1983 3015 2254 3083 explicat;
2289 3022 2344 3067 et
2369 3012 2491 3067 ideo
2532 3026 2821 3082 numquam
2877 3014 3100 3067 materia
3151 3013 3337 3069 deﬁcit
3375 3015 3567 3081 laudis.

1982 3109 2106 3177 quia
2132 3121 2422 3177 numquam
2453 3104 2651 3160 sullictt
2678 3104 2830 3173 capia
2873 3105 3191 3160 laudatoris.
3223 3107 3568 3165 Gaudeamus

1985 3202 2145 3271 igitur
2166 3206 2311 3271 quod
2343 3199 2408 3254 ad
2440 3199 2801 3269 eloquendum
2842 3196 2871 3236 ιι
2920 3209 3125 3254 tantum
3184 3202 3571 3260 misericordia:

1979 3304 2377 3347 sacramentum
2408 3293 2643 3360 impares
2668 3307 2874 3357 sumus,
2909 3301 2963 3345 et
2984 3306 3104 3346 cum
3131 3293 3320 3347 salutis
3365 3308 3565 3351 tmstrte

1979 3387 2321 3441 altitudinem
2343 3400 2449 3441 non
2475 3385 2715 3440 valemus
2742 3384 3035 3453 explicare,
3092 3386 3390 3440 sentiamus
3417 3387 3574 3444 nobis

1980 3480 2178 3534 bonum
2207 3494 2329 3533 esse
2359 3478 2501 3548 quod
2537 3478 2819 3531 vincimur.
2873 3477 3042 3531 Nemo
3095 3480 3237 3532 enim
3278 3479 3345 3534 ad
3376 3493 3566 3548 cognt-

1981 3575 2181 3628 tionem
2214 3572 2457 3626 Vt’l'ilalis
2486 3571 2656 3639 magis
2709 3568 3056 3638 propinquat,
3082 3586 3242 3637 quam
3272 3571 3363 3641 qui
3414 3571 3574 3628 intel-

1981 3663 2101 3735 ligit
2130 3663 2181 3717 in
2200 3663 2359 3717 rebus
2386 3660 2608 3727 divinis,
2636 3661 2847 3714 etiamsi
2872 3660 3096 3714 multum
3131 3661 3393 3732 proficiat,
3430 3680 3577 3719 sem-

1977 3775 2073 3829 per
2101 3756 2201 3813 sibi
2238 3770 2527 3824 superesse
2551 3755 2692 3823 quod
2720 3764 2948 3825 quaerat.
2978 3753 3112 3809 Nam
3160 3754 3176 3793 ί
3209 3757 3296 3823 qui
3329 3773 3390 3812 se
3418 3758 3483 3813 ad
3517 3758 3574 3814 id

1978 3850 2032 3905 in
2060 3849 2201 3917 quod
2234 3847 2405 3903 tendit
2430 3847 2743 3912 pervenisse
2769 3846 3064 3912 przcsumit,
3099 3863 3203 3901 non
3228 3850 3450 3916 quires-ita
3481 3866 3569 3905 re-

1978 3948 2138 4016 perit.
2159 3945 2251 3999 sed
2271 3944 2681 4011 ininquisitioiie
2703 3942 2921 3997 defecit.
2944 3943 3021 3998 Ne
3044 3953 3220 3998 autem
3246 3944 3575 4002 inﬁrmitatis

1981 4047 2181 4092 nostra:
2210 4036 2590 4103 perturbetnur
2621 4035 2905 4105 angustiiS,
2933 4020 3257 4105 evangelica».
3287 4038 3441 4109 103
3475 4052 3575 4095 nos

1981 4141 2036 4189 et
2058 4130 2390 4201 prophetica!
2410 4128 2665 4199 adjuvant
2700 4142 2885 4194 voces,
2916 4128 3109 4197 quibus
3134 4128 3205 4182 ita
3225 4131 3573 4188 acccttdttttur

1978 4336 2029 4387 in
2061 4332 2246 4386 Exodo
2275 4333 2501 4388 canitur.

2052 4415 2074 4441 °
2102 4404 2193 4460 Sic
2224 4419 2354 4458 mss.
2386 4404 2442 4459 S.
2476 4403 2641 4467 Petri.
2687 4412 2740 4457 et
2770 4404 3022 4468 antiquus
3075 4403 3193 4458 Vat.
3244 4406 3403 4460 I267.
3456 4407 3567 4465 Al.

1975 4476 2131 4529 sedet.
2164 4475 2281 4529 Mox
2313 4475 2464 4546 initio
2496 4475 2684 4543 capitis
2710 4476 2983 4544 sequentis
3012 4495 3022 4527 :
3054 4474 3190 4535 Hoc.
3223 4478 3568 4546 dilectissimi,

1977 4563 2076 4617 pro
2112 4545 2251 4610 Hrec,
2288 4545 2626 4608 dilectissimi,
2664 4547 2715 4598 in
2748 4562 2827 4599 ms
2872 4547 3005 4599 Buri.
3030 4560 3079 4599 et
3114 4552 3282 4613 prima
3310 4545 3568 4604 editione.

2051 4617 2070 4655 ί
2109 4628 2179 4671 Ita
2210 4620 2376 4671 nostri
2408 4618 2627 4671 codices
2661 4633 2781 4671 cum
2821 4622 2987 4681 prima
3022 4618 3255 4669 Pliili'tllt'
3287 4632 3336 4671 υι
3397 4620 3569 4685 Ques-

1978 4691 2233 4745 nelliana.
2264 4687 2508 4743 Concinit
2540 4706 2660 4743 cum
2704 4689 2939 4744 lcetione
2992 4705 3154 4741 serm.
3212 4690 3301 4746 50.
3336 4708 3383 4745 (ι.
3428 4691 3478 4748 5.
3513 4694 3567 4747 lu

1977 4763 2100 4816 aliis
2123 4762 2302 4825 editis,
2335 4762 2562 4814 sedarat.
2596 4761 2783 4813 Postea
2813 4764 3130 4825 scrips‘mns
3159 4762 3427 4823 inhabitat,
3468 4780 3563 4831 pro

1983 4831 2196 4893 ‘tnbitat.
2229 4848 2297 4885 ex
2331 4848 2431 4884 ius.
2466 4831 2525 4888 S.
2551 4833 2691 4885 l’etri
2720 4847 2734 4895 ;
2759 4849 2879 4884 rum
2916 4832 3027 4884 ha-c
3060 4832 3216 4885 let-tiu
3244 4836 3408 4901 magis
3438 4851 3567 4888 CH"-

1975 4913 2130 4973 grnat
2164 4903 2533 4976 sequentibus.
2574 4901 2865 4976 Diuinitatis
2912 4903 3214 4976 inlyrbitatio
3260 4908 3560 4976 coiporult's.

1978 4990 2074 5029 nec
2105 4991 2209 5029 non
2232 4975 2387 5029 lectio
2430 4974 2661 5027 ilauilali
2695 4988 2961 5027 sermonis
2980 4974 3069 5034 5H,
3106 4991 3155 5027 ιτ.
3190 4976 3242 5029 5.

2049 5056 2075 5093 s
2107 5046 2253 5102 Unus
2276 5045 2443 5099 codex
2493 5046 2548 5099 8.
2584 5045 2748 5111 Petri,
2788 5045 2861 5096 De
2892 5042 3173 5098 .‘Vativitate
3208 5046 3409 5099 Domini
3437 5064 3559 5103 con-

1976 5128 2055 5171 tra
2081 5116 2366 5172 luereticos.
2400 5116 2548 5170 Alius
2574 5133 2675 5167 ius.
2696 5116 2935 5181 ejusdem
2969 5118 3220 5175 basilico,
3245 5117 3435 5171 Comm
3458 5118 3561 5173 lu-

1975 5192 2112 5242 daros
2143 5200 2188 5241 et
2205 5187 2469 5242 hcereticos
2491 5187 2555 5239 de
2580 5185 2847 5240 lncarna'i
2872 5204 2945 5239 ne
2990 5184 3215 5242 Dovm'm'.

2046 5260 2072 5298 1³
2109 5263 2180 5313 Ita
2212 5276 2275 5312 ex
2299 5258 2514 5312 tlu-ihus
2546 5276 2674 5312 mss.
2705 5258 2758 5313 8.
2800 5258 2957 5311 ΡνιΙΊ.
2998 5258 3126 5313 Bon.
3160 5273 3206 5311 et
3246 5260 3412 5328 prima
3446 5261 3560 5315 edi-

1975 5332 2137 5386 tiolie.
2170 5331 2231 5384 Al
2264 5374 2275 5391 ,
2310 5338 2485 5383 tantte.
2522 5330 2637 5383 Mox
2677 5346 2743 5383 ex
2781 5330 2963 5381 iisdi-m
3017 5330 3073 5383 S.
3134 5331 3270 5382 Petri
3311 5330 3445 5383 codd
3504 5341 3559 5385 ei

1975 5403 2122 5456 Patlil
2151 5419 2295 5463 rou..
2320 5419 2419 5454 non
2445 5400 2668 5454 valemus
2685 5404 2957 5467 explicare.
2989 5416 3095 5467 pne
3124 5403 3316 5454 ulimu~
3344 5403 3558 5456 lectioni

1977 5477 2222 5545 vulgatae.
2255 5489 2488 5545 promere
2510 5488 2607 5525 non
2635 5472 2910 5545 valentium.
2941 5474 2991 5545 In
3022 5471 3313 5545 Veronensi
3347 5474 3558 5545 codice,

1971 5542 2204 5611 promere
2235 5563 2332 5595 non
2357 5543 2607 5596 valemus.
2636 5544 2755 5597 Mos
2786 5546 2837 5599 iit
2864 5544 3073 5595 laudato
3104 5558 3202 5595 tus.
3238 5542 3555 5611 I’adilit'on.,

1972 5620 2133 5688 utngt's
2165 5616 2561 5688 appropinquat.

2046 5683 2072 5725 ι’
2104 5688 2156 5741 In
2197 5683 2324 5739 inus.
2347 5689 2402 5738 ὃ.
2440 5688 2603 5748 Petri,
2636 5686 2792 5749 Bon.,
2827 5693 2878 5736 et
2910 5684 3076 5750 prima
3107 5683 3364 5746 editione.
3396 5686 3439 5738 si
3467 5702 3556 5753 se;

1968 5771 2021 5815 et
2052 5759 2207 5829 paulo
2239 5765 2377 5825 post.
2414 5757 2463 5811 in
2511 5757 2699 5812 iisdem
2732 5767 2809 5829 et,
2833 5755 2881 5808 in
2911 5756 3032 5829 cod.
3084 5754 3335 5829 Veron.,_
3364 5756 3557 5826 deﬁcit,

1970 5826 2067 5900 pro
2096 5831 2299 5898 defecit.
2323 5830 2437 5896 Quo
2461 5830 2641 5894 tendit,
2676 5843 2772 5893 pro
2792 5828 2853 5900 in,
2872 5826 3188 5900 quoditendit
3218 5828 3270 5884 in
3297 5827 3414 5885 Vat.
3439 5830 3554 5887 cot-

1968 5898 2093 5957 Iect.
2128 5901 2181 5955 5.
2214 5901 2331 5953 Mos
2388 5917 2488 5952 non
2521 5901 2813 5967 qun’sitttm.
2843 5898 2896 5949 in
2928 5898 3048 5954 cod.
3081 5899 3372 5955 Padiliron.
