3988 6348
492 308 594 367 251

1603 301 1666 358 3.
1710 299 1958 359 LEONIS
2011 300 2227 359 MAGNI
2275 298 2663 358 SERMONES.

3658 294 3763 352 232

491 434 636 485 sum,
664 426 693 458 ι
717 425 1003 488 natumque
1028 413 1210 472 Iesum
1231 427 1302 469 ex
1330 411 1494 467 Maria
1524 409 1770 481 Virgine,
1802 411 1932 467 nihil
1961 426 2073 466 ma-
2102 413 2153 474 Α
2178 412 2246 466 de
2274 412 2402 466 limo
2428 424 2588 467 terrai
2626 411 2893 480 formatio,
2919 416 3013 466 aut
3040 409 3167 466 Eva
3190 407 3260 465 de
3285 407 3392 466 viri
3417 420 3581 465 carne
3616 408 3761 480 plas-

493 522 659 570 ternte
685 512 939 567 habuisse
967 519 1207 571 naturae;
1254 503 1347 560 sed
1376 511 1431 559 et
1455 502 1599 575 quod
1634 512 1751 558 erat
1792 504 1935 559 Deus
1960 545 1975 570 ,
2022 516 2078 561 et

492 612 636 677 quod
662 618 774 662 erat
804 605 985 671 homo,
1030 611 1317 667 utrumque
1361 600 1425 651 ad
1456 598 1508 653 id
1559 599 1899 667 pertinuisse.
1935 598 2075 667 quod

494 700 727 757 Verbum
757 708 841 754 est
867 714 882 751 :
929 704 986 751 ut
1027 695 1233 749 scilicet
1275 690 1329 746 in
1355 688 1571 747 Christo
1596 702 1651 747 et
1679 707 1772 761 per
1796 691 2078 745 diversita-

492 802 600 850 tem
631 789 943 846 substantiae
971 786 1098 842 falsa
1131 787 1292 840 fuerit
1338 784 1674 849 humanitas,
1714 792 1768 838 et
1797 798 1893 854 per
1937 782 2078 837 dele-

490 895 636 940 ctum
665 878 1031 937 mutabilitatis
1060 894 1163 932 non
1193 893 1318 933 vera
1350 875 1633 931 divinitas.

409 1024 417 1031 .
452 1014 455 1019 ι
558 973 689 1030 Car.
715 970 801 1027 ΙΙΙ.
830 1001 902 1011 -
927 970 1034 1025 l-Ias
1058 984 1210 1039 ergo,
1241 965 1597 1030 dilectissimi,
1626 964 1864 1036 aliasque
1890 963 2074 1034 impie-

415 1068 419 1077 '
492 1074 631 1121 tates
657 1064 919 1119 diabolica
940 1060 1293 1130 inspiratione
1308 1059 1757 1127 conceptas,etin
1782 1060 2072 1110 multorum

410 1144 427 1201 ά
489 1172 685 1213 nosam
718 1171 811 1226 per
841 1169 962 1208 vasti
997 1151 1317 1223 perditionis
1355 1148 1552 1204 rll‘usas
1575 1189 1591 1215 ,
1641 1145 1769 1201 oliui
1812 1146 2072 1202 catholica

413 1242 434 1263 ”
488 1252 645 1318 fides,
672 1256 703 1296 δ
730 1253 883 1320 cujus
913 1250 1053 1303 Deus
1077 1258 1133 1302 et
1160 1245 1411 1316 magister
1438 1252 1517 1298 est
1546 1253 1600 1299 et
1639 1242 1943 1307 auxiliator,
1980 1241 2077 1294 ob-

491 1346 657 1409 trivit,
687 1344 1007 1399 exhortante
1032 1352 1085 1397 et
1112 1341 1409 1394 instruente
1432 1352 1528 1390 nos
1552 1334 1754 1405 Spiritu
1772 1342 1958 1416 saneto
1983 1349 2075 1402 per

490 1438 623 1510 legis
656 1434 1108 1499 testificationem,
1158 1446 1247 1500 per
1277 1429 1527 1483 vaticinia
1571 1434 1953 1498 prophetarum
1976 1466 1989 1484 .
2022 1435 2075 1478 et

494 1544 592 1599 per
618 1527 980 1596 evangelicam
1026 1523 1204 1577 tubam
1255 1520 1709 1589 apostolicantque
1753 1517 2072 1581 doctrinam,

488 1632 548 1677 ut
573 1629 885 1677 constanter
911 1617 1377 1686 intelligenterque
1402 1613 1687 1666 credamus
1733 1611 1887 1680 quia,
1938 1613 2078 1664 sicut

488 1715 565 1770 ait
590 1714 775 1769 beatus
804 1711 1037 1767 Joannes
1065 1750 1079 1772 ,
1116 1706 1332 1761 Verbum
1356 1722 1475 1759 caro
1504 1705 1697 1774 factum
1723 1716 1815 1769 est,
1850 1713 1895 1757 et
1924 1701 2071 1755 habi-

2182 514 2345 560 matto
2398 503 2573 575 (Gen.
2605 520 2668 568 tt,
2699 501 2832 573 22),
2880 514 2970 557 aut
3012 512 3328 559 ceterorum
3379 503 3654 557 hominum
3697 502 3765 560 de

2183 597 2461 665 utriusque
2489 612 2648 651 sexus
2693 598 3049 664 permixtione
3090 595 3363 661 conditio,
3409 593 3539 651 Jesu
3563 594 3764 650 Christi

2182 701 2359 761 potest
2380 692 2519 746 ortui
2537 692 2860 758 cotnparari.
2889 687 3084 745 Genuit
3102 688 3364 743 Abraham
3389 702 3556 743 senex
3572 687 3766 743 divinat

2179 782 2550 852 promissionis
2582 778 2890 845 heredem,
2938 789 2995 834 et
3045 789 3375 847 transgressa
3425 776 3767 834 fecunditatis

2178 890 2349 929 annos
2390 874 2596 929 sterilis
2646 874 2778 930 Sara
2827 872 3074 942 concepit
3109 870 3278 942 (Gen.
3309 886 3418 930 ut.
3452 870 3546 942 2).
3596 869 3767 926 ιιι·οδ

2176 964 2408 1020 dilectus
2430 974 2513 1021 est
2538 981 2568 1018 a
2597 963 2737 1029 Deo,
2771 973 3055 1033 antequam
3097 971 3273 1023 natus.
3305 969 3361 1017 et
3401 962 3768 1032 praeveniente

2176 1059 2347 1129 gratia
2376 1057 2705 1114 voluntarias
2728 1059 2968 1113 actiones
3005 1056 3073 1110 ab
3104 1056 3307 1122 hispida
3350 1053 3618 1125 congeniti
3658 1055 3768 1110 fra-

2179 1152 2275 1206 tris
2321 1149 2613 1221 asperitate
2643 1149 2904 1205 discretos
2937 1146 3104 1220 (Gen.
3135 1164 3261 1214 xxv,
3288 1148 3360 1203 25
3389 1163 3405 1214 ;
3455 1147 3683 1202 Malaelt.
3722 1160 3764 1215 t,

2178 1245 2249 1307 ὃς
2287 1244 2434 1297 Rom.
2469 1259 2545 1307 Ix,
2577 1241 2687 1312 15).
2720 1244 2968 1297 .leremize
2988 1241 3181 1295 dicitur
3210 1257 3223 1294 :
3249 1238 3558 1308 Priusquam
3580 1250 3629 1295 te
3650 1242 3764 1313 for-

2176 1348 2372 1386 marem
2411 1334 2462 1386 in
2490 1342 2656 1397 utero,
2690 1334 2805 1388 noui
2828 1342 2875 1386 te
2885 1348 2906 1398 ;
2934 1342 2979 1385 et
3007 1341 3279 1403 antequam
3305 1333 3468 1387 exires
3498 1332 3564 1388 de
3589 1334 3764 1398 vulva.

2175 1425 2495 1489 sanctiﬁcavi
2533 1438 2579 1478 te
2618 1424 2852 1494 (Jerem.
2881 1439 2919 1490 t,
2951 1423 3046 1495 5).
3097 1425 3250 1479 Anna
3295 1425 3384 1480 diu
3422 1424 3766 1483 fecunditatis

2177 1514 2383 1581 aliena,
2417 1516 2724 1570 Satnuelem
2769 1516 3083 1584 prophetam
3107 1555 3122 1581 ,
3158 1531 3318 1586 quem
3362 1516 3471 1571 Deo
3513 1516 3763 1586 oderret,

2177 1609 2339 1663 enisa
2377 1618 2459 1663 est
2499 1611 2517 1679 (
2545 1608 2561 1663 Ι
2597 1609 2719 1680 Reg.
2746 1624 2797 1671 ι.
2825 1608 2965 1679 20),
3004 1620 3060 1663 ut
3088 1621 3136 1664 et
3180 1624 3331 1677 paru
3362 1610 3507 1665 clara
3534 1619 3682 1666 eSset
3711 1620 3769 1667 et

2176 1718 2324 1758 voto.
2354 1703 2642 1759 Zacharias
2668 1705 2921 1759 sacerdos
2941 1705 3008 1760 de
3029 1705 3298 1760 Elizabeth
3329 1705 3497 1761 sterili
3519 1715 3766 1763 sanctam

492 1808 612 1862 tavit
651 1807 704 1858 in
734 1804 877 1857 nobis
908 1800 1089 1874 (Joan.
1124 1814 1161 1864 t,
1211 1800 1321 1866 ll).
1370 1797 1425 1852 In
1470 1796 1625 1851 nobis
1671 1794 1851 1865 utique
1875 1834 1889 1855 ,
1940 1808 2073 1864 quos
2104 1788 2151 1849 Β
2179 1797 2415 1864 suscepit
2460 1796 2663 1865 prolem
2698 1794 2855 1866 (Luc.
2888 1812 2926 1860 t,
2966 1796 3098 1865 24),
3142 1806 3197 1851 et
3236 1810 3535 1866 prtecursor
3563 1795 3770 1856 Christi

493 1910 516 1938 ο
559 1897 662 1954 sibi
691 1897 851 1952 Verbi
882 1895 1135 1949 divinitas
1163 1891 1451 1961 coaptavit,
1487 1890 1641 1959 cujus
1666 1903 1793 1942 caro
1823 1888 1891 1943 de
1922 1899 2073 1942 utero

493 1989 724 2061 Virginis
755 1994 966 2055 sumpta
999 2000 1095 2038 nos
1117 1998 1325 2037 sumus.
1353 1982 1481 2048 Quae
1512 1986 1555 2034 st
1578 1980 1647 2034 de
1676 1989 1881 2042 nostra,
1912 1978 1963 2032 id
1991 1987 2073 2031 est

493 2097 619 2138 vere
650 2082 899 2143 humana,
946 2092 1049 2130 non
1094 2082 1278 2138 esset,
1324 2072 1554 2127 Verbum
1584 2086 1711 2125 caro
1740 2070 1934 2124 lat-tum
1966 2081 2070 2122 non

490 2175 783 2231 habitasset
809 2172 864 2226 in
898 2171 1071 2226 nobis.
1101 2169 1156 2223 In
1184 2168 1340 2223 nobis
1367 2178 1545 2220 autent
1575 2164 1610 2218 li
1632 2164 1853 2222 .bitavit.
1881 2158 1908 2198 ⁴¹
1948 2162 2070 2231 quia

491 2278 731 2324 naturam
768 2264 933 2319 "Osiri
977 2262 1215 2331 corporis
1261 2276 1411 2315 suam
1462 2258 1620 2327 fecit,
1650 2257 1947 2312 :tdilicattte
1969 2253 2071 2308 sibi

486 2353 755 2429 Sapientia
804 2356 1019 2410 domum
1065 2352 1247 2422 (Prov.
1291 2366 1364 2415 lx,
1400 2351 1474 2418 l),
1508 2365 1612 2403 non
1640 2348 1706 2401 de
1736 2361 2071 2416 quacumque

491 2450 737 2512 materia,
766 2446 859 2503 sed
878 2447 945 2501 de
966 2444 1260 2499 substantia
1283 2441 1499 2513 proprie
1526 2440 1684 2512 108
1705 2449 1906 2502 nostra,
1922 2438 2071 2505 rujus

489 2543 785 2610 assumptio
806 2552 887 2596 est
918 2537 1277 2598 manifestata,
1307 2551 1427 2590 cuin
1459 2536 1656 2587 dictutn
1686 2545 1765 2588 εει
1800 2550 1815 2587 :
1856 2531 2072 2585 Verbum

490 2651 607 2688 earo
639 2636 836 2703 factum
864 2640 959 2696 est,
999 2641 1045 2683 et
1075 2629 1317 2682 habitavit
1344 2628 1396 2680 in
1429 2626 1589 2680 nobis.
1620 2624 1754 2680 Huic
1780 2633 1956 2679 autem
1987 2640 2073 2678 sa-

488 2726 803 2783 cratissima
835 2734 856 2761 ο
891 2722 1253 2793 praetlicationi
1290 2722 1450 2776 etiam
1496 2720 1637 2776 beati
1665 2719 1813 2774 Pauli
1843 2720 2073 2788 apostoli

488 2819 721 2874 doctrina
748 2817 1059 2881 concordat,
1084 2812 1312 2869 dicentis
1345 2831 1358 2865 :
1395 2811 1574 2866 Videte
1596 2829 1656 2866 ne
1675 2812 1790 2883 quis
1816 2827 1901 2865 vos
1931 2810 2073 2865 deci-

489 2912 595 2983 piat
629 2926 718 2981 per
747 2909 1128 2979 philowphiam
1156 2918 1204 2961 et
1238 2908 1441 2960 inanem
1482 2905 1749 2974 fallaciam
1792 2904 2073 2959 secundum

488 3004 811 3057 traditionem
850 3001 1144 3067 hominum,
1178 3000 1453 3053 secundum
1491 2999 1738 3053 elementa
1778 2999 1996 3064 mundi,
2026 3008 2073 3053 et

489 3110 588 3149 non
617 3091 897 3149 secundum
923 3090 1183 3147 Christum
1206 3106 1225 3144 .'
1252 3088 1409 3157 lquia
1433 3090 1486 3143 in
1502 3091 1612 3160 ipso
1634 3089 1881 3143 inhabitat
1907 3091 2071 3143 omnis

2179 1886 2386 1941 futurus
2413 1886 2672 1953 Joannes,
2701 1888 2944 1956 spiritum
2977 1887 3342 1957 propheticum
3376 1892 3514 1943 intra
3557 1889 3759 1947 visceri

2176 1978 2364 2032 matris
2394 1976 2423 2014 ιι
2453 1979 2681 2044 accepit,
2710 1990 2763 2032 et
2786 1978 3018 2033 nondum
3049 1979 3224 2035 editus
3253 1994 3405 2050 puer,
3444 1979 3769 2049 genitricem

2182 2070 2388 2124 Domini
2408 2071 2558 2140 signo
2575 2070 2772 2124 clausa:
2787 2070 3166 2126 exsoltationis
3185 2070 3417 2126 ostendit
3439 2069 3602 2143 (Ibid.
3616 2114 3633 2140 ,
3650 2075 3771 2143 44).

2176 2160 2361 2228 Magna
2390 2164 2504 2215 inec
2530 2162 2731 2228 omnia,
2762 2174 2816 2215 et
2845 2160 3147 2215 divinorum
3183 2176 3405 2233 operum
3433 2172 3559 2217 sunt
3607 2165 3769 2231 plena

2176 2256 2480 2321 miraculis;
2509 2256 2603 2310 sed
2636 2258 2867 2325 Itocipso
2896 2253 2911 2293 ί
2946 2255 3272 2312 moderatius
3297 2256 3580 2327 stupenda,
3606 2258 3774 2330 109

2174 2365 2280 2419 quo
2304 2350 2477 2419 plora.
2509 2348 2767 2404 Nativitas
2790 2362 2965 2405 autem
2982 2348 3190 2405 Domini
3210 2350 3382 2405 nostri
3401 2349 3529 2405 Jesu
3558 2350 3775 2406 Christi

2174 2457 2388 2498 Omnem
2424 2442 2825 2512 intelligentiam
2868 2451 3113 2512 superat,
3168 2452 3224 2498 et
3269 2451 3461 2499 cuncta
3505 2445 3763 2514 exempla

2177 2534 2534 2599 transcendit;
2568 2550 2666 2589 nec
2697 2543 2874 2604 potest
2902 2532 2918 2585 i
2958 2535 3047 2589 ulli
3072 2550 3191 2590 esse
3217 2535 3623 2606 comparabilis,
3647 2552 3777 2607 quas

2174 2635 2259 2681 est
2283 2627 2421 2681 inter
2448 2627 2628 2680 omnia
2654 2626 2959 2696 singularis.
2994 2623 3016 2662 ¹ι
3051 2626 3246 2681 Electae
3279 2626 3500 2698 Virgini,
3524 2626 3778 2698 olimque

2174 2720 2243 2777 de
2262 2722 2467 2776 semine
2488 2719 2718 2775 Abrahae
2747 2734 2810 2774 ac
2834 2719 2901 2774 de
2929 2719 3108 2775 radice
3128 2719 3279 2775 lesse
3299 2735 3393 2789 per
3421 2720 3779 2788 prophetieas

2174 2829 2334 2869 voces
2361 2822 2416 2868 et
2442 2826 2538 2883 per
2562 2812 2782 2883 mystica
2810 2810 2959 2881 signa
2989 2812 3285 2879 promissae,
3313 2812 3668 2867 denuntiatur
3699 2814 3777 2869 ab

2174 2907 2497 2976 archangelo
2540 2908 2656 2960 sine
2698 2904 2893 2959 damno
2942 2904 3159 2974 pudoris
3204 2904 3357 2959 beata
3418 2906 3732 2962 fecunditas
3759 2950 3776 2975 ,

2174 3012 2381 3054 sacram
2401 2997 2754 3067 virginitatem
2781 3010 2878 3051 nec
2898 3005 3156 3065 conceptu
3181 2995 3438 3051 violatura
3461 3012 3559 3051 nec
3583 3008 3773 3066 partu.

2176 3091 2601 3160 Superveniente
2634 3074 2833 3159 quippe
2872 3088 2925 3141 in
2955 3103 3072 3142 eam
3101 3086 3300 3157 Spiritu
3328 3099 3515 3144 sancto
3537 3129 3554 3155 ,
3588 3099 3644 3144 et
3684 3092 3782 3144 ΑΙ-

491 3185 750 3257 plenitudo
778 3183 1058 3238 divinitatis
1093 3182 1453 3248 corporaliter,
1478 3193 1523 3235 et
1556 3183 1673 3235 estis
1699 3181 1881 3250 repleti
1912 3183 1963 3233 in
1981 3179 2073 3235 illo
2100 3160 2147 3223 (ἶ
2178 3183 2369 3238 tissitni
2402 3183 2756 3237 obumbrante
2781 3181 2976 3237 virtute
3005 3180 3156 3253 (Luc.
3181 3197 3220 3246 ι,
3252 3181 3368 3254 55),
3401 3183 3780 3239 incommuta-

493 3275 731 3349 (Coluss.
764 3290 826 3342 tt,
857 3272 1044 3344 8-l0).
1088 3272 1280 3327 Totum
1316 3273 1475 3342 igitur
1501 3285 1696 3339 corpus
1738 3272 1923 3341 implet
1964 3281 2069 3327 tota
2177 3276 2283 3330 bile
2316 3273 2408 3328 Dei
2453 3273 2682 3327 Verbum
2721 3273 2790 3327 de
2820 3273 3238 3327 incontaminato
3264 3287 3492 3344 eat-pore
3519 3274 3781 3332 habitum

493 3366 781 3429 divinitas;
824 3375 877 3419 et
921 3365 1059 3420 sicut
1106 3363 1235 3417 nihil
1282 3362 1436 3418 deest
1475 3372 1500 3411 ε
1552 3363 1692 3418 ilius
1743 3364 2071 3433 mai-statis,
2178 3368 2277 3423 sibi
2310 3367 2553 3421 humana:
2586 3366 2761 3420 Carnis
2790 3367 3077 3433 assumpsit
3119 3382 3132 3419 :
3170 3381 3290 3436 quae
3314 3376 3369 3421 et
3399 3366 3602 3422 nullum
3632 3383 3787 3423 con-

492 3457 642 3527 cujus
666 3457 992 3511 habitatione
1009 3454 1245 3521 repletur
1263 3454 1746 3520 habitaculum,sic
1769 3458 1896 3509 niltil
1923 3458 2075 3512 deest
2179 3463 2375 3531 tagium
2408 3460 2475 3515 de
2518 3460 2949 3528 concupiscentia
2987 3457 3163 3513 carnis
3220 3459 3489 3524 traheret,
3531 3468 3587 3515 et
3629 3462 3788 3521 nihil

491 3550 753 3620 corporis,
785 3550 926 3616 quod
955 3563 1059 3603 non
1088 3563 1188 3602 suo
1215 3547 1514 3601 habitatore
1544 3548 1611 3601 sit
1640 3549 1872 3616 plenum.
1921 3548 2073 3616 Quod
2179 3571 2365 3611 eorum
2387 3570 2504 3623 qua:
2526 3553 2592 3607 ad
2617 3554 2810 3608 anima:
2827 3551 3173 3622 corporisque
3192 3561 3438 3607 naturam
3464 3554 3781 3623 pertinent,

491 3650 665 3695 autem
697 3640 894 3695 dictum
919 3648 1021 3707 est,
1052 3637 1117 3692 Et
1136 3640 1253 3692 estis
1275 3638 1450 3707 repleti
1472 3638 1524 3692 in
1544 3639 1658 3701 illo,
1684 3647 1863 3694 nostra
1893 3644 2075 3709 utique
2178 3664 2284 3702 non
2314 3646 2553 3702 haberet.

492 3740 576 3788 est
604 3732 899 3801 significata
930 3742 1141 3794 natura,
1166 3728 1233 3784 ad
1262 3744 1397 3799 quos
1429 3729 1522 3783 illa
1552 3731 1773 3800 repletio
1817 3747 1917 3784 non
1950 3747 2069 3800 per-
2248 3743 2376 3796 cn,
2410 3740 2475 3795 γ,
2503 3768 2575 3779 _
2600 3737 2875 3793 [recedam
2902 3732 2922 3774 1
2953 3737 3132 3806 itaque
3162 3737 3373 3808 procul,
3409 3748 3573 3809 atque
3599 3737 3657 3794 in
3692 3746 3791 3796 ιο,

495 3826 686 3880 tittoret
711 3865 725 3891 ,
761 3822 858 3878 nisi
896 3823 986 3877 Dei
1022 3822 1251 3876 Verbum
1283 3821 1451 3876 nostri
1490 3822 1589 3876 sibi
1620 3824 1832 3891 generis
1873 3832 1927 3879 et
1955 3823 2075 3879 atti-
2179 3834 2377 3888 nehras
2403 3846 2533 3886 suas
2572 3841 2699 3886 eant
2735 3829 3110 3885 haereticarunt
3152 3840 3391 3884 monstra
3416 3829 3795 3900 opinionum,

494 3930 633 3968 mam
657 3926 705 3970 οι
739 3929 933 3982 corpus
963 3913 1189 3968 υηῖεδεῐο
2178 3932 2234 3979 et
2262 3925 2393 3978 insat
2417 3939 2569 3977 arum
2601 3923 2879 3989 sacrilegia
2910 3922 3238 3987 falsitatum;
3270 3935 3369 3977 nos
3396 3921 3690 3979 exsultans
3726 3923 3796 3982 in

562 4008 690 4064 Car.
716 4007 802 4063 lV.
843 4037 914 4047 —
957 4004 1368 4078 Agnoscendum
1402 4021 1534 4062 sane
1557 4047 1571 4071 ,
1602 4008 1935 4064 dilectissimi
1964 4054 1979 4079 ,
2023 4023 2076 4068 et
2180 4014 2392 4071 laudem
2426 4014 2518 4069 Dei
2549 4013 2849 4070 cmle~tium
2875 4012 3181 4074 multitudo.
3214 4024 3267 4067 et
3297 4012 3544 4068 instrueti
3575 4011 3649 4067 ab
3675 4029 3798 4072 ar.-

494 4110 605 4158 toto
628 4100 791 4156 corde
816 4108 900 4155 est
923 4100 1308 4166 cculitendum,
1338 4099 1478 4168 quod
1519 4101 1633 4156 haec
1673 4104 1946 4172 generatio
1973 4117 2076 4173 qua
2180 4109 2315 4179 gelis
2340 4108 2577 4163 docuere
2601 4116 2879 4175 pastores;
2906 4115 2964 4160 ut
2989 4105 3219 4174 cognitis
3244 4115 3446 4159 natura:
3478 4105 3799 4178 utriusque

492 4203 547 4251 et
576 4194 804 4250 Verbum
848 4204 899 4249 et
930 4208 1085 4258 caro,
1130 4193 1180 4248 id
1208 4201 1288 4248 est
1321 4194 1458 4249 Deus
1488 4204 1542 4251 et
1574 4195 1733 4249 homo
1760 4240 1772 4264 ,
1818 4212 1951 4253 unus
1982 4197 2074 4255 Dei
2179 4201 2537 4257 documentis.
2570 4209 2623 4253 et
2655 4196 2887 4252 Verbum
2920 4196 2970 4251 iti
3007 4196 3224 4251 Christo
3252 4195 3491 4261 homine,
3520 4205 3577 4251 et
3601 4195 3803 4257 Chri-

494 4289 659 4346 Filius
690 4305 932 4359 unusque
965 4287 1207 4343 Christus
1248 4288 1500 4358 efﬁcitur,
1542 4306 1701 4356 supra
1730 4307 1941 4348 omnem
1968 4294 2078 4349 ori-
2179 4304 2317 4349 stutn
2352 4292 2619 4347 hominem
2646 4290 2932 4344 adoremus
2953 4288 3008 4343 in
3035 4288 3230 4344 Verbo.
3264 4288 3395 4342 Nam
3425 4287 3491 4352 si,
3524 4297 3583 4342 ut
3605 4288 3799 4360 Apo-

490 4382 665 4451 ginem
695 4381 941 4435 humanae
966 4380 1251 4434 ereationis
1279 4381 1507 4435 excellit.
1545 4380 1650 4437 Nec
1676 4385 1816 4438 enim
1840 4385 2073 4441 autAda:
2179 4389 2349 4443 stolus
2403 4387 2501 4454 ait,
2542 4385 2628 4454 qui
2676 4383 2904 4439 adliceret
2954 4382 3191 4449 Domino,
3242 4398 3377 4436 unus
3426 4382 3647 4454 spiritus
3708 4399 3807 4440 eos

564 4520 589 4590 ξ
615 4512 862 4590 Quasdam
885 4512 1146 4590 editiones
1168 4512 1652 4590 anteQnesnelhtm
1678 4531 1800 4590 cunt
1830 4518 2057 4590 ms.Vat.
2091 4526 2143 4587 ι)
2238 4518 2265 4556 ιι
2298 4519 2499 4590 Accepit
2525 4535 2590 4573 ex
2620 4529 2845 4581 quatuor
2873 4533 3001 4572 mss.
3035 4528 3090 4572 et
3116 4518 3283 4585 prima
3314 4518 3554 4574 editione
3592 4534 3800 4577 revo-

491 4582 694 4662 οοιισιειιζ
731 4582 783 4645 5,
814 4592 1029 4649 natoque
1057 4582 1184 4662 Iesu
1201 4598 1264 4635 ea:
1288 4581 1458 4662 Illyria
1500 4582 1701 4662 Virgine
1728 4586 1855 4662 nihil
1879 4600 2063 4662 mulera
2092 4581 2131 4587 —
2167 4581 2543 4662 eavimos'pro
2582 4600 2883 4662 acceperat,
2934 4590 3074 4662 quod
3119 4581 3394 4658 legebatur
3425 4590 3493 4662 in
3538 4595 3805 4652 caeteris
3850 4608 3863 4617 ‘

490 4667 571 4707 me
619 4653 775 4721 fuisse
820 4663 1032 4705 naturis.
1084 4652 1187 4706 Alii
1216 4653 1372 4707 codd.
1417 4667 1472 4708 et
1512 4652 1680 4724 prima
1723 4658 1887 4710 editio
1928 4660 2063 4715 utin
2166 4660 2326 4716 editis
2353 4672 2405 4714 et
2434 4652 2560 4715 mss.
2590 4652 2799 4716 coiret.
2832 4652 2906 4721 5',
2954 4652 3083 4715 illud
3112 4652 3253 4715 enim
3300 4660 3466 4728 magis
3505 4667 3807 4729 congruit

492 4731 667 4803 ιεξιιεο,
779 4784 785 4789 _
896 4793 908 4803 _
984 4792 995 4803 θ
1249 4793 1259 4803 _
1340 4794 1350 4803 .
1624 4796 1654 4803 Α
1700 4796 1727 4803 _
1826 4800 1835 4803 Δ
1999 4802 2023 4803 η
2166 4732 2627 4803 antecedentibus,
2655 4732 2907 4799 concepit,
2933 4732 3082 4803 enixa
3104 4742 3205 4803 est,
3248 4732 3487 4802 suscepit.
3543 4730 3795 4803 Eadem

560 4792 586 4831 δ
617 4793 704 4848 Sic
722 4792 1119 4874 entendatitntts
1142 4807 1208 4847 es
1231 4793 1436 4874 duobus
1461 4810 1591 4874 mss.
1622 4796 1860 4874 S.[_’clri,
1884 4802 2063 4874 etalio
2167 4804 2373 4857 ratione
2417 4818 2486 4874 ex
2529 4792 2737 4857 duobus
2781 4792 2907 4874 mss;
2942 4801 2980 4858 S
3037 4801 3178 4855 Petri
3193 4792 3263 4874 iet
3304 4792 3471 4871 prima
3509 4802 3802 4864 editione

491 4862 649 4942 Dom,
680 4863 1221 4942 acpriniaqeditione.
1267 4868 1373 4942 AL,
1399 4865 1482 4919 e..i
1509 4864 1668 4942 Deus.
1718 4862 1938 4926 Dein—ex
1971 4873 2065 4926 iis-
2131 4931 2143 4942 .
2168 4890 2289 4928 mox
2326 4872 2651 4927 restituimus
2673 4872 2893 4925 ostendit
2915 4888 3010 4942 pro
3033 4862 3334 4926 ostenderal.

488 4935 608 4987 dein
631 4932 788 4987 codd.
820 4941 875 4988 et
911 4934 1015 4987 a‘io
1047 4934 1159 4986 Vat.
1195 4948 1257 4988 ac
1287 4936 1451 5004 prima
1482 4935 1715 4993 editione
1762 4942 2062 4999 addidimus
2131 4931 2143 4946 ’

487 5020 578 5058 nos
602 5014 715 5067 post
745 5018 928 5059 vot'etn
958 5005 1255 5058 instruente.

560 5084 581 5113 ε
630 5074 784 5156 linus
813 5072 1196 5156 cod_.hS..P_etri
1217 5116 1230 5136 .
1264 5075 1361 5129 sibi
1391 5078 1555 5156 dei:'as_
1587 5084 1859 5156 coaptavit,
1896 5086 2059 5156 ’cujus

486 5160 603 5199 caro
641 5144 705 5225 tle
734 5155 872 5226 utero
910 5144 1130 5226 Virginis
1148 5156 1383 5226 μαντεία.
1402 5164 1491 5226 nos
1530 5144 1736 5217 fuimus.
1791 5144 2058 5226 coap'avit

483 5228 567 5271 est
593 5216 831 5292 etiamin
861 5232 974 5292 uno
995 5217 1115 5292 cod.
1148 5216 1259 5271 Vat.
1284 5216 1421 5273 Dein
1452 5219 1515 5273 de
1545 5231 1717 5276 nostro
1749 5238 1845 5292 pro
1872 5216 1934 5278 de
1963 5240 2057 5279 no-

481 5299 588 5341 stra
616 5286 669 5340 itt
700 5288 862 5354 prima
894 5287 1145 5341 editione.

551 5356 577 5396 ά
605 5357 695 5435 _Ita
723 5357 1083 5435 ettm_duobus
1108 5373 1233 5435 mss.
1266 5357 1322 5435 S.
1350 5359 1513 5417 Petri.
1545 5362 1654 5430 AL,
1677 5364 1783 5435 qui.

553 5440 577 5468 ο
604 5428 780 5483 Prima
804 5429 990 5491 editio,
1021 5430 1306 5483 assertioni.

554 5497 574 5537 τ
616 5500 705 5555 Sic
739 5498 1139 5555 etnendsvimus
1168 5515 1232 5555 ex
1275 5501 1482 5556 duobus
1527 5519 1652 5559 mss.
1695 5504 1752 5559 S.
1786 5504 1966 5569 Petri,
2000 5514 2053 5561 et

479 5570 703 5643 duobus
717 5568 833 5643 vat.
854 5570 1071 5643 collect.
1085 5569 1127 5643 ,4
1149 5580 1204 5625 et
1221 5569 1274 5635 5,
1292 5581 1345 5643 et
1368 5577 1612 5643 congruit
1641 5576 1854 5630 lectioni
1883 5568 2046 5633 serm.

478 5639 569 5703 28,
597 5654 650 5696 c.
675 5641 729 5695 7.
757 5641 922 5710 Editi,
953 5642 1008 5693 in
1035 5640 1236 5695 Christo
1278 5639 1490 5697 habitat;

551 5720 592 5793 κ.
607 5710 721 5765 Duo
746 5711 902 5767 codd.
934 5710 995 5769 S.
1029 5710 1193 5777 Petri,
1230 5712 1309 5767 illi
1329 5716 1604 5777 maiestati,
1628 5726 1683 5769 et
1705 5729 1910 5787 postea,
1939 5735 2053 5773 eor-

479 5796 610 5844 pert.

2248 4943 2262 4983 ί
2300 4944 2435 4997 Editi
2464 4956 2585 4997 ante
2616 4942 2980 5011 QthSneil"m,
3012 4944 3409 4997 immoderatius.

2241 5014 2255 5064 i
2294 5014 2347 5069 In
2382 5013 2501 5069 Vat.
2528 5029 2655 5067 mss.
2685 5013 3062 5068 collectionuttt
3088 5019 3443 5083 posteriorum
3467 5014 3601 5069 etin
3635 5019 3803 5077 edi-

2167 5085 2236 5139 tis
2264 5094 2388 5138 ante
2409 5085 2632 5153 Quem"
2665 5083 2808 5137 ullis.
2845 5088 3259 5148 Anteposuitnus
3291 5086 3390 5139 ulli
3419 5085 3800 5148 auctoritate

2165 5155 2391 5209 duorum
2426 5155 2584 5209 codd.
2614 5154 2671 5210 S.
2710 5155 2882 5218 Petri;
2928 5170 2993 5208 es
3025 5155 3218 5221 quibus
3250 5170 3350 5210 nec
3389 5170 3494 5209 non
3526 5172 3594 5209 ex
3630 5162 3806 5219 aliis

2164 5225 2373 5279 dttoltus
2406 5225 2521 5278 Vat.
2555 5242 2615 5277 ac
2638 5224 2803 5291 prima
2832 5224 3069 5279 editione
3095 5224 3217 5279 dein
3247 5226 3582 5295 scripsimus,
3609 5229 3805 5288 inter

2163 5297 2350 5358 omnia,
2387 5297 2435 5348 itl
2463 5306 2546 5365 est
2570 5299 2835 5365 exempla,
2867 5310 2961 5364 pro
2991 5297 3123 5348 inter
3148 5312 3338 5350 omnes.

2235 5364 2261 5403 ¹ί
2285 5366 2446 5430 Edtt.,
2480 5364 2672 5419 Electa:
2691 5382 2906 5435 namque
2944 5365 3144 5436 Virgini
3165 5367 3227 5419 de
3255 5367 3465 5431 semine,
3497 5377 3604 5422 etc.
3650 5372 3813 5429 Mc-

2156 5436 2343 5491 liorem
2372 5436 2698 5491 credidimus
2726 5437 3010 5491 Iet'tinnem
3041 5451 3168 5507 mss,
3203 5437 3259 5491 S.
3289 5437 3462 5507 Petri;
3489 5439 3555 5492 ad
3578 5455 3805 5507 quam

2155 5509 2365 5581 vidi-tur
2393 5509 2649 5562 accedere
2676 5507 2801 5563 cod.
2844 5507 3051 5571 Casin.,
3106 5506 3292 5561 Electa:
3330 5506 3574 5579 Virginea
3595 5506 3810 5581 jam-

2154 5594 2251 5649 que
2275 5579 2338 5631 de
2365 5581 2573 5631 semine.

2230 5646 2250 5687 Ῑ
2284 5649 2611 5705 Adverbium
2640 5648 2677 5701 it

2156 5728 2209 5773 et
2240 5719 2411 5789 prima
2440 5720 2698 5775 editione.

2159 5800 2405 5861 repetunt
2429 5789 2685 5844 recedant.

2748 5663 2809 5702 ue
2835 5648 3166 5703 restituimus
3197 5663 3265 5703 ex
3299 5649 3571 5718 aliquibus
3612 5669 3807 5717 sths.

2780 5735 2848 5774 οι
2877 5718 2984 5774 duo
3013 5719 3171 5772 codd.
3206 5721 3260 5774 S.
3316 5720 3456 5775 Petri
3494 5736 3587 5788 pro
3632 5741 3814 5789 eam
