3994 6354
232 357 333 415 233

1635 361 1865 418 SERMO
1892 352 2082 417 XXXI.

3381 354 3488 421 est

227 470 410 546 (lCor.
438 486 515 541 vr,
549 472 668 544 i7),
712 482 912 545 quanto
958 474 1125 544 magis
1169 473 1409 530 Verbum
1452 487 1579 528 caro
1609 474 1807 530 factum
1836 480 1999 539 Aest
2044 473 2202 529 unius
2246 472 2580 543 substantiae,
2623 475 2763 530 idem
2810 474 2970 530 homo
2998 489 3157 531 verus
3193 484 3247 530 et
3292 490 3485 531 secun-

227 580 358 619 unus
395 574 479 619 est
525 564 810 619 Christus?
868 565 958 620 ubi
1010 565 1142 621 nihil
1190 578 1273 620 est
1310 565 1530 620 alterius
1572 576 1798 631 naturae,

226 655 361 725 quod
400 669 508 708 non
542 654 613 708 sit
654 654 958 725 utriusque.
1002 654 1119 709 Non
1166 670 1293 725 ergo
1323 655 1655 710 inﬁrmemur
1697 665 1722 692 α
1750 657 1803 710 in

224 747 445 802 consilio
471 745 858 802 misericordia:
889 748 1149 817 Dei,,qu:e
1177 764 1277 803 nos
1299 758 1354 804 et
1381 748 1699 804 innocentia:
1717 764 1804 805 re—

223 841 413 894 lormat
444 849 501 894 et
528 839 683 905 vitae;
714 855 814 895 nec
861 841 984 910 quia
1028 842 1083 894 in
1114 841 1393 897 Salvatore
1420 854 1606 896 nostro
1634 842 1805 896 mani-

222 932 348 985 lesta
378 932 760 998 cognoscimus
801 934 1029 1002 geminae
1060 932 1207 1003 signa
1241 944 1465 999 naturae,
1488 943 1580 988 aut
1606 934 1659 987 in
1689 935 1801 1003 glo-

221 1024 291 1075 ria
324 1022 416 1076 Dei
444 1023 514 1076 de
545 1024 775 1077 veritate
803 1026 1004 1089 carnis,
1031 1035 1121 1078 aut
1157 1025 1207 1078 in
1239 1024 1539 1080 humilitate
1571 1026 1802 1081 hominis

221 1114 282 1169 de
303 1115 527 1168 Deitatis
552 1116 1188 1185 majestatedubitemus.
1217 1116 1246 1156 ι’
1273 1118 1413 1172 Idem
1437 1126 1521 1173 est
1548 1120 1597 1171 iu
1630 1117 1801 1172 forma

220 1206 329 1270 Dei,
370 1208 460 1275 qui
495 1211 722 1260 [urinam
765 1210 1000 1277 suscepit
1044 1211 1208 1264 servi.
1253 1210 1400 1265 idem
1438 1221 1519 1264 est
1562 1210 1801 1278 incorpo-

217 1310 332 1350 reus
374 1310 629 1364 manens,
661 1308 715 1351 et
740 1312 934 1367 corpus
971 1313 1271 1353 assumens.
1325 1297 1471 1354 Idem
1518 1309 1600 1353 est
1626 1300 1676 1351 in
1706 1312 1800 1353 sua

215 1394 407 1442 virtute
446 1390 806 1459 inviolabilis,
848 1402 904 1446 et
942 1393 994 1446 in
1024 1404 1206 1446 nostra
1238 1393 1545 1448 inﬁrmitate
1576 1394 1802 1463 passibi-

215 1482 297 1536 lis.
342 1482 497 1536 Idem
544 1493 630 1537 est
671 1499 701 1537 a
734 1495 958 1554 paterno
1004 1500 1110 1539 non
1140 1485 1341 1540 divisus
1382 1486 1598 1553 throno,
1642 1496 1695 1541 et
1732 1486 1800 1539 ab

214 1576 385 1643 impiis
412 1575 712 1631 cruciﬁxus
742 1577 797 1631 in
834 1578 997 1646 ligno.
1044 1578 1191 1633 ldem
1222 1588 1305 1634 est
1350 1593 1511 1649 super
1536 1579 1799 1634 ccelorum

212 1669 526 1724 altitudines
564 1672 740 1725 victor
787 1672 973 1726 mortis
1029 1673 1359 1739 ascendens,
1415 1684 1471 1729 et
1517 1691 1684 1744 usque
1731 1676 1799 1730 ad

210 1766 733 1820 consummationem
774 1765 954 1819 saeculi
998 1766 1301 1821 universam
1352 1768 1643 1822 Ecclesium
1690 1785 1796 1823 non

1907 567 2033 621 dum
2062 583 2281 622 carnem
2308 569 2465 623 matri
2493 567 2964 623 consubstantialis
2989 568 3279 634 existeret;
3330 578 3482 623 utro-

1904 675 2010 730 que
2041 660 2354 729 gaudemus,
2385 662 2505 730 quia
2549 677 2653 714 nou
2686 660 2789 715 nisi
2822 668 3049 729 utroque
3081 660 3352 714 salvamur
3380 677 3394 713 :
3426 661 3479 714 in

1906 752 2056 808 nullo
2097 754 2396 810 dividentes
2427 755 2695 809 visibilem
2733 756 2800 809 ab
2848 753 3124 819 invisibili,
3164 768 3481 821 corporeum

1905 843 1974 899 ab
2014 844 2353 914 incorporeo,
2392 844 2700 913 passibilem
2745 844 2811 900 ab
2848 844 3189 912 impassibili,
3239 843 3481 913 palpabi-

1904 935 2011 991 lem
2051 939 2119 991 ab
2163 937 2513 1008 impalpabili,
2565 937 2786 992 formam
2818 937 2846 974 ιι
2875 939 3013 991 servi
3060 955 3088 991 a
3132 938 3299 991 forma
3343 938 3480 1004 Dei;

1904 1032 2026 1101 quia
2056 1032 2157 1085 etsi
2202 1047 2363 1086 unum
2406 1041 2584 1086 manet
2618 1030 2684 1085 ab
2727 1045 2773 1083 ae
2800 1030 3045 1095 ernitate,
3080 1029 3220 1083 aliud
3254 1030 3414 1098 coepit
3445 1044 3476 1083 a

1906 1132 2184 1192 tempore;
2218 1140 2334 1194 qua:
2364 1133 2538 1176 tamen
2574 1124 2623 1176 iu
2654 1123 2907 1175 unitatem
2954 1130 3341 1184 convenerunt,
3378 1136 3479 1176 nec

1904 1217 2296 1286 separationcm
2329 1226 2549 1285 pos~ttut
2584 1215 2803 1275 habere,
2835 1230 2929 1267 nec
2965 1215 3156 1278 ﬁnem;
3187 1214 3307 1265 dum
3337 1213 3479 1266 exal-

1905 1316 2025 1362 tans
2055 1318 2108 1361 et
2146 1308 2440 1371 exaltatus,
2486 1308 2790 1376 glorilicaus
2823 1315 2877 1359 et
2917 1303 3271 1372 glorilicalus,
3303 1305 3372 1356 ita
3405 1304 3480 1357 si-

1901 1399 2068 1454 bimet
2104 1396 2121 1435 ί
2154 1400 2507 1464 iuhaeserunt,
2539 1408 2596 1452 ut
2619 1403 2730 1452 sive
2755 1400 2804 1451 in
2840 1398 3249 1465 omnipotentia,
3280 1396 3397 1450 sive
3426 1396 3481 1450 in

1903 1492 2255 1557 contumelia,
2286 1505 2385 1545 nec
2426 1489 2607 1544 divina
2638 1492 2689 1544 in
2718 1490 2933 1544 Christo
2962 1497 3180 1542 careant
3206 1487 3475 1553 humanis,

1904 1598 2001 1637 nec
2033 1584 2260 1637 humana
2294 1582 2511 1636 divinis.
2560 1574 2563 1583 λ

1980 1678 2132 1747 Ill
2164 1674 2295 1728 CAP.
2329 1672 2440 1727 Vll.
2470 1702 2540 1713 -—
2569 1672 2679 1726 lloc
2726 1670 3009 1725 credentes
3036 1711 3049 1734 ,
3100 1668 3477 1735 dilectissimi,

1907 1769 1921 1817 l
1962 1768 2074 1821 veri
2104 1767 2393 1822 Christiani
2430 1781 2643 1830 sumus,
2681 1767 2789 1817 veri
2826 1762 3097 1830 Israelitae,
3142 1771 3197 1816 et
3240 1761 3294 1815 in
3341 1776 3476 1815 con-

208 1855 549 1923 relinquens.
583 1856 727 1910 Idem
778 1864 1049 1925 postremo
1094 1868 1194 1921 est,
1230 1858 1321 1928 qui
1363 1858 1413 1911 in
1454 1860 1663 1923 eadem,
1693 1875 1796 1929 qua
1828 1855 2125 1918 Bsortium
2174 1860 2404 1914 ﬁliorum
2456 1859 2549 1913 Dei
2604 1860 2871 1912 veraciter
2926 1855 3163 1923 ad0ptsti
3206 1872 3219 1906 :
3257 1856 3380 1923 quia
3425 1862 3481 1909 et

208 1949 477 2014 ascendit,
530 1965 695 2005 carne
730 1962 1013 2019 venturus,
1065 1952 1206 2005 sicut
1244 1952 1503 2021 judicium
1544 1954 1799 2009 sustinuit

210 2040 533 2109 impiorum,
575 2042 651 2095 ita
691 2042 1027 2111 judicalurus
1071 2053 1153 2097 est
1197 2044 1263 2097 de
1308 2045 1543 2098 omnium
1587 2046 1798 2101 actione

211 2132 368 2203 ιιο
392 2133 728 2186 mortalium.
779 2132 931 2188 Unde
968 2149 1034 2188 ne
1066 2133 1307 2203 plurimis
1349 2136 1668 2190 testimoniis
1697 2138 1799 2191 im-

205 2241 514 2293 muremur,
558 2244 722 2281 unutn
748 2226 948 2281 sulﬁcit
984 2242 1051 2283 ex
1080 2227 1367 2297 Evangelio
1396 2230 1539 2283 beati
1574 2228 1797 2283 Joannis

210 2318 483 2386 adhiberi,
536 2334 643 2388 quo
687 2318 801 2390 ipse
843 2320 1098 2374 Dominus
1144 2330 1332 2374 noster
1370 2331 1390 2358 ⁸
1414 2320 1543 2375 dicit
1572 2339 1583 2373 :
1612 2321 1793 2390 Amen,

205 2424 350 2461 amen
384 2410 509 2463 dico
542 2411 700 2476 vobis,
732 2411 855 2481 quia
880 2412 1010 2464 venit
1039 2408 1186 2477 hora,
1217 2420 1266 2465 et
1306 2428 1439 2465 nunc
1466 2420 1558 2481 est,
1590 2412 1798 2482 quando

204 2502 395 2551 mortui
435 2501 653 2553 audient
683 2517 852 2555 vocem
888 2499 1017 2555 Filii
1049 2501 1176 2568 Dei;
1221 2512 1268 2557 et
1305 2505 1389 2573 qui
1418 2502 1802 2591 audierint‘vi-

202 2600 336 2645 sent.
384 2592 542 2645 Sicut
569 2594 707 2646 enim
740 2594 899 2646 Pater
942 2593 1091 2646 habet
1118 2594 1272 2647 vitam
1316 2595 1371 2648 in
1399 2597 1684 2667 semetipso,
1727 2598 1799 2650 sic

202 2683 349 2736 dedit
379 2694 428 2736 et
464 2680 611 2737 Filio
648 2686 801 2738 vitam
844 2684 1029 2739 habere
1057 2686 1110 2738 in
1141 2687 1411 2756 semetipso
1429 2703 1450 2753 ;
1496 2696 1542 2741 et
1572 2695 1798 2756 potesta-

203 2784 304 2828 tem
344 2775 498 2828 dedit
526 2777 571 2829 ei
606 2776 865 2848 judicium
906 2779 1089 2849 facere,
1135 2781 1255 2849 quia
1294 2779 1431 2848 ﬁlius
1478 2782 1699 2835 hominis
1728 2791 1801 2834 est

202 2865 401 2936 (lacn.
433 2884 486 2932 v,
522 2868 640 2938 25).
674 2870 813 2939 Ergo
850 2872 950 2925 sub
979 2888 1081 2926 una
1111 2873 1379 2926 sententia
1416 2873 1649 2927 ostendit
1675 2874 1800 2943 quia

202 2954 229 2992 ⁴
258 2959 417 3012 idem
444 2958 611 3013 Filius
647 2961 737 3014 Dei
765 2974 924 3030 atque
961 2962 1100 3016 lilius
1137 2962 1367 3017 hominis
1392 2973 1493 3018 est.
1528 2963 1682 3019 Unde
1706 2980 1803 3033 ap-

201 3062 364 3120 paret
397 3053 850 3121 quemadmodum
892 3053 1161 3110 Cltrismm
1197 3058 1481 3111 Dominum
1512 3059 1564 3112 in
1596 3060 1801 3114 unitate

202 3158 471 3213 persona:
496 3146 717 3201 credere
739 3148 1051 3215 debeamus,
1081 3159 1103 3186 θ
1127 3152 1213 3219 qui
1237 3166 1357 3204 cum
1388 3152 1457 3204 sit
1484 3150 1652 3206 Filius
1681 3152 1799 3219 Dei,

1901 1971 2089 2011 omnes
2118 1955 2287 2009 sancti
2328 1955 2416 2021 qui
2450 1952 2742 2007 Salvatoris
2772 1952 2938 2004 nostri
2979 1957 3222 2018 tempora
3252 1961 3482 2018 praeces-

1901 2059 2109 2111 serunt,
2144 2063 2240 2117 per
2272 2047 2407 2100 hanc
2440 2047 2596 2099 Iidem
2626 2043 2924 2111 iustiﬁcati,
2955 2050 3009 2096 et
3039 2056 3132 2109 per
3164 2040 3263 2093 hoc
3294 2054 3478 2094 sacra-

1903 2150 2144 2195 mentum
2195 2137 2393 2192 Christi
2442 2148 2568 2191 sunt
2613 2150 2806 2204 corpus
2852 2132 3049 2197 etii-mi,
3098 2139 3480 2201 exspectantes

1906 2232 2262 2289 universalem
2310 2230 2645 2285 credentium
2688 2226 3111 2295 redemptiOuem
3166 2226 3219 2277 in
3272 2223 3479 2279 semine

1906 2326 2159 2394 Abrahte,
2194 2324 2263 2380 de
2283 2340 2389 2393 quo
2425 2323 2555 2377 dicit
2580 2322 2867 2391 Apostolus
2897 2336 2910 2371 :
2942 2318 3161 2371 Abrahte
3186 2318 3335 2370 dictis
3362 2324 3481 2370 sunt

1908 2415 2349 2487 repromissiones,
2381 2423 2427 2468 et
2454 2414 2630 2468 semini
2659 2413 2789 2479 ejus.
2823 2408 2945 2464 Non
2977 2409 3120 2474 dicit,
3168 2406 3235 2460 Et
3270 2406 3480 2461 semini-

1904 2510 2017 2574 bus,
2047 2509 2191 2578 quasi
2214 2508 2265 2560 in
2294 2507 2490 2572 multis,
2519 2505 2607 2558 sed
2646 2505 2789 2573 quasi
2818 2502 2870 2555 in
2902 2517 3029 2566 uno,
3061 2500 3130 2552 Et
3158 2499 3340 2553 semini
3367 2506 3479 2565 tuo,

1906 2599 1935 2639 ¹ί
1965 2602 2053 2671 qui
2080 2609 2151 2654 est
2178 2598 2410 2653 Christus
2437 2596 2635 2670 (Galat.
2658 2611 2734 2661 ιιι,
2766 2592 2880 2662 l6).
2916 2594 3143 2665 Propter
3171 2591 3313 2662 quod
3342 2591 3480 2647 Mat-

1904 2694 2076 2749 thaaus
2122 2691 2473 2760 evangelista,
2520 2700 2580 2743 ut
2630 2686 3040 2757 promissionem
3088 2685 3155 2739 ad
3206 2682 3479 2739 Abraham

1914 2783 2110 2839 factam
2138 2781 2448 2837 ostenderet
2472 2782 2525 2835 in
2556 2780 2770 2835 Christo
2801 2793 2921 2833 esse
2948 2777 3289 2845 completam,
3319 2789 3483 2845 gene-

1906 2874 2175 2929 rationum
2229 2872 2475 2926 ordinem
2532 2869 2824 2939 percurrit,
2878 2877 2932 2921 et
2977 2868 3029 2921 in
3080 2882 3186 2936 quo
3233 2865 3482 2921 omnibus

1904 2964 2156 3034 gentibus
2184 2960 2446 3031 disposita
2487 2961 2670 3014 luisset
2714 2956 3039 3022 benedictio,
3070 2955 3507 3011 demonstravit-

1906 3056 2079 3113 Lucas
2109 3070 2322 3129 quoque
2355 3054 2684 3124 evangelista
2732 3052 2798 3106 ab
2827 3052 2944 3121 ipso
2983 3050 3196 3106 Domini
3248 3060 3370 3105 ortu
3397 3064 3485 3106 se-

1907 3150 2042 3203 riem
2073 3148 2287 3219 generis
2329 3146 2415 3202 sui
2468 3159 2684 3200 sursum
2728 3157 2915 3198 versus
2962 3142 3195 3198 retexuit
3222 3141 3374 3213 (Luc.
3401 3157 3481 3209 ιιι,

202 3249 303 3305 per
349 3252 523 3307 quem
562 3236 683 3292 facti
716 3255 918 3305 sumus,
950 3244 1111 3295 etiam
1147 3242 1289 3297 ﬁlius
1330 3244 1558 3299 hominis
1584 3260 1680 3314 per
1714 3260 1799 3300 as-
1828 3238 1875 3302 C
1904 3239 2022 3310 23),
2052 3250 2111 3294 ιιι
2139 3239 2303 3295 etiam
2340 3237 2430 3292 illa
2460 3237 2654 3290 saecula
2691 3251 2809 3306 qua;
2856 3233 3116 3289 diluvium
3150 3230 3483 3303 1.praevene-

203 3332 585 3396 sumptionem
632 3334 810 3386 carnis
852 3343 935 3387 est
959 3333 1151 3401 factus,
1190 3344 1249 3388 ut
1294 3350 1615 3406 moreretur,
1668 3339 1807 3394 sicut

202 3422 281 3475 ait
321 3422 652 3492 Ap0stolus,
684 3435 892 3494 propter
933 3428 1119 3481 delicta
1168 3438 1363 3497 nostra,
1412 3440 1466 3486 et
1502 3443 1808 3503 resurgeret

204 3528 441 3585 propter
458 3516 871 3585 justiﬁcationem
900 3530 1126 3573 nostram
1166 3522 1344 3595 (Rom.
1373 3539 1447 3591 tv,
1475 3524 1591 3596 25).

277 3606 436 3661 CAP.
478 3607 561 3661 Vl.
588 3609 806 3664 —lla:c
851 3610 1155 3681 confessio,
1205 3612 1569 3685 dilectissimi,
1630 3618 1807 3676 nullas

211 3696 232 3734 ί
286 3698 502 3752 metuit
557 3700 1039 3770 contradictiones,
1091 3705 1252 3759 nullis
1302 3706 1447 3762 cedit
1509 3710 1804 3765 erroribus.

206 3790 589 3859 Agnoscimus
616 3794 756 3847 enim
802 3795 1228 3851 misericordiam
1273 3798 1369 3854 Dei
1408 3800 1477 3855 ab
1509 3801 1658 3856 initio
1687 3817 1809 3873 pro-

205 3887 477 3945 missum,
512 3894 567 3938 et
590 3894 710 3940 ante
740 3888 935 3941 saecula
971 3902 1349 3958 praeparatam,
1381 3907 1477 3961 per
1496 3909 1653 3963 quam
1684 3904 1711 3943 8
1731 3910 1813 3951 so-

206 3978 323 4033 iam
362 3977 573 4031 resolvi
610 3980 930 4049 captivitatis
969 3982 1216 4035 humanae
1244 3982 1452 4037 vincula
1492 3993 1807 4055 potuerunt,

208 4075 429 4140 quibus
463 4070 689 4138 primum
722 4072 992 4127 hominem
1020 4089 1341 4144 omnemque
1373 4074 1489 4143 ejus
1529 4079 1813 4145 posterita-

209 4172 327 4215 tem
363 4163 716 4217 malesuadus
743 4165 947 4231 peccati
974 4176 1163 4219 auctor
1185 4166 1576 4233 obstrinxerat,
1606 4180 1659 4224 et
1690 4186 1813 4238 pro-
1896 4166 1901 4171 θ

210 4257 485 4324 paginem
508 4252 805 4307 dedititiam
833 4254 1080 4323 originali
1103 4255 1203 4309 sibi
1234 4258 1545 4325 prwjudicio
1572 4259 1809 4316 vindica-

210 4346 331 4398 bat.
370 4346 513 4409 Quia
546 4344 702 4413 igitur
725 4345 1081 4414 justiﬁcandis
1115 4347 1423 4403 hominibus
1467 4352 1568 4405 hoc
1608 4351 1810 4420 princi-

207 4442 434 4509 paliter
464 4440 773 4508 Opitulatur,
801 4441 942 4510 quod
990 4440 1309 4511 Unigeuitus
1344 4443 1433 4497 Dei
1478 4444 1637 4513 etiam
1669 4446 1815 4503 ﬁlius

208 4534 473 4589 hominis
501 4548 623 4590 esse
650 4536 898 4603 dignatus
921 4544 1023 4603 est,
1046 4547 1104 4591 ut
1132 4536 1369 4608 ὁμούσιος
1394 4537 1540 4594 Patri
1568 4539 1736 4607 Deus,
1760 4543 1813 4599 id

1909 3344 2050 3401 rant,
2090 3342 2144 3389 et
2193 3333 2317 3387 huic
2362 3338 2697 3386 sacramento
2745 3329 2965 3384 doceret
3006 3326 3174 3382 fuisse
3218 3339 3484 3392 connexa,

1910 3440 2207 3497 omnesque
2231 3427 2299 3481 ab
2321 3424 2474 3479 initio
2497 3424 2900 3478 successionum
2942 3420 3159 3491 gradus,
3189 3420 3257 3474 ad
3283 3435 3408 3476 eum
3432 3420 3489 3475 in

1910 3534 2017 3590 quo
2065 3533 2171 3573 uno
2205 3525 2323 3572 erat
2362 3514 2506 3571 salus
2550 3516 2812 3580 omnium,
2857 3512 3166 3568 tetendisse.
3198 3511 3312 3567 Non
3358 3526 3489 3584 ergo

1910 3610 2267 3668 dubitandum
2297 3618 2379 3665 est
2408 3610 2529 3679 quia
2561 3616 2758 3679 praeter
2797 3603 3070 3661 Christum
3096 3621 3201 3659 non
3242 3612 3317 3659 est
3344 3602 3491 3659 aliud

1912 3722 2097 3760 nomen
2120 3704 2214 3759 sub
2234 3703 2358 3758 calo
2388 3703 2564 3755 datum
2592 3698 2898 3767 hominibus,
2929 3698 2983 3752 in
3019 3714 3120 3769 quo
3145 3713 3238 3751 nos
3263 3704 3491 3768 oporteat

1912 3800 2081 3854 salvos
2128 3796 2240 3863 ﬁeri
2284 3796 2422 3868 (Act.
2458 3812 2533 3859 tv,
2566 3794 2655 3863 5);
2709 3794 2799 3864 qui
2841 3807 2962 3848 cum
2993 3791 3151 3847 Patre
3198 3802 3252 3846 et
3288 3789 3493 3861 Spiritu

1916 3901 2105 3947 sancto
2132 3888 2354 3968 aequalis
2388 3888 2443 3942 in
2471 3885 2731 3941 Trinitate
2760 3885 2893 3941 vivit
2919 3893 2973 3939 et
2997 3892 3187 3955 regnat
3210 3883 3265 3939 in
3293 3880 3493 3938 saecula

1914 3984 2256 4041 steculorum.
2286 3982 2480 4038 Amen.

2290 4070 2521 4128 SERMO
2557 4068 2730 4125 XXXI
2771 4070 2877 4142 [ΑΙ.
2917 4068 3111 4140 XXX].

2024 4167 2093 4222 In
2132 4166 2450 4221 solemnitate
2489 4162 3043 4287 Epgqﬁ-qziiwlﬂomini
3077 4162 3237 4216 nostri
3260 4160 3386 4216 Jesu

1920 4332 2186 4388 Sruorsrs.
2217 4358 2287 4369 --
2320 4328 2359 4382 l.
2388 4327 2623 4381 Christus
2658 4336 2811 4379 natus
2838 4325 2899 4377 ab
2932 4324 3163 4378 omnibus
3191 4325 3297 4378 vult
3327 4340 3493 4393 agno-

1989 4403 2084 4465 sci,
2105 4397 2607 4471 datsignumstellae,
2622 4396 2874 4519 simulqlue
2899 4396 3087 4448 donum
3109 4395 3426 4468 intelligendi
3450 4402 3499 4449 et

1991 4474 2301 4519 reanirendi.
2333 4498 2404 4510 -—
2428 4469 2493 4519 ll.
2524 4467 2744 4519 Frustra
2830 4466 3006 4519 erodes
3038 4466 3093 4519 in
3115 4464 3374 4519 Christum
3401 4481 3498 4519 sas-

1991 4464 2301 4543 requirendi.
2333 4498 2404 4543 ς-έ
2428 4469 2493 4522 ll.
2524 4467 2744 4521 Frustra
2772 4464 3006 4543 Herodes
3038 4466 3093 4519 in
3115 4464 3374 4520 Christum
3401 4481 3498 4521 sar-

1989 4537 2080 4597 vit'.
2123 4542 2269 4611 Magi
2314 4541 2469 4609 ﬁdem
2514 4554 2657 4593 suam
2698 4537 2984 4591 muneribus
3030 4545 3397 4607 protestantur.
3428 4565 3499 4579 --

284 4727 314 4753 ει
344 4717 452 4790 εἰς
482 4717 649 4771 nostri
682 4717 838 4772 codd.
862 4726 917 4772 et
937 4718 1273 4784 Quesnellus.
1300 4722 1405 4775 Alii
1434 4721 1585 4787 editi,
1615 4723 1667 4775 in
1692 4739 1813 4777 con-
1838 4730 1892 4790 D
1919 4732 2019 4787 est,
2050 4731 2104 4776 at
2134 4720 2305 4775 nullas
2334 4718 2545 4773 metuit.

210 4791 381 4844 siliis.
422 4787 589 4860 Paulo
625 4798 741 4856 post
766 4804 860 4855 pro
886 4791 1181 4857 manifeste,
1221 4794 1361 4860 quod
1393 4802 1509 4847 erat
1542 4794 1595 4845 in
1628 4795 1808 4859 editis,

210 4858 563 4933 Quesnellus
591 4861 825 4928 scripsit,
860 4862 1151 4933 manifesta,
1187 4858 1325 4930 quod
1357 4864 1410 4916 in
1460 4864 1656 4917 nostris
1683 4880 1817 4933 quo-

208 4948 324 5003 que
363 4946 505 4983 mss.
542 4929 816 5003 inventum
848 4932 1183 5003 retiunimus.

286 5004 315 5040 δ
360 5002 487 5051 Duo
516 5003 673 5054 codd.
702 5001 757 5055 S.
786 5002 949 5073 l’etri,
983 5002 1125 5073 Idem
1151 5002 1300 5057 homo
1322 5012 1395 5058 est
1421 5005 1473 5057 in
1499 5008 1667 5073 forma
1698 5002 1818 5069 Dei,

209 5075 304 5145 qui
336 5073 575 5145 formam
600 5074 785 5141 recepit
812 5072 965 5126 servi.
994 5071 1202 5144 Recepit
1229 5086 1309 5129 est
1340 5071 1506 5131 etiam
1530 5077 1583 5130 ιιι
1612 5076 1820 5131 duobus

214 5144 538 5198 Vaticanis.
1345 5189 1354 5198 ,

293 5225 317 5250 c
355 5214 504 5265 Tres
530 5211 689 5266 codd.
723 5212 945 5280 addunt,
978 5213 1120 5279 hac;
1161 5216 1335 5285 prima
1374 5216 1539 5272 editio
1566 5232 1689 5272 cum
1718 5230 1819 5273 ms.

212 5286 391 5345 Bon.,
436 5287 553 5334 hoc.

293 5353 323 5392 ει
361 5353 699 5430 Quesnellus
715 5352 938 5430 inseruit
963 5371 1148 5430 vocem
1174 5359 1330 5425 idem,
1351 5374 1509 5428 quam
1528 5360 1827 5430 reperimus

216 5430 274 5483 in
313 5442 503 5496 prima
537 5425 771 5479 editione
797 5434 851 5477 et
878 5426 1145 5496 aliquibus
1176 5446 1305 5483 mss.

299 5508 325 5534 ε
363 5495 477 5562 Qui
510 5510 605 5564 pro
635 5502 754 5568 quia
790 5495 1156 5568 revocavimus
1191 5516 1255 5553 ex
1285 5500 1451 5568 prima
1500 5501 1739 5556 editione
1767 5508 1822 5555 et

219 5570 454 5623 duobus
480 5581 611 5619 mss.
637 5565 693 5619 S.
730 5565 890 5631 Petri,
937 5584 1033 5621 nec
1079 5588 1182 5624 nun
1215 5565 1296 5623 ex'
1319 5588 1422 5623 uno
1452 5570 1572 5625 Vat.
1610 5584 1658 5622 et
1689 5571 1821 5625 Bon.

307 5638 328 5677 ί
368 5639 436 5690 In
468 5650 697 5705 quatuor
732 5639 890 5690 codd.
917 5649 969 5693 et
1001 5642 1167 5705 prima
1196 5642 1449 5707 editione,
1483 5643 1689 5694 inrenit.
1726 5642 1828 5694 Re-

223 5711 507 5766 linuimus
555 5709 846 5780 lectionem
897 5711 1183 5778 vulgatam,
1232 5730 1387 5780 quam
1434 5714 1487 5767 in
1535 5712 1654 5765 aliis
1696 5726 1825 5764 mss.

222 5784 411 5839 etiam
450 5779 684 5852 antiquis
709 5779 1182 5852 deprehendimus,
1219 5779 1283 5837 eo
1317 5785 1457 5852 quod
1487 5782 1739 5852 confessio
1768 5781 1831 5835 ﬁ-

224 5855 328 5913 dei
371 5852 451 5907 de
475 5847 696 5905 Christo
725 5849 906 5918 plures
935 5853 1151 5922 quidem
1169 5847 1177 5852 ⁷
1195 5847 1647 5912 contradictiones
1675 5861 1832 5911 nacta

642 5952 910 6016 Ριτιιοι.
957 5944 1116 6007 ων.

1998 4784 2023 4841 s
2055 4791 2371 4860 Qucsnellus
2408 4788 2611 4860 addidit
2656 4799 2840 4860 vocem
2876 4784 3039 4837 solam
3075 4798 3299 4860 exqmss.
3334 4784 3499 4839 Corh.

1927 4874 1982 4920 et
2011 4858 2312 4919 Gaudiival.
2356 4859 2611 4913 Eamdcm
2654 4858 2706 4910 in
2737 4865 2967 4924 quatuor
2994 4858 3196 4909 nostris
3240 4871 3370 4909 mss.
3416 4871 3502 4911 re-

1927 4937 2187 5005 perimus,
2221 4948 2319 5005 nec
2350 4946 2453 5005 non
2496 4932 2546 4983 in
2578 4928 2752 4996 prima
2780 4926 3205 5005 editione.._[)ein
3245 4926 3503 5005 malesua-

1928 4996 2046 5069 dus,
2079 5006 2129 5058 iu
2176 5002 2494 5073 quibusdam
2544 5013 2674 5053 mss.
2721 5007 2774 5073 et
2802 4996 3239 5073 p_ritna_edit_ione
3282 4997 3502 5073 a_uobis

1930 5066 2206 5131 inventum
2234 5072 2553 5139 Quesnellus
2584 5070 2804 5139 recepit.
2830 5069 2884 5121 lu
2910 5066 3027 5123 aliis
3051 5069 3209 5124 editis
3234 5074 3290 5124 et
3317 5069 3371 5124 in
3394 5083 3500 5123 ms.

1932 5146 1989 5204 S.
2023 5146 2165 5201 Petri
2188 5145 2501 5197 malesuasor
2529 5142 2740 5205 legitur.

2000 5217 2029 5253 ιι
2060 5218 2155 5271 Ms.
2178 5219 2235 5269 S.
2268 5214 2432 5276 Petri,
2460 5212 2696 5266 hominis.

2007 5286 2024 5324 ί
2062 5289 2173 5341 Duo
2199 5285 2355 5340 codd.
2401 5286 2457 5339 S.
2490 5283 2655 5348 Petri,
2707 5281 2973 5335 inhwrent.

2005 5357 2020 5408 i
2057 5359 2390 5425 Adjectivum
2434 5355 2537 5407 veri
2578 5353 2901 5425 inseruimus
2946 5367 3013 5407 ex
3060 5366 3190 5407 mss.
3231 5349 3287 5405 S.
3333 5349 3504 5414 Petri,

1925 5443 2033 5485 uno
2066 5424 2198 5483 Bon.
2229 5436 2283 5480 et
2312 5427 2480 5493 prima
2514 5424 2769 5478 editione.

2004 5498 2027 5535 ¹ι
2062 5499 2195 5555 Tres
2225 5490 2380 5553 codd.
2408 5504 2461 5550 et
2490 5496 2659 5564 prima
2690 5492 2876 5557 editio,
2908 5492 3046 5564 quod
3073 5499 3167 5545 est.
3195 5490 3359 5545 Paulo
3386 5498 3510 5560 post

1930 5571 2247 5641 percucurrit
2291 5583 2387 5641 pro
2415 5563 2666 5637 percurrit
2695 5574 2776 5619 est
2811 5565 2864 5618 in
2905 5563 3112 5617 duobus
3140 5565 3339 5616 nostris
3370 5575 3505 5616 mss.

1934 5639 1987 5697 et
2018 5644 2069 5694 in
2100 5644 2267 5709 prima
2294 5639 2551 5693 editione.

2011 5710 2029 5749 ι
2060 5702 2149 5767 διε
2177 5712 2281 5765 duo
2306 5724 2434 5763 mss.
2469 5711 2523 5766 S.
2558 5706 2723 5762 Petri.
2756 5705 2863 5769 AL,
2896 5710 3265 5772 praevenerunt.
3294 5702 3427 5762 Dein
3453 5702 3511 5762 in

1938 5785 2145 5840 duobus
2174 5782 2331 5838 codd.
2361 5789 2415 5837 et
2440 5781 2610 5851 prima
2636 5777 2891 5842 editione,
2923 5783 3049 5828 esset
3076 5774 3235 5829 salus.
