3994 6354
217 374 318 453 ἢ

1583 378 1809 468 statim
1844 392 2059 467 itxxu.

3351 420 3457 479 258

212 504 508 617 venerantes
539 536 555 574 :
589 520 717 591 quia
745 510 884 617 quod
913 534 1028 583 erat
1055 526 1107 582 in
1136 514 1448 589 substantiis
1471 532 1771 604 proprium,
1797 534 1850 595 Α
1880 541 1958 587 tas
1976 532 2356 591 declarationis
2377 534 2495 605 ejus
2515 534 2795 602 illuxit;et
2821 549 2981 613 quem
3000 536 3055 597 iu
3076 536 3168 595 illo
3188 538 3275 595 die
3306 539 3458 617 virgo

210 616 304 664 uOn
330 617 444 667 erat
469 608 521 664 in
556 621 828 681 potestate
854 614 1150 675 diversum.

267 700 391 757 CAP.
420 701 506 756 Ill.
559 734 635 744 —
704 705 955 763 Reversis
990 722 1167 766 autem
1200 714 1369 785 magis
1412 714 1465 770 in
1498 715 1771 786 regionem

207 808 367 864 suam,
394 798 763 869 translatoqne
786 800 911 856 Jesu
933 805 983 857 in
1007 804 1296 879 Egyptnm
1319 824 1382 863 ex
1409 810 1775 870 admonitione

204 880 388 956 divina,
438 892 804 947 exardescit‘
852 894 1047 952 frustra
1094 898 1144 952 in
1186 900 1619 967 meditationibus
1661 905 1773 965 suis

202 978 419 1040 Herodis
462 988 691 1043 insania.
739 990 930 1047 Necari
973 1009 1159 1053 omnes
1188 994 1214 1034 δ
1266 998 1317 1052 in
1348 998 1619 1054 Bethleem
1653 1015 1775 1068 par-

203 1076 341 1132 vulos
369 1078 544 1149 jubet,
577 1094 627 1137 et
679 1086 930 1155 quoniam
960 1103 1118 1157 quem
1160 1100 1362 1145 metuat
1392 1092 1563 1147 nescit
1592 1092 1771 1151 infan-

202 1174 314 1236 tem,
349 1175 662 1239 generalem
695 1186 717 1213 ε
751 1184 1070 1233 sententiam
1113 1180 1163 1233 in
1193 1192 1497 1251 suspectam
1524 1183 1628 1239 sibi
1659 1194 1772 1241 ten-

197 1261 262 1316 dit
307 1272 547 1321 atatem.
582 1267 689 1323 Sed
736 1269 876 1338 quod
921 1288 1014 1327 rex
1069 1275 1264 1344 impius
1309 1277 1499 1332 eximit
1548 1280 1769 1349 mundo,

195 1350 429 1409 Christus
473 1358 662 1412 inserit
705 1364 873 1427 cmlo;
905 1371 959 1416 et
1006 1365 1200 1435 quibus
1230 1368 1462 1425 nondum
1493 1371 1771 1439 sanguinis

193 1443 265 1497 sui
294 1444 563 1511 impendit
594 1450 1040 1520 redemptionem,
1070 1452 1178 1525 jam
1222 1460 1459 1528 martyrii
1486 1460 1667 1517 tribuit
1692 1461 1773 1514 di-

194 1534 466 1602 gnitatem.
502 1538 704 1610 Erigite
754 1543 932 1613 igitur,
967 1545 1323 1615 dilectissimi,
1353 1551 1535 1605 fideles
1562 1555 1770 1611 animos

196 1626 339 1699 115
362 1629 435 1683 ad
453 1644 832 1689 coruscantem
860 1639 1082 1706 gratiam
1118 1639 1335 1696 luminis
1357 1644 1691 1712 sempiterni.
1716 1654 1772 1702 et

190 1717 212 1755 ⁸
240 1722 481 1789 impensa
536 1724 784 1781 humana:
828 1728 1015 1783 salutis
1046 1741 1382 1787 sacramenta
1425 1746 1766 1805 venerantes,

188 1810 414 1865 studium
446 1825 686 1869 vestrum
728 1816 792 1871 iis
835 1836 953 1887 qua:
980 1836 1078 1889 pro
1107 1822 1260 1878 vobis
1289 1836 1435 1893 gesta
1476 1837 1602 1880 sunt
1637 1829 1767 1882 sub-

1877 624 2107 693 peperit,
2138 627 2188 679 in
2216 624 2316 681 hoc
2357 626 2587 683 mundus
2623 628 2855 698 agnovit.
2891 625 3126 684 Verbum
3156 629 3297 685 enim
3330 644 3457 684 caro

1875 712 2073 770 factum
2096 713 2278 786 (Joan.
2300 731 2340 784 ι,
2360 715 2449 789 14)
2475 718 2552 773 sic
2578 718 2933 788 susceptionis
2966 726 3165 772 nostra:
3194 730 3457 789 tempera-

1876 805 1957 859 vit
1978 806 2218 874 exordia,
2263 815 2320 861 ut
2358 817 2512 861 natus
2534 807 2711 877 Jesus,
2752 818 2807 864 et
2850 808 3193 865 credentibus
3231 810 3456 866 manife-

1875 906 2012 973 stus,
2041 905 2094 951 et
2120 897 2565 971 persequentibus
2590 908 2731 954 esset
2757 900 3016 955 occultus.
3042 901 3161 955 Jam
3184 910 3309 955 tunc
3330 916 3458 973 ergo

1874 984 1996 1043 (εωιὶ
2039 984 2423 1044 enarraverunt
2450 990 2674 1057 gloriam
2722 989 2814 1045 Dei
2845 989 2963 1060 (Ps.
3010 1007 3160 1055 xvut,
3194 991 3272 1062 l),
3304 1002 3357 1046 et
3400 992 3457 1047 in

1874 1092 2087 1133 omnem
2120 1088 2317 1135 terram
2363 1095 2526 1135 sonus
2558 1080 2801 1139 veritatis
2830 1079 2993 1135 exivit
3024 1081 3201 1153 (Rom.
3247 1099 3299 1143 ι.
3334 1083 3451 1154 18),

1874 1168 2089 1238 quando
2115 1179 2166 1224 et
2199 1170 2502 1239 pastoribus
2532 1171 2804 1225 exercitus
2830 1172 3136 1240 angelorum
3162 1174 3455 1227 Salvato’ris

1874 1259 2002 1313 editi
2045 1263 2389 1315 annuntiator
2411 1262 2656 1331 apparuit
2685 1260 2836 1333 (Luc.
2868 1278 2926 1327 tt,
2962 1259 3073 1330 15),
3107 1274 3159 1315 et
3185 1279 3365 1331 magos
3387 1264 3456 1318 ad

1873 1363 1994 1403 eum
2022 1349 2351 1405 adorandum
2387 1354 2578 1416 praevia
2606 1352 2757 1405 stella
2787 1353 3037 1421 perduxit
3068 1349 3453 1422 (Matth.tt,2):

1874 1452 1980 1497 uta
2012 1444 2141 1499 solis
2164 1454 2282 1498 ortu
2304 1456 2474 1515 uSque
2502 1445 2565 1498 ad
2598 1459 2847 1500 occasum
2875 1446 2985 1500 veri
3018 1448 3160 1515 regis
3180 1447 3455 1514 generatio

1874 1545 2209 1603 coruscaret,
2242 1549 2361 1590 cum
2394 1551 2574 1590 rerum
2621 1534 2779 1590 ﬁdem
2808 1548 2864 1592 et
2902 1551 3064 1606 regna
3094 1534 3330 1592 Orientis
3361 1552 3456 1604 per

1873 1642 2059 1697 magos
2089 1628 2381 1693 discerent,
2430 1638 2484 1683 et
2514 1628 2813 1683 Romanum
2844 1628 3131 1698 imperium
3171 1644 3275 1682 non
3317 1630 3455 1684 late-

1872 1726 1974 1772 ret.
2005 1716 2137 1773 Nam
2166 1728 2217 1774 et
2266 1718 2471 1774 saevitia
2505 1718 2749 1785 Herodis,
2790 1720 2980 1774 volens
3027 1720 3318 1788 primordia
3365 1736 3455 1774 su-

1875 1812 2044 1879 specti
2076 1812 2179 1867 sibi
2209 1814 2353 1881 regis
2379 1813 2752 1883 exstinguere,
2784 1812 2907 1867 huic
2939 1813 3328 1882 dispensationi
3360 1830 3455 1869 ne-

188 1902 300 1957 dite.
355 1905 577 1975 Diligite
635 1911 964 1966 eastimoniaa
995 1914 1303 1984 puritatem,
1356 1918 1481 1986 quia
1524 1919 1768 1977 Christus
1797 1907 2050 1974 Bsciens
2091 1904 2404 1970 serviebat;
2455 1914 2509 1958 ut
2555 1904 2681 1959 dum
2726 1905 2893 1959 atroci
2938 1904 3177 1958 intentus
3206 1903 3453 1969 facinori,

190 2003 211 2031 °
232 1995 563 2065 virginitatis
588 2010 669 2054 est
699 2000 861 2056 filius.
894 2003 1146 2060 Abstinete
1174 2023 1260 2061 vos
1290 2026 1321 2061 a
1350 2011 1641 2065 carnalibus
1673 2013 1764 2068 ἄεις

185 2087 395 2154 sides-iis,
423 2106 543 2159 quia
569 2092 792 2147 militant
819 2098 1059 2152 adversus
1085 2101 1309 2155 animam
1338 2102 1380 2174 (l
1407 2103 1547 2159 Petr.
1576 2106 1765 2179 11,“),

184 2182 636 2251 quemadmodum
664 2202 762 2242 nos
796 2205 1031 2257 praesens
1064 2191 1123 2246 Β.
1152 2196 1425 2262 apostolus
1444 2200 1578 2267 suis,
1614 2209 1670 2253 ut
1693 2201 1766 2257 le-

182 2276 362 2342 gimus,
396 2279 587 2332 verbis
614 2276 879 2336 hortatur.
910 2281 1115 2337 Malitia
1159 2289 1358 2354 parvuli
1385 2300 1541 2346 estote
1569 2292 1615 2363 (Ι
1646 2291 1763 2348 Cor.

182 2380 280 2429 ns,
320 2367 452 2438 20).
503 2371 630 2439 quia
674 2370 931 2428 Dominus
960 2375 1144 2445 gloria:
1199 2382 1504 2437 mortalium
1542 2399 1601 2439 se
1639 2399 1768 2440 con-

182 2458 426 2513 tenuavit
451 2460 713 2517 infantim.
740 2462 1032 2520 Sectamini
1066 2467 1444 2540 humilitatem,
1477 2489 1636 2545 quam
1672 2474 1766 2532 Dei

179 2547 333 2639 Filius
355 2550 664 2621 discipulos
687 2570 813 2609 suos
844 2555 1039 2613 docere
1064 2558 1313 2630 dignatus
1336 2572 1417 2618 est
1444 2563 1659 2637 (Matth.
1688 2583 1763 2639 xi,

176 2638 274 2705 29).
305 2640 534 2697 lnduite
569 2660 661 2699 vos
692 2646 939 2702 virtutem
987 2650 1281 2720 patientiae,
1326 2652 1379 2708 in
1409 2670 1512 2726 qua
1559 2638 1767 2714 animas

177 2746 369 2790 vestras
406 2737 632 2805 possitis
658 2742 940 2809 acquirere
980 2760 996 2796 :
1030 2747 1285 2814 quoniam
1334 2747 1424 2818 qui
1450 2760 1767 2810 cunctorum

173 2838 246 2881 est
270 2829 609 2901 redemptio,
638 2833 754 2902 ipse
784 2842 868 2889 est
894 2838 1134 2893 omnium
1167 2838 1441 2895 fortitudo.
1499 2844 1626 2910 Qua:
1652 2863 1769 2901 sur-

176 2934 275 3010 sus
316 2930 451 2975 sunt
466 2924 659 2992 sapite,
678 2940 778 2979 non
800 2942 917 2997 qua
937 2943 1092 2997 super
1117 2940 1302 2985 terram
1331 2930 1553 3001 (Cotoss.
1578 2950 1656 3002 ιιι,
1678 2937 1761 3010 2).

173 3009 265 3064 Pa
306 3012 460 3066 viam
504 3014 752 3071 veritatis
798 3027 851 3072 et
878 3019 1001 3074 vita
1032 3031 1341 3081 constanter
1372 3025 1633 3096 iucedite;
1666 3009 1769 3088 nec

174 3116 258 3157 vos
284 3104 601 3175 impedth
627 3117 862 3183 terrena,
895 3112 1097 3184 quibus
1127 3127 1250 3173 sunt
1273 3130 1458 3187 parata
1490 3124 1763 3192 cmlestia;

172 3210 258 3285 per
295 3196 598 3255 Dominum
640 3210 882 3260 nostrum
933 3203 1118 3262 Jesum
1165 3207 1463 3279 Christum,
1508 3215 1597 3285 qui
1642 3230 1763 3271 cum

1870 1995 2107 2064 ignotum
2141 1996 2241 2052 sibi
2273 2011 2496 2067 puerum
2526 1995 2815 2051 indiscreta
2846 1993 3130 2050 infantium
3160 1997 3308 2051 caade
3337 2011 3456 2066 per-

1870 2090 2131 2159 sequitur,
2185 2090 2557 2145 annuntiatum
2610 2091 2822 2145 coalitus
2861 2090 3220 2145 Dominatoris
3278 2100 3456 2146 ortum

1870 2182 2134 2252 insignior
2180 2184 2380 2254 ubique
2408 2183 2548 2237 fama
2604 2182 2937 2253 loqueretur,
2970 2198 3127 2254 quam
3156 2186 3454 2253 promptio-

1870 2289 1985 2329 rem
2009 2274 2075 2329 ad
2108 2275 2436 2329 narrandum
2467 2274 2973 2347 diligentloremque
3022 2273 3255 2329 faciebat
3282 2284 3338 2329 et
3359 2290 3454 2329 su-

1870 2381 2055 2435 pernas
2082 2364 2102 2405 ί
2154 2366 2557 2438 signiﬁcationis
2588 2367 2819 2434 novitas,
2853 2378 2907 2422 et
2936 2367 3298 2421 cruentissimi
3337 2382 3455 2436 per-

1868 2458 2133 2514 secutoris
2187 2458 2460 2528 impietas.
2492 2457 2645 2514 Il‘unc
2673 2469 2853 2514 autem
2884 2464 2911 2507 ε
2952 2458 3186 2531 Ᾱζεγριο
3213 2457 3455 2514 Salvator

1870 2550 2053 2605 illatus
2084 2559 2187 2615 est,
2212 2561 2271 2606 ut
2298 2566 2433 2621 gens
2458 2551 2695 2622 antiquis
2720 2552 2996 2606 erroribus
3022 2550 3221 2617 dedita,
3250 2552 3357 2621 jam
3389 2553 3455 2607 ad

1869 2643 2098 2698 vicinam
2129 2644 2357 2700 salutem
2407 2659 2501 2714 per
2540 2644 2804 2699 occultam
2828 2645 3050 2715 gratiam
3078 2640 3108 2680 ιι
3138 2654 3452 2709 vocaretur;

1869 2743 1925 2790 et
1974 2748 2092 2807 quae
2122 2736 2357 2792 nondum
2406 2737 2638 2808 eiecerat
2670 2736 2737 2791 ab
2767 2738 2945 2792 animo
2991 2736 3449 2808 superstitionem,

1864 2827 1976 2898 jam
2000 2826 2232 2898 hospitio
2261 2829 2529 2898 reciperet
2551 2830 2850 2884 veritatem.

1939 2919 2068 2977 Car.
2098 2920 2167 2974 ll.
2199 2950 2269 2963 -—
2312 2920 2503 2977 Merito
2546 2922 2731 2992 igitur,
2781 2919 3133 2985 dilectissimi,
3180 2919 3297 2974 dies
3350 2920 3453 2974 iste

1869 3014 2300 3069 manifestatione
2331 3014 2539 3068 Domini
2563 3022 2909 3069 consecratus
2939 3013 3225 3083 specialem
3253 3014 3306 3067 in
3334 3022 3452 3068 toto

1870 3104 2070 3159 nmndo
2108 3104 2343 3160 obtinuit
2369 3104 2711 3175 dignitatem,
2744 3118 2862 3174 quas
2891 3105 2946 3159 in
2973 3104 3228 3159 cordibus
3252 3105 3454 3160 nostris

1869 3196 2032 3266 digno
2052 3197 2213 3255 debet
2238 3198 2523 3269 splendore
2543 3198 2867 3264 clarescere,
2898 3206 2955 3252 ut
2976 3214 3158 3254 rerum
3181 3210 3451 3270 gestarum

175 3284 315 3342 Patre
344 3300 411 3344 es.
442 3289 655 3359 Spiritu
677 3304 863 3351 sancto
891 3296 1021 3353 vim
1058 3308 1112 3354 ει
1142 3312 1327 3371 regna;
1356 3305 1408 3360 in
1439 3310 1633 3363 εωρυιη
1665 3325 1765 3367 εκ,
1791 3290 1839 3355 C
1869 3290 2111 3345 ordinem
2142 3306 2247 3347 non
2279 3292 2450 3347 solum
2478 3292 2769 3361 credendo,
2798 3292 2890 3347 sed
2910 3293 3070 3347 etiam
3102 3293 3451 3364 intelligendo

173 3380 441 3439 adorem.
475 3383 676 3439 Amen.

551 3474 785 3535 δειξΜο
822 3479 1017 3539 xxxn
1041 3484 1146 3555 [AL
1175 3484 1392 3558 xxxr].

540 3565 609 3621 In
638 3567 948 3640 Epiphania:
968 3575 1290 3632 solemnitate
1315 3577 1401 3635 Il.

171 3654 444 3715 ﬁlms.
466 3687 541 3698 -—
571 3659 613 3712 1.
651 3659 878 3715 Herodes
908 3661 1164 3719 Christum
1195 3678 1373 3722 natum
1413 3671 1605 3727 mundo
1630 3689 1765 3728 nun-

234 3730 348 3815 tiat,
378 3745 511 3781 cum
543 3733 789 3815 elmnndo
815 3738 1222 3815 ten-tatnaufcrre.
1256 3738 1485 3795 Christus
1513 3742 1565 3795 in
1592 3740 1766 3815 Αἶρε)-

232 3809 379 3883 ξριηι
410 3802 704 3883 ‘ezsu-la‘ns,
749 3804 903 3883 saluti
934 3802 1220 3883 digit-ptum
1242 3821 1541 3883 praeparat.
1582 3842 1652 3855 —-
1671 3802 1763 3873 Ἦ.

235 3867 519 3933 Quantum
546 3871 815 3926 debeamus
842 3872 973 3938 Deo,
999 3867 1197 3932 adium
1225 3867 1527 3935 Judteorum
1555 3867 1766 3939 demovit;

230 3944 495 4019 strat,_qssi
511 3956 1022 4019 nouaguoreruut,ut
1043 3950 1411 4019 rruciﬁgerent.
1440 3953 1604 4007 —|ll.
1626 3952 1767 4009 Feli-

232 4011 339 4062 cior
371 4011 997 4090 inf‘antiuinnignoramia
1024 4011 1517 4086 animusaut-domn
1548 4023 1766 4079 Iudico-

232 4095 345 4130 rum
378 4083 629 4159 scientia,
662 4083 890 4159 Christus
916 4083 1180 4156 infantiam
1206 4094 1537 4159 parvulorum
1577 4098 1642 4152 de
1669 4112 1767 4153 sua

232 4164 510 4235 consecrat
541 4155 781 4222 infantia.
811 4186 883 4235 -_—-
917 4155 1070 4230 115
1104 4155 1509 4235 EL'Magorum
1546 4169 1762 4233 vacatio,

230 4228 527 4306 vacationis
556 4236 745 4306 nostra
767 4228 1064 4306 primordia.
1093 4230 1287 4306 Eorum
1315 4228 1526 4289 munera
1553 4228 1765 4306 quisque

402 4293 676 4364 mlari,
704 4290 989 4357 “Christo
1024 4303 1241 4357 salutem
1277 4314 1507 4360 nostram
1532 4290 1766 4379 operdnti

230 4377 607 4433 cooperentur.

228 4472 357 4530 Car.
394 4476 446 4531 ι.
474 4506 545 4521 -—
568 4476 805 4536 Gaudete
844 4482 899 4537 in
928 4482 1171 4552 Domino,
1196 4488 1551 4559 dilectissimi,
1584 4494 1768 4548 iterum

1866 3394 2207 3437 veneremur.
2237 3381 2501 3450 Quantam
2531 3384 2672 3438 enim
2705 3382 3001 3453 gratiarum
3048 3384 3315 3440 actionem
3358 3385 3452 3440 de-

1865 3474 2087 3531 beamus
2114 3473 2343 3531 Domino
2378 3489 2474 3545 pro
2511 3477 2905 3533 illuminatione
2951 3480 3210 3547 gentium,
3263 3483 3453 3549 probat

1872 3564 1891 3605 ί
1923 3568 2216 3624 obcaecatio
2248 3568 2577 3625 Iudaeorum.
2610 3569 2749 3637 Quid
2773 3571 2916 3625 enim
2942 3578 3055 3624 tam
3080 3585 3302 3636 caecum,
3324 3573 3451 3641 quid

1865 3668 1975 3716 tam
2022 3662 2155 3717 lucis
2199 3662 2462 3728 alienum,
2498 3677 2658 3732 quam
2702 3662 2778 3717 illi
2817 3663 3123 3719 sacerdotes
3172 3674 3224 3718 et
3259 3665 3450 3720 scribae

1866 3750 2227 3809 lsraelitarum
2270 3752 2521 3810 fuerunt?
2562 3755 2650 3824 qui
2692 3753 3131 3823 percontantibus
3172 3755 3361 3824 magis,
3394 3764 3452 3809 et

1866 3843 2078 3901 Herode
2088 3857 2385 3916 qumnte,
2398 3848 2484 3901 ubi
2492 3844 2729 3901 Christus
2744 3847 3038 3902 secundum
3050 3846 3449 3917 Scripturarum

1867 3938 2233 3995 testimonium
2263 3949 2559 3996 nasceretur
2584 3939 2798 4011 (llatth.
2831 3957 2888 4005 tt,
2919 3939 2997 4011 4),
3028 3942 3131 3997 hoc
3159 3943 3453 4012 responde-

1866 4039 1993 4085 runt
2042 4031 2109 4085 de
2161 4032 2473 4102 prophetico
2499 4031 2737 4102 eloquio,
2797 4031 2957 4104 ιιθ
3001 4032 3142 4102 quod
3185 4032 3454 4088 indicabat

1866 4123 2021 4177 stella
2046 4122 2115 4179 de
2153 4124 2312 4180 «elo.
2343 4125 2473 4192 Quae
2501 4126 2682 4195 utique
2707 4133 2919 4195 poterat
2961 4139 3149 4194 magos
3177 4125 3449 4199 Jerosoly-

1868 4214 1975 4267 mis
2006 4215 2379 4282 praetermissis
2402 4230 2568 4285 usque
2587 4215 2654 4269 ad
2679 4215 2940 4271 cunabula
2964 4216 3135 4284 pueri,
3152 4216 3288 4269 sicut
3312 4228 3452 4285 post

1867 4304 2087 4360 modum
2114 4305 2265 4372 fecit,
2307 4321 2402 4361 sua
2453 4308 2843 4377 significatione
2871 4307 3201 4377 perducere;
3247 4308 3347 4361 nisi
3384 4308 3453 4363 ad

1866 4398 2251 4454 confutandam
2286 4401 2303 4451 t
2345 4399 2653 4455 Iudaeorum
2700 4400 2949 4455 duritiam
2972 4401 3343 4469 “pertinuisset,
3396 4411 3453 4456 ut

1868 4506 1977 4546 non
2005 4491 2178 4547 solum
2208 4491 2373 4547 ductu
2421 4493 2637 4561 sideris,
2660 4493 2755 4549 sed
2795 4493 2953 4549 etiam
2980 4494 3214 4563 ipsorum
3246 4492 3453 4563 profes-

167 4566 291 4635 dico,
316 4573 559 4641 gaudete
586 4569 806 4643 (Philip.
827 4588 902 4642 tv,
922 4574 1010 4647 d}:
1029 4577 1279 4647 quoniam
1303 4582 1454 4639 brevi
1476 4585 1770 4641 intervallo
1871 4583 2028 4638 sione
2051 4582 2418 4640 innotesceret
2456 4585 2705 4640 nativitas
2727 4582 3042 4641 salvatoris.
3072 4583 3189 4639 Jam
3218 4599 3347 4654 ergo
3385 4586 3450 4639 ad

169 4661 433 4729 temporis
450 4672 577 4732 post
596 4664 989 4723 solemnitatem
1012 4670 1308 4729 nativitatis
1329 4673 1553 4743 Christi,
1569 4676 1772 4732 festivi—
1793 4663 1852 4726 Ῑ)
1874 4676 2235 4735 eruditionem
2275 4679 2514 4749 gentium
2545 4680 2888 4752 propheticus
2936 4692 3115 4734 sermo
3168 4679 3446 4744 transibat,

164 4816 243 4878 ιδ,
273 4833 327 4899 c.
364 4818 395 4871 1
431 4837 452 4875 :
500 4817 675 4878 Filius
715 4821 815 4880 Dei
842 4825 1070 4898 idemque
1115 4830 1254 4901 ﬁlius
1285 4833 1504 4890 hominis
1533 4849 1665 4893 unus
1689 4846 1766 4893 est

163 4885 451 4938 Dominam-

206 4904 451 4944 ominus.

222 4961 437 5045 tEditi
488 4977 614 5045 cum
652 4978 791 5045 mss.
824 4968 1174 5045 posteriorum
1222 4974 1453 5045 collect.,
1491 4979 1755 5045 frustrata.

162 5028 347 5153 utilior
383 5033 505 5086 visa
536 5043 623 5088 est
650 5034 811 5095 lectio
826 5028 987 5096 Md.
1019 5038 1079 5097 S,
1111 5041 1278 5110 Pen},
1310 5028 1541 5101 γεώδη.
1654 5028 1761 5102 8;

160 5116 278 5153 neu.

220 5170 245 5252 ’ἒ
274 5171 747 5252 Ρτεεροείιῖρηεω
770 5177 824 5231 in
864 5178 1157 5247 adiecimus
1186 5197 1257 5241 ex
1291 5186 1477 5241 iisdem
1506 5188 1664 5243 codd.
1696 5188 1753 5245 S.

160 5238 316 5301 Petri,
344 5238 544 5296 et'unn
582 5242 699 5299 Vat.

221 5323 243 5396 ξ
266 5311 374 5396 _Sic
398 5313 709 5396 eshduobns
728 5331 851 5396 mss.
873 5317 1113 5396 S..Pet_ri_,_
1140 5322 1309 5396 prima
1332 5326 1563 5383 editione
1592 5338 1753 5396 atque

157 5382 307 5437 codd.
366 5383 601 5439 collect.
649 5383 703 5450 2,
736 5383 771 5440 5
816 5400 871 5442 et
912 5388 966 5445 4.
1021 5382 1157 5447 Editi
1204 5409 1323 5451 cum
1376 5412 1504 5453 mss.
1535 5382 1750 5453 collect.

158 5453 255 5533 l_et
295 5454 357 5518 5,
416 5467 484 5533 ac
512 5453 818 5533 Lectionar.
849 5458 1087 5533 AVercell.‘
1131 5477 1183 5519 et
1215 5466 1437 5533 Veneto,
1483 5471 1750 5525 militiam.

155 5521 267 5601 ξομ
295 5524 505 5601 ingemit
528 5540 624 5601 pro
649 5529 825 5601 eximit
846 5530 896 5584 in
918 5526 1039 5601 eod.
1070 5531 1200 5601 Bon.
1224 5546 1279 5592 et
1303 5521 1467 5601 prima
1492 5521 1749 5596 editione.

155 5590 322 5669 Drin;
428 5590 632 5669 perlicit
664 5613 759 5666 pro
786 5596 1028 5669 impendit
1052 5605 1103 5657 in
1126 5590 1351 5661 Vercel'l.

211 5662 252 5747 ‘_
279 5664 466 5747 ﬁdj‘ti,
501 5662 733 5747 impensa
760 5662 916 5747 saluti
940 5672 1181 5747 humana
1199 5682 1377 5747 gratia:
1403 5690 1744 5735 sacramenta.

363 5737 497 5820 V-at.
544 5734 756 5820 collect.
789 5743 823 5801 4
863 5751 926 5820 _et
975 5746 1009 5799 5
1048 5762 1169 5802 cum
1199 5734 1505 5807 Lectionar.
1538 5734 1749 5807 Veneto

150 5810 675 5891 tun-ittanurogiwL
692 5810 876 5891 secuti
918 5831 1102 5877 sumus
1142 5834 1272 5881 mss.
1315 5820 1376 5878 S.
1408 5820 1576 5891 Petri,
1609 5821 1743 5880 Ver-

150 5876 264 5937 cdt.
299 5874 366 5935 et
398 5874 607 5937 Hom“.
634 5880 786 5939 Pauli
814 5882 965 5941 Diae.

1948 4835 2320 4908 erQuesnellus
2348 4838 2553 4908 notavit
2574 4839 2624 4891 in
2652 4838 2929 4908 margine:
2965 4837 3075 4903 AL,
3112 4833 3375 4905 Virginis;
3395 4847 3451 4894 et

1870 4905 1946 4960 ita
1976 4907 2030 4959 in
2061 4906 2183 4961 cod.
2217 4906 2422 4962 Veneto
2450 4909 2508 4963 S.
2531 4906 2713 4963 Marci.

1941 4975 1962 5015 τ
1996 4976 2125 5048 Mss.
2159 4978 2218 5032 S.
2252 4975 2396 5032 Petri
2420 4988 2474 5033 et
2500 4980 2668 5048 prima
2700 4978 2886 5040 editio,
2908 4978 3231 5047 signationis.

1935 5056 1963 5093 ε
2020 5046 2162 5102 Editi
2212 5049 2455 5102 inserunt
2500 5046 2811 5117 particulam
2865 5046 3038 5115 etiam,
3094 5062 3254 5116 quam
3304 5046 3449 5103 dele-

1863 5117 2037 5171 vimus
2066 5132 2169 5187 ope
2199 5132 2329 5173 mss.
2360 5119 2417 5173 S.
2441 5118 2606 5187 Petri,
2634 5120 2793 5186 Bou.,
2820 5118 3019 5174 Veron.
3042 5126 3101 5174 et
3121 5120 3308 5188 prima
3331 5118 3448 5174 edi.

1861 5189 2043 5243 tionis.

1924 5257 1962 5297 ⁷³
1996 5258 2068 5312 Ita
2100 5271 2228 5312 mss.
2259 5259 2496 5328 quinque
2516 5260 2791 5326 Quesnelli
2827 5270 2881 5314 et
2916 5258 3317 5328 priestantiores
3353 5273 3445 5312 no-

1858 5330 1957 5382 stri
1993 5332 2048 5383 S.
2077 5328 2240 5394 Petri,
2271 5328 2476 5393 Casin.,
2496 5330 2718 5395 Veron.,
2738 5330 2985 5384 Casanat.
3019 5342 3073 5384 et
3100 5330 3325 5384 Barber.
3358 5330 3440 5382 Al.

1859 5398 1912 5471 i_n
1935 5399 2095 5452 editis
2112 5400 2454 5471 anteansn.
2483 5412 2535 5454 et
2554 5403 2607 5455 in
2632 5401 2903 5454 nonnullis
2926 5402 3112 5467 codd.,
3132 5402 3441 5471 signaretur.

1858 5468 2037 5544 Prima
2062 5469 2236 5544 editio
2256 5486 2373 5539 pro,
2389 5475 2505 5544 jam
2528 5472 2596 5525 ad
2622 5472 2840 5544 uicinam
2863 5472 3105 5544 salutent,
3139 5468 3445 5544 habendam

1857 5541 2024 5594 vicina
2062 5542 2129 5593 sd
2159 5540 2410 5607 salutent,-
2433 5552 2485 5595 et
2515 5543 2764 5597 similiter
2806 5542 2859 5596 in
2898 5542 3020 5596 cod.
3050 5542 3105 5595 S.
3139 5540 3303 5601 Petri,
3354 5540 3443 5592 ubi

1858 5613 2033 5683 solum
2079 5612 2343 5665 omittitur
2362 5615 2495 5683 jam.
2532 5613 2696 5667 Paulo
2724 5620 2866 5683 post,
2912 5614 3188 5680 susciperet
3235 5624 3333 5679 pro
3365 5626 3447 5663 re-

1858 5682 2068 5749 ciperet,
2102 5683 2153 5735 in
2182 5697 2281 5735 ms.
2310 5681 2373 5739 '8.
2408 5681 2577 5737 Petri.

1936 5750 1952 5789 ί
1981 5754 2076 5806 Ms.
2103 5751 2159 5807 S.
2194 5753 2361 5818 Petri,
2392 5755 2701 5819 crematio;
2733 5760 2788 5806 et
2810 5751 3056 5805 similiter
3079 5764 3199 5819 cap.
3227 5749 3283 5802 4.

1934 5824 1947 5871 1
1986 5822 2040 5875 In
2073 5822 2263 5877 eodem
2284 5825 2430 5887 cod.,
2460 5840 2631 5878 eorum
2653 5823 2917 5875 duritiam.
2952 5823 3116 5876 Paulo
3148 5832 3295 5891 ante,
3326 5834 3445 5876 con-

1856 5893 2201 5963 fundendum,
2234 5908 2334 5965 pro
2356 5894 2754 5966 confutmidssn,
2789 5894 2842 5949 in
2866 5907 2970 5950 ms.
3001 5893 3202 5951 Veron.
