3994 6354
1614 371 1670 428 S.
1707 367 1959 426 LEONIS
1995 361 2215 421 MAGNI
2255 357 2639 419 SERMONES.

3661 348 3773 409 ΜΟ

472 499 966 576 «praenuntiatum
996 490 1228 563 antiquis
1254 484 1491 543 oraculis
1510 481 1788 576 Christum
1823 479 2072 576 alienige-
2097 480 2152 542 Α
2177 467 2825 576 lumen-suumninvexit.
2858 466 3167 576 Bonoretur
3203 460 3450 576 itaquea
3465 464 3771 576 nobism-

472 571 666 655 uarum
708 593 871 649 corda
899 587 1227 645 discebant:
1280 594 1401 635 cum
1429 576 1737 632 Jutlznorum
1780 571 2072 629 inﬁdelitas

474 692 756 749 veritatem
786 699 879 739 ore
908 680 1196 751 proferret,
1230 684 1284 729 et
1314 667 1655 727 mendacium
1686 667 1849 723 corde
1870 668 2073 721 retine-

476 801 580 847 ret.
623 786 919 842 Noluerunt
939 778 1078 831 enim
1104 784 1399 843 agnoscere
1427 767 1597 822 oculis
1627 779 1784 834 quem
1806 764 1873 817 de
1903 760 2073 817 sacris

476 883 901 937 “indicaverunt.
944 871 1129 927 libris:
1165 877 1223 921 ut
1247 880 1407 936 quem
1438 878 1545 918 non
1570 860 1863 916 adorabant
1910 857 1963 911 in
1988 857 2074 910 in-

475 974 655 1029 fantize
686 969 997 1025 inﬁrmitate
1037 962 1319 1025 humilem,
1364 968 1550 1029 postea
1596 953 1976 1025 cruciﬁgerent
2021 950 2076 1005 in
2110 1024 2113 1029 Ι

475 1068 735 1120 virtutum
767 1059 1100 1113 sublimitate
1134 1055 1450 1123 fulgentem.

547 1156 679 1211 CAP.
712 1152 1007 1218 ιιι-θυαε
1035 1151 1157 1213 ista,
1190 1146 1389 1211 Judaei,
1423 1152 1528 1195 tam
1562 1138 1809 1208 imperita
1837 1152 1889 1190 tn
1922 1134 2080 1190 vobis

478 1254 701 1308 scientia
738 1260 841 1313 est,
875 1258 927 1303 et
958 1257 1063 1300 tam
1096 1244 1310 1298 indocta
1340 1238 1628 1293 doctrina?
1656 1233 1971 1303 Interrogati
1995 1230 2083 1285 ubi

481 1351 715 1405 Christus
747 1356 1035 1401 nasceretur
1060 1342 1275 1413 (.ilatth.
1304 1355 1362 1402 ιι,
1389 1338 1469 1405 4),
1502 1332 1767 1388 veraciter
1794 1340 1845 1383 et
1879 1343 2084 1383 memo-

483 1448 614 1502 riter
638 1444 813 1499 dicitis
836 1440 976 1511 qnod
1002 1436 1239 1505 legistis:
1268 1432 1326 1484 In
1354 1430 1604 1482 Bethleem
1627 1421 2081 1494 Judw(lbid.,5).

485 1541 576 1595 Sic
608 1539 749 1592 enim
784 1535 1041 1600 scriptum
1076 1537 1156 1581 est
1186 1541 1281 1593 per
1312 1522 1629 1592 prophetam
1663 1535 1675 1570 :
1727 1515 1791 1569 Et
1824 1527 1897 1581 tu,
1928 1512 2085 1566 Beth-

486 1631 613 1683 leem
638 1639 771 1680 terra
800 1623 963 1687 Juda,
990 1638 1089 1675 non
1121 1636 1169 1672 es
1194 1617 1404 1670 mininta
1426 1611 1454 1650 δ
1478 1614 1609 1665 inter
1642 1610 1897 1680 principes
1921 1606 2083 1660 Juda.

488 1719 570 1773 Ea:
600 1732 646 1772 te
697 1718 832 1771 enim
880 1715 1009 1767 exiet
1061 1712 1293 1779 princeps
1343 1707 1426 1775 qui
1455 1714 1597 1773 regat
1644 1699 1893 1771 papnlum
1922 1714 2087 1751 meum

488 1811 656 1868 Israel
678 1810 867 1881 (:tlich.
898 1824 949 1872 v,
979 1805 1057 1875 ἓ).
1088 1805 1237 1857 llunc
1267 1801 1561 1871 principem
1592 1808 1795 1859 natum,
1823 1802 1879 1848 et
1907 1802 2090 1862 pasto-

2177 571 2512 627 eratissimus
2540 566 2680 633 dies,
2716 564 2770 619 in
2795 577 2899 634 quo
2928 562 3119 617 salutis
3148 568 3346 616 nostra;
3386 566 3576 615 auctor
3600 573 3773 630 appa-

2182 667 2320 730 ruit;
2361 675 2415 719 et
2444 676 2603 733 quem
2656 658 2795 728 magi
2846 657 3101 711 infantem
3154 653 3394 710 venerati
3425 661 3552 707 sunt
3598 651 3653 707 in
3679 666 3774 709 cu-

2178 759 2426 825 nabulis,
2472 772 2573 812 nos
2605 754 3033 823 omnipotentem
3076 749 3364 804 adoremus
3392 748 3444 802 in
3489 748 3667 804 cmlis.
3692 748 3777 804 Ac

2180 853 2320 909 sicut
2350 852 2425 906 illi
2459 851 2528 907 de
2561 849 2832 904 thesauris
2862 845 2975 901 suis
3013 843 3271 916 mysticas
3308 842 3541 898 Domino
3580 858 3777 899 mune-

2182 960 2302 1001 rum
2339 944 2549 1014 species
2580 942 2929 1003 obtulerunt,
2968 939 3039 992 ita
3068 945 3125 993 et
3153 950 3253 992 nos
3291 935 3359 991 de
3387 934 3647 991 cordibus
3676 950 3781 992 no—

2183 1040 2347 1101 Slris,
2400 1052 2517 1107 quae
2572 1038 2681 1089 Deo
2734 1041 2861 1089 sunt
2918 1032 3078 1102 digna
3130 1044 3455 1101 promamus.
3520 1028 3780 1097 Quamvis

2183 1131 2327 1186 enim
2362 1129 2601 1183 ooinium
2641 1127 2910 1181 bonorum
2954 1126 3024 1179 sit
3053 1126 3171 1194 ipse
3212 1123 3456 1193 largitor,
3488 1121 3647 1177 etiam
3677 1136 3780 1178 no-

2186 1230 2315 1276 stra:
2366 1228 2541 1273 tamen
2590 1218 2830 1273 lructum
2881 1218 3076 1287 quaerit
3120 1215 3402 1270 industria:
3433 1233 3447 1268 :
3480 1230 3586 1269 non
3635 1214 3783 1270 enim

2186 1315 2582 1371 dormientibus
2638 1314 2888 1383 provenit
2944 1327 3170 1382 regnum
3216 1310 3519 1374 caelorum,
3579 1310 3673 1365 sed
3726 1309 3785 1366 iu

2190 1408 2462 1464 mandatis
2512 1407 2604 1461 Dei
2658 1405 3028 1460 laborantibus
3078 1412 3238 1474 atque
3286 1402 3667 1473 vigilantibus;
3725 1410 3787 1456 ut

2188 1504 2233 1557 si
2286 1502 2427 1555 dona
2465 1510 2487 1537 θ
2524 1501 2691 1569 ipsius
2734 1514 2837 1553 non
2885 1496 3038 1551 irrita
3086 1496 3396 1562 fecerimus,
3447 1511 3543 1564 per
3568 1509 3630 1549 ea
3661 1507 3787 1566 qua

2190 1596 2339 1651 dedit
2389 1610 2697 1649 mereamur
2744 1593 2991 1661 accipere
3034 1590 3177 1661 quod
3209 1590 3473 1659 promisit.
3510 1587 3664 1644 Unde
3692 1603 3789 1644 co-

2194 1690 2475 1744 hortamur
2522 1686 2868 1742 dilectionem
2917 1697 3151 1738 vestram
3199 1692 3256 1737 ut
3303 1682 3641 1738 abstinentes
3688 1695 3789 1737 vos

2195 1783 2264 1837 ab
2293 1782 2438 1836 omni
2468 1795 2633 1849 Opere
2680 1779 2843 1845 malo,
2884 1793 3005 1847 quae
3035 1785 3163 1830 sunt
3193 1786 3340 1829 easta
3366 1785 3420 1829 et
3442 1774 3586 1843 justa
3615 1784 3791 1830 secte-

490 1906 642 1961 ribus
683 1870 858 1965 angi-li
912 1870 1067 1971 (Lac.
1102 1913 1157 1962 ιι,
1192 1870 1302 1962 15),
1359 1902 1413 1947 et
1446 1890 1597 1945 vobis
1645 1887 1965 1943 nuntiavere
1996 1900 2089 1953 pa-
2117 1884 2165 1943 B
2195 1878 2328 1932 mini
2352 1877 2676 1971 (Rom—xm,
2706 1872 2970 1971 22)._Filii
2995 1873 3138 1971 enim
3168 1870 3563 1971 lucisnabjicere
3593 1871 3795 1971 debent

488 2014 664 2058 stores
692 1996 905 2068 (Matth.
937 2012 995 2061 ιι,
1032 1993 1111 2065 Ξ).
1143 1993 1295 2046 llunc
1318 1987 1614 2060 principem
1656 1995 1841 2039 natum
1874 1982 2086 2050 longin-

492 2109 611 2164 qua:
644 2090 995 2145 Orientalium
1030 2085 1266 2154 gentium
1299 2082 1544 2135 nationes
1592 2077 1812 2131 insolito
1860 2077 1983 2129 novi
2016 2074 2091 2129 si-

492 2185 637 2239 deris
669 2182 956 2252 splendore
987 2179 1311 2233 didicerunt.
1349 2175 1413 2227 Et
1440 2189 1506 2227 ne
1533 2173 1600 2227 de
1633 2172 1752 2225 loco
1784 2170 1913 2224 editi
1948 2170 2091 2239 regis

493 2274 850 2341 ambigerent,
873 2279 1050 2322 vestra
1080 2264 1314 2320 eruditio
1342 2262 1578 2332 prodidit
1620 2259 1762 2329 quod
1795 2258 1949 2313 stella
1985 2272 2090 2312 non

494 2365 698 2418 docuit.
729 2361 837 2416 Cttr
862 2360 1016 2413 vobis
1041 2358 1182 2411 viam
1206 2370 1366 2425 qnam
1389 2353 1509 2406 aliis
1531 2350 1750 2418 aperitis
1772 2349 2091 2403 ohstruitis?

498 2455 607 2510 Cur
658 2456 709 2508 in
746 2463 919 2508 vestra
973 2448 1296 2505 inﬁdelitate
1342 2444 1545 2499 residet
1569 2442 1791 2496 dubium
1836 2441 1980 2511 quod
2027 2456 2095 2496 ex

500 2557 679 2605 vestra
702 2548 759 2602 ﬁt
780 2545 1133 2615 responsione
1153 2538 1541 2596 manifestum?
1573 2537 1777 2593 Locum
1799 2536 2095 2591 nativitatis

498 2646 567 2700 de
610 2645 1009 2713 Scripturarum
1056 2636 1367 2693 testimonio
1398 2632 1805 2698 demonstratis,
1857 2644 2097 2701 przesen-

502 2740 627 2794 tiam
662 2737 920 2807 temporis
959 2734 1027 2788 de
1066 2731 1189 2788 εωιὶ
1232 2742 1284 2785 et
1317 2739 1476 2784 terra:
1520 2727 1867 2782 attestatione
1897 2740 2098 2795 cogno-

497 2831 680 2897 scitis;
713 2838 768 2884 et
807 2839 985 2882 tamen
1017 2825 1106 2879 ubi
1146 2823 1213 2878 ad
1256 2821 1689 2892 persequendum
1734 2820 1949 2873 animus
1993 2817 2099 2873 He-

498 2924 647 2979 rotlis
694 2920 916 2985 exarsit,
950 2918 1021 2972 ibi
1060 2917 1128 2971 ad
1162 2931 1267 2969 non
1307 2913 1636 2969 credendum
1685 2919 1867 2966 vester
1907 2922 2100 2964 sensus

500 3013 775 3071 obduruit.
819 3010 1053 3065 Felicior
1100 3022 1231 3075 ergo
1281 3006 1579 3076 ignorantia
1629 3002 1912 3056 infantium
1966 3014 2099 3071 quos

505 3115 821 3178 persecutor
851 3103 1048 3159 occidit
1074 3100 1290 3176 (Matth.
1310 3115 1369 3163 ιι,
1398 3098 1510 3167 l6),
1539 3112 1698 3167 qnam
1721 3106 1901 3151 vestra
1930 3094 2100 3150 scien-

506 3204 604 3270 tia,
637 3217 795 3271 qnam
826 3201 877 3253 in
909 3214 1002 3253 sua
1032 3194 1438 3267 perturbatione
1465 3191 1759 3247 consuluit.
1794 3190 1898 3245 Vos
1931 3189 2105 3243 nolui-

507 3267 605 3351 stis
648 3267 870 3363 regnum
904 3290 1021 3361 ejus
1064 3290 1325 3357 recipere,
1372 3285 1523 3354 cujus
1552 3283 1807 3353 oppidum
1854 3281 2103 3351 potuistis
2133 3267 2179 3330 C

508 3390 817 3446 ostendere.
868 3386 947 3440 llli
980 3392 1273 3455 potuerunt
1307 3396 1404 3450 pro
1433 3395 1499 3434 eo
1528 3378 1688 3443 mori,
1715 3392 1877 3447 quem
1913 3386 1936 3414 °
1972 3390 2109 3430 non-

509 3487 635 3539 dum
678 3490 928 3554 poterant
974 3478 1242 3535 conﬁteri.
1306 3477 1380 3531 Ita
1426 3475 1693 3541 Christus,
1740 3489 1808 3528 ne
1857 3472 2025 3527 ullum
2057 3472 2106 3527 ei

511 3584 723 3643 tempus
750 3580 895 3627 esset
918 3571 1121 3640 absque
1144 3568 1426 3631 miraculo,
1454 3575 1582 3620 ante
1612 3580 1767 3619 usum
1794 3565 1987 3634 lingua:
2014 3578 2107 3632 po—

511 3674 759 3720 testatem
785 3661 949 3716 Verbi
974 3661 1168 3713 tacitus
1190 3656 1472 3718 exerehat;
1498 3664 1552 3707 et
1569 3656 1720 3723 quasi
1736 3654 1845 3722 jam
1870 3654 2108 3707 diceret:

514 3757 682 3814 Sinite
708 3753 950 3825 parvulos
981 3750 1146 3805 venire
1176 3749 1243 3800 ad
1274 3764 1373 3813 me,
1407 3746 1587 3799 talium
1616 3754 1688 3799 est
1718 3747 1855 3798 enim
1893 3759 2111 3815 regnum

516 3852 757 3907 cazlorum
783 3847 995 3921 (Matth.
1031 3861 1138 3911 six,
1172 3841 1262 3914 14)
1297 3858 1311 3895 :
1346 3856 1482 3897 nova
1508 3840 1677 3910 gloria
1708 3840 2005 3894 coronahat
2032 3840 2112 3892 in-
2144 3896 2147 3899 _

514 3948 709 4015 fames,
759 3953 813 4000 et
841 3945 907 3997 de
935 3940 1101 3995 initiis
1130 3938 1243 3993 suis
1273 3936 1617 4007 parvulorum
1650 3933 1947 4004 primordia
1976 3947 2110 3987 con-

518 4040 802 4095 secrabat:
862 4035 1014 4107 117
1057 4042 1114 4086 ut
1164 4031 1468 4085 disceretur
1515 4028 1784 4083 neminem
1834 4026 2112 4080 hominum

518 4132 684 4189 divini
714 4133 1026 4199 incapacem
1052 4139 1172 4181 esse
1200 4123 1548 4189 sacramenti,
1578 4120 1794 4192 quando
1827 4121 1992 4176 etiam
2024 4119 2113 4175 illa

520 4235 653 4281 astas
676 4222 863 4293 gloria:
889 4228 1034 4275 esset
1058 4227 1183 4286 apta
1216 4214 1479 4287 martyrii.

592 4316 721 4371 CAP.
750 4311 1281 4380 lV.-—Agnoscamus
1300 4322 1450 4377 ergo,
1477 4304 1841 4371 dilectissimi,
1869 4304 1922 4357 in
1945 4303 2118 4371 magis

519 4407 956 4464 ‘adoratoribns
1006 4404 1235 4467 Christi,
1286 4401 1585 4456 vocationis
1632 4410 1833 4453 nostra:
1884 4398 2120 4464 ﬁdeique

521 4502 812 4572 primitias,
842 4509 899 4553 et
939 4496 1332 4551 exsultantibus
1377 4494 1575 4547 animis
1618 4492 1790 4547 beata:
1819 4492 1934 4560 Spei
1967 4490 2121 4544 initia

524 4594 886 4647 celebremus.
920 4588 1134 4643 Exinde
1165 4587 1309 4640 enim
1358 4586 1409 4638 in
1451 4596 1709 4638 aeternam
1743 4583 2116 4637 haareditatem

2196 1984 2359 2039 opera
2408 1969 2776 2023 tenebrarum.
2832 1963 3016 2032 Itaque
3043 1964 3163 2020 odia
3192 1964 3485 2029 declinate,
3514 1963 3795 2018 mendacia

2197 2064 2437 2133 abjicite,
2466 2061 2772 2131 superbiam
2806 2058 3111 2114 humilitate
3142 2058 3428 2123 destruite,
3467 2055 3487 2094 ί
3515 2056 3794 2112 avaritiam

2195 2156 2447 2228 projicite
2472 2196 2487 2219 ,
2536 2154 2843 2225 largitatem
2893 2151 3102 2222 diligite
3145 2169 3158 2204 :
3190 2150 3350 2206 decet
3378 2150 3520 2205 enim
3553 2158 3610 2204 ut
3634 2149 3798 2219 capiti

2196 2265 2297 2304 suo
2348 2248 2590 2303 membra
2621 2246 2971 2307 eonveniant,
3005 2254 3065 2299 ut
3090 2246 3477 2315 promissarum
3510 2241 3799 2298 beatitudi-

2199 2358 2328 2398 num
2366 2356 2673 2397 tnereatnur
2703 2355 2826 2395 esse
2874 2347 3157 2394 consortes
3190 2356 3202 2391 :
3237 2354 3335 2409 per
3368 2338 3650 2392 Dominum
3700 2350 3800 2391 no-

2200 2444 2373 2489 strum
2417 2434 2603 2489 Jesutu
2658 2430 2967 2498 Christum,
3015 2432 3106 2501 qui
3156 2446 3278 2487 cum
3323 2430 3483 2485 Patre
3510 2438 3567 2486 et
3592 2429 3801 2499 Spiritu

2201 2538 2393 2583 sancto
2428 2528 2558 2582 vivit
2609 2536 2664 2583 et
2712 2539 2905 2597 regnat
2932 2525 3077 2581 Deus
3121 2527 3174 2580 in
3216 2525 3409 2581 saecula
3452 2525 3796 2581 saeculorum.

2200 2627 2396 2682 Amen.

2555 2714 2788 2771 SERMO
2815 2713 3033 2770 XXXIII
3064 2714 3170 2786 [Αι.
3201 2713 3439 2787 XXXII].

2548 2806 2616 2861 In
2645 2806 2959 2877 Epiphania:
2985 2808 3306 2862 solemnitate
3331 2806 3432 2862 III

2205 2919 2472 2977 SINOPSIS.
2520 2947 2592 2960 -—
2619 2918 2658 2971 ι.
2732 2918 2874 2971 Tunc
2922 2917 3157 2972 Christus
3204 2920 3452 2972 mundum
3497 2919 3807 2974 liberaturus

2273 2992 2408 3046 venit
2436 3032 2449 3053 ,
2502 3006 2619 3042 cum
2664 3006 2839 3044 omnes
2886 2990 3116 3043 conclusi
3162 2999 3305 3044 erant
3342 2990 3434 3043 sub
3476 2999 3704 3059 peccato,
3745 3000 3807 3045 ut

2269 3078 2421 3117 nemo
2450 3060 2514 3113 de
2539 3062 2643 3115 suis
2675 3062 2868 3114 meritis
2895 3060 3225 3131 gloriaretur.
3244 3062 3392 3116 —ll.
3432 3060 3538 3116 Cur
3572 3062 3663 3116 sub
3692 3060 3810 3115 He-

2276 3135 2400 3187 rode
2430 3144 2579 3185 natus
2604 3174 2618 3197 ,
2669 3148 2760 3185 cur
2792 3134 2939 3186 stella
2988 3134 3402 3187 demonstratus?
3439 3131 3620 3188 Gratia
3667 3134 3810 3187 intus

2280 3206 2605 3272 aperabatur,
2640 3216 2689 3257 ut
2720 3204 3347 3274 sianumintelligeretur,
3380 3215 3426 3257 et
3471 3205 3702 3259 Christus
3728 3205 3813 3257 itt-

2281 3278 2587 3345 quireretur.
2621 3305 2686 3315 —
2710 3275 2869 3346 118
2910 3273 2993 3327 lll.
3041 3273 3248 3340 Quanta
3277 3274 3583 3331 Iudaeorum
3609 3277 3813 3330 cacitas

2286 3346 2490 3400 Christo
2521 3360 2776 3417 nascente.
2814 3346 3003 3411 Implet
3034 3348 3255 3417 gentium
3288 3348 3484 3401 vacatio
3511 3348 3817 3417 promissio-

2284 3435 2405 3491 item
2448 3416 2667 3471 Abraha:
2703 3420 2941 3491 factam.
2975 3448 3042 3457 —
3074 3417 3163 3471 IV.
3214 3415 3317 3472 Cur
3366 3415 3546 3491 magi,
3597 3422 3817 3491 adorato

2285 3487 2507 3560 Christo,
2540 3506 2628 3560 per
2660 3488 2815 3541 aliain
2842 3491 2974 3540 viam
2997 3500 3339 3543 revertuntur.
3371 3487 3473 3543 Cn?
3502 3490 3730 3544 Christus
3756 3491 3818 3545 in

2285 3559 2575 3630 Afgyptum
2608 3562 2875 3625 transferri
2910 3560 3231 3615 voluit.—V.
3277 3560 3576 3615 Gratiarum
3612 3562 3819 3614 actione

2288 3634 2591 3685 celebranda
2612 3632 2733 3703 iha’c
2766 3634 3034 3701 festivitas,
3068 3633 3119 3684 in
3149 3649 3246 3700 qua
3276 3636 3557 3687 vocationis
3588 3634 3821 3703 gentium

2285 3705 2547 3774 primitur.
2589 3702 2863 3769 Quomodo
2889 3705 3093 3756 stellam
3119 3704 3430 3756 imitabimur

2285 3836 2414 3891 Car.
2461 3836 2854 3904 I.—Quamvis
2898 3837 3089 3902 sciam,
3125 3836 3485 3903 dilectissimi,
3518 3841 3659 3909 quod
3686 3854 3813 3894 san-

2218 3932 2461 3986 ctitatem
2512 3940 2747 3985 vestram
2801 3929 3080 3985 hodierna:
3135 3929 3449 3986 festivitatis
3494 3945 3656 3985 causa
3709 3946 3825 3987 non

2218 4025 2412 4087 lateat,
2449 4037 2677 4092 eamque
2708 4023 3007 4077 secundum
3057 4022 3504 4077 consuetudinem
3547 4023 3830 4094 evangeli-

2220 4132 2318 4173 cus
2351 4117 2507 4173 vobis
2545 4132 2727 4173 sermo
2758 4119 3102 4181 reseraverit,
3148 4126 3324 4171 tamen
3354 4127 3415 4171 ut
3453 4125 3477 4163 8
3508 4116 3639 4171 nihil
3669 4118 3829 4172 vobis

2223 4214 2395 4267 nostri
2439 4211 2583 4266 desit
2621 4211 2817 4277 officii,
2851 4210 2998 4280 loqui
3038 4210 3108 4266 de
3146 4210 3335 4266 eadem
3376 4210 3520 4280 quod
3563 4211 3833 4267 Dominus

2222 4305 2508 4361 donaverit
2569 4304 2781 4360 audebo
2834 4320 2847 4357 :
2900 4314 2957 4359 ut
2995 4304 3049 4358 in
3099 4303 3375 4359 communi
3431 4304 3627 4373 gaudio
3674 4313 3836 4358 tanto

2224 4401 2534 4471 religiosior
2567 4400 2638 4456 sit
2666 4400 2909 4455 omnium
2946 4400 3141 4469 pietas,
3163 4408 3364 4469 quanto
3394 4399 3562 4467 magis
3591 4395 3620 4434 δ
3647 4398 3835 4453 omni-

2227 4497 2326 4550 bus
2361 4495 2522 4549 fuerit
2552 4494 2824 4549 intellecta
2856 4495 3193 4548 solemnitas.
3222 4492 3566 4548 Providentia
3592 4508 3838 4562 namque

2230 4588 2619 4643 misericordia:
2643 4589 2735 4643 Dei
2765 4589 3085 4656 diSpositum
3118 4588 3322 4643 habens
3352 4587 3597 4658 pereunti
3622 4586 3839 4642 mundo

526 4686 789 4753 carpimus
818 4681 1077 4743 introire;
1118 4678 1311 4732 exinde
1354 4676 1508 4730 nobis
1535 4674 1811 4728 Christum
1844 4674 2117 4743 loquentia
2148 4650 2201 4708 D
2229 4680 2283 4734 in
2338 4680 2646 4735 novissimis
2698 4682 3033 4750 temporibus
3080 4680 3371 4735 subvenire
3397 4720 3409 4743 ,
3470 4679 3838 4733 salvationem

525 4780 927 4847 Scripturarum
976 4786 1171 4826 arcana
1218 4778 1535 4839 patuerunt;
1578 4776 1632 4821 et
1677 4768 1911 4832 veritas,
1957 4782 2120 4836 quam

522 4872 833 4928 Judzeorum
858 4864 1153 4922 obcaecatio
1173 4878 1278 4918 non
1296 4863 1507 4932 recipit,
1525 4860 1779 4916 omnibus
1810 4861 2121 4918 nationibus

602 5062 622 5087 ί·
660 5051 748 5104 Sic
778 5065 842 5103 ex
876 5064 1007 5101 mss.
1036 5046 1093 5102 S.
1130 5045 1294 5111 Petri,
1325 5043 1392 5097 ad
1423 5058 1559 5113 quos
1588 5042 1799 5097 accedit
1839 5043 1959 5097 cod.
1994 5043 2116 5098 Vat.

526 5123 739 5179 collect.
770 5120 825 5185 5,
871 5119 957 5172 tthi
989 5118 1202 5187 legitur,
1234 5116 1604 5187 indicaverunt.
1640 5115 1749 5179 AL,
1784 5114 2118 5187 indicabant.

603 5195 626 5231 ι)
655 5193 829 5245 I’ritna
859 5191 1025 5244 editio
1048 5185 1110 5243 'et
1137 5188 1257 5241 cod.
1291 5186 1516 5247 Veron.,
1546 5186 1599 5237 in
1632 5185 1966 5252 principibus.
2000 5187 2121 5242 Mox

530 5266 719 5319 eadem
744 5260 908 5316 editio
932 5276 1051 5313 cum
1078 5276 1207 5313 mss.
1233 5258 1291 5312 S.
1311 5258 1480 5323 Petri,
1506 5256 1704 5311 Veron.
1731 5266 1785 5310 et
1812 5256 1975 5324 Bon.,
1992 5258 2125 5313 exist

533 5339 662 5401 dux,
694 5350 789 5402 pro
820 5334 946 5386 exiet
980 5332 1236 5400 princeps.

610 5420 629 5445 ε
650 5399 777 5459 Duo
808 5419 935 5457 mss.
963 5399 1015 5454 ot
1063 5404 1232 5469 prima
1264 5399 1451 5465 editio,
1485 5415 1587 5452 non
1620 5407 1875 5469 poterant.
1908 5399 2032 5469 Mox
2059 5415 2125 5455 ex

534 5481 722 5533 decem
758 5477 955 5529 nostris
1007 5472 1164 5526 codd.
1194 5482 1247 5524 et
1291 5474 1462 5539 prima
1493 5470 1747 5535 editione,
1785 5468 1870 5524 Ita
1892 5468 2127 5525 Christus

534 5548 897 5617 reposuimus,
934 5560 1048 5617 pro,
1084 5542 1279 5617 Itaque
1319 5539 1573 5617 Christus.
1618 5541 1787 5595 Porro
1818 5542 1924 5617 duo
1960 5542 2128 5617 codd.

536 5612 659 5674 Vat.
684 5629 736 5673 et
769 5612 949 5684 prima
968 5616 1153 5677 editio,
1185 5625 1239 5666 ut
1272 5612 1493 5677 nullum,
1526 5612 1654 5684 loco
1677 5629 1739 5664 ne
1773 5614 1956 5666 ullum.
1993 5614 2129 5668 Dein

539 5683 823 5750 exercebat,
855 5703 950 5756 pro
978 5686 1233 5751 exerebat,
1276 5684 1330 5739 in
1371 5699 1501 5738 mss.
1542 5683 1598 5739 S.
1629 5683 1796 5750 Petri,
1830 5685 1990 5749 Bon.,
2018 5685 2127 5742 Ve-

541 5778 661 5818 ron.
691 5772 743 5814 et
768 5762 936 5827 prima
960 5757 1216 5812 editione.

611 5829 637 5868 ά
668 5822 803 5885 Cod.
832 5830 890 5885 S.
926 5830 1088 5893 Petri,
1121 5825 1456 5881 adurentibus
1488 5822 1772 5882 Christum.

619 5912 641 5945 ο
671 5902 749 5959 Ita
797 5910 1001 5972 septem
1052 5900 1221 5959 nostri
1272 5898 1433 5957 codd.
1474 5897 1531 5956 In
1562 5896 1741 5966 editis,
1790 5898 1933 5957 illius
1985 5903 2133 5959 irrita

2228 4773 2471 4827 omnium
2519 4771 2760 4842 gentium
2796 4772 3087 4843 praeﬁnivit
3133 4772 3186 4827 in
3216 4770 3461 4839 Christo;
3503 4782 3561 4827 ut
3602 4772 3730 4842 quia
3778 4780 3846 4827 et

2227 4875 2453 4922 cunctas
2504 4867 2750 4921 nationes
2798 4880 2827 4919 a
2875 4867 2989 4921 veri
3044 4866 3137 4920 Dei
3184 4866 3332 4920 cultu
3381 4865 3577 4935 impius
3623 4864 3845 4919 dudum

2225 5062 2327 5099 non
2368 5048 2659 5170 [εεεῦἱιέιιιε.
2712 5047 2873 5113 Mox,
2922 5063 3038 5117 qua:
3086 5048 3321 5119 promisit
3363 5048 3419 5103 in
3449 5062 3551 5104 ms.
3584 5048 3646 5103 S.
3680 5046 3847 5106 Petri

2228 5128 2281 5170 8|.
2316 5134 2422 5170 ttno
2503 5134 2529 5170 a
2563 5158 2575 5170 .

2228 5128 2281 5173 et
2316 5134 2422 5171 ttno
2460 5126 2575 5171 Vat.

2304 5186 2323 5226 ί
2359 5188 2503 5267 Editi
2532 5198 2656 5243 ante
2683 5189 3049 5267 Quesnellum,
3074 5192 3345 5267 avaritiam
3368 5191 3609 5267 largitate
3639 5192 3849 5267 delete.

2230 5259 2309 5314 Ita
2352 5263 2515 5316 etiam
2549 5261 2718 5315 nostri
2746 5261 2905 5315 codd.
2940 5260 3151 5315 collect.
3186 5264 3240 5324 5,
3272 5263 3307 5317 4
3335 5271 3389 5316 et
3420 5259 3472 5317 5'.
3522 5265 3592 5316 At
3639 5265 3850 5319 lectio-

2232 5346 2354 5386 nem
2404 5348 2431 5385 a
2462 5332 2753 5398 Quesnello
2786 5332 2957 5387 textui
2989 5332 3242 5387 insertam
3274 5336 3578 5388 invenimus
3610 5334 3663 5388 in
3696 5334 3856 5389 duo-

2231 5403 2331 5456 bus
2364 5419 2494 5458 mss.
2526 5402 2583 5459 S.
2617 5403 2783 5467 Petri,
2812 5404 2867 5458 in
2898 5404 3243 5459 Leotionario
3276 5404 3532 5459 Patavino
3563 5404 3667 5459 PP.
3697 5404 3849 5462 Ere-

2235 5475 2587 5539 mitanorum,
2620 5475 2672 5529 in
2702 5474 2904 5529 Veron.
2952 5490 3055 5530 nec
3103 5491 3210 5529 non
3246 5475 3297 5529 in
3344 5477 3504 5530 codd.
3553 5477 3779 5532 collect.
3821 5477 3855 5529 1

2233 5554 2290 5600 et
2315 5546 2366 5599 2.
2386 5545 2538 5605 Dein,
2565 5546 2968 5601 benedictionum
2996 5561 3090 5614 pro
3119 5546 3494 5601 beatitudinum
3523 5548 3575 5602 in
3605 5557 3866 5617 quatuor

2236 5619 2433 5671 nostris
2473 5618 2630 5672 codd.
2683 5628 2740 5672 et
2788 5619 2956 5685 prima
3002 5618 3260 5673 editione.
3312 5618 3371 5674 In
3420 5634 3522 5675 ms.
3568 5618 3629 5675 S.
3664 5619 3861 5692 Petri,

2234 5699 2529 5743 mereantur
2556 5704 2653 5756 pro
2685 5705 2994 5744 mereamur.

2308 5769 2335 5807 κ
2366 5760 2455 5815 Sic
2487 5776 2557 5814 ex
2587 5775 2687 5814 ins.
2720 5762 2780 5816 S.
2811 5760 2976 5815 Petri.
3008 5761 3181 5826 Alias,
3213 5763 3377 5817 nostri
3403 5761 3534 5816 nihil
3556 5762 3715 5819 desit.

2307 5829 2335 5868 ιι
2364 5831 2685 5887 Addidimus
2738 5832 2969 5887 omnibus
3010 5848 3079 5889 ex
3119 5835 3330 5891 cunctis
3358 5836 3563 5894 nostris
3590 5835 3765 5897 codd.
3802 5845 3877 5899 et

2236 5905 2395 5959 editis
2423 5912 2549 5961 ante
2570 5903 2940 5972 Quesnellum.
