  <div class='ocr_page' id='page_1' title='image "/cluster/home/n/w/nwhite01/storage/ocr_20150623/54/hvd.32044015471584/124.png"; bbox 0 0 3994 6354; ppageno 0'>
   <div class='ocr_carea' id='block_1_1' title="bbox 255 346 2309 445">
    <p class='ocr_par' dir='ltr' id='par_1_1' title="bbox 255 346 2309 445">
     <span class='ocr_line' id='line_1_1' title="bbox 255 346 2309 445; baseline 0 -2"><span class='ocrx_word' id='word_1_1' title='bbox 255 387 345 444; x_wconf 76' lang='lat' dir='ltr'><strong>att</strong></span> <span class='ocrx_word' id='word_1_2' title='bbox 1551 371 1554 374; x_wconf 79' lang='grc'><strong>’</strong></span> <span class='ocrx_word' id='word_1_3' title='bbox 1620 387 1855 445; x_wconf 79' lang='lat' dir='ltr'><strong>SERMO</strong></span> <span class='ocrx_word' id='word_1_4' title='bbox 1893 346 2127 445; x_wconf 71' lang='lat' dir='ltr'>XXXIII.</span> <span class='ocrx_word' id='word_1_5' title='bbox 2172 384 2175 385; x_wconf 73' lang='lat'><strong><em>&#39;</em></strong></span> <span class='ocrx_word' id='word_1_6' title='bbox 2218 394 2219 397; x_wconf 52' lang='lat'>‘</span> <span class='ocrx_word' id='word_1_7' title='bbox 2302 378 2309 385; x_wconf 77' lang='lat'><strong><em>’</em></strong></span> 
     </span>
    </p>
   </div>
   <div class='ocr_carea' id='block_1_2' title="bbox 3354 386 3521 460">
    <p class='ocr_par' dir='ltr' id='par_1_2' title="bbox 3354 386 3521 460">
     <span class='ocr_line' id='line_1_2' title="bbox 3354 386 3521 460; baseline 0.012 -2"><span class='ocrx_word' id='word_1_8' title='bbox 3354 386 3361 389; x_wconf 67' lang='grc'><strong>“</strong></span> <span class='ocrx_word' id='word_1_9' title='bbox 3415 403 3521 460; x_wconf 79' lang='lat' dir='ltr'><strong>m</strong></span> 
     </span>
    </p>
   </div>
   <div class='ocr_carea' id='block_1_3' title="bbox 249 492 3522 575">
    <p class='ocr_par' dir='ltr' id='par_1_3' title="bbox 249 492 3522 575">
     <span class='ocr_line' id='line_1_3' title="bbox 249 492 3522 575; baseline 0.003 -11"><span class='ocrx_word' id='word_1_10' title='bbox 249 519 395 564; x_wconf 83' lang='lat' dir='ltr'><strong>error</strong></span> <span class='ocrx_word' id='word_1_11' title='bbox 421 512 714 573; x_wconf 84' lang='lat' dir='ltr'><strong>averterat,</strong></span> <span class='ocrx_word' id='word_1_12' title='bbox 744 511 800 560; x_wconf 91' lang='lat' dir='ltr'><strong>et</strong></span> <span class='ocrx_word' id='word_1_13' title='bbox 822 505 937 575; x_wconf 88' lang='lat' dir='ltr'><strong>ipse</strong></span> <span class='ocrx_word' id='word_1_14' title='bbox 958 502 1247 573; x_wconf 82' lang='lat' dir='ltr'><strong>peculiaris</strong></span> <span class='ocrx_word' id='word_1_15' title='bbox 1282 502 1379 558; x_wconf 83' lang='lat' dir='ltr'><strong>Dei</strong></span> <span class='ocrx_word' id='word_1_16' title='bbox 1408 502 1637 573; x_wconf 89' lang='lat' dir='ltr'><strong>p0pulus</strong></span> <span class='ocrx_word' id='word_1_17' title='bbox 1664 492 1830 559; x_wconf 84' lang='lat' dir='ltr'><strong>Israel</strong></span> <span class='ocrx_word' id='word_1_18' title='bbox 1856 507 1907 565; x_wconf 80' lang='grc' dir='ltr'><strong>Α</strong></span> <span class='ocrx_word' id='word_1_19' title='bbox 1935 520 1995 560; x_wconf 90' lang='lat' dir='ltr'><strong>se</strong></span> <span class='ocrx_word' id='word_1_20' title='bbox 2032 506 2194 561; x_wconf 82' lang='lat' dir='ltr'><strong>simul</strong></span> <span class='ocrx_word' id='word_1_21' title='bbox 2230 506 2529 563; x_wconf 86' lang='lat' dir='ltr'><strong>credidisse</strong></span> <span class='ocrx_word' id='word_1_22' title='bbox 2557 508 2929 567; x_wconf 78' lang='lat' dir='ltr'><strong>demonstrent</strong></span> <span class='ocrx_word' id='word_1_23' title='bbox 2966 530 2978 564; x_wconf 94' lang='lat'><strong>:</strong></span> <span class='ocrx_word' id='word_1_24' title='bbox 3012 528 3144 568; x_wconf 90' lang='lat' dir='ltr'><strong>auro</strong></span> <span class='ocrx_word' id='word_1_25' title='bbox 3190 513 3522 575; x_wconf 75' lang='lat' dir='ltr'><strong>honorantes</strong></span> 
     </span>
    </p>
   </div>
   <div class='ocr_carea' id='block_1_4' title="bbox 244 596 1830 668">
    <p class='ocr_par' dir='ltr' id='par_1_4' title="bbox 244 596 1830 668">
     <span class='ocr_line' id='line_1_4' title="bbox 244 596 1830 668; baseline -0.003 -13"><span class='ocrx_word' id='word_1_26' title='bbox 244 600 314 655; x_wconf 86' lang='lat' dir='ltr'><strong>ab</strong></span> <span class='ocrx_word' id='word_1_27' title='bbox 354 600 613 654; x_wconf 87' lang='lat' dir='ltr'><strong>institutis</strong></span> <span class='ocrx_word' id='word_1_28' title='bbox 651 598 917 668; x_wconf 75' lang='lat' dir='ltr'><strong>legalibus</strong></span> <span class='ocrx_word' id='word_1_29' title='bbox 949 612 1083 666; x_wconf 91' lang='lat' dir='ltr'><strong>pene</strong></span> <span class='ocrx_word' id='word_1_30' title='bbox 1109 605 1257 652; x_wconf 87' lang='lat' dir='ltr'><strong>totus</strong></span> <span class='ocrx_word' id='word_1_31' title='bbox 1285 596 1581 661; x_wconf 87' lang='lat' dir='ltr'><strong>exciderat,</strong></span> <span class='ocrx_word' id='word_1_32' title='bbox 1614 596 1830 651; x_wconf 88' lang='lat' dir='ltr'><strong>conclu-</strong></span> 
     </span>
    </p>
   </div>
   <div class='ocr_carea' id='block_1_5' title="bbox 244 688 1827 761">
    <p class='ocr_par' dir='ltr' id='par_1_5' title="bbox 244 688 1827 761">
     <span class='ocr_line' id='line_1_5' title="bbox 244 688 1827 761; baseline -0.003 -14"><span class='ocrx_word' id='word_1_33' title='bbox 244 693 315 747; x_wconf 85' lang='lat' dir='ltr'><strong>sis</strong></span> <span class='ocrx_word' id='word_1_34' title='bbox 358 691 612 747; x_wconf 91' lang='lat' dir='ltr'><strong>omnibus</strong></span> <span class='ocrx_word' id='word_1_35' title='bbox 650 691 751 746; x_wconf 89' lang='lat' dir='ltr'><strong>sub</strong></span> <span class='ocrx_word' id='word_1_36' title='bbox 790 700 1010 760; x_wconf 88' lang='lat' dir='ltr'><strong>peccato</strong></span> <span class='ocrx_word' id='word_1_37' title='bbox 1062 688 1257 761; x_wconf 80' lang='lat' dir='ltr'><strong>(Rom.</strong></span> <span class='ocrx_word' id='word_1_38' title='bbox 1291 704 1367 754; x_wconf 87' lang='lat' dir='ltr'><strong>xI,</strong></span> <span class='ocrx_word' id='word_1_39' title='bbox 1398 688 1535 759; x_wconf 74' lang='lat'><strong>32),</strong></span> <span class='ocrx_word' id='word_1_40' title='bbox 1588 689 1827 743; x_wconf 88' lang='lat' dir='ltr'><strong>omnium</strong></span> 
     </span>
    </p>
   </div>
   <div class='ocr_carea' id='block_1_6' title="bbox 241 782 1830 853">
    <p class='ocr_par' dir='ltr' id='par_1_6' title="bbox 241 782 1830 853">
     <span class='ocr_line' id='line_1_6' title="bbox 241 782 1830 853; baseline -0.002 -13"><span class='ocrx_word' id='word_1_41' title='bbox 241 786 611 841; x_wconf 77' lang='lat' dir='ltr'><strong>misereretur.</strong></span> <span class='ocrx_word' id='word_1_42' title='bbox 646 784 942 841; x_wconf 89' lang='lat' dir='ltr'><strong>Deﬁciente</strong></span> <span class='ocrx_word' id='word_1_43' title='bbox 971 783 1113 837; x_wconf 88' lang='lat' dir='ltr'><strong>enim</strong></span> <span class='ocrx_word' id='word_1_44' title='bbox 1149 783 1345 853; x_wconf 91' lang='lat' dir='ltr'><strong>ubique</strong></span> <span class='ocrx_word' id='word_1_45' title='bbox 1368 782 1604 852; x_wconf 90' lang='lat' dir='ltr'><strong>justitia,</strong></span> <span class='ocrx_word' id='word_1_46' title='bbox 1635 791 1690 836; x_wconf 91' lang='lat' dir='ltr'><strong>et</strong></span> <span class='ocrx_word' id='word_1_47' title='bbox 1714 793 1830 838; x_wconf 93' lang='lat' dir='ltr'><strong>toto</strong></span> 
     </span>
    </p>
   </div>
   <div class='ocr_carea' id='block_1_7' title="bbox 240 873 1877 944">
    <p class='ocr_par' dir='ltr' id='par_1_7' title="bbox 240 873 1877 944">
     <span class='ocr_line' id='line_1_7' title="bbox 240 873 1877 944; baseline -0.002 -12"><span class='ocrx_word' id='word_1_48' title='bbox 240 877 439 932; x_wconf 88' lang='lat' dir='ltr'><strong>mundo</strong></span> <span class='ocrx_word' id='word_1_49' title='bbox 470 878 527 931; x_wconf 87' lang='lat' dir='ltr'><strong>in</strong></span> <span class='ocrx_word' id='word_1_50' title='bbox 560 892 703 931; x_wconf 87' lang='lat' dir='ltr'><strong>vana</strong></span> <span class='ocrx_word' id='word_1_51' title='bbox 739 886 793 932; x_wconf 91' lang='lat' dir='ltr'><strong>et</strong></span> <span class='ocrx_word' id='word_1_52' title='bbox 832 874 1062 941; x_wconf 87' lang='lat' dir='ltr'><strong>maligna</strong></span> <span class='ocrx_word' id='word_1_53' title='bbox 1106 875 1385 944; x_wconf 89' lang='lat' dir='ltr'><strong>prolapso,</strong></span> <span class='ocrx_word' id='word_1_54' title='bbox 1434 873 1540 928; x_wconf 89' lang='lat' dir='ltr'><strong>nisi</strong></span> <span class='ocrx_word' id='word_1_55' title='bbox 1566 874 1826 943; x_wconf 84' lang='lat' dir='ltr'><strong>judicium</strong></span> <span class='ocrx_word' id='word_1_56' title='bbox 1871 904 1877 915; x_wconf 89' lang='lat'><strong>-</strong></span> 
     </span>
    </p>
   </div>
   <div class='ocr_carea' id='block_1_8' title="bbox 239 963 1828 1037">
    <p class='ocr_par' dir='ltr' id='par_1_8' title="bbox 239 963 1828 1037">
     <span class='ocr_line' id='line_1_8' title="bbox 239 963 1828 1037; baseline -0.003 -13"><span class='ocrx_word' id='word_1_57' title='bbox 239 984 390 1024; x_wconf 87' lang='lat' dir='ltr'><strong>suum</strong></span> <span class='ocrx_word' id='word_1_58' title='bbox 422 968 601 1023; x_wconf 84' lang='lat' dir='ltr'><strong>divina</strong></span> <span class='ocrx_word' id='word_1_59' title='bbox 635 977 870 1037; x_wconf 79' lang='lat' dir='ltr'><strong>potestas</strong></span> <span class='ocrx_word' id='word_1_60' title='bbox 892 965 1154 1031; x_wconf 79' lang='lat' dir='ltr'><strong>dilierret,</strong></span> <span class='ocrx_word' id='word_1_61' title='bbox 1188 967 1509 1019; x_wconf 82' lang='lat' dir='ltr'><strong>universitas</strong></span> <span class='ocrx_word' id='word_1_62' title='bbox 1550 963 1828 1020; x_wconf 88' lang='lat' dir='ltr'><strong>hominum</strong></span> 
     </span>
    </p>
   </div>
   <div class='ocr_carea' id='block_1_9' title="bbox 237 1057 1830 1127">
    <p class='ocr_par' dir='ltr' id='par_1_9' title="bbox 237 1057 1830 1127">
     <span class='ocr_line' id='line_1_9' title="bbox 237 1057 1830 1127; baseline -0.003 -11"><span class='ocrx_word' id='word_1_63' title='bbox 237 1061 560 1117; x_wconf 83' lang='lat' dir='ltr'><strong>sententiam</strong></span> <span class='ocrx_word' id='word_1_64' title='bbox 605 1060 968 1114; x_wconf 85' lang='lat' dir='ltr'><strong>damnationis</strong></span> <span class='ocrx_word' id='word_1_65' title='bbox 998 1059 1293 1127; x_wconf 82' lang='lat' dir='ltr'><strong>exciperet.</strong></span> <span class='ocrx_word' id='word_1_66' title='bbox 1325 1058 1429 1113; x_wconf 90' lang='lat' dir='ltr'><strong>Sed</strong></span> <span class='ocrx_word' id='word_1_67' title='bbox 1458 1058 1510 1112; x_wconf 92' lang='lat' dir='ltr'><strong>in</strong></span> <span class='ocrx_word' id='word_1_68' title='bbox 1546 1057 1830 1127; x_wconf 86' lang='lat' dir='ltr'><strong>indulgen-</strong></span> 
     </span>
    </p>
   </div>
   <div class='ocr_carea' id='block_1_10' title="bbox 238 1150 1828 1220">
    <p class='ocr_par' dir='ltr' id='par_1_10' title="bbox 238 1150 1828 1220">
     <span class='ocr_line' id='line_1_10' title="bbox 238 1150 1828 1220; baseline -0.001 -12"><span class='ocrx_word' id='word_1_69' title='bbox 238 1156 359 1210; x_wconf 80' lang='lat' dir='ltr'><strong>tiam</strong></span> <span class='ocrx_word' id='word_1_70' title='bbox 388 1155 469 1209; x_wconf 88' lang='lat' dir='ltr'><strong>ira</strong></span> <span class='ocrx_word' id='word_1_71' title='bbox 503 1156 761 1210; x_wconf 89' lang='lat' dir='ltr'><strong>translata</strong></span> <span class='ocrx_word' id='word_1_72' title='bbox 790 1164 889 1220; x_wconf 91' lang='lat' dir='ltr'><strong>est,</strong></span> <span class='ocrx_word' id='word_1_73' title='bbox 921 1162 977 1209; x_wconf 91' lang='lat' dir='ltr'><strong>et</strong></span> <span class='ocrx_word' id='word_1_74' title='bbox 1000 1163 1061 1207; x_wconf 92' lang='lat' dir='ltr'><strong>ut</strong></span> <span class='ocrx_word' id='word_1_75' title='bbox 1090 1152 1285 1207; x_wconf 89' lang='lat' dir='ltr'><strong>clarior</strong></span> <span class='ocrx_word' id='word_1_76' title='bbox 1317 1151 1470 1206; x_wconf 85' lang='lat' dir='ltr'><strong>ﬁeret</strong></span> <span class='ocrx_word' id='word_1_77' title='bbox 1497 1159 1524 1189; x_wconf 74' lang='grc' dir='ltr'>ι</span> <span class='ocrx_word' id='word_1_78' title='bbox 1545 1150 1828 1206; x_wconf 76' lang='lat' dir='ltr'><strong>exerendze</strong></span> 
     </span>
    </p>
   </div>
   <div class='ocr_carea' id='block_1_11' title="bbox 231 1244 1829 1321">
    <p class='ocr_par' dir='ltr' id='par_1_11' title="bbox 231 1244 1829 1321">
     <span class='ocr_line' id='line_1_11' title="bbox 231 1244 1829 1321; baseline -0.001 -19"><span class='ocrx_word' id='word_1_79' title='bbox 231 1252 420 1321; x_wconf 66' lang='lat' dir='ltr'><strong>gratia</strong></span> <span class='ocrx_word' id='word_1_80' title='bbox 467 1250 809 1320; x_wconf 81' lang='lat' dir='ltr'><strong>magnitudo,</strong></span> <span class='ocrx_word' id='word_1_81' title='bbox 843 1259 970 1303; x_wconf 91' lang='lat' dir='ltr'><strong>tunc</strong></span> <span class='ocrx_word' id='word_1_82' title='bbox 1020 1247 1218 1315; x_wconf 83' lang='lat' dir='ltr'><strong>placuit</strong></span> <span class='ocrx_word' id='word_1_83' title='bbox 1261 1244 1542 1300; x_wconf 89' lang='lat' dir='ltr'><strong>abolendis</strong></span> <span class='ocrx_word' id='word_1_84' title='bbox 1596 1245 1829 1313; x_wconf 78' lang='lat' dir='ltr'><strong>pet-catis</strong></span> 
     </span>
    </p>
   </div>
   <div class='ocr_carea' id='block_1_12' title="bbox 230 1339 1827 1409">
    <p class='ocr_par' dir='ltr' id='par_1_12' title="bbox 230 1339 1827 1409">
     <span class='ocr_line' id='line_1_12' title="bbox 230 1339 1827 1409; baseline -0.003 -11"><span class='ocrx_word' id='word_1_85' title='bbox 230 1344 514 1399; x_wconf 88' lang='lat' dir='ltr'><strong>hominum</strong></span> <span class='ocrx_word' id='word_1_86' title='bbox 561 1353 961 1398; x_wconf 90' lang='lat' dir='ltr'><strong>sacramentum</strong></span> <span class='ocrx_word' id='word_1_87' title='bbox 1005 1340 1339 1396; x_wconf 85' lang='lat' dir='ltr'><strong>remissionis</strong></span> <span class='ocrx_word' id='word_1_88' title='bbox 1368 1339 1580 1405; x_wconf 81' lang='lat' dir='ltr'><strong>aﬂ&#39;erri,</strong></span> <span class='ocrx_word' id='word_1_89' title='bbox 1613 1340 1827 1409; x_wconf 90' lang='lat' dir='ltr'><strong>quando</strong></span> 
     </span>
    </p>
   </div>
   <div class='ocr_carea' id='block_1_13' title="bbox 230 1433 1373 1506">
    <p class='ocr_par' dir='ltr' id='par_1_13' title="bbox 230 1433 1373 1506">
     <span class='ocr_line' id='line_1_13' title="bbox 230 1433 1373 1506; baseline -0.005 -16"><span class='ocrx_word' id='word_1_90' title='bbox 230 1451 389 1491; x_wconf 88' lang='lat' dir='ltr'><strong>nemo</strong></span> <span class='ocrx_word' id='word_1_91' title='bbox 426 1446 640 1506; x_wconf 89' lang='lat' dir='ltr'><strong>poterat</strong></span> <span class='ocrx_word' id='word_1_92' title='bbox 668 1435 736 1490; x_wconf 92' lang='lat' dir='ltr'><strong>de</strong></span> <span class='ocrx_word' id='word_1_93' title='bbox 764 1436 873 1489; x_wconf 88' lang='lat' dir='ltr'><strong>suis</strong></span> <span class='ocrx_word' id='word_1_94' title='bbox 902 1434 1111 1488; x_wconf 90' lang='lat' dir='ltr'><strong>meritis</strong></span> <span class='ocrx_word' id='word_1_95' title='bbox 1133 1433 1373 1502; x_wconf 89' lang='lat' dir='ltr'><strong>gloriari.</strong></span> 
     </span>
    </p>
   </div>
   <div class='ocr_carea' id='block_1_14' title="bbox 294 1520 1827 1596">
    <p class='ocr_par' dir='ltr' id='par_1_14' title="bbox 294 1520 1827 1596">
     <span class='ocr_line' id='line_1_14' title="bbox 294 1520 1827 1596; baseline -0.005 -13"><span class='ocrx_word' id='word_1_96' title='bbox 294 1527 433 1583; x_wconf 68' lang='lat' dir='ltr'><strong>Car.</strong></span> <span class='ocrx_word' id='word_1_97' title='bbox 466 1526 525 1582; x_wconf 90' lang='lat' dir='ltr'><strong>ll.</strong></span> <span class='ocrx_word' id='word_1_98' title='bbox 548 1526 803 1596; x_wconf 81' lang='lat' dir='ltr'><strong>—Hujus</strong></span> <span class='ocrx_word' id='word_1_99' title='bbox 835 1536 1035 1588; x_wconf 78' lang='lat' dir='ltr'><strong>autem,</strong></span> <span class='ocrx_word' id='word_1_100' title='bbox 1066 1522 1096 1562; x_wconf 68' lang='grc' dir='ltr'><strong>ι’</strong></span> <span class='ocrx_word' id='word_1_101' title='bbox 1119 1523 1495 1585; x_wconf 89' lang='lat' dir='ltr'><strong>dilectissimi,</strong></span> <span class='ocrx_word' id='word_1_102' title='bbox 1543 1520 1827 1577; x_wconf 73' lang='lat' dir='ltr'><strong>ineffabilis</strong></span> 
     </span>
    </p>
   </div>
   <div class='ocr_carea' id='block_1_15' title="bbox 230 1612 1828 1681">
    <p class='ocr_par' dir='ltr' id='par_1_15' title="bbox 230 1612 1828 1681">
     <span class='ocr_line' id='line_1_15' title="bbox 230 1612 1828 1681; baseline -0.007 -5"><span class='ocrx_word' id='word_1_103' title='bbox 230 1619 626 1676; x_wconf 62' lang='lat' dir='ltr'><strong>misericordia</strong></span> <span class='ocrx_word' id='word_1_104' title='bbox 653 1616 1018 1672; x_wconf 88' lang='lat' dir='ltr'><strong>manifestatio</strong></span> <span class='ocrx_word' id='word_1_105' title='bbox 1050 1616 1185 1669; x_wconf 87' lang='lat' dir='ltr'><strong>facta</strong></span> <span class='ocrx_word' id='word_1_106' title='bbox 1214 1624 1298 1668; x_wconf 92' lang='lat' dir='ltr'><strong>est</strong></span> <span class='ocrx_word' id='word_1_107' title='bbox 1327 1614 1537 1668; x_wconf 89' lang='lat' dir='ltr'><strong>llerode</strong></span> <span class='ocrx_word' id='word_1_108' title='bbox 1568 1612 1706 1681; x_wconf 88' lang='lat' dir='ltr'><strong>apud</strong></span> <span class='ocrx_word' id='word_1_109' title='bbox 1734 1612 1828 1666; x_wconf 84' lang='lat' dir='ltr'><strong>Ju-</strong></span> 
     </span>
    </p>
   </div>
   <div class='ocr_carea' id='block_1_16' title="bbox 230 1708 1830 1782">
    <p class='ocr_par' dir='ltr' id='par_1_16' title="bbox 230 1708 1830 1782">
     <span class='ocr_line' id='line_1_16' title="bbox 230 1708 1830 1782; baseline -0.006 -13"><span class='ocrx_word' id='word_1_110' title='bbox 230 1714 372 1769; x_wconf 73' lang='lat' dir='ltr'><strong>daeos</strong></span> <span class='ocrx_word' id='word_1_111' title='bbox 416 1714 508 1781; x_wconf 88' lang='lat' dir='ltr'><strong>jus</strong></span> <span class='ocrx_word' id='word_1_112' title='bbox 555 1711 761 1782; x_wconf 89' lang='lat' dir='ltr'><strong>regium</strong></span> <span class='ocrx_word' id='word_1_113' title='bbox 816 1719 1052 1774; x_wconf 90' lang='lat' dir='ltr'><strong>tenente,</strong></span> <span class='ocrx_word' id='word_1_114' title='bbox 1088 1710 1175 1763; x_wconf 90' lang='lat' dir='ltr'><strong>ubi</strong></span> <span class='ocrx_word' id='word_1_115' title='bbox 1210 1708 1445 1776; x_wconf 87' lang='lat' dir='ltr'><strong>legitima</strong></span> <span class='ocrx_word' id='word_1_116' title='bbox 1476 1723 1660 1776; x_wconf 87' lang='lat' dir='ltr'><strong>regum</strong></span> <span class='ocrx_word' id='word_1_117' title='bbox 1705 1722 1830 1760; x_wconf 90' lang='lat' dir='ltr'><strong>suc-</strong></span> 
     </span>
    </p>
   </div>
   <div class='ocr_carea' id='block_1_17' title="bbox 228 1799 1823 1870">
    <p class='ocr_par' dir='ltr' id='par_1_17' title="bbox 228 1799 1823 1870">
     <span class='ocr_line' id='line_1_17' title="bbox 228 1799 1823 1870; baseline -0.005 -11"><span class='ocrx_word' id='word_1_118' title='bbox 228 1805 476 1859; x_wconf 87' lang='lat' dir='ltr'><strong>cessione</strong></span> <span class='ocrx_word' id='word_1_119' title='bbox 500 1810 771 1869; x_wconf 65' lang='lat' dir='ltr'><strong>ceesante,</strong></span> <span class='ocrx_word' id='word_1_120' title='bbox 822 1810 876 1856; x_wconf 91' lang='lat' dir='ltr'><strong>et</strong></span> <span class='ocrx_word' id='word_1_121' title='bbox 907 1800 1215 1870; x_wconf 88' lang='lat' dir='ltr'><strong>pontiﬁcum</strong></span> <span class='ocrx_word' id='word_1_122' title='bbox 1244 1807 1508 1867; x_wconf 85' lang='lat' dir='ltr'><strong>potestate</strong></span> <span class='ocrx_word' id='word_1_123' title='bbox 1535 1799 1823 1863; x_wconf 84' lang='lat' dir='ltr'><strong>destructa,</strong></span> 
     </span>
    </p>
   </div>
   <div class='ocr_carea' id='block_1_18' title="bbox 226 1896 1287 1968">
    <p class='ocr_par' dir='ltr' id='par_1_18' title="bbox 226 1896 1287 1968">
     <span class='ocr_line' id='line_1_18' title="bbox 226 1896 1287 1968; baseline -0.003 -17"><span class='ocrx_word' id='word_1_124' title='bbox 226 1897 532 1968; x_wconf 78' lang='lat' dir='ltr'><strong>alienigena</strong></span> <span class='ocrx_word' id='word_1_125' title='bbox 576 1897 881 1951; x_wconf 90' lang='lat' dir='ltr'><strong>obtinuerat</strong></span> <span class='ocrx_word' id='word_1_126' title='bbox 928 1896 1287 1965; x_wconf 89' lang='lat' dir='ltr'><strong>principatum</strong></span> 
     </span>
    </p>
   </div>
   <div class='ocr_carea' id='block_1_19' title="bbox 226 1990 1830 2060">
    <p class='ocr_par' dir='ltr' id='par_1_19' title="bbox 226 1990 1830 2060">
     <span class='ocr_line' id='line_1_19' title="bbox 226 1990 1830 2060; baseline -0.001 -14"><span class='ocrx_word' id='word_1_127' title='bbox 226 2004 374 2046; x_wconf 88' lang='lat' dir='ltr'><strong>ortus</strong></span> <span class='ocrx_word' id='word_1_128' title='bbox 421 1991 579 2045; x_wconf 80' lang='lat' dir='ltr'><strong>illius</strong></span> <span class='ocrx_word' id='word_1_129' title='bbox 612 1990 914 2060; x_wconf 76' lang='lat' dir='ltr'><strong>prophetiae</strong></span> <span class='ocrx_word' id='word_1_130' title='bbox 943 1990 1263 2059; x_wconf 87' lang='lat' dir='ltr'><strong>probaretur</strong></span> <span class='ocrx_word' id='word_1_131' title='bbox 1309 2004 1443 2044; x_wconf 87' lang='lat' dir='ltr'><strong>voce</strong></span> <span class='ocrx_word' id='word_1_132' title='bbox 1468 2030 1482 2053; x_wconf 89' lang='lat'><strong>,</strong></span> <span class='ocrx_word' id='word_1_133' title='bbox 1533 2004 1651 2059; x_wconf 66' lang='lat' dir='ltr'><strong>qua:</strong></span> <span class='ocrx_word' id='word_1_134' title='bbox 1678 1990 1830 2044; x_wconf 87' lang='lat' dir='ltr'><strong>dixe-</strong></span> 
     </span>
    </p>
   </div>
   <div class='ocr_carea' id='block_1_20' title="bbox 224 2082 1831 2152">
    <p class='ocr_par' dir='ltr' id='par_1_20' title="bbox 224 2082 1831 2152">
     <span class='ocr_line' id='line_1_20' title="bbox 224 2082 1831 2152; baseline -0.001 -15"><span class='ocrx_word' id='word_1_135' title='bbox 224 2092 351 2139; x_wconf 87' lang='lat' dir='ltr'><strong>rat:</strong></span> <span class='ocrx_word' id='word_1_136' title='bbox 391 2082 519 2137; x_wconf 80' lang='lat' dir='ltr'><strong>Non</strong></span> <span class='ocrx_word' id='word_1_137' title='bbox 559 2084 758 2151; x_wconf 88' lang='lat' dir='ltr'><strong>deﬁciet</strong></span> <span class='ocrx_word' id='word_1_138' title='bbox 806 2085 1044 2152; x_wconf 79' lang='lat' dir='ltr'><strong>princeps</strong></span> <span class='ocrx_word' id='word_1_139' title='bbox 1092 2099 1156 2136; x_wconf 81' lang='lat' dir='ltr'><strong>ea:</strong></span> <span class='ocrx_word' id='word_1_140' title='bbox 1205 2082 1373 2147; x_wconf 83' lang='lat' dir='ltr'><strong>Juda,</strong></span> <span class='ocrx_word' id='word_1_141' title='bbox 1425 2099 1584 2147; x_wconf 86' lang='lat' dir='ltr'><strong>neque</strong></span> <span class='ocrx_word' id='word_1_142' title='bbox 1624 2083 1731 2135; x_wconf 78' lang='lat' dir='ltr'><strong>dua:</strong></span> <span class='ocrx_word' id='word_1_143' title='bbox 1768 2082 1831 2135; x_wconf 89' lang='lat' dir='ltr'><strong>de</strong></span> 
     </span>
    </p>
   </div>
   <div class='ocr_carea' id='block_1_21' title="bbox 226 2174 1832 2245">
    <p class='ocr_par' dir='ltr' id='par_1_21' title="bbox 226 2174 1832 2245">
     <span class='ocr_line' id='line_1_21' title="bbox 226 2174 1832 2245; baseline 0 -18"><span class='ocrx_word' id='word_1_144' title='bbox 226 2174 507 2245; x_wconf 77' lang='lat' dir='ltr'><strong>feruoribus</strong></span> <span class='ocrx_word' id='word_1_145' title='bbox 540 2176 649 2244; x_wconf 76' lang='lat' dir='ltr'><strong>eius</strong></span> <span class='ocrx_word' id='word_1_146' title='bbox 668 2220 680 2239; x_wconf 91' lang='lat'><strong>,</strong></span> <span class='ocrx_word' id='word_1_147' title='bbox 724 2176 885 2228; x_wconf 90' lang='lat' dir='ltr'><strong>donec</strong></span> <span class='ocrx_word' id='word_1_148' title='bbox 912 2175 1077 2228; x_wconf 80' lang='lat' dir='ltr'><strong>veniat</strong></span> <span class='ocrx_word' id='word_1_149' title='bbox 1107 2175 1187 2227; x_wconf 87' lang='lat' dir='ltr'><strong>cui</strong></span> <span class='ocrx_word' id='word_1_150' title='bbox 1213 2174 1493 2244; x_wconf 85' lang='lat' dir='ltr'><strong>repositum</strong></span> <span class='ocrx_word' id='word_1_151' title='bbox 1518 2182 1615 2238; x_wconf 83' lang='lat' dir='ltr'><strong>est,</strong></span> <span class='ocrx_word' id='word_1_152' title='bbox 1647 2181 1693 2227; x_wconf 87' lang='lat' dir='ltr'><strong>et</strong></span> <span class='ocrx_word' id='word_1_153' title='bbox 1721 2176 1832 2243; x_wconf 84' lang='lat' dir='ltr'><strong>ipse</strong></span> 
     </span>
    </p>
   </div>
   <div class='ocr_carea' id='block_1_22' title="bbox 226 2264 1831 2337">
    <p class='ocr_par' dir='ltr' id='par_1_22' title="bbox 226 2264 1831 2337">
     <span class='ocr_line' id='line_1_22' title="bbox 226 2264 1831 2337; baseline 0 -18"><span class='ocrx_word' id='word_1_154' title='bbox 226 2267 313 2319; x_wconf 79' lang='lat' dir='ltr'><strong>erit</strong></span> <span class='ocrx_word' id='word_1_155' title='bbox 346 2266 670 2335; x_wconf 67' lang='lat' dir='ltr'><strong>exspectatio</strong></span> <span class='ocrx_word' id='word_1_156' title='bbox 717 2267 943 2337; x_wconf 85' lang='lat' dir='ltr'><strong>gentium</strong></span> <span class='ocrx_word' id='word_1_157' title='bbox 978 2265 1148 2337; x_wconf 83' lang='lat' dir='ltr'><strong>(Gen.</strong></span> <span class='ocrx_word' id='word_1_158' title='bbox 1180 2282 1322 2330; x_wconf 79' lang='lat' dir='ltr'><strong>XLIX,</strong></span> <span class='ocrx_word' id='word_1_159' title='bbox 1354 2265 1483 2335; x_wconf 83' lang='grc'><strong>10).</strong></span> <span class='ocrx_word' id='word_1_160' title='bbox 1531 2265 1604 2318; x_wconf 86' lang='lat' dir='ltr'><strong>De</strong></span> <span class='ocrx_word' id='word_1_161' title='bbox 1639 2264 1831 2335; x_wconf 85' lang='lat' dir='ltr'><strong>quibus</strong></span> 
     </span>
    </p>
   </div>
   <div class='ocr_carea' id='block_1_23' title="bbox 225 2357 1832 2429">
    <p class='ocr_par' dir='ltr' id='par_1_23' title="bbox 225 2357 1832 2429">
     <span class='ocr_line' id='line_1_23' title="bbox 225 2357 1832 2429; baseline -0.001 -15"><span class='ocrx_word' id='word_1_162' title='bbox 225 2359 504 2429; x_wconf 88' lang='lat' dir='ltr'><strong>quondam</strong></span> <span class='ocrx_word' id='word_1_163' title='bbox 553 2359 867 2414; x_wconf 86' lang='lat' dir='ltr'><strong>beatissimo</strong></span> <span class='ocrx_word' id='word_1_164' title='bbox 907 2370 927 2396; x_wconf 77' lang='grc' dir='ltr'><strong>ο</strong></span> <span class='ocrx_word' id='word_1_165' title='bbox 969 2358 1291 2427; x_wconf 72' lang='lat' dir='ltr'><strong>patriarchae</strong></span> <span class='ocrx_word' id='word_1_166' title='bbox 1328 2357 1556 2412; x_wconf 78' lang='lat' dir='ltr'><strong>Abraha:</strong></span> <span class='ocrx_word' id='word_1_167' title='bbox 1587 2359 1832 2412; x_wconf 91' lang='lat' dir='ltr'><strong>innume-</strong></span> 
     </span>
    </p>
   </div>
   <div class='ocr_carea' id='block_1_24' title="bbox 224 2448 1828 2519">
    <p class='ocr_par' dir='ltr' id='par_1_24' title="bbox 224 2448 1828 2519">
     <span class='ocr_line' id='line_1_24' title="bbox 224 2448 1828 2519; baseline 0 -15"><span class='ocrx_word' id='word_1_168' title='bbox 224 2450 419 2505; x_wconf 82' lang='lat' dir='ltr'><strong>rabilis</strong></span> <span class='ocrx_word' id='word_1_169' title='bbox 445 2448 625 2505; x_wconf 88' lang='lat' dir='ltr'><strong>fuerat</strong></span> <span class='ocrx_word' id='word_1_170' title='bbox 653 2450 917 2519; x_wconf 89' lang='lat' dir='ltr'><strong>promissa</strong></span> <span class='ocrx_word' id='word_1_171' title='bbox 948 2452 1238 2515; x_wconf 88' lang='lat' dir='ltr'><strong>successio,</strong></span> <span class='ocrx_word' id='word_1_172' title='bbox 1267 2465 1372 2503; x_wconf 91' lang='lat' dir='ltr'><strong>non</strong></span> <span class='ocrx_word' id='word_1_173' title='bbox 1399 2450 1574 2503; x_wconf 82' lang='lat' dir='ltr'><strong>carnis</strong></span> <span class='ocrx_word' id='word_1_174' title='bbox 1600 2451 1828 2516; x_wconf 89' lang='lat' dir='ltr'><strong>semine,</strong></span> 
     </span>
    </p>
   </div>
   <div class='ocr_carea' id='block_1_25' title="bbox 224 2540 1830 2612">
    <p class='ocr_par' dir='ltr' id='par_1_25' title="bbox 224 2540 1830 2612">
     <span class='ocr_line' id='line_1_25' title="bbox 224 2540 1830 2612; baseline -0.002 -14"><span class='ocrx_word' id='word_1_175' title='bbox 224 2542 316 2598; x_wconf 83' lang='lat' dir='ltr'><strong>sed</strong></span> <span class='ocrx_word' id='word_1_176' title='bbox 370 2541 502 2597; x_wconf 81' lang='lat' dir='ltr'><strong>ﬁdei</strong></span> <span class='ocrx_word' id='word_1_177' title='bbox 550 2540 880 2597; x_wconf 84' lang='lat' dir='ltr'><strong>fecunditate</strong></span> <span class='ocrx_word' id='word_1_178' title='bbox 928 2542 1263 2612; x_wconf 84' lang='lat' dir='ltr'><strong>generanda;</strong></span> <span class='ocrx_word' id='word_1_179' title='bbox 1303 2551 1358 2597; x_wconf 91' lang='lat' dir='ltr'><strong>et</strong></span> <span class='ocrx_word' id='word_1_180' title='bbox 1398 2541 1523 2597; x_wconf 92' lang='lat' dir='ltr'><strong>ideo</strong></span> <span class='ocrx_word' id='word_1_181' title='bbox 1554 2542 1830 2597; x_wconf 88' lang='lat' dir='ltr'><strong>stellarum</strong></span> 
     </span>
    </p>
   </div>
   <div class='ocr_carea' id='block_1_26' title="bbox 225 2631 1829 2703">
    <p class='ocr_par' dir='ltr' id='par_1_26' title="bbox 225 2631 1829 2703">
     <span class='ocr_line' id='line_1_26' title="bbox 225 2631 1829 2703; baseline -0.001 -15"><span class='ocrx_word' id='word_1_182' title='bbox 225 2634 569 2689; x_wconf 86' lang='lat' dir='ltr'><strong>multitudini</strong></span> <span class='ocrx_word' id='word_1_183' title='bbox 618 2642 927 2703; x_wconf 88' lang='lat' dir='ltr'><strong>comparata</strong></span> <span class='ocrx_word' id='word_1_184' title='bbox 954 2676 970 2700; x_wconf 94' lang='lat'><strong>,</strong></span> <span class='ocrx_word' id='word_1_185' title='bbox 1021 2642 1081 2689; x_wconf 90' lang='lat' dir='ltr'><strong>ut</strong></span> <span class='ocrx_word' id='word_1_186' title='bbox 1115 2631 1144 2670; x_wconf 73' lang='grc' dir='ltr'><strong>ἀ</strong></span> <span class='ocrx_word' id='word_1_187' title='bbox 1182 2634 1249 2687; x_wconf 93' lang='lat' dir='ltr'><strong>ab</strong></span> <span class='ocrx_word' id='word_1_188' title='bbox 1294 2633 1539 2688; x_wconf 91' lang='lat' dir='ltr'><strong>omnium</strong></span> <span class='ocrx_word' id='word_1_189' title='bbox 1593 2635 1829 2703; x_wconf 85' lang='lat' dir='ltr'><strong>gentium</strong></span> 
     </span>
    </p>
   </div>
   <div class='ocr_carea' id='block_1_27' title="bbox 226 2727 1836 2798">
    <p class='ocr_par' dir='ltr' id='par_1_27' title="bbox 226 2727 1836 2798">
     <span class='ocr_line' id='line_1_27' title="bbox 226 2727 1836 2798; baseline -0.001 -16"><span class='ocrx_word' id='word_1_190' title='bbox 226 2737 407 2797; x_wconf 82' lang='lat' dir='ltr'><strong>patre,</strong></span> <span class='ocrx_word' id='word_1_191' title='bbox 444 2744 556 2782; x_wconf 91' lang='lat' dir='ltr'><strong>non</strong></span> <span class='ocrx_word' id='word_1_192' title='bbox 592 2736 805 2783; x_wconf 88' lang='lat' dir='ltr'><strong>terrena</strong></span> <span class='ocrx_word' id='word_1_193' title='bbox 826 2768 840 2793; x_wconf 96' lang='lat'><strong>,</strong></span> <span class='ocrx_word' id='word_1_194' title='bbox 882 2727 977 2783; x_wconf 90' lang='lat' dir='ltr'><strong>sed</strong></span> <span class='ocrx_word' id='word_1_195' title='bbox 1007 2728 1244 2783; x_wconf 74' lang='lat' dir='ltr'><strong>caelestis</strong></span> <span class='ocrx_word' id='word_1_196' title='bbox 1274 2728 1561 2798; x_wconf 78' lang='lat' dir='ltr'><strong>progenies</strong></span> <span class='ocrx_word' id='word_1_197' title='bbox 1587 2742 1836 2797; x_wconf 88' lang='lat' dir='ltr'><strong>sperare-</strong></span> 
     </span>
    </p>
   </div>
   <div class='ocr_carea' id='block_1_28' title="bbox 226 2820 1832 2891">
    <p class='ocr_par' dir='ltr' id='par_1_28' title="bbox 226 2820 1832 2891">
     <span class='ocr_line' id='line_1_28' title="bbox 226 2820 1832 2891; baseline -0.001 -16"><span class='ocrx_word' id='word_1_198' title='bbox 226 2832 329 2875; x_wconf 87' lang='lat' dir='ltr'><strong>tur.</strong></span> <span class='ocrx_word' id='word_1_199' title='bbox 393 2820 482 2875; x_wconf 89' lang='lat' dir='ltr'><strong>Ad</strong></span> <span class='ocrx_word' id='word_1_200' title='bbox 536 2820 824 2875; x_wconf 87' lang='lat' dir='ltr'><strong>creaudam</strong></span> <span class='ocrx_word' id='word_1_201' title='bbox 880 2834 1007 2888; x_wconf 86' lang='lat' dir='ltr'><strong>ergo</strong></span> <span class='ocrx_word' id='word_1_202' title='bbox 1066 2821 1224 2891; x_wconf 76' lang='lat'><strong>119</strong></span> <span class='ocrx_word' id='word_1_203' title='bbox 1279 2820 1596 2889; x_wconf 88' lang='lat' dir='ltr'><strong>promissam</strong></span> <span class='ocrx_word' id='word_1_204' title='bbox 1652 2827 1832 2887; x_wconf 88' lang='lat' dir='ltr'><strong>poste-</strong></span> 
     </span>
    </p>
   </div>
   <div class='ocr_carea' id='block_1_29' title="bbox 225 2912 1832 2982">
    <p class='ocr_par' dir='ltr' id='par_1_29' title="bbox 225 2912 1832 2982">
     <span class='ocr_line' id='line_1_29' title="bbox 225 2912 1832 2982; baseline -0.004 -11"><span class='ocrx_word' id='word_1_205' title='bbox 225 2916 474 2981; x_wconf 86' lang='lat' dir='ltr'><strong>ritatem,</strong></span> <span class='ocrx_word' id='word_1_206' title='bbox 509 2914 759 2970; x_wconf 67' lang='lat' dir='ltr'><strong>haeredes</strong></span> <span class='ocrx_word' id='word_1_207' title='bbox 801 2915 856 2968; x_wconf 90' lang='lat' dir='ltr'><strong>in</strong></span> <span class='ocrx_word' id='word_1_208' title='bbox 882 2914 1153 2969; x_wconf 87' lang='lat' dir='ltr'><strong>sideribus</strong></span> <span class='ocrx_word' id='word_1_209' title='bbox 1190 2912 1489 2982; x_wconf 73' lang='lat' dir='ltr'><strong>designati,</strong></span> <span class='ocrx_word' id='word_1_210' title='bbox 1539 2921 1661 2967; x_wconf 91' lang='lat' dir='ltr'><strong>ortu</strong></span> <span class='ocrx_word' id='word_1_211' title='bbox 1709 2912 1832 2966; x_wconf 91' lang='lat' dir='ltr'><strong>novi</strong></span> 
     </span>
    </p>
   </div>
   <div class='ocr_carea' id='block_1_30' title="bbox 226 3005 1835 3078">
    <p class='ocr_par' dir='ltr' id='par_1_30' title="bbox 226 3005 1835 3078">
     <span class='ocr_line' id='line_1_30' title="bbox 226 3005 1835 3078; baseline -0.002 -14"><span class='ocrx_word' id='word_1_212' title='bbox 226 3010 428 3065; x_wconf 87' lang='lat' dir='ltr'><strong>sideris</strong></span> <span class='ocrx_word' id='word_1_213' title='bbox 471 3010 801 3077; x_wconf 81' lang='lat' dir='ltr'><strong>excitantur,</strong></span> <span class='ocrx_word' id='word_1_214' title='bbox 853 3017 913 3063; x_wconf 90' lang='lat' dir='ltr'><strong>ut</strong></span> <span class='ocrx_word' id='word_1_215' title='bbox 940 3008 994 3062; x_wconf 92' lang='lat' dir='ltr'><strong>in</strong></span> <span class='ocrx_word' id='word_1_216' title='bbox 1026 3023 1132 3078; x_wconf 90' lang='lat' dir='ltr'><strong>quo</strong></span> <span class='ocrx_word' id='word_1_217' title='bbox 1160 3008 1284 3062; x_wconf 73' lang='grc' dir='ltr'><strong>οωιὶ</strong></span> <span class='ocrx_word' id='word_1_218' title='bbox 1328 3006 1624 3061; x_wconf 89' lang='lat' dir='ltr'><strong>adhibitum</strong></span> <span class='ocrx_word' id='word_1_219' title='bbox 1660 3005 1835 3060; x_wconf 88' lang='lat' dir='ltr'><strong>fuerat</strong></span> 
     </span>
    </p>
   </div>
   <div class='ocr_carea' id='block_1_31' title="bbox 230 3103 1833 3172">
    <p class='ocr_par' dir='ltr' id='par_1_31' title="bbox 230 3103 1833 3172">
     <span class='ocr_line' id='line_1_31' title="bbox 230 3103 1833 3172; baseline -0.001 -14"><span class='ocrx_word' id='word_1_220' title='bbox 230 3105 646 3170; x_wconf 88' lang='lat' dir='ltr'><strong>testimonium,</strong></span> <span class='ocrx_word' id='word_1_221' title='bbox 696 3105 817 3161; x_wconf 63' lang='lat' dir='ltr'><strong>caeli</strong></span> <span class='ocrx_word' id='word_1_222' title='bbox 858 3104 1205 3159; x_wconf 84' lang='lat' dir='ltr'><strong>famularetur</strong></span> <span class='ocrx_word' id='word_1_223' title='bbox 1241 3103 1577 3172; x_wconf 88' lang='lat' dir='ltr'><strong>obsequium.</strong></span> <span class='ocrx_word' id='word_1_224' title='bbox 1622 3114 1645 3140; x_wconf 79' lang='grc' dir='ltr'><strong>ο</strong></span> <span class='ocrx_word' id='word_1_225' title='bbox 1675 3103 1833 3160; x_wconf 89' lang='lat' dir='ltr'><strong>Com-</strong></span> 
     </span>
    </p>
   </div>
   <div class='ocr_carea' id='block_1_32' title="bbox 228 3198 1830 3269">
    <p class='ocr_par' dir='ltr' id='par_1_32' title="bbox 228 3198 1830 3269">
     <span class='ocr_line' id='line_1_32' title="bbox 228 3198 1830 3269; baseline -0.001 -16"><span class='ocrx_word' id='word_1_226' title='bbox 228 3209 421 3255; x_wconf 70' lang='lat' dir='ltr'><strong>movet</strong></span> <span class='ocrx_word' id='word_1_227' title='bbox 450 3214 640 3269; x_wconf 87' lang='lat' dir='ltr'><strong>magos</strong></span> <span class='ocrx_word' id='word_1_228' title='bbox 686 3200 993 3254; x_wconf 87' lang='lat' dir='ltr'><strong>remotioris</strong></span> <span class='ocrx_word' id='word_1_229' title='bbox 1027 3198 1265 3254; x_wconf 83' lang='lat' dir='ltr'><strong>Orientis</strong></span> <span class='ocrx_word' id='word_1_230' title='bbox 1296 3198 1627 3253; x_wconf 86' lang='lat' dir='ltr'><strong>habitatores</strong></span> <span class='ocrx_word' id='word_1_231' title='bbox 1654 3198 1830 3252; x_wconf 84' lang='lat' dir='ltr'><strong>stellis</strong></span> 
     </span>
    </p>
   </div>
   <div class='ocr_carea' id='block_1_33' title="bbox 1888 598 3521 674">
    <p class='ocr_par' dir='ltr' id='par_1_33' title="bbox 1888 598 3521 674">
     <span class='ocr_line' id='line_1_33' title="bbox 1888 598 3521 674; baseline 0.009 -24"><span class='ocrx_word' id='word_1_232' title='bbox 1888 616 1893 621; x_wconf 56' lang='grc' dir='ltr'><strong><em>ο</em></strong></span> <span class='ocrx_word' id='word_1_233' title='bbox 1936 611 2224 666; x_wconf 87' lang='lat' dir='ltr'><strong>personam</strong></span> <span class='ocrx_word' id='word_1_234' title='bbox 2272 598 2474 669; x_wconf 85' lang='lat' dir='ltr'><strong>regiam</strong></span> <span class='ocrx_word' id='word_1_235' title='bbox 2501 640 2516 667; x_wconf 95' lang='lat'><strong>,</strong></span> <span class='ocrx_word' id='word_1_236' title='bbox 2567 599 2787 673; x_wconf 77' lang='lat' dir='ltr'><strong>myrrha</strong></span> <span class='ocrx_word' id='word_1_237' title='bbox 2821 600 2843 641; x_wconf 68' lang='grc' dir='ltr'><em>ι</em></span> <span class='ocrx_word' id='word_1_238' title='bbox 2885 603 3206 674; x_wconf 84' lang='lat' dir='ltr'><strong>humanam,</strong></span> <span class='ocrx_word' id='word_1_239' title='bbox 3241 606 3396 663; x_wconf 88' lang='lat' dir='ltr'><strong>thure</strong></span> <span class='ocrx_word' id='word_1_240' title='bbox 3438 609 3521 665; x_wconf 90' lang='lat' dir='ltr'><strong>di-</strong></span> 
     </span>
    </p>
   </div>
   <div class='ocr_carea' id='block_1_34' title="bbox 1932 687 2134 741">
    <p class='ocr_par' dir='ltr' id='par_1_34' title="bbox 1932 687 2134 741">
     <span class='ocr_line' id='line_1_34' title="bbox 1932 687 2134 741; baseline 0.005 -3"><span class='ocrx_word' id='word_1_241' title='bbox 1932 687 2134 741; x_wconf 85' lang='lat' dir='ltr'><strong>vinam.</strong></span> 
     </span>
    </p>
   </div>
   <div class='ocr_carea' id='block_1_35' title="bbox 2003 777 3520 860">
    <p class='ocr_par' dir='ltr' id='par_1_35' title="bbox 2003 777 3520 860">
     <span class='ocr_line' id='line_1_35' title="bbox 2003 777 3520 860; baseline 0.01 -27"><span class='ocrx_word' id='word_1_242' title='bbox 2003 778 2137 833; x_wconf 70' lang='lat' dir='ltr'><strong>Car.</strong></span> <span class='ocrx_word' id='word_1_243' title='bbox 2170 777 2739 850; x_wconf 87' lang='lat' dir='ltr'><strong>lll.—lngrediuntur</strong></span> <span class='ocrx_word' id='word_1_244' title='bbox 2767 786 2944 855; x_wconf 89' lang='lat' dir='ltr'><strong>itaque</strong></span> <span class='ocrx_word' id='word_1_245' title='bbox 2969 785 3174 841; x_wconf 85' lang='lat' dir='ltr'><strong>Judaici</strong></span> <span class='ocrx_word' id='word_1_246' title='bbox 3204 790 3353 859; x_wconf 86' lang='lat' dir='ltr'><strong>regni</strong></span> <span class='ocrx_word' id='word_1_247' title='bbox 3387 807 3520 860; x_wconf 73' lang='lat' dir='ltr'><strong>prm-</strong></span> 
     </span>
    </p>
   </div>
   <div class='ocr_carea' id='block_1_36' title="bbox 1934 870 3520 951">
    <p class='ocr_par' dir='ltr' id='par_1_36' title="bbox 1934 870 3520 951">
     <span class='ocr_line' id='line_1_36' title="bbox 1934 870 3520 951; baseline 0.008 -26"><span class='ocrx_word' id='word_1_248' title='bbox 1934 870 2145 941; x_wconf 87' lang='lat' dir='ltr'><strong>cipuam</strong></span> <span class='ocrx_word' id='word_1_249' title='bbox 2189 871 2462 927; x_wconf 85' lang='lat' dir='ltr'><strong>civitatem</strong></span> <span class='ocrx_word' id='word_1_250' title='bbox 2482 913 2499 939; x_wconf 94' lang='lat'><strong>,</strong></span> <span class='ocrx_word' id='word_1_251' title='bbox 2539 882 2594 929; x_wconf 90' lang='lat' dir='ltr'><strong>et</strong></span> <span class='ocrx_word' id='word_1_252' title='bbox 2623 875 2674 928; x_wconf 92' lang='lat' dir='ltr'><strong>itt</strong></span> <span class='ocrx_word' id='word_1_253' title='bbox 2708 876 2840 932; x_wconf 89' lang='lat' dir='ltr'><strong>urbe</strong></span> <span class='ocrx_word' id='word_1_254' title='bbox 2870 880 3014 947; x_wconf 87' lang='lat' dir='ltr'><strong>regia</strong></span> <span class='ocrx_word' id='word_1_255' title='bbox 3046 881 3261 935; x_wconf 87' lang='lat' dir='ltr'><strong>ostendi</strong></span> <span class='ocrx_word' id='word_1_256' title='bbox 3296 882 3397 937; x_wconf 82' lang='lat' dir='ltr'><strong>sibi</strong></span> <span class='ocrx_word' id='word_1_257' title='bbox 3426 898 3520 951; x_wconf 79' lang='lat' dir='ltr'><strong>po-</strong></span> 
     </span>
    </p>
   </div>
   <div class='ocr_carea' id='block_1_37' title="bbox 1934 964 3520 1041">
    <p class='ocr_par' dir='ltr' id='par_1_37' title="bbox 1934 964 3520 1041">
     <span class='ocr_line' id='line_1_37' title="bbox 1934 964 3520 1041; baseline 0.008 -25"><span class='ocrx_word' id='word_1_258' title='bbox 1934 964 2135 1018; x_wconf 87' lang='lat' dir='ltr'><strong>stulant</strong></span> <span class='ocrx_word' id='word_1_259' title='bbox 2166 972 2191 1010; x_wconf 74' lang='grc' dir='ltr'><em>ε</em></span> <span class='ocrx_word' id='word_1_260' title='bbox 2226 979 2385 1032; x_wconf 85' lang='lat' dir='ltr'><strong>quem</strong></span> <span class='ocrx_word' id='word_1_261' title='bbox 2432 964 2499 1019; x_wconf 87' lang='lat' dir='ltr'><strong>ad</strong></span> <span class='ocrx_word' id='word_1_262' title='bbox 2549 968 2877 1036; x_wconf 89' lang='lat' dir='ltr'><strong>regnandum</strong></span> <span class='ocrx_word' id='word_1_263' title='bbox 2928 969 3227 1025; x_wconf 84' lang='lat' dir='ltr'><strong>didicerant</strong></span> <span class='ocrx_word' id='word_1_264' title='bbox 3268 987 3520 1041; x_wconf 88' lang='lat' dir='ltr'><strong>procrea-</strong></span> 
     </span>
    </p>
   </div>
   <div class='ocr_carea' id='block_1_38' title="bbox 1935 1056 3517 1131">
    <p class='ocr_par' dir='ltr' id='par_1_38' title="bbox 1935 1056 3517 1131">
     <span class='ocr_line' id='line_1_38' title="bbox 1935 1056 3517 1131; baseline 0.006 -21"><span class='ocrx_word' id='word_1_265' title='bbox 1935 1066 2069 1111; x_wconf 91' lang='lat' dir='ltr'><strong>tum.</strong></span> <span class='ocrx_word' id='word_1_266' title='bbox 2104 1056 2470 1112; x_wconf 91' lang='lat' dir='ltr'><strong>Couturbatur</strong></span> <span class='ocrx_word' id='word_1_267' title='bbox 2500 1058 2761 1127; x_wconf 79' lang='lat' dir='ltr'><strong>Herodes,</strong></span> <span class='ocrx_word' id='word_1_268' title='bbox 2798 1060 2949 1116; x_wconf 90' lang='lat' dir='ltr'><strong>timet</strong></span> <span class='ocrx_word' id='word_1_269' title='bbox 2994 1064 3151 1117; x_wconf 90' lang='lat' dir='ltr'><strong>saluti</strong></span> <span class='ocrx_word' id='word_1_270' title='bbox 3199 1078 3309 1119; x_wconf 61' lang='lat' dir='ltr'><strong>sure</strong></span> <span class='ocrx_word' id='word_1_271' title='bbox 3332 1106 3347 1131; x_wconf 93' lang='lat'><strong>,</strong></span> <span class='ocrx_word' id='word_1_272' title='bbox 3400 1081 3517 1121; x_wconf 60' lang='lat' dir='ltr'><strong>meo</strong></span> 
     </span>
    </p>
   </div>
   <div class='ocr_carea' id='block_1_39' title="bbox 1933 1149 3518 1220">
    <p class='ocr_par' dir='ltr' id='par_1_39' title="bbox 1933 1149 3518 1220">
     <span class='ocr_line' id='line_1_39' title="bbox 1933 1149 3518 1220; baseline 0.006 -17"><span class='ocrx_word' id='word_1_273' title='bbox 1933 1149 2031 1203; x_wconf 92' lang='lat' dir='ltr'><strong>tuit</strong></span> <span class='ocrx_word' id='word_1_274' title='bbox 2075 1150 2357 1219; x_wconf 89' lang='lat' dir='ltr'><strong>potestati,</strong></span> <span class='ocrx_word' id='word_1_275' title='bbox 2407 1151 2631 1220; x_wconf 91' lang='lat' dir='ltr'><strong>requirit</strong></span> <span class='ocrx_word' id='word_1_276' title='bbox 2670 1167 2699 1205; x_wconf 85' lang='lat' dir='ltr'><strong>a</strong></span> <span class='ocrx_word' id='word_1_277' title='bbox 2731 1152 3100 1208; x_wconf 87' lang='lat' dir='ltr'><strong>sacerdotibus</strong></span> <span class='ocrx_word' id='word_1_278' title='bbox 3126 1163 3178 1208; x_wconf 92' lang='lat' dir='ltr'><strong>et</strong></span> <span class='ocrx_word' id='word_1_279' title='bbox 3209 1157 3518 1212; x_wconf 87' lang='lat' dir='ltr'><strong>doctoribus</strong></span> 
     </span>
    </p>
   </div>
   <div class='ocr_carea' id='block_1_40' title="bbox 1932 1240 3514 1315">
    <p class='ocr_par' dir='ltr' id='par_1_40' title="bbox 1932 1240 3514 1315">
     <span class='ocr_line' id='line_1_40' title="bbox 1932 1240 3514 1315; baseline 0.006 -20"><span class='ocrx_word' id='word_1_280' title='bbox 1932 1240 2066 1311; x_wconf 82' lang='lat' dir='ltr'><strong>legis</strong></span> <span class='ocrx_word' id='word_1_281' title='bbox 2110 1241 2238 1311; x_wconf 91' lang='lat' dir='ltr'><strong>quid</strong></span> <span class='ocrx_word' id='word_1_282' title='bbox 2287 1240 2354 1296; x_wconf 90' lang='lat' dir='ltr'><strong>de</strong></span> <span class='ocrx_word' id='word_1_283' title='bbox 2385 1251 2507 1295; x_wconf 92' lang='lat' dir='ltr'><strong>ortu</strong></span> <span class='ocrx_word' id='word_1_284' title='bbox 2538 1241 2738 1298; x_wconf 82' lang='lat' dir='ltr'><strong>Christi</strong></span> <span class='ocrx_word' id='word_1_285' title='bbox 2767 1242 3044 1315; x_wconf 86' lang='lat' dir='ltr'><strong>Scriptura</strong></span> <span class='ocrx_word' id='word_1_286' title='bbox 3083 1248 3418 1314; x_wconf 66' lang='lat' dir='ltr'><strong>praedixerit,</strong></span> <span class='ocrx_word' id='word_1_287' title='bbox 3460 1251 3514 1305; x_wconf 89' lang='lat' dir='ltr'><strong>in</strong></span> 
     </span>
    </p>
   </div>
   <div class='ocr_carea' id='block_1_41' title="bbox 1931 1331 3517 1405">
    <p class='ocr_par' dir='ltr' id='par_1_41' title="bbox 1931 1331 3517 1405">
     <span class='ocr_line' id='line_1_41' title="bbox 1931 1331 3517 1405; baseline 0.005 -18"><span class='ocrx_word' id='word_1_288' title='bbox 1931 1332 2177 1388; x_wconf 83' lang='lat' dir='ltr'><strong>notitiam</strong></span> <span class='ocrx_word' id='word_1_289' title='bbox 2228 1331 2379 1386; x_wconf 87' lang='lat' dir='ltr'><strong>venit</strong></span> <span class='ocrx_word' id='word_1_290' title='bbox 2421 1334 2564 1404; x_wconf 92' lang='lat' dir='ltr'><strong>quod</strong></span> <span class='ocrx_word' id='word_1_291' title='bbox 2614 1334 2790 1390; x_wconf 81' lang='lat' dir='ltr'><strong>fuerat</strong></span> <span class='ocrx_word' id='word_1_292' title='bbox 2842 1339 3257 1405; x_wconf 83' lang='lat' dir='ltr'><strong>prOplietatum;</strong></span> <span class='ocrx_word' id='word_1_293' title='bbox 3319 1341 3517 1396; x_wconf 85' lang='lat' dir='ltr'><strong>veritas</strong></span> 
     </span>
    </p>
   </div>
   <div class='ocr_carea' id='block_1_42' title="bbox 1929 1426 3516 1501">
    <p class='ocr_par' dir='ltr' id='par_1_42' title="bbox 1929 1426 3516 1501">
     <span class='ocr_line' id='line_1_42' title="bbox 1929 1426 3516 1501; baseline 0.005 -20"><span class='ocrx_word' id='word_1_294' title='bbox 1929 1426 2202 1481; x_wconf 90' lang='lat' dir='ltr'><strong>illuminat</strong></span> <span class='ocrx_word' id='word_1_295' title='bbox 2232 1441 2438 1496; x_wconf 90' lang='lat' dir='ltr'><strong>magos,</strong></span> <span class='ocrx_word' id='word_1_296' title='bbox 2469 1428 2757 1484; x_wconf 88' lang='lat' dir='ltr'><strong>inﬁdelitas</strong></span> <span class='ocrx_word' id='word_1_297' title='bbox 2785 1429 3023 1485; x_wconf 66' lang='lat' dir='ltr'><strong>obcaecat</strong></span> <span class='ocrx_word' id='word_1_298' title='bbox 3049 1432 3360 1501; x_wconf 87' lang='lat' dir='ltr'><strong>magistros;</strong></span> <span class='ocrx_word' id='word_1_299' title='bbox 3397 1449 3516 1489; x_wconf 91' lang='lat' dir='ltr'><strong>car-</strong></span> 
     </span>
    </p>
   </div>
   <div class='ocr_carea' id='block_1_43' title="bbox 1932 1521 3517 1597">
    <p class='ocr_par' dir='ltr' id='par_1_43' title="bbox 1932 1521 3517 1597">
     <span class='ocr_line' id='line_1_43' title="bbox 1932 1521 3517 1597; baseline 0.006 -23"><span class='ocrx_word' id='word_1_300' title='bbox 1932 1521 2069 1575; x_wconf 88' lang='lat' dir='ltr'><strong>nalis</strong></span> <span class='ocrx_word' id='word_1_301' title='bbox 2102 1522 2268 1577; x_wconf 88' lang='lat' dir='ltr'><strong>lsrael</strong></span> <span class='ocrx_word' id='word_1_302' title='bbox 2305 1538 2409 1575; x_wconf 90' lang='lat' dir='ltr'><strong>non</strong></span> <span class='ocrx_word' id='word_1_303' title='bbox 2440 1521 2691 1593; x_wconf 79' lang='lat' dir='ltr'><strong>intelligit</strong></span> <span class='ocrx_word' id='word_1_304' title='bbox 2717 1524 2855 1593; x_wconf 86' lang='lat' dir='ltr'><strong>quod</strong></span> <span class='ocrx_word' id='word_1_305' title='bbox 2889 1526 3040 1595; x_wconf 76' lang='lat' dir='ltr'><strong>legit,</strong></span> <span class='ocrx_word' id='word_1_306' title='bbox 3068 1542 3170 1579; x_wconf 87' lang='lat' dir='ltr'><strong>non</strong></span> <span class='ocrx_word' id='word_1_307' title='bbox 3195 1526 3345 1582; x_wconf 87' lang='lat' dir='ltr'><strong>videt</strong></span> <span class='ocrx_word' id='word_1_308' title='bbox 3372 1529 3517 1597; x_wconf 91' lang='lat' dir='ltr'><strong>quod</strong></span> 
     </span>
    </p>
   </div>
   <div class='ocr_carea' id='block_1_44' title="bbox 1930 1613 3509 1687">
    <p class='ocr_par' dir='ltr' id='par_1_44' title="bbox 1930 1613 3509 1687">
     <span class='ocr_line' id='line_1_44' title="bbox 1930 1613 3509 1687; baseline 0.004 -20"><span class='ocrx_word' id='word_1_309' title='bbox 1930 1613 2199 1681; x_wconf 89' lang='lat' dir='ltr'><strong>ostendit;</strong></span> <span class='ocrx_word' id='word_1_310' title='bbox 2233 1614 2401 1669; x_wconf 91' lang='lat' dir='ltr'><strong>utitur</strong></span> <span class='ocrx_word' id='word_1_311' title='bbox 2431 1615 2638 1685; x_wconf 83' lang='lat' dir='ltr'><strong>paginis</strong></span> <span class='ocrx_word' id='word_1_312' title='bbox 2667 1632 2891 1686; x_wconf 90' lang='lat' dir='ltr'><strong>quarum</strong></span> <span class='ocrx_word' id='word_1_313' title='bbox 2926 1633 3028 1671; x_wconf 91' lang='lat' dir='ltr'><strong>non</strong></span> <span class='ocrx_word' id='word_1_314' title='bbox 3062 1618 3234 1671; x_wconf 87' lang='lat' dir='ltr'><strong>credit</strong></span> <span class='ocrx_word' id='word_1_315' title='bbox 3262 1621 3509 1687; x_wconf 89' lang='lat' dir='ltr'><strong>eloquiis.</strong></span> 
     </span>
    </p>
   </div>
   <div class='ocr_carea' id='block_1_45' title="bbox 1935 1705 3516 1780">
    <p class='ocr_par' dir='ltr' id='par_1_45' title="bbox 1935 1705 3516 1780">
     <span class='ocr_line' id='line_1_45' title="bbox 1935 1705 3516 1780; baseline 0.004 -19"><span class='ocrx_word' id='word_1_316' title='bbox 1935 1705 2035 1761; x_wconf 86' lang='lat' dir='ltr'><strong>Ubi</strong></span> <span class='ocrx_word' id='word_1_317' title='bbox 2061 1716 2154 1773; x_wconf 86' lang='lat' dir='ltr'><strong>est,</strong></span> <span class='ocrx_word' id='word_1_318' title='bbox 2186 1706 2392 1777; x_wconf 65' lang='lat' dir='ltr'><strong>Judaee,</strong></span> <span class='ocrx_word' id='word_1_319' title='bbox 2432 1709 2673 1780; x_wconf 84' lang='lat' dir='ltr'><strong>gloriatio</strong></span> <span class='ocrx_word' id='word_1_320' title='bbox 2704 1717 2791 1761; x_wconf 88' lang='lat' dir='ltr'><strong>tua</strong></span> <span class='ocrx_word' id='word_1_321' title='bbox 2823 1708 2998 1780; x_wconf 80' lang='lat' dir='ltr'><strong>(Rom.</strong></span> <span class='ocrx_word' id='word_1_322' title='bbox 3032 1726 3113 1773; x_wconf 87' lang='lat' dir='ltr'>III,</span> <span class='ocrx_word' id='word_1_323' title='bbox 3147 1710 3276 1777; x_wconf 76' lang='lat'><strong>27)?</strong></span> <span class='ocrx_word' id='word_1_324' title='bbox 3316 1710 3415 1766; x_wconf 88' lang='lat' dir='ltr'><strong>Ubi</strong></span> <span class='ocrx_word' id='word_1_325' title='bbox 3447 1711 3516 1767; x_wconf 86' lang='lat' dir='ltr'><strong>de</strong></span> 
     </span>
    </p>
   </div>
   <div class='ocr_carea' id='block_1_46' title="bbox 1931 1800 3517 1868">
    <p class='ocr_par' dir='ltr' id='par_1_46' title="bbox 1931 1800 3517 1868">
     <span class='ocr_line' id='line_1_46' title="bbox 1931 1800 3517 1868; baseline 0.001 -13"><span class='ocrx_word' id='word_1_326' title='bbox 1931 1800 2202 1855; x_wconf 82' lang='lat' dir='ltr'><strong>Abraham</strong></span> <span class='ocrx_word' id='word_1_327' title='bbox 2256 1810 2405 1868; x_wconf 86' lang='lat' dir='ltr'><strong>patre</strong></span> <span class='ocrx_word' id='word_1_328' title='bbox 2435 1802 2589 1854; x_wconf 90' lang='lat' dir='ltr'><strong>ducta</strong></span> <span class='ocrx_word' id='word_1_329' title='bbox 2638 1802 2924 1855; x_wconf 87' lang='lat' dir='ltr'><strong>nobilitas?</strong></span> <span class='ocrx_word' id='word_1_330' title='bbox 2965 1800 3151 1855; x_wconf 85' lang='lat' dir='ltr'><strong>Nonne</strong></span> <span class='ocrx_word' id='word_1_331' title='bbox 3196 1803 3517 1857; x_wconf 79' lang='lat' dir='ltr'><strong>circumcisio</strong></span> 
     </span>
    </p>
   </div>
   <div class='ocr_carea' id='block_1_47' title="bbox 1347 1888 3518 1964">
    <p class='ocr_par' dir='ltr' id='par_1_47' title="bbox 1347 1888 3518 1964">
     <span class='ocr_line' id='line_1_47' title="bbox 1347 1888 3518 1964; baseline 0.001 -17"><span class='ocrx_word' id='word_1_332' title='bbox 1347 1913 1360 1947; x_wconf 91' lang='lat'><strong>:</strong></span> <span class='ocrx_word' id='word_1_333' title='bbox 1404 1903 1465 1949; x_wconf 93' lang='lat' dir='ltr'><strong>ut</strong></span> <span class='ocrx_word' id='word_1_334' title='bbox 1510 1895 1623 1949; x_wconf 88' lang='lat' dir='ltr'><strong>veri</strong></span> <span class='ocrx_word' id='word_1_335' title='bbox 1668 1895 1829 1963; x_wconf 77' lang='lat' dir='ltr'><strong>Regis</strong></span> <span class='ocrx_word' id='word_1_336' title='bbox 1860 1888 1907 1947; x_wconf 88' lang='grc' dir='ltr'>Β</span> <span class='ocrx_word' id='word_1_337' title='bbox 1934 1904 2023 1946; x_wconf 89' lang='lat' dir='ltr'><strong>tua</strong></span> <span class='ocrx_word' id='word_1_338' title='bbox 2053 1893 2361 1963; x_wconf 73' lang='lat' dir='ltr'><strong>prwputium</strong></span> <span class='ocrx_word' id='word_1_339' title='bbox 2412 1895 2548 1961; x_wconf 85' lang='lat' dir='ltr'><strong>facta</strong></span> <span class='ocrx_word' id='word_1_340' title='bbox 2577 1904 2647 1945; x_wconf 87' lang='lat' dir='ltr'><strong>est</strong></span> <span class='ocrx_word' id='word_1_341' title='bbox 2676 1890 2870 1962; x_wconf 82' lang='lat' dir='ltr'><strong>(Rom.</strong></span> <span class='ocrx_word' id='word_1_342' title='bbox 2902 1908 2960 1955; x_wconf 91' lang='lat' dir='ltr'>II,</span> <span class='ocrx_word' id='word_1_343' title='bbox 2993 1892 3063 1947; x_wconf 70' lang='lat'><strong>95</strong></span> <span class='ocrx_word' id='word_1_344' title='bbox 3088 1893 3141 1964; x_wconf 83' lang='lat'><strong>)‘.’</strong></span> <span class='ocrx_word' id='word_1_345' title='bbox 3180 1894 3318 1948; x_wconf 88' lang='lat' dir='ltr'><strong>Ecce</strong></span> <span class='ocrx_word' id='word_1_346' title='bbox 3348 1895 3518 1961; x_wconf 84' lang='lat' dir='ltr'><strong>major</strong></span> 
     </span>
    </p>
   </div>
   <div class='ocr_carea' id='block_1_48' title="bbox 1935 1982 3516 2053">
    <p class='ocr_par' dir='ltr' id='par_1_48' title="bbox 1935 1982 3516 2053">
     <span class='ocr_line' id='line_1_48' title="bbox 1935 1982 3516 2053; baseline 0.001 -16"><span class='ocrx_word' id='word_1_347' title='bbox 1935 1986 2107 2039; x_wconf 87' lang='lat' dir='ltr'><strong>servis</strong></span> <span class='ocrx_word' id='word_1_348' title='bbox 2155 1985 2349 2037; x_wconf 88' lang='lat' dir='ltr'><strong>minori</strong></span> <span class='ocrx_word' id='word_1_349' title='bbox 2382 1982 2538 2051; x_wconf 83' lang='lat' dir='ltr'><strong>(Gen.</strong></span> <span class='ocrx_word' id='word_1_350' title='bbox 2574 2000 2709 2047; x_wconf 92' lang='lat' dir='ltr'><strong>xxv,</strong></span> <span class='ocrx_word' id='word_1_351' title='bbox 2739 1984 2855 2053; x_wconf 71' lang='lat'><strong>25),</strong></span> <span class='ocrx_word' id='word_1_352' title='bbox 2885 1994 2939 2038; x_wconf 92' lang='lat' dir='ltr'><strong>et</strong></span> <span class='ocrx_word' id='word_1_353' title='bbox 2971 1985 3285 2053; x_wconf 72' lang='lat' dir='ltr'><strong>alienigenis</strong></span> <span class='ocrx_word' id='word_1_354' title='bbox 3315 1985 3367 2038; x_wconf 91' lang='lat' dir='ltr'><strong>in</strong></span> <span class='ocrx_word' id='word_1_355' title='bbox 3394 2001 3516 2039; x_wconf 82' lang='lat' dir='ltr'><strong>sor-</strong></span> 
     </span>
    </p>
   </div>
   <div class='ocr_carea' id='block_1_49' title="bbox 1936 2078 3514 2146">
    <p class='ocr_par' dir='ltr' id='par_1_49' title="bbox 1936 2078 3514 2146">
     <span class='ocr_line' id='line_1_49' title="bbox 1936 2078 3514 2146; baseline 0.001 -14"><span class='ocrx_word' id='word_1_356' title='bbox 1936 2087 2042 2132; x_wconf 89' lang='lat' dir='ltr'><strong>tem</strong></span> <span class='ocrx_word' id='word_1_357' title='bbox 2094 2078 2428 2132; x_wconf 66' lang='lat' dir='ltr'><strong>haareditatis</strong></span> <span class='ocrx_word' id='word_1_358' title='bbox 2477 2088 2579 2131; x_wconf 72' lang='lat' dir='ltr'><strong>tute</strong></span> <span class='ocrx_word' id='word_1_359' title='bbox 2624 2078 2966 2142; x_wconf 85' lang='lat' dir='ltr'><strong>intrantibus,</strong></span> <span class='ocrx_word' id='word_1_360' title='bbox 3021 2078 3137 2146; x_wconf 82' lang='lat' dir='ltr'><strong>ejus</strong></span> <span class='ocrx_word' id='word_1_361' title='bbox 3182 2078 3514 2146; x_wconf 86' lang='lat' dir='ltr'><strong>testamenti,</strong></span> 
     </span>
    </p>
   </div>
   <div class='ocr_carea' id='block_1_50' title="bbox 1933 2170 3515 2240">
    <p class='ocr_par' dir='ltr' id='par_1_50' title="bbox 1933 2170 3515 2240">
     <span class='ocr_line' id='line_1_50' title="bbox 1933 2170 3515 2240; baseline 0.001 -15"><span class='ocrx_word' id='word_1_362' title='bbox 1933 2171 2073 2240; x_wconf 89' lang='lat' dir='ltr'><strong>quod</strong></span> <span class='ocrx_word' id='word_1_363' title='bbox 2122 2171 2177 2225; x_wconf 91' lang='lat' dir='ltr'><strong>in</strong></span> <span class='ocrx_word' id='word_1_364' title='bbox 2229 2171 2342 2224; x_wconf 90' lang='lat' dir='ltr'><strong>sola</strong></span> <span class='ocrx_word' id='word_1_365' title='bbox 2386 2172 2567 2225; x_wconf 88' lang='lat' dir='ltr'><strong>littera</strong></span> <span class='ocrx_word' id='word_1_366' title='bbox 2618 2180 2809 2235; x_wconf 89' lang='lat' dir='ltr'><strong>tenes,</strong></span> <span class='ocrx_word' id='word_1_367' title='bbox 2862 2170 3174 2226; x_wconf 88' lang='lat' dir='ltr'><strong>recitatione</strong></span> <span class='ocrx_word' id='word_1_368' title='bbox 3220 2171 3515 2227; x_wconf 89' lang='lat' dir='ltr'><strong>famularis.</strong></span> 
     </span>
    </p>
   </div>
   <div class='ocr_carea' id='block_1_51' title="bbox 1935 2265 3519 2335">
    <p class='ocr_par' dir='ltr' id='par_1_51' title="bbox 1935 2265 3519 2335">
     <span class='ocr_line' id='line_1_51' title="bbox 1935 2265 3519 2335; baseline 0.003 -17"><span class='ocrx_word' id='word_1_369' title='bbox 1935 2265 2141 2331; x_wconf 90' lang='lat' dir='ltr'><strong>Intret,</strong></span> <span class='ocrx_word' id='word_1_370' title='bbox 2193 2265 2357 2319; x_wconf 83' lang='lat' dir='ltr'><strong>intret</strong></span> <span class='ocrx_word' id='word_1_371' title='bbox 2407 2266 2460 2319; x_wconf 92' lang='lat' dir='ltr'><strong>in</strong></span> <span class='ocrx_word' id='word_1_372' title='bbox 2506 2265 2928 2334; x_wconf 86' lang='lat' dir='ltr'><strong>patriarcharum</strong></span> <span class='ocrx_word' id='word_1_373' title='bbox 2978 2265 3232 2319; x_wconf 88' lang='lat' dir='ltr'><strong>familiam</strong></span> <span class='ocrx_word' id='word_1_374' title='bbox 3280 2268 3519 2335; x_wconf 90' lang='lat' dir='ltr'><strong>gentium</strong></span> 
     </span>
    </p>
   </div>
   <div class='ocr_carea' id='block_1_52' title="bbox 1933 2358 3519 2432">
    <p class='ocr_par' dir='ltr' id='par_1_52' title="bbox 1933 2358 3519 2432">
     <span class='ocr_line' id='line_1_52' title="bbox 1933 2358 3519 2432; baseline 0.003 -21"><span class='ocrx_word' id='word_1_375' title='bbox 1933 2358 2232 2427; x_wconf 90' lang='lat' dir='ltr'><strong>plenitudo,</strong></span> <span class='ocrx_word' id='word_1_376' title='bbox 2269 2368 2322 2411; x_wconf 92' lang='lat' dir='ltr'><strong>et</strong></span> <span class='ocrx_word' id='word_1_377' title='bbox 2352 2358 2784 2414; x_wconf 89' lang='lat' dir='ltr'><strong>benedictionem</strong></span> <span class='ocrx_word' id='word_1_378' title='bbox 2816 2361 2868 2413; x_wconf 92' lang='lat' dir='ltr'><strong>in</strong></span> <span class='ocrx_word' id='word_1_379' title='bbox 2901 2361 3106 2415; x_wconf 90' lang='lat' dir='ltr'><strong>semine</strong></span> <span class='ocrx_word' id='word_1_380' title='bbox 3134 2360 3383 2427; x_wconf 73' lang='lat' dir='ltr'><strong>Abrahm,</strong></span> <span class='ocrx_word' id='word_1_381' title='bbox 3416 2377 3519 2432; x_wconf 92' lang='lat' dir='ltr'><strong>qua</strong></span> 
     </span>
    </p>
   </div>
   <div class='ocr_carea' id='block_1_53' title="bbox 1933 2452 3522 2525">
    <p class='ocr_par' dir='ltr' id='par_1_53' title="bbox 1933 2452 3522 2525">
     <span class='ocr_line' id='line_1_53' title="bbox 1933 2452 3522 2525; baseline 0.001 -18"><span class='ocrx_word' id='word_1_382' title='bbox 1933 2468 1993 2508; x_wconf 90' lang='lat' dir='ltr'><strong>se</strong></span> <span class='ocrx_word' id='word_1_383' title='bbox 2021 2453 2119 2507; x_wconf 84' lang='lat' dir='ltr'><strong>filii</strong></span> <span class='ocrx_word' id='word_1_384' title='bbox 2159 2454 2338 2508; x_wconf 87' lang='lat' dir='ltr'><strong>carnis</strong></span> <span class='ocrx_word' id='word_1_385' title='bbox 2374 2454 2529 2524; x_wconf 78' lang='lat'><strong>120</strong></span> <span class='ocrx_word' id='word_1_386' title='bbox 2556 2452 2830 2519; x_wconf 88' lang='lat' dir='ltr'><strong>abdicant,</strong></span> <span class='ocrx_word' id='word_1_387' title='bbox 2863 2453 2957 2508; x_wconf 90' lang='lat' dir='ltr'><strong>ﬁlii</strong></span> <span class='ocrx_word' id='word_1_388' title='bbox 2982 2454 3354 2525; x_wconf 87' lang='lat' dir='ltr'><strong>promissionis</strong></span> <span class='ocrx_word' id='word_1_389' title='bbox 3382 2456 3522 2510; x_wconf 90' lang='lat' dir='ltr'><strong>acci-</strong></span> 
     </span>
    </p>
   </div>
   <div class='ocr_carea' id='block_1_54' title="bbox 1937 2546 3522 2616">
    <p class='ocr_par' dir='ltr' id='par_1_54' title="bbox 1937 2546 3522 2616">
     <span class='ocr_line' id='line_1_54' title="bbox 1937 2546 3522 2616; baseline 0.002 -17"><span class='ocrx_word' id='word_1_390' title='bbox 1937 2546 2109 2615; x_wconf 88' lang='lat' dir='ltr'><strong>piant.</strong></span> <span class='ocrx_word' id='word_1_391' title='bbox 2164 2546 2408 2601; x_wconf 86' lang='lat' dir='ltr'><strong>Adorent</strong></span> <span class='ocrx_word' id='word_1_392' title='bbox 2454 2547 2507 2600; x_wconf 93' lang='lat' dir='ltr'><strong>in</strong></span> <span class='ocrx_word' id='word_1_393' title='bbox 2560 2547 2729 2601; x_wconf 91' lang='lat' dir='ltr'><strong>tribus</strong></span> <span class='ocrx_word' id='word_1_394' title='bbox 2774 2546 2943 2615; x_wconf 89' lang='lat' dir='ltr'><strong>magis</strong></span> <span class='ocrx_word' id='word_1_395' title='bbox 2971 2563 3157 2602; x_wconf 87' lang='lat' dir='ltr'><strong>omnes</strong></span> <span class='ocrx_word' id='word_1_396' title='bbox 3195 2548 3377 2616; x_wconf 86' lang='lat' dir='ltr'><strong>populi</strong></span> <span class='ocrx_word' id='word_1_397' title='bbox 3405 2548 3522 2602; x_wconf 91' lang='lat' dir='ltr'><strong>uni-</strong></span> 
     </span>
    </p>
   </div>
   <div class='ocr_carea' id='block_1_55' title="bbox 1936 2636 3517 2703">
    <p class='ocr_par' dir='ltr' id='par_1_55' title="bbox 1936 2636 3517 2703">
     <span class='ocr_line' id='line_1_55' title="bbox 1936 2636 3517 2703; baseline 0.001 -12"><span class='ocrx_word' id='word_1_398' title='bbox 1936 2637 2210 2691; x_wconf 87' lang='lat' dir='ltr'><strong>versitatis</strong></span> <span class='ocrx_word' id='word_1_399' title='bbox 2237 2647 2550 2702; x_wconf 87' lang='lat' dir='ltr'><strong>auctorem;</strong></span> <span class='ocrx_word' id='word_1_400' title='bbox 2592 2646 2645 2691; x_wconf 90' lang='lat' dir='ltr'><strong>et</strong></span> <span class='ocrx_word' id='word_1_401' title='bbox 2676 2651 2783 2691; x_wconf 92' lang='lat' dir='ltr'><strong>non</strong></span> <span class='ocrx_word' id='word_1_402' title='bbox 2828 2638 2880 2690; x_wconf 91' lang='lat' dir='ltr'><strong>in</strong></span> <span class='ocrx_word' id='word_1_403' title='bbox 2910 2636 3088 2691; x_wconf 73' lang='lat' dir='ltr'><strong>Iudaea</strong></span> <span class='ocrx_word' id='word_1_404' title='bbox 3122 2646 3323 2692; x_wconf 89' lang='lat' dir='ltr'><strong>tantum</strong></span> <span class='ocrx_word' id='word_1_405' title='bbox 3356 2639 3517 2703; x_wconf 86' lang='lat' dir='ltr'><strong>Deus,</strong></span> 
     </span>
    </p>
   </div>
   <div class='ocr_carea' id='block_1_56' title="bbox 1935 2728 3523 2799">
    <p class='ocr_par' dir='ltr' id='par_1_56' title="bbox 1935 2728 3523 2799">
     <span class='ocr_line' id='line_1_56' title="bbox 1935 2728 3523 2799; baseline 0.001 -16"><span class='ocrx_word' id='word_1_406' title='bbox 1935 2728 2031 2784; x_wconf 93' lang='lat' dir='ltr'><strong>sed</strong></span> <span class='ocrx_word' id='word_1_407' title='bbox 2075 2728 2127 2783; x_wconf 92' lang='lat' dir='ltr'><strong>in</strong></span> <span class='ocrx_word' id='word_1_408' title='bbox 2173 2738 2284 2785; x_wconf 88' lang='lat' dir='ltr'><strong>toto</strong></span> <span class='ocrx_word' id='word_1_409' title='bbox 2332 2729 2463 2785; x_wconf 92' lang='lat' dir='ltr'><strong>orbe</strong></span> <span class='ocrx_word' id='word_1_410' title='bbox 2512 2730 2583 2784; x_wconf 90' lang='lat' dir='ltr'><strong>sit</strong></span> <span class='ocrx_word' id='word_1_411' title='bbox 2630 2740 2807 2796; x_wconf 89' lang='lat' dir='ltr'><strong>notus,</strong></span> <span class='ocrx_word' id='word_1_412' title='bbox 2840 2739 2911 2783; x_wconf 86' lang='lat' dir='ltr'><strong>ut</strong></span> <span class='ocrx_word' id='word_1_413' title='bbox 2940 2731 3138 2799; x_wconf 91' lang='lat' dir='ltr'><strong>ubique</strong></span> <span class='ocrx_word' id='word_1_414' title='bbox 3169 2730 3415 2791; x_wconf 76' lang='lat' dir='ltr'><strong>inlsrael</strong></span> <span class='ocrx_word' id='word_1_415' title='bbox 3456 2732 3523 2784; x_wconf 82' lang='lat' dir='ltr'><strong>sit</strong></span> 
     </span>
    </p>
   </div>
   <div class='ocr_carea' id='block_1_57' title="bbox 1938 2819 3523 2893">
    <p class='ocr_par' dir='ltr' id='par_1_57' title="bbox 1938 2819 3523 2893">
     <span class='ocr_line' id='line_1_57' title="bbox 1938 2819 3523 2893; baseline 0.001 -21"><span class='ocrx_word' id='word_1_416' title='bbox 1938 2837 2180 2893; x_wconf 87' lang='lat' dir='ltr'><strong>magnum</strong></span> <span class='ocrx_word' id='word_1_417' title='bbox 2216 2836 2398 2874; x_wconf 84' lang='lat' dir='ltr'><strong>nomen</strong></span> <span class='ocrx_word' id='word_1_418' title='bbox 2428 2823 2539 2891; x_wconf 88' lang='lat' dir='ltr'><strong>ejus</strong></span> <span class='ocrx_word' id='word_1_419' title='bbox 2569 2820 2685 2893; x_wconf 92' lang='lat' dir='ltr'><strong>(Ps.</strong></span> <span class='ocrx_word' id='word_1_420' title='bbox 2720 2836 2883 2887; x_wconf 78' lang='lat' dir='ltr'><strong>Lxxv,</strong></span> <span class='ocrx_word' id='word_1_421' title='bbox 2916 2820 2996 2891; x_wconf 76' lang='grc'><strong>2).</strong></span> <span class='ocrx_word' id='word_1_422' title='bbox 3028 2821 3293 2887; x_wconf 88' lang='lat' dir='ltr'><strong>Quoniam</strong></span> <span class='ocrx_word' id='word_1_423' title='bbox 3324 2819 3352 2856; x_wconf 77' lang='grc' dir='ltr'><strong>ιι</strong></span> <span class='ocrx_word' id='word_1_424' title='bbox 3384 2821 3523 2875; x_wconf 87' lang='lat' dir='ltr'><strong>hanc</strong></span> 
     </span>
    </p>
   </div>
   <div class='ocr_carea' id='block_1_58' title="bbox 1936 2914 3521 2984">
    <p class='ocr_par' dir='ltr' id='par_1_58' title="bbox 1936 2914 3521 2984">
     <span class='ocr_line' id='line_1_58' title="bbox 1936 2914 3521 2984; baseline -0.001 -15"><span class='ocrx_word' id='word_1_425' title='bbox 1936 2914 2095 2969; x_wconf 90' lang='lat' dir='ltr'><strong>electi</strong></span> <span class='ocrx_word' id='word_1_426' title='bbox 2154 2914 2366 2980; x_wconf 77' lang='lat' dir='ltr'><strong>generis</strong></span> <span class='ocrx_word' id='word_1_427' title='bbox 2414 2914 2726 2984; x_wconf 87' lang='lat' dir='ltr'><strong>dignitatem</strong></span> <span class='ocrx_word' id='word_1_428' title='bbox 2782 2915 2922 2969; x_wconf 89' lang='lat' dir='ltr'><strong>sicut</strong></span> <span class='ocrx_word' id='word_1_429' title='bbox 2965 2914 3255 2970; x_wconf 88' lang='lat' dir='ltr'><strong>inﬁdelitas</strong></span> <span class='ocrx_word' id='word_1_430' title='bbox 3308 2915 3360 2967; x_wconf 91' lang='lat' dir='ltr'><strong>in</strong></span> <span class='ocrx_word' id='word_1_431' title='bbox 3408 2914 3521 2968; x_wconf 80' lang='lat' dir='ltr'><strong>suis</strong></span> 
     </span>
    </p>
   </div>
   <div class='ocr_carea' id='block_1_59' title="bbox 1938 3005 3521 3076">
    <p class='ocr_par' dir='ltr' id='par_1_59' title="bbox 1938 3005 3521 3076">
     <span class='ocr_line' id='line_1_59' title="bbox 1938 3005 3521 3076; baseline 0.001 -17"><span class='ocrx_word' id='word_1_432' title='bbox 1938 3005 2171 3075; x_wconf 89' lang='lat' dir='ltr'><strong>posteris</strong></span> <span class='ocrx_word' id='word_1_433' title='bbox 2201 3006 2477 3060; x_wconf 89' lang='lat' dir='ltr'><strong>convincit</strong></span> <span class='ocrx_word' id='word_1_434' title='bbox 2504 3021 2626 3060; x_wconf 88' lang='lat' dir='ltr'><strong>esse</strong></span> <span class='ocrx_word' id='word_1_435' title='bbox 2657 3006 3001 3076; x_wconf 83' lang='lat' dir='ltr'><strong>degenerem,</strong></span> <span class='ocrx_word' id='word_1_436' title='bbox 3042 3006 3114 3059; x_wconf 91' lang='lat' dir='ltr'><strong>ita</strong></span> <span class='ocrx_word' id='word_1_437' title='bbox 3162 3006 3296 3060; x_wconf 85' lang='lat' dir='ltr'><strong>fides</strong></span> <span class='ocrx_word' id='word_1_438' title='bbox 3340 3006 3521 3060; x_wconf 90' lang='lat' dir='ltr'><strong>omni-</strong></span> 
     </span>
    </p>
   </div>
   <div class='ocr_carea' id='block_1_60' title="bbox 1936 3098 2730 3155">
    <p class='ocr_par' dir='ltr' id='par_1_60' title="bbox 1936 3098 2730 3155">
     <span class='ocr_line' id='line_1_60' title="bbox 1936 3098 2730 3155; baseline -0.005 0"><span class='ocrx_word' id='word_1_439' title='bbox 1936 3099 2036 3155; x_wconf 88' lang='lat' dir='ltr'><strong>bus</strong></span> <span class='ocrx_word' id='word_1_440' title='bbox 2066 3098 2194 3154; x_wconf 89' lang='lat' dir='ltr'><strong>facit</strong></span> <span class='ocrx_word' id='word_1_441' title='bbox 2223 3114 2341 3154; x_wconf 89' lang='lat' dir='ltr'><strong>esse</strong></span> <span class='ocrx_word' id='word_1_442' title='bbox 2371 3114 2730 3154; x_wconf 88' lang='lat' dir='ltr'><strong>communem.</strong></span> 
     </span>
    </p>
   </div>
   <div class='ocr_carea' id='block_1_61' title="bbox 2007 3190 3522 3260">
    <p class='ocr_par' dir='ltr' id='par_1_61' title="bbox 2007 3190 3522 3260">
     <span class='ocr_line' id='line_1_61' title="bbox 2007 3190 3522 3260; baseline -0.003 -13"><span class='ocrx_word' id='word_1_443' title='bbox 2007 3192 2135 3247; x_wconf 71' lang='lat' dir='ltr'><strong>Car.</strong></span> <span class='ocrx_word' id='word_1_444' title='bbox 2165 3192 2254 3247; x_wconf 78' lang='grc' dir='ltr'><strong>ιν.</strong></span> <span class='ocrx_word' id='word_1_445' title='bbox 2278 3222 2350 3233; x_wconf 86' lang='lat'><strong>——</strong></span> <span class='ocrx_word' id='word_1_446' title='bbox 2369 3192 2606 3247; x_wconf 81' lang='lat' dir='ltr'><strong>Adorato</strong></span> <span class='ocrx_word' id='word_1_447' title='bbox 2632 3202 2807 3247; x_wconf 91' lang='lat' dir='ltr'><strong>autem</strong></span> <span class='ocrx_word' id='word_1_448' title='bbox 2842 3192 3089 3256; x_wconf 91' lang='lat' dir='ltr'><strong>Domino,</strong></span> <span class='ocrx_word' id='word_1_449' title='bbox 3116 3190 3278 3260; x_wconf 87' lang='lat' dir='ltr'><strong>magi,</strong></span> <span class='ocrx_word' id='word_1_450' title='bbox 3296 3198 3350 3245; x_wconf 90' lang='lat' dir='ltr'><strong>et</strong></span> <span class='ocrx_word' id='word_1_451' title='bbox 3377 3190 3522 3244; x_wconf 92' lang='lat' dir='ltr'><strong>omni</strong></span> 
     </span>
    </p>
   </div>
   <div class='ocr_carea' id='block_1_62' title="bbox 227 3274 3525 3359">
    <p class='ocr_par' dir='ltr' id='par_1_62' title="bbox 227 3274 3525 3359">
     <span class='ocr_line' id='line_1_62' title="bbox 227 3274 3525 3359; baseline -0.002 -16"><span class='ocrx_word' id='word_1_452' title='bbox 227 3290 449 3345; x_wconf 70' lang='lat' dir='ltr'><strong>caeteris</strong></span> <span class='ocrx_word' id='word_1_453' title='bbox 481 3290 640 3344; x_wconf 84' lang='lat' dir='ltr'><strong>stella</strong></span> <span class='ocrx_word' id='word_1_454' title='bbox 688 3289 997 3359; x_wconf 84' lang='lat' dir='ltr'><strong>fulgentior,</strong></span> <span class='ocrx_word' id='word_1_455' title='bbox 1031 3302 1085 3344; x_wconf 91' lang='lat' dir='ltr'><strong>et</strong></span> <span class='ocrx_word' id='word_1_456' title='bbox 1114 3290 1183 3345; x_wconf 92' lang='lat' dir='ltr'><strong>de</strong></span> <span class='ocrx_word' id='word_1_457' title='bbox 1213 3289 1437 3343; x_wconf 87' lang='lat' dir='ltr'><strong>mirandi</strong></span> <span class='ocrx_word' id='word_1_458' title='bbox 1470 3289 1689 3344; x_wconf 88' lang='lat' dir='ltr'><strong>luminis</strong></span> <span class='ocrx_word' id='word_1_459' title='bbox 1720 3290 1830 3343; x_wconf 92' lang='lat' dir='ltr'><strong>cla-</strong></span> <span class='ocrx_word' id='word_1_460' title='bbox 1856 3274 1900 3335; x_wconf 88' lang='lat' dir='ltr'><strong>C</strong></span> <span class='ocrx_word' id='word_1_461' title='bbox 1934 3286 2221 3341; x_wconf 89' lang='lat' dir='ltr'><strong>devotione</strong></span> <span class='ocrx_word' id='word_1_462' title='bbox 2266 3286 2531 3354; x_wconf 89' lang='lat' dir='ltr'><strong>completa</strong></span> <span class='ocrx_word' id='word_1_463' title='bbox 2556 3330 2570 3351; x_wconf 91' lang='lat'><strong>,</strong></span> <span class='ocrx_word' id='word_1_464' title='bbox 2623 3284 2917 3338; x_wconf 89' lang='lat' dir='ltr'><strong>secundum</strong></span> <span class='ocrx_word' id='word_1_465' title='bbox 2963 3283 3385 3338; x_wconf 87' lang='lat' dir='ltr'><strong>admonitionem</strong></span> <span class='ocrx_word' id='word_1_466' title='bbox 3436 3297 3525 3335; x_wconf 88' lang='lat' dir='ltr'><strong>so-</strong></span> 
     </span>
    </p>
   </div>
   <div class='ocr_carea' id='block_1_63' title="bbox 230 3382 1825 3453">
    <p class='ocr_par' dir='ltr' id='par_1_63' title="bbox 230 3382 1825 3453">
     <span class='ocr_line' id='line_1_63' title="bbox 230 3382 1825 3453; baseline -0.002 -15"><span class='ocrx_word' id='word_1_467' title='bbox 230 3385 394 3438; x_wconf 86' lang='lat' dir='ltr'><strong>ritate</strong></span> <span class='ocrx_word' id='word_1_468' title='bbox 435 3385 539 3438; x_wconf 81' lang='lat' dir='ltr'><strong>viri</strong></span> <span class='ocrx_word' id='word_1_469' title='bbox 572 3383 639 3437; x_wconf 88' lang='lat' dir='ltr'><strong>ad</strong></span> <span class='ocrx_word' id='word_1_470' title='bbox 670 3384 785 3438; x_wconf 76' lang='lat' dir='ltr'><strong>haec</strong></span> <span class='ocrx_word' id='word_1_471' title='bbox 821 3384 1107 3453; x_wconf 88' lang='lat' dir='ltr'><strong>spectanda</strong></span> <span class='ocrx_word' id='word_1_472' title='bbox 1147 3399 1252 3438; x_wconf 91' lang='lat' dir='ltr'><strong>non</strong></span> <span class='ocrx_word' id='word_1_473' title='bbox 1292 3382 1467 3449; x_wconf 90' lang='lat' dir='ltr'><strong>inscii,</strong></span> <span class='ocrx_word' id='word_1_474' title='bbox 1501 3382 1825 3452; x_wconf 86' lang='lat' dir='ltr'><strong>magnitudi-</strong></span> 
     </span>
    </p>
   </div>
   <div class='ocr_carea' id='block_1_64' title="bbox 230 3473 1831 3545">
    <p class='ocr_par' dir='ltr' id='par_1_64' title="bbox 230 3473 1831 3545">
     <span class='ocr_line' id='line_1_64' title="bbox 230 3473 1831 3545; baseline 0 -18"><span class='ocrx_word' id='word_1_475' title='bbox 230 3491 351 3530; x_wconf 87' lang='lat' dir='ltr'><strong>nem</strong></span> <span class='ocrx_word' id='word_1_476' title='bbox 390 3475 805 3545; x_wconf 89' lang='lat' dir='ltr'><strong>signiﬁcationis</strong></span> <span class='ocrx_word' id='word_1_477' title='bbox 854 3475 1159 3545; x_wconf 90' lang='lat' dir='ltr'><strong>intelligunt</strong></span> <span class='ocrx_word' id='word_1_478' title='bbox 1191 3493 1203 3529; x_wconf 89' lang='lat'><strong>:</strong></span> <span class='ocrx_word' id='word_1_479' title='bbox 1233 3486 1427 3545; x_wconf 88' lang='lat' dir='ltr'><strong>agente</strong></span> <span class='ocrx_word' id='word_1_480' title='bbox 1454 3476 1554 3530; x_wconf 90' lang='lat' dir='ltr'><strong>hoc</strong></span> <span class='ocrx_word' id='word_1_481' title='bbox 1586 3475 1701 3529; x_wconf 87' lang='lat' dir='ltr'><strong>sine</strong></span> <span class='ocrx_word' id='word_1_482' title='bbox 1731 3473 1831 3528; x_wconf 87' lang='lat' dir='ltr'><strong>du-</strong></span> 
     </span>
    </p>
   </div>
   <div class='ocr_carea' id='block_1_65' title="bbox 229 3566 1831 3635">
    <p class='ocr_par' dir='ltr' id='par_1_65' title="bbox 229 3566 1831 3635">
     <span class='ocr_line' id='line_1_65' title="bbox 229 3566 1831 3635; baseline 0.001 -16"><span class='ocrx_word' id='word_1_483' title='bbox 229 3566 314 3620; x_wconf 88' lang='lat' dir='ltr'><strong>bio</strong></span> <span class='ocrx_word' id='word_1_484' title='bbox 364 3568 430 3620; x_wconf 91' lang='lat' dir='ltr'><strong>in</strong></span> <span class='ocrx_word' id='word_1_485' title='bbox 478 3580 670 3621; x_wconf 89' lang='lat' dir='ltr'><strong>eorum</strong></span> <span class='ocrx_word' id='word_1_486' title='bbox 720 3566 972 3621; x_wconf 89' lang='lat' dir='ltr'><strong>cordibus</strong></span> <span class='ocrx_word' id='word_1_487' title='bbox 1018 3567 1370 3635; x_wconf 89' lang='lat' dir='ltr'><strong>inspiratione</strong></span> <span class='ocrx_word' id='word_1_488' title='bbox 1419 3567 1617 3631; x_wconf 88' lang='lat' dir='ltr'><strong>divina,</strong></span> <span class='ocrx_word' id='word_1_489' title='bbox 1652 3574 1708 3621; x_wconf 89' lang='lat' dir='ltr'><strong>ut</strong></span> <span class='ocrx_word' id='word_1_490' title='bbox 1736 3580 1831 3621; x_wconf 87' lang='lat' dir='ltr'><strong>eos</strong></span> 
     </span>
    </p>
   </div>
   <div class='ocr_carea' id='block_1_66' title="bbox 231 3659 1832 3731">
    <p class='ocr_par' dir='ltr' id='par_1_66' title="bbox 231 3659 1832 3731">
     <span class='ocr_line' id='line_1_66' title="bbox 231 3659 1832 3731; baseline 0.002 -20"><span class='ocrx_word' id='word_1_491' title='bbox 231 3668 399 3712; x_wconf 71' lang='lat' dir='ltr'><strong>tanta:</strong></span> <span class='ocrx_word' id='word_1_492' title='bbox 434 3660 661 3714; x_wconf 82' lang='lat' dir='ltr'><strong>visionis</strong></span> <span class='ocrx_word' id='word_1_493' title='bbox 692 3659 1004 3731; x_wconf 88' lang='lat' dir='ltr'><strong>mysterium</strong></span> <span class='ocrx_word' id='word_1_494' title='bbox 1029 3675 1136 3714; x_wconf 90' lang='lat' dir='ltr'><strong>non</strong></span> <span class='ocrx_word' id='word_1_495' title='bbox 1167 3661 1379 3726; x_wconf 89' lang='lat' dir='ltr'><strong>lateret,</strong></span> <span class='ocrx_word' id='word_1_496' title='bbox 1409 3670 1462 3715; x_wconf 93' lang='lat' dir='ltr'><strong>et</strong></span> <span class='ocrx_word' id='word_1_497' title='bbox 1489 3661 1629 3731; x_wconf 92' lang='lat' dir='ltr'><strong>quod</strong></span> <span class='ocrx_word' id='word_1_498' title='bbox 1660 3661 1832 3716; x_wconf 86' lang='lat' dir='ltr'><strong>oculis</strong></span> 
     </span>
    </p>
   </div>
   <div class='ocr_carea' id='block_1_67' title="bbox 226 3751 1827 3819">
    <p class='ocr_par' dir='ltr' id='par_1_67' title="bbox 226 3751 1827 3819">
     <span class='ocr_line' id='line_1_67' title="bbox 226 3751 1827 3819; baseline 0.002 -11"><span class='ocrx_word' id='word_1_499' title='bbox 226 3751 631 3808; x_wconf 82' lang='lat' dir='ltr'><strong>ostendebatur</strong></span> <span class='ocrx_word' id='word_1_500' title='bbox 661 3753 954 3819; x_wconf 91' lang='lat' dir='ltr'><strong>insolitum,</strong></span> <span class='ocrx_word' id='word_1_501' title='bbox 987 3754 1183 3809; x_wconf 90' lang='lat' dir='ltr'><strong>animis</strong></span> <span class='ocrx_word' id='word_1_502' title='bbox 1214 3770 1318 3808; x_wconf 93' lang='lat' dir='ltr'><strong>non</strong></span> <span class='ocrx_word' id='word_1_503' title='bbox 1350 3764 1494 3809; x_wconf 91' lang='lat' dir='ltr'><strong>esset</strong></span> <span class='ocrx_word' id='word_1_504' title='bbox 1516 3754 1827 3811; x_wconf 91' lang='lat' dir='ltr'><strong>obscurum.</strong></span> 
     </span>
    </p>
   </div>
   <div class='ocr_carea' id='block_1_68' title="bbox 228 3843 1833 3916">
    <p class='ocr_par' dir='ltr' id='par_1_68' title="bbox 228 3843 1833 3916">
     <span class='ocr_line' id='line_1_68' title="bbox 228 3843 1833 3916; baseline -0.001 -15"><span class='ocrx_word' id='word_1_505' title='bbox 228 3844 485 3915; x_wconf 87' lang='lat' dir='ltr'><strong>Denique</strong></span> <span class='ocrx_word' id='word_1_506' title='bbox 521 3843 759 3899; x_wconf 87' lang='lat' dir='ltr'><strong>ofﬁcium</strong></span> <span class='ocrx_word' id='word_1_507' title='bbox 788 3860 944 3900; x_wconf 90' lang='lat' dir='ltr'><strong>suum</strong></span> <span class='ocrx_word' id='word_1_508' title='bbox 976 3860 1097 3900; x_wconf 91' lang='lat' dir='ltr'><strong>cum</strong></span> <span class='ocrx_word' id='word_1_509' title='bbox 1129 3847 1390 3916; x_wconf 87' lang='lat' dir='ltr'><strong>religione</strong></span> <span class='ocrx_word' id='word_1_510' title='bbox 1433 3847 1746 3916; x_wconf 89' lang='lat' dir='ltr'><strong>disponunt,</strong></span> <span class='ocrx_word' id='word_1_511' title='bbox 1776 3853 1833 3901; x_wconf 89' lang='lat' dir='ltr'><strong>et</strong></span> 
     </span>
    </p>
   </div>
   <div class='ocr_carea' id='block_1_69' title="bbox 228 3935 1833 4005">
    <p class='ocr_par' dir='ltr' id='par_1_69' title="bbox 228 3935 1833 4005">
     <span class='ocr_line' id='line_1_69' title="bbox 228 3935 1833 4005; baseline 0.001 -15"><span class='ocrx_word' id='word_1_512' title='bbox 228 3935 308 3991; x_wconf 81' lang='lat' dir='ltr'><strong>his</strong></span> <span class='ocrx_word' id='word_1_513' title='bbox 353 3951 428 3992; x_wconf 87' lang='lat' dir='ltr'><strong>se</strong></span> <span class='ocrx_word' id='word_1_514' title='bbox 471 3936 747 3991; x_wconf 90' lang='lat' dir='ltr'><strong>instruunt</strong></span> <span class='ocrx_word' id='word_1_515' title='bbox 797 3935 998 4005; x_wconf 90' lang='lat' dir='ltr'><strong>donis,</strong></span> <span class='ocrx_word' id='word_1_516' title='bbox 1054 3945 1114 3992; x_wconf 90' lang='lat' dir='ltr'><strong>ut</strong></span> <span class='ocrx_word' id='word_1_517' title='bbox 1177 3936 1451 3993; x_wconf 84' lang='lat' dir='ltr'><strong>adoraturi</strong></span> <span class='ocrx_word' id='word_1_518' title='bbox 1514 3952 1679 3994; x_wconf 91' lang='lat' dir='ltr'><strong>unum</strong></span> <span class='ocrx_word' id='word_1_519' title='bbox 1730 3938 1833 3992; x_wconf 91' lang='lat' dir='ltr'><strong>tria</strong></span> 
     </span>
    </p>
   </div>
   <div class='ocr_carea' id='block_1_70' title="bbox 298 4109 1832 4178">
    <p class='ocr_par' dir='ltr' id='par_1_70' title="bbox 298 4109 1832 4178">
     <span class='ocr_line' id='line_1_70' title="bbox 298 4109 1832 4178; baseline -0.003 -12"><span class='ocrx_word' id='word_1_520' title='bbox 298 4122 322 4147; x_wconf 73' lang='grc' dir='ltr'>ι</span> <span class='ocrx_word' id='word_1_521' title='bbox 354 4112 479 4177; x_wconf 81' lang='lat' dir='ltr'><strong>AL,</strong></span> <span class='ocrx_word' id='word_1_522' title='bbox 527 4111 840 4166; x_wconf 68' lang='lat' dir='ltr'><strong>exercendis.</strong></span> <span class='ocrx_word' id='word_1_523' title='bbox 888 4109 1231 4178; x_wconf 87' lang='lat' dir='ltr'><strong>Quesnellus,</strong></span> <span class='ocrx_word' id='word_1_524' title='bbox 1261 4112 1545 4175; x_wconf 74' lang='lat' dir='ltr'><strong>exerendaz,</strong></span> <span class='ocrx_word' id='word_1_525' title='bbox 1578 4125 1700 4165; x_wconf 90' lang='lat' dir='ltr'><strong>cum</strong></span> <span class='ocrx_word' id='word_1_526' title='bbox 1739 4110 1832 4164; x_wconf 92' lang='lat' dir='ltr'><strong>ali-</strong></span> 
     </span>
    </p>
   </div>
   <div class='ocr_carea' id='block_1_71' title="bbox 229 4181 1829 4285">
    <p class='ocr_par' dir='ltr' id='par_1_71' title="bbox 229 4181 1829 4285">
     <span class='ocr_line' id='line_1_71' title="bbox 229 4181 1829 4285; baseline -0.002 -49"><span class='ocrx_word' id='word_1_527' title='bbox 625 4198 754 4237; x_wconf 92' lang='lat' dir='ltr'><strong>mss.</strong></span> <span class='ocrx_word' id='word_1_528' title='bbox 788 4181 1003 4246; x_wconf 89' lang='lat' dir='ltr'><strong>Postea,</strong></span> <span class='ocrx_word' id='word_1_529' title='bbox 1032 4182 1094 4234; x_wconf 86' lang='lat' dir='ltr'><strong>de</strong></span> <span class='ocrx_word' id='word_1_530' title='bbox 1124 4198 1216 4235; x_wconf 91' lang='lat' dir='ltr'><strong>suo</strong></span> <span class='ocrx_word' id='word_1_531' title='bbox 1245 4182 1425 4236; x_wconf 86' lang='lat' dir='ltr'><strong>merito</strong></span> <span class='ocrx_word' id='word_1_532' title='bbox 1460 4183 1511 4235; x_wconf 90' lang='lat' dir='ltr'><strong>in</strong></span> <span class='ocrx_word' id='word_1_533' title='bbox 1540 4181 1829 4236; x_wconf 90' lang='lat' dir='ltr'><strong>Lectiona-</strong></span> 
     </span>
    </p>
   </div>
   <div class='ocr_carea' id='block_1_72' title="bbox 228 4254 1833 4391">
    <p class='ocr_par' dir='ltr' id='par_1_72' title="bbox 228 4254 1833 4391">
     <span class='ocr_line' id='line_1_72' title="bbox 256 4256 625 4307; baseline -0.003 -1"><span class='ocrx_word' id='word_1_534' title='bbox 256 4256 286 4266; x_wconf 75' lang='grc'><strong>⁴’</strong></span> <span class='ocrx_word' id='word_1_535' title='bbox 401 4293 421 4307; x_wconf 88' lang='grc'><strong>.</strong></span> <span class='ocrx_word' id='word_1_536' title='bbox 474 4258 490 4285; x_wconf 80' lang='grc'><strong>)</strong></span> <span class='ocrx_word' id='word_1_537' title='bbox 534 4256 625 4305; x_wconf 87' lang='lat' dir='ltr'><strong>tri.</strong></span> 
     </span>
     <span class='ocr_line' id='line_1_73' title="bbox 228 4254 1833 4391; baseline -0.001 -12"><span class='ocrx_word' id='word_1_538' title='bbox 228 4270 323 4362; x_wconf 53' lang='lat' dir='ltr'><strong>mi</strong></span> <span class='ocrx_word' id='word_1_539' title='bbox 348 4254 858 4379; x_wconf 53' lang='lat' dir='ltr'><strong>SV’oieditectissimi</strong></span> <span class='ocrx_word' id='word_1_540' title='bbox 885 4336 913 4375; x_wconf 91' lang='lat' dir='ltr'><strong>a</strong></span> <span class='ocrx_word' id='word_1_541' title='bbox 940 4321 1231 4388; x_wconf 87' lang='lat' dir='ltr'><strong>Quesnello</strong></span> <span class='ocrx_word' id='word_1_542' title='bbox 1277 4321 1514 4391; x_wconf 89' lang='lat' dir='ltr'><strong>adjecta,</strong></span> <span class='ocrx_word' id='word_1_543' title='bbox 1564 4322 1721 4377; x_wconf 90' lang='lat' dir='ltr'><strong>nobis</strong></span> <span class='ocrx_word' id='word_1_544' title='bbox 1752 4323 1833 4377; x_wconf 90' lang='lat' dir='ltr'><strong>in-</strong></span> 
     </span>
    </p>
   </div>
   <div class='ocr_carea' id='block_1_73' title="bbox 225 4393 999 4453">
    <p class='ocr_par' dir='ltr' id='par_1_73' title="bbox 225 4393 999 4453">
     <span class='ocr_line' id='line_1_74' title="bbox 225 4393 999 4453; baseline -0.003 -4"><span class='ocrx_word' id='word_1_545' title='bbox 225 4404 391 4453; x_wconf 80' lang='lat' dir='ltr'><strong>venta</strong></span> <span class='ocrx_word' id='word_1_546' title='bbox 427 4404 509 4449; x_wconf 88' lang='lat' dir='ltr'><strong>est</strong></span> <span class='ocrx_word' id='word_1_547' title='bbox 540 4396 591 4448; x_wconf 91' lang='lat' dir='ltr'><strong>in</strong></span> <span class='ocrx_word' id='word_1_548' title='bbox 621 4410 723 4447; x_wconf 89' lang='lat' dir='ltr'><strong>ms.</strong></span> <span class='ocrx_word' id='word_1_549' title='bbox 746 4394 802 4447; x_wconf 93' lang='lat' dir='ltr'><strong>S.</strong></span> <span class='ocrx_word' id='word_1_550' title='bbox 837 4393 999 4447; x_wconf 85' lang='lat' dir='ltr'><strong>Petri.</strong></span> 
     </span>
    </p>
   </div>
   <div class='ocr_carea' id='block_1_74' title="bbox 300 4461 1832 4528">
    <p class='ocr_par' dir='ltr' id='par_1_74' title="bbox 300 4461 1832 4528">
     <span class='ocr_line' id='line_1_75' title="bbox 300 4461 1832 4528; baseline -0.001 -8"><span class='ocrx_word' id='word_1_551' title='bbox 300 4478 323 4505; x_wconf 73' lang='grc' dir='ltr'><strong><em>ο</em></strong></span> <span class='ocrx_word' id='word_1_552' title='bbox 359 4467 489 4520; x_wconf 90' lang='lat' dir='ltr'><strong>Duo</strong></span> <span class='ocrx_word' id='word_1_553' title='bbox 535 4466 693 4520; x_wconf 91' lang='lat' dir='ltr'><strong>codd.</strong></span> <span class='ocrx_word' id='word_1_554' title='bbox 728 4464 785 4520; x_wconf 93' lang='lat' dir='ltr'><strong>S.</strong></span> <span class='ocrx_word' id='word_1_555' title='bbox 815 4463 983 4528; x_wconf 88' lang='lat' dir='ltr'><strong>Petri,</strong></span> <span class='ocrx_word' id='word_1_556' title='bbox 1016 4462 1160 4516; x_wconf 86' lang='lat' dir='ltr'><strong>Petri</strong></span> <span class='ocrx_word' id='word_1_557' title='bbox 1208 4461 1445 4516; x_wconf 66' lang='lat' dir='ltr'><strong>Abrahae.</strong></span> <span class='ocrx_word' id='word_1_558' title='bbox 1494 4463 1661 4517; x_wconf 91' lang='lat' dir='ltr'><strong>Paulo</strong></span> <span class='ocrx_word' id='word_1_559' title='bbox 1707 4472 1832 4518; x_wconf 88' lang='lat' dir='ltr'><strong>ante</strong></span> 
     </span>
    </p>
   </div>
   <div class='ocr_carea' id='block_1_75' title="bbox 1932 3378 3521 3447">
    <p class='ocr_par' dir='ltr' id='par_1_75' title="bbox 1932 3378 3521 3447">
     <span class='ocr_line' id='line_1_76' title="bbox 1932 3378 3521 3447; baseline -0.003 -13"><span class='ocrx_word' id='word_1_560' title='bbox 1932 3380 2064 3435; x_wconf 90' lang='lat' dir='ltr'><strong>mnii</strong></span> <span class='ocrx_word' id='word_1_561' title='bbox 2116 3394 2223 3434; x_wconf 91' lang='lat' dir='ltr'><strong>non</strong></span> <span class='ocrx_word' id='word_1_562' title='bbox 2254 3380 2443 3434; x_wconf 92' lang='lat' dir='ltr'><strong>eodem</strong></span> <span class='ocrx_word' id='word_1_563' title='bbox 2494 3395 2599 3447; x_wconf 89' lang='lat' dir='ltr'><strong>quo</strong></span> <span class='ocrx_word' id='word_1_564' title='bbox 2630 3388 2891 3433; x_wconf 91' lang='lat' dir='ltr'><strong>venerant</strong></span> <span class='ocrx_word' id='word_1_565' title='bbox 2920 3378 3111 3432; x_wconf 91' lang='lat' dir='ltr'><strong>itinere</strong></span> <span class='ocrx_word' id='word_1_566' title='bbox 3149 3385 3521 3431; x_wconf 90' lang='lat' dir='ltr'><strong>revertuntur.</strong></span> 
     </span>
    </p>
   </div>
   <div class='ocr_carea' id='block_1_76' title="bbox 1933 3469 3523 3541">
    <p class='ocr_par' dir='ltr' id='par_1_76' title="bbox 1933 3469 3523 3541">
     <span class='ocr_line' id='line_1_77' title="bbox 1933 3469 3523 3541; baseline -0.004 -14"><span class='ocrx_word' id='word_1_567' title='bbox 1933 3472 2230 3541; x_wconf 88' lang='lat' dir='ltr'><strong>Oportebat</strong></span> <span class='ocrx_word' id='word_1_568' title='bbox 2273 3473 2414 3525; x_wconf 88' lang='lat' dir='ltr'><strong>enim</strong></span> <span class='ocrx_word' id='word_1_569' title='bbox 2444 3480 2504 3524; x_wconf 91' lang='lat' dir='ltr'><strong>ut</strong></span> <span class='ocrx_word' id='word_1_570' title='bbox 2528 3471 2635 3540; x_wconf 89' lang='lat' dir='ltr'><strong>jam</strong></span> <span class='ocrx_word' id='word_1_571' title='bbox 2688 3472 2739 3523; x_wconf 89' lang='lat' dir='ltr'><strong>in</strong></span> <span class='ocrx_word' id='word_1_572' title='bbox 2785 3469 3056 3525; x_wconf 89' lang='lat' dir='ltr'><strong>Christum</strong></span> <span class='ocrx_word' id='word_1_573' title='bbox 3104 3470 3385 3524; x_wconf 88' lang='lat' dir='ltr'><strong>credentes</strong></span> <span class='ocrx_word' id='word_1_574' title='bbox 3413 3483 3523 3523; x_wconf 92' lang='lat' dir='ltr'><strong>non</strong></span> 
     </span>
    </p>
   </div>
   <div class='ocr_carea' id='block_1_77' title="bbox 1937 3561 3522 3635">
    <p class='ocr_par' dir='ltr' id='par_1_77' title="bbox 1937 3561 3522 3635">
     <span class='ocr_line' id='line_1_78' title="bbox 1937 3561 3522 3635; baseline -0.005 -14"><span class='ocrx_word' id='word_1_575' title='bbox 1937 3563 2087 3635; x_wconf 80' lang='lat' dir='ltr'><strong>peri</strong></span> <span class='ocrx_word' id='word_1_576' title='bbox 2137 3566 2369 3635; x_wconf 64' lang='lat' dir='ltr'><strong>antiquae</strong></span> <span class='ocrx_word' id='word_1_577' title='bbox 2417 3562 2842 3619; x_wconf 86' lang='lat' dir='ltr'><strong>conversationis</strong></span> <span class='ocrx_word' id='word_1_578' title='bbox 2891 3564 3109 3617; x_wconf 89' lang='lat' dir='ltr'><strong>semitas</strong></span> <span class='ocrx_word' id='word_1_579' title='bbox 3162 3561 3522 3627; x_wconf 88' lang='lat' dir='ltr'><strong>ambularent,</strong></span> 
     </span>
    </p>
   </div>
   <div class='ocr_carea' id='block_1_78' title="bbox 1937 3653 3526 3725">
    <p class='ocr_par' dir='ltr' id='par_1_78' title="bbox 1937 3653 3526 3725">
     <span class='ocr_line' id='line_1_79' title="bbox 1937 3653 3526 3725; baseline -0.003 -14"><span class='ocrx_word' id='word_1_580' title='bbox 1937 3657 2031 3711; x_wconf 91' lang='lat' dir='ltr'><strong>sed</strong></span> <span class='ocrx_word' id='word_1_581' title='bbox 2081 3671 2275 3711; x_wconf 90' lang='lat' dir='ltr'><strong>novam</strong></span> <span class='ocrx_word' id='word_1_582' title='bbox 2309 3657 2534 3725; x_wconf 79' lang='lat' dir='ltr'><strong>ingreSsi</strong></span> <span class='ocrx_word' id='word_1_583' title='bbox 2572 3657 2712 3709; x_wconf 88' lang='lat' dir='ltr'><strong>viam</strong></span> <span class='ocrx_word' id='word_1_584' title='bbox 2745 3671 2772 3707; x_wconf 91' lang='lat' dir='ltr'><strong>a</strong></span> <span class='ocrx_word' id='word_1_585' title='bbox 2814 3654 3019 3709; x_wconf 90' lang='lat' dir='ltr'><strong>relictis</strong></span> <span class='ocrx_word' id='word_1_586' title='bbox 3050 3653 3323 3708; x_wconf 90' lang='lat' dir='ltr'><strong>erroribus</strong></span> <span class='ocrx_word' id='word_1_587' title='bbox 3361 3653 3526 3707; x_wconf 88' lang='lat' dir='ltr'><strong>absti-</strong></span> 
     </span>
    </p>
   </div>
   <div class='ocr_carea' id='block_1_79' title="bbox 1940 3745 3524 3811">
    <p class='ocr_par' dir='ltr' id='par_1_79' title="bbox 1940 3745 3524 3811">
     <span class='ocr_line' id='line_1_80' title="bbox 1940 3745 3524 3811; baseline -0.004 -6"><span class='ocrx_word' id='word_1_588' title='bbox 1940 3758 2151 3805; x_wconf 91' lang='lat' dir='ltr'><strong>nerent.</strong></span> <span class='ocrx_word' id='word_1_589' title='bbox 2184 3748 2322 3803; x_wconf 90' lang='lat' dir='ltr'><strong>Tum</strong></span> <span class='ocrx_word' id='word_1_590' title='bbox 2352 3758 2409 3802; x_wconf 92' lang='lat' dir='ltr'><strong>ut</strong></span> <span class='ocrx_word' id='word_1_591' title='bbox 2438 3749 2601 3803; x_wconf 90' lang='lat' dir='ltr'><strong>etiam</strong></span> <span class='ocrx_word' id='word_1_592' title='bbox 2629 3748 2858 3803; x_wconf 89' lang='lat' dir='ltr'><strong>Herodis</strong></span> <span class='ocrx_word' id='word_1_593' title='bbox 2888 3756 3248 3802; x_wconf 88' lang='lat' dir='ltr'><strong>vacuarentur</strong></span> <span class='ocrx_word' id='word_1_594' title='bbox 3292 3745 3524 3811; x_wconf 66' lang='lat' dir='ltr'><strong>insidiae,</strong></span> 
     </span>
    </p>
   </div>
   <div class='ocr_carea' id='block_1_80' title="bbox 1938 3838 3528 3913">
    <p class='ocr_par' dir='ltr' id='par_1_80' title="bbox 1938 3838 3528 3913">
     <span class='ocr_line' id='line_1_81' title="bbox 1938 3838 3528 3913; baseline -0.003 -16"><span class='ocrx_word' id='word_1_595' title='bbox 1938 3843 2030 3913; x_wconf 91' lang='lat' dir='ltr'><strong>qui</strong></span> <span class='ocrx_word' id='word_1_596' title='bbox 2060 3844 2115 3897; x_wconf 88' lang='lat' dir='ltr'><strong>in</strong></span> <span class='ocrx_word' id='word_1_597' title='bbox 2140 3858 2365 3912; x_wconf 93' lang='lat' dir='ltr'><strong>puerum</strong></span> <span class='ocrx_word' id='word_1_598' title='bbox 2400 3841 2582 3897; x_wconf 85' lang='lat' dir='ltr'><strong>Jesum</strong></span> <span class='ocrx_word' id='word_1_599' title='bbox 2613 3843 2942 3912; x_wconf 87' lang='lat' dir='ltr'><strong>impietatem</strong></span> <span class='ocrx_word' id='word_1_600' title='bbox 2972 3842 3080 3895; x_wconf 92' lang='lat' dir='ltr'><strong>doli</strong></span> <span class='ocrx_word' id='word_1_601' title='bbox 3111 3856 3204 3909; x_wconf 87' lang='lat' dir='ltr'><strong>per</strong></span> <span class='ocrx_word' id='word_1_602' title='bbox 3230 3838 3528 3893; x_wconf 60' lang='lat' dir='ltr'><strong>simulatio«</strong></span> 
     </span>
    </p>
   </div>
   <div class='ocr_carea' id='block_1_81' title="bbox 1940 3934 3528 4006">
    <p class='ocr_par' dir='ltr' id='par_1_81' title="bbox 1940 3934 3528 4006">
     <span class='ocr_line' id='line_1_82' title="bbox 1940 3934 3528 4006; baseline -0.003 -14"><span class='ocrx_word' id='word_1_603' title='bbox 1940 3952 2064 3994; x_wconf 92' lang='lat' dir='ltr'><strong>nem</strong></span> <span class='ocrx_word' id='word_1_604' title='bbox 2106 3936 2425 4006; x_wconf 89' lang='lat' dir='ltr'><strong>disponebat</strong></span> <span class='ocrx_word' id='word_1_605' title='bbox 2475 3936 2661 3991; x_wconf 73' lang='lat' dir='ltr'><strong>ofﬁcii.</strong></span> <span class='ocrx_word' id='word_1_606' title='bbox 2713 3935 2865 3992; x_wconf 91' lang='lat' dir='ltr'><strong>Unde</strong></span> <span class='ocrx_word' id='word_1_607' title='bbox 2910 3935 3032 4005; x_wconf 90' lang='lat' dir='ltr'><strong>quia</strong></span> <span class='ocrx_word' id='word_1_608' title='bbox 3069 3948 3193 4004; x_wconf 90' lang='lat' dir='ltr'><strong>spes</strong></span> <span class='ocrx_word' id='word_1_609' title='bbox 3226 3934 3381 3989; x_wconf 89' lang='lat' dir='ltr'><strong>istius</strong></span> <span class='ocrx_word' id='word_1_610' title='bbox 3408 3942 3528 3988; x_wconf 89' lang='lat' dir='ltr'><strong>erat</strong></span> 
     </span>
    </p>
   </div>
   <div class='ocr_carea' id='block_1_82' title="bbox 1941 4114 3525 4185">
    <p class='ocr_par' dir='ltr' id='par_1_82' title="bbox 1941 4114 3525 4185">
     <span class='ocr_line' id='line_1_83' title="bbox 1941 4114 3525 4185; baseline 0.001 -19"><span class='ocrx_word' id='word_1_611' title='bbox 1941 4126 2141 4167; x_wconf 92' lang='lat' dir='ltr'><strong>nomen</strong></span> <span class='ocrx_word' id='word_1_612' title='bbox 2166 4120 2375 4167; x_wconf 92' lang='lat' dir='ltr'><strong>veteres</strong></span> <span class='ocrx_word' id='word_1_613' title='bbox 2392 4128 2802 4185; x_wconf 85' lang='lat' dir='ltr'><strong>nonnumquam</strong></span> <span class='ocrx_word' id='word_1_614' title='bbox 2826 4114 3101 4185; x_wconf 89' lang='lat' dir='ltr'><strong>accepisse</strong></span> <span class='ocrx_word' id='word_1_615' title='bbox 3122 4128 3220 4183; x_wconf 92' lang='lat' dir='ltr'><strong>pro</strong></span> <span class='ocrx_word' id='word_1_616' title='bbox 3240 4124 3525 4185; x_wconf 82' lang='lat' dir='ltr'><strong>tamquam,</strong></span> 
     </span>
    </p>
   </div>
   <div class='ocr_carea' id='block_1_83' title="bbox 1942 4183 3525 4253">
    <p class='ocr_par' dir='ltr' id='par_1_83' title="bbox 1942 4183 3525 4253">
     <span class='ocr_line' id='line_1_84' title="bbox 1942 4183 3525 4253; baseline 0.003 -19"><span class='ocrx_word' id='word_1_617' title='bbox 1942 4185 2147 4253; x_wconf 88' lang='lat' dir='ltr'><strong>aliquot</strong></span> <span class='ocrx_word' id='word_1_618' title='bbox 2193 4183 2456 4253; x_wconf 85' lang='lat' dir='ltr'><strong>exemplis</strong></span> <span class='ocrx_word' id='word_1_619' title='bbox 2504 4184 2839 4238; x_wconf 89' lang='lat' dir='ltr'><strong>ostendimus</strong></span> <span class='ocrx_word' id='word_1_620' title='bbox 2888 4195 3001 4238; x_wconf 91' lang='lat' dir='ltr'><strong>not.</strong></span> <span class='ocrx_word' id='word_1_621' title='bbox 3036 4184 3094 4237; x_wconf 92' lang='lat' dir='ltr'><strong>7l</strong></span> <span class='ocrx_word' id='word_1_622' title='bbox 3137 4187 3189 4237; x_wconf 93' lang='lat' dir='ltr'><strong>in</strong></span> <span class='ocrx_word' id='word_1_623' title='bbox 3244 4183 3399 4239; x_wconf 78' lang='lat' dir='ltr'><strong>tract.</strong></span> <span class='ocrx_word' id='word_1_624' title='bbox 3439 4185 3525 4249; x_wconf 84' lang='grc'><strong>16,</strong></span> 
     </span>
    </p>
   </div>
   <div class='ocr_carea' id='block_1_84' title="bbox 1941 4253 3528 4320">
    <p class='ocr_par' dir='ltr' id='par_1_84' title="bbox 1941 4253 3528 4320">
     <span class='ocr_line' id='line_1_85' title="bbox 1941 4253 3528 4320; baseline 0.001 -15"><span class='ocrx_word' id='word_1_625' title='bbox 1941 4253 2040 4307; x_wconf 93' lang='lat' dir='ltr'><strong>ltb.</strong></span> <span class='ocrx_word' id='word_1_626' title='bbox 2072 4269 2108 4318; x_wconf 90' lang='lat' dir='ltr'><strong>I,</strong></span> <span class='ocrx_word' id='word_1_627' title='bbox 2142 4253 2199 4307; x_wconf 90' lang='lat' dir='ltr'><strong>S.</strong></span> <span class='ocrx_word' id='word_1_628' title='bbox 2232 4253 2488 4318; x_wconf 85' lang='lat' dir='ltr'><strong>Zenonis,</strong></span> <span class='ocrx_word' id='word_1_629' title='bbox 2537 4270 2590 4320; x_wconf 91' lang='lat' dir='ltr'><strong>p.</strong></span> <span class='ocrx_word' id='word_1_630' title='bbox 2642 4255 2763 4309; x_wconf 75' lang='grc'><strong>155.</strong></span> <span class='ocrx_word' id='word_1_631' title='bbox 2797 4254 2871 4307; x_wconf 84' lang='lat' dir='ltr'><strong>Ita</strong></span> <span class='ocrx_word' id='word_1_632' title='bbox 2906 4255 3005 4308; x_wconf 85' lang='lat' dir='ltr'><strong>hnc</strong></span> <span class='ocrx_word' id='word_1_633' title='bbox 3034 4254 3172 4318; x_wconf 84' lang='lat' dir='ltr'><strong>loco,</strong></span> <span class='ocrx_word' id='word_1_634' title='bbox 3220 4256 3528 4308; x_wconf 64' lang='lat' dir='ltr'><strong>honorantes</strong></span> 
     </span>
    </p>
   </div>
   <div class='ocr_carea' id='block_1_85' title="bbox 1943 4325 3530 4393">
    <p class='ocr_par' dir='ltr' id='par_1_85' title="bbox 1943 4325 3530 4393">
     <span class='ocr_line' id='line_1_86' title="bbox 1943 4325 3530 4393; baseline 0.001 -17"><span class='ocrx_word' id='word_1_635' title='bbox 1943 4340 2213 4392; x_wconf 78' lang='lat' dir='ltr'><strong>personam</strong></span> <span class='ocrx_word' id='word_1_636' title='bbox 2258 4325 2473 4393; x_wconf 86' lang='lat' dir='ltr'><strong>regiam,</strong></span> <span class='ocrx_word' id='word_1_637' title='bbox 2520 4327 2795 4377; x_wconf 83' lang='lat' dir='ltr'><strong>humanam</strong></span> <span class='ocrx_word' id='word_1_638' title='bbox 2824 4332 2879 4378; x_wconf 86' lang='lat' dir='ltr'><strong>et</strong></span> <span class='ocrx_word' id='word_1_639' title='bbox 2909 4326 3153 4387; x_wconf 86' lang='lat' dir='ltr'><strong>divinam,</strong></span> <span class='ocrx_word' id='word_1_640' title='bbox 3187 4325 3325 4378; x_wconf 89' lang='lat' dir='ltr'><strong>idem</strong></span> <span class='ocrx_word' id='word_1_641' title='bbox 3355 4333 3439 4377; x_wconf 87' lang='lat' dir='ltr'><strong>est</strong></span> <span class='ocrx_word' id='word_1_642' title='bbox 3466 4339 3530 4378; x_wconf 90' lang='lat' dir='ltr'><strong>ac</strong></span> 
     </span>
    </p>
   </div>
   <div class='ocr_carea' id='block_1_86' title="bbox 1941 4394 3528 4465">
    <p class='ocr_par' dir='ltr' id='par_1_86' title="bbox 1941 4394 3528 4465">
     <span class='ocr_line' id='line_1_87' title="bbox 1941 4394 3528 4465; baseline -0.001 -18"><span class='ocrx_word' id='word_1_643' title='bbox 1941 4409 2074 4449; x_wconf 89' lang='lat' dir='ltr'><strong>auro</strong></span> <span class='ocrx_word' id='word_1_644' title='bbox 2104 4394 2430 4448; x_wconf 90' lang='lat' dir='ltr'><strong>honorantes</strong></span> <span class='ocrx_word' id='word_1_645' title='bbox 2460 4394 2732 4447; x_wconf 54' lang='lat' dir='ltr'><strong>Christum</strong></span> <span class='ocrx_word' id='word_1_646' title='bbox 2768 4408 3036 4461; x_wconf 84' lang='lat' dir='ltr'><strong>tamquam</strong></span> <span class='ocrx_word' id='word_1_647' title='bbox 3067 4410 3271 4463; x_wconf 83' lang='lat' dir='ltr'><strong>regem,</strong></span> <span class='ocrx_word' id='word_1_648' title='bbox 3308 4396 3528 4465; x_wconf 88' lang='lat' dir='ltr'><strong>myrrha</strong></span> 
     </span>
    </p>
   </div>
   <div class='ocr_carea' id='block_1_87' title="bbox 1943 4464 3527 4533">
    <p class='ocr_par' dir='ltr' id='par_1_87' title="bbox 1943 4464 3527 4533">
     <span class='ocr_line' id='line_1_88' title="bbox 1943 4464 3527 4533; baseline 0 -15"><span class='ocrx_word' id='word_1_649' title='bbox 1943 4475 2212 4532; x_wconf 87' lang='lat' dir='ltr'><strong>tamquam</strong></span> <span class='ocrx_word' id='word_1_650' title='bbox 2265 4464 2576 4527; x_wconf 84' lang='lat' dir='ltr'><strong>hominem,</strong></span> <span class='ocrx_word' id='word_1_651' title='bbox 2635 4468 2789 4519; x_wconf 88' lang='lat' dir='ltr'><strong>thure</strong></span> <span class='ocrx_word' id='word_1_652' title='bbox 2837 4476 3107 4533; x_wconf 86' lang='lat' dir='ltr'><strong>tamquam</strong></span> <span class='ocrx_word' id='word_1_653' title='bbox 3152 4464 3443 4531; x_wconf 28' lang='lat' dir='ltr'><strong>Deum;’et</strong></span> <span class='ocrx_word' id='word_1_654' title='bbox 3472 4466 3527 4518; x_wconf 92' lang='lat' dir='ltr'><strong>in</strong></span> 
     </span>
    </p>
   </div>
   <div class='ocr_carea' id='block_1_88' title="bbox 224 4532 3527 4611">
    <p class='ocr_par' dir='ltr' id='par_1_88' title="bbox 224 4532 3527 4611">
     <span class='ocr_line' id='line_1_89' title="bbox 224 4532 3527 4611; baseline -0.001 -21"><span class='ocrx_word' id='word_1_655' title='bbox 224 4542 357 4611; x_wconf 16' lang='lat' dir='ltr'><strong>jam”</strong></span> <span class='ocrx_word' id='word_1_656' title='bbox 394 4552 497 4607; x_wconf 88' lang='lat' dir='ltr'><strong>pro</strong></span> <span class='ocrx_word' id='word_1_657' title='bbox 544 4535 805 4606; x_wconf 87' lang='lat' dir='ltr'><strong>quondam</strong></span> <span class='ocrx_word' id='word_1_658' title='bbox 855 4535 908 4588; x_wconf 92' lang='lat' dir='ltr'><strong>in</strong></span> <span class='ocrx_word' id='word_1_659' title='bbox 958 4534 1297 4588; x_wconf 84' lang='lat' dir='ltr'><strong>Leotionario</strong></span> <span class='ocrx_word' id='word_1_660' title='bbox 1336 4533 1592 4587; x_wconf 88' lang='lat' dir='ltr'><strong>Patavino</strong></span> <span class='ocrx_word' id='word_1_661' title='bbox 1622 4533 1680 4589; x_wconf 92' lang='lat' dir='ltr'><strong>S.</strong></span> <span class='ocrx_word' id='word_1_662' title='bbox 1727 4536 1836 4588; x_wconf 85' lang='lat' dir='ltr'><strong>An-</strong></span> <span class='ocrx_word' id='word_1_663' title='bbox 1862 4532 1913 4591; x_wconf 93' lang='lat' dir='ltr'>D</span> <span class='ocrx_word' id='word_1_664' title='bbox 1941 4535 2078 4611; x_wconf 73' lang='lat' dir='ltr'><strong>hanc</strong></span> <span class='ocrx_word' id='word_1_665' title='bbox 2112 4536 2735 4611; x_wconf 31' lang='lat' dir='ltr'><strong>_quidem_senlentiatn-</strong></span> <span class='ocrx_word' id='word_1_666' title='bbox 2763 4532 3013 4611; x_wconf 84' lang='lat' dir='ltr'><strong>sermone</strong></span> <span class='ocrx_word' id='word_1_667' title='bbox 3065 4536 3331 4611; x_wconf 83' lang='lat' dir='ltr'><strong>sequenti,</strong></span> <span class='ocrx_word' id='word_1_668' title='bbox 3370 4551 3419 4611; x_wconf 64' lang='grc' dir='ltr'><strong>ρ.</strong></span> <span class='ocrx_word' id='word_1_669' title='bbox 3446 4536 3527 4611; x_wconf 76' lang='lat'><strong>_&#39;5:</strong></span> 
     </span>
    </p>
   </div>
   <div class='ocr_carea' id='block_1_89' title="bbox 227 4624 388 4662">
    <p class='ocr_par' dir='ltr' id='par_1_89' title="bbox 227 4624 388 4662">
     <span class='ocr_line' id='line_1_90' title="bbox 227 4624 388 4662; baseline -0.012 0"><span class='ocrx_word' id='word_1_670' title='bbox 227 4624 388 4662; x_wconf 75' lang='grc' dir='ltr'><strong>ωηιι.</strong></span> 
     </span>
    </p>
   </div>
   <div class='ocr_carea' id='block_1_90' title="bbox 296 4674 1833 4732">
    <p class='ocr_par' dir='ltr' id='par_1_90' title="bbox 296 4674 1833 4732">
     <span class='ocr_line' id='line_1_91' title="bbox 296 4674 1833 4732; baseline -0.001 0"><span class='ocrx_word' id='word_1_671' title='bbox 296 4678 324 4716; x_wconf 74' lang='grc' dir='ltr'><strong>ἀ</strong></span> <span class='ocrx_word' id='word_1_672' title='bbox 356 4677 443 4732; x_wconf 73' lang='grc' dir='ltr'><strong>ιω</strong></span> <span class='ocrx_word' id='word_1_673' title='bbox 497 4674 908 4731; x_wconf 88' lang='lat' dir='ltr'><strong>emendavimus</strong></span> <span class='ocrx_word' id='word_1_674' title='bbox 952 4689 1019 4729; x_wconf 89' lang='lat' dir='ltr'><strong>ex</strong></span> <span class='ocrx_word' id='word_1_675' title='bbox 1065 4674 1317 4728; x_wconf 90' lang='lat' dir='ltr'><strong>omnibus</strong></span> <span class='ocrx_word' id='word_1_676' title='bbox 1349 4675 1548 4728; x_wconf 89' lang='lat' dir='ltr'><strong>nostris</strong></span> <span class='ocrx_word' id='word_1_677' title='bbox 1590 4675 1749 4729; x_wconf 90' lang='lat' dir='ltr'><strong>codd.</strong></span> <span class='ocrx_word' id='word_1_678' title='bbox 1779 4685 1833 4731; x_wconf 90' lang='lat' dir='ltr'><strong>et</strong></span> 
     </span>
    </p>
   </div>
   <div class='ocr_carea' id='block_1_91' title="bbox 230 4744 1827 4811">
    <p class='ocr_par' dir='ltr' id='par_1_91' title="bbox 230 4744 1827 4811">
     <span class='ocr_line' id='line_1_92' title="bbox 230 4744 1827 4811; baseline -0.001 -8"><span class='ocrx_word' id='word_1_679' title='bbox 230 4749 514 4803; x_wconf 87' lang='lat' dir='ltr'><strong>nonnullis</strong></span> <span class='ocrx_word' id='word_1_680' title='bbox 567 4748 747 4802; x_wconf 89' lang='lat' dir='ltr'><strong>editis.</strong></span> <span class='ocrx_word' id='word_1_681' title='bbox 801 4745 979 4800; x_wconf 85' lang='lat' dir='ltr'><strong>Prima</strong></span> <span class='ocrx_word' id='word_1_682' title='bbox 1022 4744 1187 4799; x_wconf 79' lang='lat' dir='ltr'><strong>editio</strong></span> <span class='ocrx_word' id='word_1_683' title='bbox 1217 4753 1272 4799; x_wconf 92' lang='lat' dir='ltr'><strong>et</strong></span> <span class='ocrx_word' id='word_1_684' title='bbox 1309 4744 1536 4811; x_wconf 84' lang='lat' dir='ltr'><strong>Quesn.,</strong></span> <span class='ocrx_word' id='word_1_685' title='bbox 1579 4746 1640 4798; x_wconf 90' lang='lat' dir='ltr'><strong>ab</strong></span> <span class='ocrx_word' id='word_1_686' title='bbox 1668 4748 1827 4801; x_wconf 90' lang='lat' dir='ltr'><strong>omni.</strong></span> 
     </span>
    </p>
   </div>
   <div class='ocr_carea' id='block_1_92' title="bbox 228 4814 1376 4887">
    <p class='ocr_par' dir='ltr' id='par_1_92' title="bbox 228 4814 1376 4887">
     <span class='ocr_line' id='line_1_93' title="bbox 228 4814 1376 4887; baseline -0.006 -13"><span class='ocrx_word' id='word_1_687' title='bbox 228 4820 407 4874; x_wconf 79' lang='lat' dir='ltr'><strong>Paulo</strong></span> <span class='ocrx_word' id='word_1_688' title='bbox 438 4828 561 4887; x_wconf 88' lang='lat' dir='ltr'><strong>post</strong></span> <span class='ocrx_word' id='word_1_689' title='bbox 589 4817 646 4871; x_wconf 90' lang='lat' dir='ltr'><strong>in</strong></span> <span class='ocrx_word' id='word_1_690' title='bbox 676 4833 780 4870; x_wconf 91' lang='lat' dir='ltr'><strong>ms.</strong></span> <span class='ocrx_word' id='word_1_691' title='bbox 811 4815 1020 4881; x_wconf 87' lang='lat' dir='ltr'><strong>Patav.,</strong></span> <span class='ocrx_word' id='word_1_692' title='bbox 1052 4824 1107 4867; x_wconf 85' lang='lat' dir='ltr'><strong>ut</strong></span> <span class='ocrx_word' id='word_1_693' title='bbox 1132 4817 1215 4887; x_wconf 82' lang='lat' dir='ltr'><strong>cui</strong></span> <span class='ocrx_word' id='word_1_694' title='bbox 1244 4814 1376 4887; x_wconf 69' lang='lat' dir='ltr'><strong>creti.</strong></span> 
     </span>
    </p>
   </div>
   <div class='ocr_carea' id='block_1_93' title="bbox 303 4885 1828 4952">
    <p class='ocr_par' dir='ltr' id='par_1_93' title="bbox 303 4885 1828 4952">
     <span class='ocr_line' id='line_1_94' title="bbox 303 4885 1828 4952; baseline -0.001 -8"><span class='ocrx_word' id='word_1_695' title='bbox 303 4900 328 4927; x_wconf 69' lang='grc' dir='ltr'><strong>ε</strong></span> <span class='ocrx_word' id='word_1_696' title='bbox 364 4885 550 4944; x_wconf 84' lang='lat' dir='ltr'><strong>Prima</strong></span> <span class='ocrx_word' id='word_1_697' title='bbox 603 4887 768 4943; x_wconf 91' lang='lat' dir='ltr'><strong>editio</strong></span> <span class='ocrx_word' id='word_1_698' title='bbox 816 4903 935 4941; x_wconf 90' lang='lat' dir='ltr'><strong>cum</strong></span> <span class='ocrx_word' id='word_1_699' title='bbox 984 4900 1113 4939; x_wconf 88' lang='lat' dir='ltr'><strong>mss.</strong></span> <span class='ocrx_word' id='word_1_700' title='bbox 1167 4885 1223 4941; x_wconf 91' lang='lat' dir='ltr'><strong>S.</strong></span> <span class='ocrx_word' id='word_1_701' title='bbox 1276 4886 1459 4952; x_wconf 87' lang='lat' dir='ltr'><strong>Petri,</strong></span> <span class='ocrx_word' id='word_1_702' title='bbox 1510 4885 1828 4942; x_wconf 85' lang='lat' dir='ltr'><strong>Commonet.</strong></span> 
     </span>
    </p>
   </div>
   <div class='ocr_carea' id='block_1_94' title="bbox 228 4954 1835 5021">
    <p class='ocr_par' dir='ltr' id='par_1_94' title="bbox 228 4954 1835 5021">
     <span class='ocr_line' id='line_1_95' title="bbox 228 4954 1835 5021; baseline -0.002 -6"><span class='ocrx_word' id='word_1_703' title='bbox 228 4961 514 5015; x_wconf 83' lang='lat' dir='ltr'><strong>Laudatus</strong></span> <span class='ocrx_word' id='word_1_704' title='bbox 561 4959 684 5014; x_wconf 90' lang='lat' dir='ltr'><strong>cod.</strong></span> <span class='ocrx_word' id='word_1_705' title='bbox 735 4960 946 5021; x_wconf 81' lang='lat' dir='ltr'><strong>Patav.,</strong></span> <span class='ocrx_word' id='word_1_706' title='bbox 990 4954 1305 5010; x_wconf 84' lang='lat' dir='ltr'><strong>Commovit.</strong></span> <span class='ocrx_word' id='word_1_707' title='bbox 1337 4996 1348 5008; x_wconf 94' lang='lat'><strong>.</strong></span> <span class='ocrx_word' id='word_1_708' title='bbox 1377 4996 1391 5009; x_wconf 95' lang='lat'><strong>.</strong></span> <span class='ocrx_word' id='word_1_709' title='bbox 1432 4968 1480 5011; x_wconf 89' lang='lat' dir='ltr'><strong>et</strong></span> <span class='ocrx_word' id='word_1_710' title='bbox 1507 4957 1560 5010; x_wconf 89' lang='lat' dir='ltr'><strong>in</strong></span> <span class='ocrx_word' id='word_1_711' title='bbox 1605 4958 1835 5012; x_wconf 83' lang='lat' dir='ltr'><strong>mirandi</strong></span> 
     </span>
    </p>
   </div>
   <div class='ocr_carea' id='block_1_95' title="bbox 230 5028 1829 5098">
    <p class='ocr_par' dir='ltr' id='par_1_95' title="bbox 230 5028 1829 5098">
     <span class='ocr_line' id='line_1_96' title="bbox 230 5028 1829 5098; baseline -0.001 -15"><span class='ocrx_word' id='word_1_712' title='bbox 230 5032 450 5085; x_wconf 75' lang='lat' dir='ltr'><strong>luminis</strong></span> <span class='ocrx_word' id='word_1_713' title='bbox 481 5031 737 5083; x_wconf 82' lang='lat' dir='ltr'><strong>claritate.</strong></span> <span class='ocrx_word' id='word_1_714' title='bbox 772 5028 927 5089; x_wconf 86' lang='lat' dir='ltr'><strong>Dein,</strong></span> <span class='ocrx_word' id='word_1_715' title='bbox 952 5028 1353 5097; x_wconf 83' lang='lat' dir='ltr'><strong>magnitudinem</strong></span> <span class='ocrx_word' id='word_1_716' title='bbox 1384 5029 1829 5098; x_wconf 80' lang='lat' dir='ltr'><strong>sanctificationis,</strong></span> 
     </span>
    </p>
   </div>
   <div class='ocr_carea' id='block_1_96' title="bbox 230 5099 1686 5157">
    <p class='ocr_par' dir='ltr' id='par_1_96' title="bbox 230 5099 1686 5157">
     <span class='ocr_line' id='line_1_97' title="bbox 230 5099 1686 5157; baseline -0.002 -1"><span class='ocrx_word' id='word_1_717' title='bbox 230 5103 284 5157; x_wconf 90' lang='lat' dir='ltr'><strong>in</strong></span> <span class='ocrx_word' id='word_1_718' title='bbox 312 5102 513 5157; x_wconf 89' lang='lat' dir='ltr'><strong>eadem</strong></span> <span class='ocrx_word' id='word_1_719' title='bbox 546 5101 783 5155; x_wconf 88' lang='lat' dir='ltr'><strong>editione</strong></span> <span class='ocrx_word' id='word_1_720' title='bbox 811 5109 865 5153; x_wconf 87' lang='lat' dir='ltr'><strong>et</strong></span> <span class='ocrx_word' id='word_1_721' title='bbox 890 5099 941 5151; x_wconf 91' lang='lat' dir='ltr'><strong>in</strong></span> <span class='ocrx_word' id='word_1_722' title='bbox 969 5113 1102 5151; x_wconf 84' lang='lat' dir='ltr'><strong>mss.</strong></span> <span class='ocrx_word' id='word_1_723' title='bbox 1134 5099 1260 5151; x_wconf 91' lang='lat' dir='ltr'><strong>Bon.</strong></span> <span class='ocrx_word' id='word_1_724' title='bbox 1292 5107 1346 5151; x_wconf 92' lang='lat' dir='ltr'><strong>et</strong></span> <span class='ocrx_word' id='word_1_725' title='bbox 1370 5099 1540 5153; x_wconf 91' lang='lat' dir='ltr'><strong>tribus</strong></span> <span class='ocrx_word' id='word_1_726' title='bbox 1573 5099 1686 5153; x_wconf 87' lang='lat' dir='ltr'><strong>Vat.</strong></span> 
     </span>
    </p>
   </div>
   <div class='ocr_carea' id='block_1_97' title="bbox 307 5168 1831 5238">
    <p class='ocr_par' dir='ltr' id='par_1_97' title="bbox 307 5168 1831 5238">
     <span class='ocr_line' id='line_1_98' title="bbox 307 5168 1831 5238; baseline -0.003 -10"><span class='ocrx_word' id='word_1_727' title='bbox 307 5174 329 5211; x_wconf 68' lang='grc' dir='ltr'><strong>ί</strong></span> <span class='ocrx_word' id='word_1_728' title='bbox 365 5171 515 5228; x_wconf 83' lang='lat' dir='ltr'><strong>Cave</strong></span> <span class='ocrx_word' id='word_1_729' title='bbox 546 5187 615 5225; x_wconf 90' lang='lat' dir='ltr'><strong>ne</strong></span> <span class='ocrx_word' id='word_1_730' title='bbox 660 5170 787 5237; x_wconf 91' lang='lat' dir='ltr'><strong>quid</strong></span> <span class='ocrx_word' id='word_1_731' title='bbox 837 5169 919 5223; x_wconf 89' lang='lat' dir='ltr'><strong>his</strong></span> <span class='ocrx_word' id='word_1_732' title='bbox 949 5170 1001 5222; x_wconf 92' lang='lat' dir='ltr'><strong>in</strong></span> <span class='ocrx_word' id='word_1_733' title='bbox 1033 5169 1211 5223; x_wconf 84' lang='lat' dir='ltr'><strong>verbis</strong></span> <span class='ocrx_word' id='word_1_734' title='bbox 1243 5168 1564 5223; x_wconf 87' lang='lat' dir='ltr'><strong>Nestoriano</strong></span> <span class='ocrx_word' id='word_1_735' title='bbox 1593 5170 1831 5238; x_wconf 88' lang='lat' dir='ltr'><strong>dogmati</strong></span> 
     </span>
    </p>
   </div>
   <div class='ocr_carea' id='block_1_98' title="bbox 230 5239 1831 5309">
    <p class='ocr_par' dir='ltr' id='par_1_98' title="bbox 230 5239 1831 5309">
     <span class='ocr_line' id='line_1_99' title="bbox 230 5239 1831 5309; baseline 0.001 -15"><span class='ocrx_word' id='word_1_736' title='bbox 230 5244 404 5297; x_wconf 84' lang='lat' dir='ltr'><strong>afﬁne</strong></span> <span class='ocrx_word' id='word_1_737' title='bbox 433 5242 751 5308; x_wconf 85' lang='lat' dir='ltr'><strong>suspiceris,</strong></span> <span class='ocrx_word' id='word_1_738' title='bbox 784 5239 908 5293; x_wconf 92' lang='lat' dir='ltr'><strong>dum</strong></span> <span class='ocrx_word' id='word_1_739' title='bbox 947 5251 1053 5293; x_wconf 89' lang='lat' dir='ltr'><strong>tam</strong></span> <span class='ocrx_word' id='word_1_740' title='bbox 1086 5239 1369 5292; x_wconf 89' lang='lat' dir='ltr'><strong>humanam</strong></span> <span class='ocrx_word' id='word_1_741' title='bbox 1404 5257 1563 5309; x_wconf 90' lang='lat' dir='ltr'><strong>quam</strong></span> <span class='ocrx_word' id='word_1_742' title='bbox 1595 5241 1831 5295; x_wconf 87' lang='lat' dir='ltr'><strong>divinam</strong></span> 
     </span>
    </p>
   </div>
   <div class='ocr_carea' id='block_1_99' title="bbox 230 5311 1832 5382">
    <p class='ocr_par' dir='ltr' id='par_1_99' title="bbox 230 5311 1832 5382">
     <span class='ocr_line' id='line_1_100' title="bbox 230 5311 1832 5382; baseline -0.002 -13"><span class='ocrx_word' id='word_1_743' title='bbox 230 5318 281 5369; x_wconf 87' lang='lat' dir='ltr'><strong>in</strong></span> <span class='ocrx_word' id='word_1_744' title='bbox 315 5314 539 5369; x_wconf 76' lang='lat' dir='ltr'><strong>Christo</strong></span> <span class='ocrx_word' id='word_1_745' title='bbox 569 5311 813 5382; x_wconf 86' lang='lat' dir='ltr'><strong>agnoscit</strong></span> <span class='ocrx_word' id='word_1_746' title='bbox 838 5325 1122 5380; x_wconf 83' lang='lat' dir='ltr'><strong>personam</strong></span> <span class='ocrx_word' id='word_1_747' title='bbox 1171 5311 1276 5364; x_wconf 85' lang='lat' dir='ltr'><strong>Leo</strong></span> <span class='ocrx_word' id='word_1_748' title='bbox 1324 5320 1527 5365; x_wconf 90' lang='lat' dir='ltr'><strong>noster.</strong></span> <span class='ocrx_word' id='word_1_749' title='bbox 1559 5311 1832 5377; x_wconf 86' lang='lat' dir='ltr'><strong>Quemad-</strong></span> 
     </span>
    </p>
   </div>
   <div class='ocr_carea' id='block_1_100' title="bbox 232 5381 1833 5450">
    <p class='ocr_par' dir='ltr' id='par_1_100' title="bbox 232 5381 1833 5450">
     <span class='ocr_line' id='line_1_101' title="bbox 232 5381 1833 5450; baseline -0.003 -10"><span class='ocrx_word' id='word_1_750' title='bbox 232 5388 464 5440; x_wconf 88' lang='lat' dir='ltr'><strong>modum</strong></span> <span class='ocrx_word' id='word_1_751' title='bbox 521 5381 663 5439; x_wconf 89' lang='lat' dir='ltr'><strong>enim</strong></span> <span class='ocrx_word' id='word_1_752' title='bbox 720 5384 934 5438; x_wconf 91' lang='lat' dir='ltr'><strong>tertium</strong></span> <span class='ocrx_word' id='word_1_753' title='bbox 985 5382 1037 5435; x_wconf 92' lang='lat' dir='ltr'><strong>in</strong></span> <span class='ocrx_word' id='word_1_754' title='bbox 1092 5381 1181 5435; x_wconf 91' lang='lat' dir='ltr'><strong>illo</strong></span> <span class='ocrx_word' id='word_1_755' title='bbox 1228 5384 1561 5450; x_wconf 90' lang='lat' dir='ltr'><strong>suppositum</strong></span> <span class='ocrx_word' id='word_1_756' title='bbox 1609 5383 1833 5450; x_wconf 77' lang='lat' dir='ltr'><strong>cogitari</strong></span> 
     </span>
    </p>
   </div>
   <div class='ocr_carea' id='block_1_101' title="bbox 233 5454 1831 5523">
    <p class='ocr_par' dir='ltr' id='par_1_101' title="bbox 233 5454 1831 5523">
     <span class='ocr_line' id='line_1_102' title="bbox 233 5454 1831 5523; baseline -0.002 -13"><span class='ocrx_word' id='word_1_757' title='bbox 233 5472 404 5511; x_wconf 86' lang='lat' dir='ltr'><strong>nemo</strong></span> <span class='ocrx_word' id='word_1_758' title='bbox 451 5456 673 5519; x_wconf 84' lang='lat' dir='ltr'><strong>dixerit,</strong></span> <span class='ocrx_word' id='word_1_759' title='bbox 724 5469 845 5508; x_wconf 91' lang='lat' dir='ltr'><strong>cum</strong></span> <span class='ocrx_word' id='word_1_760' title='bbox 898 5466 1184 5523; x_wconf 74' lang='lat' dir='ltr'><strong>personam</strong></span> <span class='ocrx_word' id='word_1_761' title='bbox 1234 5458 1434 5522; x_wconf 80' lang='lat' dir='ltr'><strong>regiam</strong></span> <span class='ocrx_word' id='word_1_762' title='bbox 1483 5454 1550 5509; x_wconf 91' lang='lat' dir='ltr'><strong>ab</strong></span> <span class='ocrx_word' id='word_1_763' title='bbox 1598 5463 1831 5523; x_wconf 89' lang='lat' dir='ltr'><strong>utraque</strong></span> 
     </span>
    </p>
   </div>
   <div class='ocr_carea' id='block_1_102' title="bbox 233 5522 1829 5594">
    <p class='ocr_par' dir='ltr' id='par_1_102' title="bbox 233 5522 1829 5594">
     <span class='ocr_line' id='line_1_103' title="bbox 233 5522 1829 5594; baseline -0.001 -15"><span class='ocrx_word' id='word_1_764' title='bbox 233 5528 324 5581; x_wconf 86' lang='lat' dir='ltr'><strong>illa</strong></span> <span class='ocrx_word' id='word_1_765' title='bbox 358 5528 651 5581; x_wconf 86' lang='lat' dir='ltr'><strong>discretam</strong></span> <span class='ocrx_word' id='word_1_766' title='bbox 703 5524 978 5594; x_wconf 90' lang='lat' dir='ltr'><strong>appellare</strong></span> <span class='ocrx_word' id='word_1_767' title='bbox 1027 5522 1257 5588; x_wconf 86' lang='lat' dir='ltr'><strong>videtur,</strong></span> <span class='ocrx_word' id='word_1_768' title='bbox 1304 5524 1380 5577; x_wconf 87' lang='lat' dir='ltr'><strong>sic</strong></span> <span class='ocrx_word' id='word_1_769' title='bbox 1410 5540 1510 5578; x_wconf 90' lang='lat' dir='ltr'><strong>nec</strong></span> <span class='ocrx_word' id='word_1_770' title='bbox 1537 5522 1829 5578; x_wconf 89' lang='lat' dir='ltr'><strong>humanum</strong></span> 
     </span>
    </p>
   </div>
   <div class='ocr_carea' id='block_1_103' title="bbox 235 5594 1831 5667">
    <p class='ocr_par' dir='ltr' id='par_1_103' title="bbox 235 5594 1831 5667">
     <span class='ocr_line' id='line_1_104' title="bbox 235 5594 1831 5667; baseline 0 -18"><span class='ocrx_word' id='word_1_771' title='bbox 235 5600 585 5667; x_wconf 85' lang='lat' dir='ltr'><strong>suppositum</strong></span> <span class='ocrx_word' id='word_1_772' title='bbox 615 5611 644 5650; x_wconf 92' lang='lat' dir='ltr'><strong>a</strong></span> <span class='ocrx_word' id='word_1_773' title='bbox 670 5596 847 5649; x_wconf 79' lang='lat' dir='ltr'><strong>Verbo</strong></span> <span class='ocrx_word' id='word_1_774' title='bbox 874 5594 1184 5667; x_wconf 78' lang='lat' dir='ltr'><strong>distinctum</strong></span> <span class='ocrx_word' id='word_1_775' title='bbox 1215 5595 1263 5646; x_wconf 93' lang='lat' dir='ltr'><strong>in</strong></span> <span class='ocrx_word' id='word_1_776' title='bbox 1288 5594 1500 5649; x_wconf 75' lang='lat' dir='ltr'><strong>Christo</strong></span> <span class='ocrx_word' id='word_1_777' title='bbox 1533 5595 1831 5649; x_wconf 85' lang='lat' dir='ltr'><strong>somniasse</strong></span> 
     </span>
    </p>
   </div>
   <div class='ocr_carea' id='block_1_104' title="bbox 234 5664 1831 5735">
    <p class='ocr_par' dir='ltr' id='par_1_104' title="bbox 234 5664 1831 5735">
     <span class='ocr_line' id='line_1_105' title="bbox 234 5664 1831 5735; baseline -0.002 -13"><span class='ocrx_word' id='word_1_778' title='bbox 234 5664 353 5722; x_wconf 76' lang='lat' dir='ltr'><strong>Leo</strong></span> <span class='ocrx_word' id='word_1_779' title='bbox 407 5678 487 5722; x_wconf 86' lang='lat' dir='ltr'><strong>est</strong></span> <span class='ocrx_word' id='word_1_780' title='bbox 534 5666 941 5721; x_wconf 80' lang='lat' dir='ltr'><strong>existimandus.</strong></span> <span class='ocrx_word' id='word_1_781' title='bbox 978 5664 1197 5719; x_wconf 89' lang='lat' dir='ltr'><strong>Unicam</strong></span> <span class='ocrx_word' id='word_1_782' title='bbox 1248 5682 1376 5734; x_wconf 88' lang='lat' dir='ltr'><strong>ergo</strong></span> <span class='ocrx_word' id='word_1_783' title='bbox 1409 5668 1602 5719; x_wconf 83' lang='lat' dir='ltr'><strong>Christi</strong></span> <span class='ocrx_word' id='word_1_784' title='bbox 1645 5681 1831 5735; x_wconf 89' lang='lat' dir='ltr'><strong>perso-</strong></span> 
     </span>
    </p>
   </div>
   <div class='ocr_carea' id='block_1_105' title="bbox 237 5735 1831 5808">
    <p class='ocr_par' dir='ltr' id='par_1_105' title="bbox 237 5735 1831 5808">
     <span class='ocr_line' id='line_1_106' title="bbox 237 5735 1831 5808; baseline -0.003 -16"><span class='ocrx_word' id='word_1_785' title='bbox 237 5756 371 5792; x_wconf 86' lang='lat' dir='ltr'><strong>nam</strong></span> <span class='ocrx_word' id='word_1_786' title='bbox 420 5739 691 5808; x_wconf 90' lang='lat' dir='ltr'><strong>intelligit,</strong></span> <span class='ocrx_word' id='word_1_787' title='bbox 724 5754 842 5806; x_wconf 73' lang='lat' dir='ltr'><strong>qure</strong></span> <span class='ocrx_word' id='word_1_788' title='bbox 888 5736 1045 5788; x_wconf 85' lang='lat' dir='ltr'><strong>simul</strong></span> <span class='ocrx_word' id='word_1_789' title='bbox 1070 5735 1428 5808; x_wconf 10' lang='lat' dir='ltr'><strong>etrdignitatc</strong></span> <span class='ocrx_word' id='word_1_790' title='bbox 1457 5738 1621 5805; x_wconf 80' lang='lat' dir='ltr'><strong>regia,</strong></span> <span class='ocrx_word' id='word_1_791' title='bbox 1656 5746 1709 5790; x_wconf 90' lang='lat' dir='ltr'><strong>et</strong></span> <span class='ocrx_word' id='word_1_792' title='bbox 1738 5752 1831 5789; x_wconf 78' lang='lat' dir='ltr'><strong>na-</strong></span> 
     </span>
    </p>
   </div>
   <div class='ocr_carea' id='block_1_106' title="bbox 240 5806 1826 5875">
    <p class='ocr_par' dir='ltr' id='par_1_106' title="bbox 240 5806 1826 5875">
     <span class='ocr_line' id='line_1_107' title="bbox 240 5806 1826 5875; baseline 0 -14"><span class='ocrx_word' id='word_1_793' title='bbox 240 5821 365 5863; x_wconf 85' lang='lat' dir='ltr'><strong>tura</strong></span> <span class='ocrx_word' id='word_1_794' title='bbox 403 5806 655 5875; x_wconf 81' lang='lat' dir='ltr'><strong>humana,</strong></span> <span class='ocrx_word' id='word_1_795' title='bbox 689 5818 742 5863; x_wconf 92' lang='lat' dir='ltr'><strong>et</strong></span> <span class='ocrx_word' id='word_1_796' title='bbox 772 5812 1002 5861; x_wconf 88' lang='lat' dir='ltr'><strong>essentia</strong></span> <span class='ocrx_word' id='word_1_797' title='bbox 1052 5806 1227 5859; x_wconf 88' lang='lat' dir='ltr'><strong>divina</strong></span> <span class='ocrx_word' id='word_1_798' title='bbox 1278 5823 1371 5875; x_wconf 88' lang='lat' dir='ltr'><strong>per</strong></span> <span class='ocrx_word' id='word_1_799' title='bbox 1402 5808 1826 5861; x_wconf 87' lang='lat' dir='ltr'><strong>incarnationem</strong></span> 
     </span>
    </p>
   </div>
   <div class='ocr_carea' id='block_1_107' title="bbox 244 5877 1825 5951">
    <p class='ocr_par' dir='ltr' id='par_1_107' title="bbox 244 5877 1825 5951">
     <span class='ocr_line' id='line_1_108' title="bbox 244 5877 1825 5951; baseline -0.003 -14"><span class='ocrx_word' id='word_1_800' title='bbox 244 5880 416 5937; x_wconf 70' lang='lat' dir='ltr'><strong>Verbi</strong></span> <span class='ocrx_word' id='word_1_801' title='bbox 459 5881 679 5951; x_wconf 79' lang='lat' dir='ltr'><strong>praedita</strong></span> <span class='ocrx_word' id='word_1_802' title='bbox 730 5879 1013 5934; x_wconf 88' lang='lat' dir='ltr'><strong>invenitur.</strong></span> <span class='ocrx_word' id='word_1_803' title='bbox 1061 5877 1583 5947; x_wconf 53' lang='lat' dir='ltr'><strong>Quum—Persona:</strong></span> <span class='ocrx_word' id='word_1_804' title='bbox 1610 5878 1825 5949; x_wconf 87' lang='lat' dir='ltr'><strong>quidem</strong></span> 
     </span>
    </p>
   </div>
   <div class='ocr_carea' id='block_1_108' title="bbox 1941 4606 3530 4675">
    <p class='ocr_par' dir='ltr' id='par_1_108' title="bbox 1941 4606 3530 4675">
     <span class='ocr_line' id='line_1_109' title="bbox 1941 4606 3530 4675; baseline 0 -15"><span class='ocrx_word' id='word_1_805' title='bbox 1941 4606 2057 4671; x_wconf 88' lang='lat' dir='ltr'><strong>Cui,</strong></span> <span class='ocrx_word' id='word_1_806' title='bbox 2110 4607 2301 4674; x_wconf 89' lang='lat' dir='ltr'><strong>inqttit,</strong></span> <span class='ocrx_word' id='word_1_807' title='bbox 2356 4608 2405 4659; x_wconf 85' lang='lat' dir='ltr'><strong>in</strong></span> <span class='ocrx_word' id='word_1_808' title='bbox 2456 4623 2580 4659; x_wconf 84' lang='lat' dir='ltr'><strong>auro</strong></span> <span class='ocrx_word' id='word_1_809' title='bbox 2628 4607 2799 4675; x_wconf 87' lang='lat' dir='ltr'><strong>regius</strong></span> <span class='ocrx_word' id='word_1_810' title='bbox 2847 4609 3027 4672; x_wconf 85' lang='lat' dir='ltr'><strong>honor,</strong></span> <span class='ocrx_word' id='word_1_811' title='bbox 3077 4607 3129 4658; x_wconf 88' lang='lat' dir='ltr'><strong>in</strong></span> <span class='ocrx_word' id='word_1_812' title='bbox 3174 4607 3322 4659; x_wconf 87' lang='lat' dir='ltr'><strong>thure</strong></span> <span class='ocrx_word' id='word_1_813' title='bbox 3350 4607 3530 4660; x_wconf 84' lang='lat' dir='ltr'><strong>divina</strong></span> 
     </span>
    </p>
   </div>
   <div class='ocr_carea' id='block_1_109' title="bbox 1937 4678 3527 4747">
    <p class='ocr_par' dir='ltr' id='par_1_109' title="bbox 1937 4678 3527 4747">
     <span class='ocr_line' id='line_1_110' title="bbox 1937 4678 3527 4747; baseline 0 -16"><span class='ocrx_word' id='word_1_814' title='bbox 1937 4679 2217 4739; x_wconf 79' lang='lat' dir='ltr'><strong>veneratio,</strong></span> <span class='ocrx_word' id='word_1_815' title='bbox 2262 4680 2314 4729; x_wconf 87' lang='lat' dir='ltr'><strong>in</strong></span> <span class='ocrx_word' id='word_1_816' title='bbox 2348 4679 2558 4746; x_wconf 83' lang='lat' dir='ltr'><strong>myrrha</strong></span> <span class='ocrx_word' id='word_1_817' title='bbox 2602 4679 2926 4730; x_wconf 77' lang='lat' dir='ltr'><strong>mortalitatis</strong></span> <span class='ocrx_word' id='word_1_818' title='bbox 2960 4678 3207 4747; x_wconf 80' lang='lat' dir='ltr'><strong>confessio</strong></span> <span class='ocrx_word' id='word_1_819' title='bbox 3244 4678 3527 4731; x_wconf 83' lang='lat' dir='ltr'><strong>deberetur.</strong></span> 
     </span>
    </p>
   </div>
   <div class='ocr_carea' id='block_1_110' title="bbox 1937 4746 3528 4816">
    <p class='ocr_par' dir='ltr' id='par_1_110' title="bbox 1937 4746 3528 4816">
     <span class='ocr_line' id='line_1_111' title="bbox 1937 4746 3528 4816; baseline -0.001 -14"><span class='ocrx_word' id='word_1_820' title='bbox 1937 4747 2137 4803; x_wconf 89' lang='lat' dir='ltr'><strong>Confer</strong></span> <span class='ocrx_word' id='word_1_821' title='bbox 2171 4748 2331 4801; x_wconf 84' lang='lat' dir='ltr'><strong>etiam</strong></span> <span class='ocrx_word' id='word_1_822' title='bbox 2366 4763 2531 4801; x_wconf 89' lang='lat' dir='ltr'><strong>serm.</strong></span> <span class='ocrx_word' id='word_1_823' title='bbox 2566 4747 2657 4810; x_wconf 78' lang='grc'><strong>56,</strong></span> <span class='ocrx_word' id='word_1_824' title='bbox 2690 4763 2738 4801; x_wconf 90' lang='lat' dir='ltr'><strong>c.</strong></span> <span class='ocrx_word' id='word_1_825' title='bbox 2776 4750 2824 4803; x_wconf 69' lang='grc'><strong>1.</strong></span> <span class='ocrx_word' id='word_1_826' title='bbox 2877 4746 3063 4801; x_wconf 79' lang='lat' dir='ltr'><strong>Porro</strong></span> <span class='ocrx_word' id='word_1_827' title='bbox 3098 4746 3151 4800; x_wconf 87' lang='lat' dir='ltr'><strong>in</strong></span> <span class='ocrx_word' id='word_1_828' title='bbox 3200 4747 3397 4816; x_wconf 87' lang='lat' dir='ltr'><strong>duplici</strong></span> <span class='ocrx_word' id='word_1_829' title='bbox 3430 4763 3528 4801; x_wconf 86' lang='lat' dir='ltr'><strong>na-</strong></span> 
     </span>
    </p>
   </div>
   <div class='ocr_carea' id='block_1_111' title="bbox 1936 4819 3532 4889">
    <p class='ocr_par' dir='ltr' id='par_1_111' title="bbox 1936 4819 3532 4889">
     <span class='ocr_line' id='line_1_112' title="bbox 1936 4819 3532 4889; baseline 0.002 -18"><span class='ocrx_word' id='word_1_830' title='bbox 1936 4826 2056 4889; x_wconf 83' lang='lat' dir='ltr'><strong>tura</strong></span> <span class='ocrx_word' id='word_1_831' title='bbox 2111 4819 2310 4873; x_wconf 87' lang='lat' dir='ltr'><strong>Christi</strong></span> <span class='ocrx_word' id='word_1_832' title='bbox 2346 4834 2591 4883; x_wconf 71' lang='lat' dir='ltr'><strong>pcrsonae</strong></span> <span class='ocrx_word' id='word_1_833' title='bbox 2623 4819 2883 4872; x_wconf 90' lang='lat' dir='ltr'><strong>unitatem</strong></span> <span class='ocrx_word' id='word_1_834' title='bbox 2918 4820 3161 4887; x_wconf 81' lang='lat' dir='ltr'><strong>pluribus</strong></span> <span class='ocrx_word' id='word_1_835' title='bbox 3192 4819 3244 4871; x_wconf 90' lang='lat' dir='ltr'><strong>in</strong></span> <span class='ocrx_word' id='word_1_836' title='bbox 3277 4820 3407 4874; x_wconf 84' lang='lat' dir='ltr'><strong>locis</strong></span> <span class='ocrx_word' id='word_1_837' title='bbox 3437 4834 3532 4889; x_wconf 86' lang='lat' dir='ltr'><strong>pa-</strong></span> 
     </span>
    </p>
   </div>
   <div class='ocr_carea' id='block_1_112' title="bbox 1934 4888 2370 4958">
    <p class='ocr_par' dir='ltr' id='par_1_112' title="bbox 1934 4888 2370 4958">
     <span class='ocr_line' id='line_1_113' title="bbox 1934 4888 2370 4958; baseline 0 -16"><span class='ocrx_word' id='word_1_838' title='bbox 1934 4888 2041 4942; x_wconf 88' lang='lat' dir='ltr'><strong>lam</strong></span> <span class='ocrx_word' id='word_1_839' title='bbox 2070 4890 2370 4958; x_wconf 86' lang='lat' dir='ltr'><strong>proﬁtetur.</strong></span> 
     </span>
    </p>
   </div>
   <div class='ocr_carea' id='block_1_113' title="bbox 2012 4959 3531 5027">
    <p class='ocr_par' dir='ltr' id='par_1_113' title="bbox 2012 4959 3531 5027">
     <span class='ocr_line' id='line_1_114' title="bbox 2012 4959 3531 5027; baseline 0.001 -14"><span class='ocrx_word' id='word_1_840' title='bbox 2012 4970 2035 5006; x_wconf 83' lang='lat'>8</span> <span class='ocrx_word' id='word_1_841' title='bbox 2084 4960 2339 5013; x_wconf 89' lang='lat' dir='ltr'><strong>Nonnulli</strong></span> <span class='ocrx_word' id='word_1_842' title='bbox 2392 4959 2549 5013; x_wconf 88' lang='lat' dir='ltr'><strong>codd.</strong></span> <span class='ocrx_word' id='word_1_843' title='bbox 2598 4959 2959 5027; x_wconf 86' lang='lat' dir='ltr'><strong>posteriorum</strong></span> <span class='ocrx_word' id='word_1_844' title='bbox 3009 4961 3385 5015; x_wconf 87' lang='lat' dir='ltr'><strong>collectionum</strong></span> <span class='ocrx_word' id='word_1_845' title='bbox 3435 4961 3531 5015; x_wconf 80' lang='lat' dir='ltr'><strong>ad-</strong></span> 
     </span>
    </p>
   </div>
   <div class='ocr_carea' id='block_1_114' title="bbox 1936 5030 3533 5103">
    <p class='ocr_par' dir='ltr' id='par_1_114' title="bbox 1936 5030 3533 5103">
     <span class='ocr_line' id='line_1_115' title="bbox 1936 5030 3533 5103; baseline -0.001 -19"><span class='ocrx_word' id='word_1_846' title='bbox 1936 5030 2091 5103; x_wconf 81' lang='lat' dir='ltr'><strong>dunt,</strong></span> <span class='ocrx_word' id='word_1_847' title='bbox 2124 5048 2360 5095; x_wconf 85' lang='lat' dir='ltr'><strong>puerum.</strong></span> <span class='ocrx_word' id='word_1_848' title='bbox 2393 5031 2573 5083; x_wconf 83' lang='lat' dir='ltr'><strong>Prima</strong></span> <span class='ocrx_word' id='word_1_849' title='bbox 2606 5031 2791 5092; x_wconf 85' lang='lat' dir='ltr'><strong>editio,</strong></span> <span class='ocrx_word' id='word_1_850' title='bbox 2824 5046 3040 5103; x_wconf 76' lang='lat' dir='ltr'><strong>puerum</strong></span> <span class='ocrx_word' id='word_1_851' title='bbox 3069 5048 3217 5100; x_wconf 75' lang='lat' dir='ltr'><strong>quem</strong></span> <span class='ocrx_word' id='word_1_852' title='bbox 3262 5033 3328 5084; x_wconf 86' lang='lat' dir='ltr'><strong>ad</strong></span> <span class='ocrx_word' id='word_1_853' title='bbox 3358 5049 3533 5103; x_wconf 48' lang='lat' dir='ltr'><strong>rogen-</strong></span> 
     </span>
    </p>
   </div>
   <div class='ocr_carea' id='block_1_115' title="bbox 1937 5101 3533 5170">
    <p class='ocr_par' dir='ltr' id='par_1_115' title="bbox 1937 5101 3533 5170">
     <span class='ocr_line' id='line_1_116' title="bbox 1937 5101 3533 5170; baseline 0.002 -18"><span class='ocrx_word' id='word_1_854' title='bbox 1937 5101 2060 5154; x_wconf 86' lang='lat' dir='ltr'><strong>dum</strong></span> <span class='ocrx_word' id='word_1_855' title='bbox 2094 5104 2190 5154; x_wconf 87' lang='lat' dir='ltr'><strong>sibi</strong></span> <span class='ocrx_word' id='word_1_856' title='bbox 2221 5103 2503 5153; x_wconf 84' lang='lat' dir='ltr'><strong>didicerant</strong></span> <span class='ocrx_word' id='word_1_857' title='bbox 2537 5110 2882 5167; x_wconf 82' lang='lat' dir='ltr'><strong>procreatum.</strong></span> <span class='ocrx_word' id='word_1_858' title='bbox 2933 5101 3223 5168; x_wconf 84' lang='lat' dir='ltr'><strong>Aliquanto</strong></span> <span class='ocrx_word' id='word_1_859' title='bbox 3253 5101 3533 5170; x_wconf 31' lang='lat' dir='ltr'><strong>post,&#39;Ubi</strong></span> 
     </span>
    </p>
   </div>
   <div class='ocr_carea' id='block_1_116' title="bbox 1937 5170 3526 5243">
    <p class='ocr_par' dir='ltr' id='par_1_116' title="bbox 1937 5170 3526 5243">
     <span class='ocr_line' id='line_1_117' title="bbox 1937 5170 3526 5243; baseline 0.001 -19"><span class='ocrx_word' id='word_1_860' title='bbox 1937 5182 2031 5237; x_wconf 87' lang='lat' dir='ltr'><strong>est,</strong></span> <span class='ocrx_word' id='word_1_861' title='bbox 2063 5170 2267 5238; x_wconf 77' lang='lat' dir='ltr'><strong>Judwe,</strong></span> <span class='ocrx_word' id='word_1_862' title='bbox 2304 5172 2611 5243; x_wconf 83' lang='lat' dir='ltr'><strong>gloriﬁcatio</strong></span> <span class='ocrx_word' id='word_1_863' title='bbox 2640 5172 2763 5224; x_wconf 87' lang='lat' dir='ltr'><strong>tua?</strong></span> <span class='ocrx_word' id='word_1_864' title='bbox 2802 5173 2854 5224; x_wconf 89' lang='lat' dir='ltr'><strong>in</strong></span> <span class='ocrx_word' id='word_1_865' title='bbox 2903 5186 3033 5224; x_wconf 84' lang='lat' dir='ltr'><strong>mss.</strong></span> <span class='ocrx_word' id='word_1_866' title='bbox 3084 5172 3142 5226; x_wconf 91' lang='lat' dir='ltr'><strong>S.</strong></span> <span class='ocrx_word' id='word_1_867' title='bbox 3192 5172 3357 5233; x_wconf 83' lang='lat' dir='ltr'><strong>Petri.</strong></span> <span class='ocrx_word' id='word_1_868' title='bbox 3390 5174 3526 5227; x_wconf 92' lang='lat' dir='ltr'><strong>Bon.</strong></span> 
     </span>
    </p>
   </div>
   <div class='ocr_carea' id='block_1_117' title="bbox 1938 5243 2477 5312">
    <p class='ocr_par' dir='ltr' id='par_1_117' title="bbox 1938 5243 2477 5312">
     <span class='ocr_line' id='line_1_118' title="bbox 1938 5243 2477 5312; baseline -0.007 -15"><span class='ocrx_word' id='word_1_869' title='bbox 1938 5252 1990 5297; x_wconf 86' lang='lat' dir='ltr'><strong>et</strong></span> <span class='ocrx_word' id='word_1_870' title='bbox 2020 5245 2194 5312; x_wconf 90' lang='lat' dir='ltr'><strong>prima</strong></span> <span class='ocrx_word' id='word_1_871' title='bbox 2222 5243 2477 5297; x_wconf 89' lang='lat' dir='ltr'><strong>editione.</strong></span> 
     </span>
    </p>
   </div>
   <div class='ocr_carea' id='block_1_118' title="bbox 2008 5311 3579 5376">
    <p class='ocr_par' dir='ltr' id='par_1_118' title="bbox 2008 5311 3579 5376">
     <span class='ocr_line' id='line_1_119' title="bbox 2008 5311 3579 5376; baseline -0.001 -9"><span class='ocrx_word' id='word_1_872' title='bbox 2008 5311 2037 5351; x_wconf 59' lang='grc' dir='ltr'>Β</span> <span class='ocrx_word' id='word_1_873' title='bbox 2070 5315 2185 5367; x_wconf 90' lang='lat' dir='ltr'><strong>Duo</strong></span> <span class='ocrx_word' id='word_1_874' title='bbox 2235 5313 2395 5367; x_wconf 83' lang='lat' dir='ltr'><strong>codd.</strong></span> <span class='ocrx_word' id='word_1_875' title='bbox 2444 5312 2503 5367; x_wconf 92' lang='lat' dir='ltr'><strong>S.</strong></span> <span class='ocrx_word' id='word_1_876' title='bbox 2551 5312 2719 5376; x_wconf 75' lang='lat' dir='ltr'><strong>Petri,</strong></span> <span class='ocrx_word' id='word_1_877' title='bbox 2773 5327 2911 5365; x_wconf 88' lang='lat' dir='ltr'><strong>untts</strong></span> <span class='ocrx_word' id='word_1_878' title='bbox 2958 5311 3220 5367; x_wconf 81' lang='lat' dir='ltr'><strong>Vallicell.</strong></span> <span class='ocrx_word' id='word_1_879' title='bbox 3278 5322 3334 5367; x_wconf 91' lang='lat' dir='ltr'><strong>et</strong></span> <span class='ocrx_word' id='word_1_880' title='bbox 3387 5312 3525 5366; x_wconf 88' lang='lat' dir='ltr'><strong>alius</strong></span> <span class='ocrx_word' id='word_1_881' title='bbox 3578 5330 3579 5333; x_wconf 73' lang='lat'>‘</span> 
     </span>
    </p>
   </div>
   <div class='ocr_carea' id='block_1_119' title="bbox 1938 5382 3592 5453">
    <p class='ocr_par' dir='ltr' id='par_1_119' title="bbox 1938 5382 3592 5453">
     <span class='ocr_line' id='line_1_120' title="bbox 1938 5382 3592 5453; baseline -0.002 -14"><span class='ocrx_word' id='word_1_882' title='bbox 1938 5385 2229 5439; x_wconf 83' lang='lat' dir='ltr'><strong>Patavinus</strong></span> <span class='ocrx_word' id='word_1_883' title='bbox 2270 5404 2284 5441; x_wconf 12' lang='lat'><strong>7:</strong></span> <span class='ocrx_word' id='word_1_884' title='bbox 2333 5383 2487 5437; x_wconf 87' lang='lat' dir='ltr'><strong>Hanc</strong></span> <span class='ocrx_word' id='word_1_885' title='bbox 2534 5382 2683 5450; x_wconf 85' lang='lat' dir='ltr'><strong>elegit</strong></span> <span class='ocrx_word' id='word_1_886' title='bbox 2729 5385 2924 5453; x_wconf 81' lang='lat' dir='ltr'><strong>generis</strong></span> <span class='ocrx_word' id='word_1_887' title='bbox 2956 5385 3279 5451; x_wconf 76' lang='lat' dir='ltr'><strong>dignitatem,</strong></span> <span class='ocrx_word' id='word_1_888' title='bbox 3316 5392 3368 5435; x_wconf 86' lang='lat' dir='ltr'><strong>ut</strong></span> <span class='ocrx_word' id='word_1_889' title='bbox 3397 5385 3530 5436; x_wconf 86' lang='lat' dir='ltr'><strong>sicut</strong></span> <span class='ocrx_word' id='word_1_890' title='bbox 3585 5411 3592 5417; x_wconf 84' lang='lat'><strong>-</strong></span> 
     </span>
    </p>
   </div>
   <div class='ocr_carea' id='block_1_120' title="bbox 1936 5454 3526 5523">
    <p class='ocr_par' dir='ltr' id='par_1_120' title="bbox 1936 5454 3526 5523">
     <span class='ocr_line' id='line_1_121' title="bbox 1936 5454 3526 5523; baseline -0.001 -16"><span class='ocrx_word' id='word_1_891' title='bbox 1936 5456 2212 5522; x_wconf 78' lang='lat' dir='ltr'><strong>inﬁdelitas</strong></span> <span class='ocrx_word' id='word_1_892' title='bbox 2266 5458 2318 5508; x_wconf 91' lang='lat' dir='ltr'><strong>in</strong></span> <span class='ocrx_word' id='word_1_893' title='bbox 2373 5456 2477 5507; x_wconf 88' lang='lat' dir='ltr'><strong>suis</strong></span> <span class='ocrx_word' id='word_1_894' title='bbox 2535 5455 2749 5515; x_wconf 82' lang='lat' dir='ltr'><strong>posteris</strong></span> <span class='ocrx_word' id='word_1_895' title='bbox 2798 5456 2914 5521; x_wconf 80' lang='lat' dir='ltr'><strong>fecit</strong></span> <span class='ocrx_word' id='word_1_896' title='bbox 2965 5456 3216 5523; x_wconf 82' lang='lat' dir='ltr'><strong>(Patav.,</strong></span> <span class='ocrx_word' id='word_1_897' title='bbox 3271 5454 3526 5518; x_wconf 84' lang='lat' dir='ltr'><strong>convicit,</strong></span> 
     </span>
    </p>
   </div>
   <div class='ocr_carea' id='block_1_121' title="bbox 1942 5523 3529 5596">
    <p class='ocr_par' dir='ltr' id='par_1_121' title="bbox 1942 5523 3529 5596">
     <span class='ocr_line' id='line_1_122' title="bbox 1942 5523 3529 5596; baseline -0.001 -17"><span class='ocrx_word' id='word_1_898' title='bbox 1942 5526 2147 5592; x_wconf 86' lang='lat' dir='ltr'><strong>Vallic.,</strong></span> <span class='ocrx_word' id='word_1_899' title='bbox 2185 5527 2434 5579; x_wconf 86' lang='lat' dir='ltr'><strong>convincit</strong></span> <span class='ocrx_word' id='word_1_900' title='bbox 2464 5524 2482 5593; x_wconf 97' lang='lat'><strong>)</strong></span> <span class='ocrx_word' id='word_1_901' title='bbox 2530 5541 2635 5577; x_wconf 83' lang='lat' dir='ltr'><strong>esse</strong></span> <span class='ocrx_word' id='word_1_902' title='bbox 2664 5527 2984 5596; x_wconf 84' lang='lat' dir='ltr'><strong>degenerem,</strong></span> <span class='ocrx_word' id='word_1_903' title='bbox 3018 5526 3089 5576; x_wconf 86' lang='lat' dir='ltr'><strong>ita</strong></span> <span class='ocrx_word' id='word_1_904' title='bbox 3122 5524 3246 5596; x_wconf 85' lang='lat' dir='ltr'><strong>ﬁdes</strong></span> <span class='ocrx_word' id='word_1_905' title='bbox 3294 5523 3529 5578; x_wconf 81' lang='lat' dir='ltr'><strong>omnibus</strong></span> 
     </span>
    </p>
   </div>
   <div class='ocr_carea' id='block_1_122' title="bbox 1936 5593 3528 5669">
    <p class='ocr_par' dir='ltr' id='par_1_122' title="bbox 1936 5593 3528 5669">
     <span class='ocr_line' id='line_1_123' title="bbox 1936 5593 3528 5669; baseline -0.002 -19"><span class='ocrx_word' id='word_1_906' title='bbox 1936 5598 2056 5667; x_wconf 79' lang='lat' dir='ltr'><strong>fecit</strong></span> <span class='ocrx_word' id='word_1_907' title='bbox 2097 5598 2336 5669; x_wconf 90' lang='lat' dir='ltr'><strong>(melius</strong></span> <span class='ocrx_word' id='word_1_908' title='bbox 2366 5597 2547 5651; x_wconf 91' lang='lat' dir='ltr'><strong>Patav.</strong></span> <span class='ocrx_word' id='word_1_909' title='bbox 2583 5606 2637 5650; x_wconf 89' lang='lat' dir='ltr'><strong>et</strong></span> <span class='ocrx_word' id='word_1_910' title='bbox 2670 5593 2957 5661; x_wconf 70' lang='lat' dir='ltr'><strong>vallicel|.,</strong></span> <span class='ocrx_word' id='word_1_911' title='bbox 3007 5593 3203 5665; x_wconf 77' lang='lat' dir='ltr'><strong>faciat)</strong></span> <span class='ocrx_word' id='word_1_912' title='bbox 3246 5610 3351 5647; x_wconf 81' lang='lat' dir='ltr'><strong>esse</strong></span> <span class='ocrx_word' id='word_1_913' title='bbox 3390 5610 3528 5647; x_wconf 90' lang='lat' dir='ltr'><strong>com-</strong></span> 
     </span>
    </p>
   </div>
   <div class='ocr_carea' id='block_1_123' title="bbox 1938 5686 2157 5722">
    <p class='ocr_par' dir='ltr' id='par_1_123' title="bbox 1938 5686 2157 5722">
     <span class='ocr_line' id='line_1_124' title="bbox 1938 5686 2157 5722; baseline 0.014 -3"><span class='ocrx_word' id='word_1_914' title='bbox 1938 5686 2157 5722; x_wconf 84' lang='lat' dir='ltr'><strong>munem.</strong></span> 
     </span>
    </p>
   </div>
   <div class='ocr_carea' id='block_1_124' title="bbox 2014 5730 3530 5810">
    <p class='ocr_par' dir='ltr' id='par_1_124' title="bbox 2014 5730 3530 5810">
     <span class='ocr_line' id='line_1_125' title="bbox 2014 5730 3530 5810; baseline -0.002 -17"><span class='ocrx_word' id='word_1_915' title='bbox 2014 5739 2029 5775; x_wconf 77' lang='grc' dir='ltr'>ί</span> <span class='ocrx_word' id='word_1_916' title='bbox 2069 5741 2247 5794; x_wconf 84' lang='lat' dir='ltr'><strong>Prima</strong></span> <span class='ocrx_word' id='word_1_917' title='bbox 2297 5738 2481 5802; x_wconf 90' lang='lat' dir='ltr'><strong>editio,</strong></span> <span class='ocrx_word' id='word_1_918' title='bbox 2526 5730 3120 5810; x_wconf 58' lang='lat' dir='ltr'><strong>antiquas.&#39;Aliquanto</strong></span> <span class='ocrx_word' id='word_1_919' title='bbox 3162 5743 3308 5810; x_wconf 66' lang='lat' dir='ltr'><strong>post,</strong></span> <span class='ocrx_word' id='word_1_920' title='bbox 3337 5737 3530 5810; x_wconf 78' lang='lat' dir='ltr'><strong>furiam</strong></span> 
     </span>
    </p>
   </div>
   <div class='ocr_carea' id='block_1_125' title="bbox 1935 5807 3529 5934">
    <p class='ocr_par' dir='ltr' id='par_1_125' title="bbox 1935 5807 3529 5934">
     <span class='ocr_line' id='line_1_126' title="bbox 1935 5807 3529 5934; baseline 0.003 -72"><span class='ocrx_word' id='word_1_921' title='bbox 1935 5824 2035 5934; x_wconf 54' lang='grc' dir='ltr'><strong>ἕπεο</strong></span> <span class='ocrx_word' id='word_1_922' title='bbox 2090 5816 2315 5881; x_wconf 79' lang='lat' dir='ltr'><strong>furorem</strong></span> <span class='ocrx_word' id='word_1_923' title='bbox 2346 5813 2398 5865; x_wconf 92' lang='lat' dir='ltr'><strong>in</strong></span> <span class='ocrx_word' id='word_1_924' title='bbox 2433 5810 2620 5865; x_wconf 89' lang='lat' dir='ltr'><strong>eadem</strong></span> <span class='ocrx_word' id='word_1_925' title='bbox 2648 5807 2898 5863; x_wconf 79' lang='lat' dir='ltr'><strong>editione</strong></span> <span class='ocrx_word' id='word_1_926' title='bbox 2926 5818 2980 5864; x_wconf 90' lang='lat' dir='ltr'><strong>et</strong></span> <span class='ocrx_word' id='word_1_927' title='bbox 3024 5824 3155 5866; x_wconf 86' lang='lat' dir='ltr'><strong>mss.</strong></span> <span class='ocrx_word' id='word_1_928' title='bbox 3191 5808 3251 5862; x_wconf 89' lang='lat' dir='ltr'><strong>S.</strong></span> <span class='ocrx_word' id='word_1_929' title='bbox 3284 5808 3427 5863; x_wconf 91' lang='lat' dir='ltr'><strong>Petri</strong></span> <span class='ocrx_word' id='word_1_930' title='bbox 3465 5821 3529 5867; x_wconf 86' lang='lat' dir='ltr'><strong>ac</strong></span> 
     </span>
     <span class='ocr_line' id='line_1_127' title="bbox 1982 5895 2071 5934; baseline 0.011 -1"><span class='ocrx_word' id='word_1_931' title='bbox 1982 5895 2071 5934; x_wconf 88' lang='lat' dir='ltr'><strong>on.</strong></span> 
     </span>
    </p>
   </div>
   <div class='ocr_carea' id='block_1_126' title="bbox 1982 5895 2071 5936">
    <p class='ocr_par' dir='ltr' id='par_1_126' title="bbox 1982 5895 2071 5936">
     <span class='ocr_line' id='line_1_128' title="bbox 1982 5895 2071 5936; baseline 0.034 -3"><span class='ocrx_word' id='word_1_932' title='bbox 1982 5895 2071 5936; x_wconf 82' lang='grc' dir='ltr'><strong>οη.</strong></span> 
     </span>
    </p>
   </div>
  </div>
