3994 6354
565 356 673 414 ΜΞ

1674 352 1747 425 ιδ.
1787 351 2037 409 LEONIS
2074 346 2295 409 nam
2320 346 2702 405 SBRMONES.

3715 301 3917 409 an.

563 472 737 530 soluta
783 472 1116 537 commenti,
1170 474 1225 530 in
1269 471 1528 543 mitium
1579 471 1814 529 furorem
1864 470 2137 528 iracundia
2162 472 2214 534 Α
2239 466 2382 520 niam
2420 465 2557 535 quod
2586 463 2823 535 promisit
2870 473 3043 535 potens
3074 470 3148 517 est
3184 470 3233 515 et
3260 462 3427 531 facere
3452 458 3653 533 (llud,
3694 463 3809 538 2|).

454 642 457 645 _
562 566 705 637 regis
738 565 991 621 ardescit.
1016 564 1149 621 Nam
1177 565 1423 620 recolens
1448 572 1663 633 tempus
1684 564 1829 635 quod
1858 563 2136 625 indicave-

456 698 471 707 η
561 668 682 714 rant
708 660 868 727 magi,
900 658 954 713 in
982 673 1169 713 omnes
1196 658 1469 715 Bethleem
1498 675 1693 731 pueros
1719 660 1920 717 rabiem
1944 659 2139 715 crude-

561 754 728 809 litatis
752 752 997 816 eﬂ'undit,
1028 760 1055 789 ⁸
1083 762 1137 808 et
1163 753 1317 809 crede
1343 755 1585 824 gencrali
1608 757 1876 812 universae
1905 754 2137 811 civitatis

558 845 703 900 illius
744 846 796 899 in
848 850 1105 899 aternam
1141 844 1370 915 gloriam
1403 848 1749 903 transiturum
1794 848 2024 903 trucidat
2049 845 2135 901 in-

558 934 807 999 fantiam;
850 935 1123 991 aestimans
1154 936 1273 992 lore
1299 946 1380 1003 ut,
1430 938 1581 994 nullo
1611 936 1719 1011 illic
1761 938 1989 1009 parvulo
2028 951 2135 992 non

557 1028 760 1093 occiso,
791 1025 1134 1082 occideretur
1162 1035 1215 1083 et
1242 1026 1510 1085 Christus.
1545 1028 1616 1085 At
1658 1028 1771 1094 ille,
1802 1028 1895 1099 qui
1922 1027 2137 1097 sangui-

558 1133 682 1174 nem
727 1134 885 1173 suum
932 1132 1031 1188 pro
1076 1120 1259 1175 mundi
1308 1119 1677 1189 redemptione
1720 1118 2049 1175 fundendum
2079 1119 2134 1173 in

558 1208 717 1263 aliam
766 1209 1006 1265 diﬂ‘erret
1046 1219 1285 1276 aetatem,
1312 1211 1546 1283 Egypto
1574 1226 1635 1267 se
1667 1220 1947 1280 parentum
1980 1211 2137 1264 mlni-

556 1300 723 1355 sterio
760 1300 1049 1355 subvectus
1076 1301 1352 1368 intulerat,
1386 1310 1634 1369 repetens
1660 1300 1869 1356 scilicet
1896 1301 2136 1357 Hebraeae

553 1389 729 1459 gentis
754 1390 972 1460 antiqua
1000 1390 1285 1457 cunabula,
1316 1398 1372 1446 et
1399 1392 1758 1463 principatum
1793 1393 1906 1447 veri
1935 1391 2135 1461 Joseph

555 1482 776 1551 majoris
824 1482 1175 1552 providentiae
1210 1493 1477 1552 potestate
1518 1485 1829 1553 disponens,
1881 1495 1939 1541 ut
1986 1486 2134 1540 illam

554 1570 584 1609 δ
630 1573 889 1628 diriorem
940 1574 1085 1628 omni
1136 1573 1311 1629 inedia
1364 1575 1560 1631 famem
1604 1590 1710 1645 qua
1757 1574 2131 1646 Egyptiorum

554 1674 765 1721 mentes
789 1666 1029 1721 veritatis
1073 1666 1250 1735 inopia
1280 1668 1627 1735 laborabant,
1657 1668 1880 1727 veniens
1903 1668 1971 1725 de
1996 1669 2135 1725 cmlo

552 1760 706 1828 panis
734 1760 855 1812 vitze
889 1757 1079 1828 (Jaon.
1113 1774 1191 1823 vt,
1226 1759 1327 1830 59)
1354 1769 1410 1814 et
1434 1760 1586 1816 cibus
1610 1760 1836 1815 rationis
1865 1761 2129 1826 auterret;

2239 561 2393 616 Hunc
2418 561 2559 617 diem
2585 559 2749 615 David
2779 560 2830 613 in
2859 559 3079 629 psalmis
3118 557 3363 618 canebat,
3389 555 3575 613 dicens
3600 574 3614 610 :
3637 557 3812 617 οηιηι.

2236 663 2429 725 gentes,
2467 662 2491 691 ε
2522 668 2864 723 quascumque
2904 652 3087 721 fecisti,
3118 651 3312 704 venient
3354 659 3402 703 et
3429 649 3713 704 adorabunt
3735 669 3814 709 co-

2234 767 2348 807 ram
2378 760 2446 818 te,
2480 749 2716 811 Domine,
2754 758 2802 802 et
2828 748 3193 819 gloriﬁcabunt
3239 762 3421 800 nomen
3469 756 3613 801 tuum
3640 744 3808 817 (Psal.

2234 858 2441 913 uuv,
2472 844 2578 913 9);
2610 850 2665 897 et
2707 842 2837 896 illud
2865 861 2878 895 :
2911 840 3105 901 Notum
3136 841 3253 909 fecit
3304 838 3554 893 Dominus
3596 838 3815 895 salutare

2234 954 2419 1003 suum,
2462 946 2581 991 ante
2626 944 2953 1001 conspectum
3015 934 3241 1006 gentium
3288 933 3525 987 revelavit
3562 934 3813 1004 justitiam

2238 1044 2385 1085 mam
2412 1028 2593 1098 (Psal.
2627 1043 2791 1092 xcvn,
2819 1027 2910 1094 3).
2942 1025 3095 1093 Quod
3127 1027 3310 1094 utique
3337 1024 3533 1079 exinde
3564 1025 3677 1078 ﬁeri
3723 1041 3815 1079 no-

2238 1120 2429 1185 vimus,
2460 1136 2527 1175 ex
2554 1134 2660 1188 quo
2685 1127 2796 1174 tres
2826 1133 3029 1187 magos,
3061 1116 3129 1171 de
3164 1114 3553 1185 longinquitate
3581 1128 3693 1169 sua:
3732 1132 3813 1171 re-

2236 1211 2448 1283 gionist
2466 1213 2691 1277 excitos,
2723 1212 2788 1267 ad
2820 1208 3253 1279 cognoscendum
3274 1218 3329 1263 et
3348 1208 3680 1263 adorandum
3714 1208 3814 1265 Re-

2234 1321 2357 1375 gem
2386 1307 2509 1362 cmli
2534 1317 2589 1360 et
2612 1316 2771 1361 terrae
2799 1306 2953 1359 stella
2982 1303 3227 1373 perduxit
3257 1311 3305 1357 ε.
3341 1300 3505 1370 Cujus
3536 1302 3716 1374 utique
3745 1302 3813 1358 ia-

2238 1399 2469 1452 mulatus
2518 1398 2585 1452 ad
2627 1399 2852 1453 formam
2896 1412 2994 1453 nos
3041 1399 3124 1452 sui
3174 1397 3417 1452 hortatur
3460 1397 3817 1466 obsequiizut

2240 1488 2364 1545 huic
2389 1492 2595 1559 gratiae,
2622 1488 2647 1529 ιι
2671 1507 2791 1561 qua:
2819 1505 3006 1546 omnes
3030 1491 3217 1545 invitat
3238 1490 3304 1544 ad
3330 1490 3625 1557 Christum,
3656 1504 3818 1558 quan-

2240 1592 2352 1637 tum
2384 1598 2690 1651 possumus,
2725 1585 3047 1641 serviamus.
3088 1584 3419 1653 Quicumque
3457 1584 3598 1637 enim
3630 1584 3685 1639 in
3720 1584 3817 1639 Ec-

2236 1672 2399 1729 clesia
2426 1674 2510 1738 pie
2539 1675 2670 1729 vivit
2690 1685 2745 1729 et
2766 1684 2934 1734 caste.
2967 1676 3055 1745 qui
3080 1690 3139 1729 ea
3162 1689 3281 1744 quae
3306 1690 3518 1729 sursum
3540 1686 3666 1729 sunt
3686 1674 3819 1743 sapit

2237 1766 2465 1830 (ϐοέου.
2499 1783 2576 1833 ιιι,
2605 1769 2627 1822 i
2651 1770 2692 1835 ),
2718 1785 2822 1821 non
2852 1784 2970 1836 qua:
2992 1783 3155 1835 super
3186 1777 3408 1831 terram,
3431 1766 3667 1823 cmlestis
3692 1782 3819 1835 quo-

552 1866 653 1909 nec
700 1854 818 1908 siue
863 1853 951 1907 illa
996 1854 1217 1924 regione
1266 1862 1547 1923 pararetur
1602 1854 1888 1924 singularis
1944 1854 2136 1909 hostiae
2166 1854 2213 1915 Β
2237 1859 2528 1915 dammodo
2551 1861 2716 1915 instar
2736 1872 2817 1915 est
2850 1860 3093 1927 luminis;
3124 1869 3177 1915 et
3199 1859 3325 1913 dum
3350 1859 3463 1927 ipse
3484 1867 3683 1914 sanctae
3703 1857 3820 1912 vitm

550 1955 971 2012 sacramentum,
1009 1946 1061 2000 in
1099 1949 1252 2019 121
1283 1963 1385 2017 qua
1425 1948 1654 2017 primum
1691 1948 1964 2003 occisione
1990 1948 2135 2018 agni,

553 2038 886 2093 salutiferum
934 2039 1112 2094 crucis
1161 2040 1374 2109 signum
1411 2048 1466 2095 et
1494 2039 1691 2108 pascha
1725 2039 1935 2095 Domini
1966 2040 2140 2096 fuerat

552 2129 978 2199 prmformatum.

623 2225 751 2280 Car.
794 2222 1061 2280 V.—His
1102 2222 1285 2293 igitur,
1315 2222 1673 2289 dilectissimi,
1718 2222 1919 2295 divinae
1953 2224 2138 2293 gratiae

550 2318 821 2388 mysteriis
863 2316 1082 2382 eruditi,
1128 2315 1275 2370 diem
1322 2316 1679 2386 primitiarum
1720 2326 2025 2373 nostrarum
2083 2324 2138 2371 et

550 2410 953 2468 inchoationem
984 2409 1286 2465 vocationis
1311 2410 1575 2480 gentium,
1605 2410 1911 2465 rationabili
1940 2409 2137 2479 gaudio

552 2503 886 2559 celebremus
911 2518 928 2557 :
949 2500 1148 2572 gratias
1173 2509 1393 2572 agentes
1421 2500 1757 2557 misericordi
1787 2502 1915 2566 Deo,
1948 2503 2034 2573 qui
2055 2503 2135 2555 di-

550 2617 678 2673 gnos
724 2616 815 2654 nos
847 2598 988 2668 fecit,
1031 2597 1169 2655 sicut
1212 2596 1285 2653 ait
1326 2597 1638 2666 Apostolus,
1667 2598 1719 2650 in
1756 2606 1954 2667 partem
1985 2600 2137 2651 sortis

548 2700 843 2746 sanctorum
870 2690 923 2743 in
964 2690 1191 2753 lumine;
1238 2689 1328 2759 qui
1370 2688 1560 2757 eripuit
1603 2704 1695 2742 nos
1730 2698 1751 2727 ε
1791 2688 1854 2741 de
1891 2695 2138 2758 potestate

549 2783 890 2847 tenebrarum,
908 2789 956 2835 et
977 2780 1241 2834 transtulit
1262 2780 1318 2834 in
1342 2795 1553 2850 regnum
1578 2776 1703 2833 Filii
1723 2780 2011 2834 dilectionis
2026 2794 2136 2834 suta

548 2874 770 2947 (Coloss.
800 2889 839 2941 ι,
862 2875 953 2940 12,
980 2873 1108 2943 15);
1131 2874 1403 2944 quoniam,
1436 2871 1572 2925 sicut
1596 2872 1929 2940 prophetavit
1949 2872 2131 2939 Isaias,

547 2969 793 3025 Gentium
819 2970 1063 3039 papulas,
1109 2969 1196 3039 qui
1238 2966 1441 3024 sedebat
1471 2968 1525 3021 in
1548 2967 1784 3032 tenebris,
1812 2967 1939 3021 vidit
1967 2965 2134 3021 lucem

545 3078 806 3132 magnam,
849 3068 897 3115 et
924 3062 1009 3129 qui
1040 3060 1335 3114 habitabant
1377 3060 1432 3113 in
1467 3059 1671 3130 regione
1700 3058 1891 3113 umbra:
1926 3060 2128 3127 mortis,

545 3155 639 3212 lux
670 3166 781 3211 orto
804 3164 879 3211 est
901 3157 975 3211 eis
995 3153 1163 3227 (Isai.
1194 3170 1271 3222 sx,
1298 3154 1391 3223 2).
1420 3154 1494 3207 De
1518 3152 1711 3222 quibus
1740 3151 1879 3207 idem
1910 3152 2040 3207 dicit
2063 3152 2131 3206 ad

544 3248 832 3303 Dominum
863 3266 877 3300 :
904 3246 1088 3302 Gentes
1116 3260 1233 3316 qua:
1258 3256 1305 3301 te
1328 3243 1356 3284 ά
1384 3262 1484 3299 non
1513 3253 1779 3307 noverunt,
1826 3243 2131 3297 invocabant
2157 3236 2205 3302 C

545 3353 625 3409 te;
654 3354 701 3399 et
730 3343 907 3415 populi
935 3345 1023 3414 qui
1060 3351 1108 3398 te
1139 3344 1446 3406 nescierunt,
1471 3340 1538 3395 ad
1569 3349 1617 3394 te
1641 3338 1932 3409 confugient
1955 3336 2121 3411 (Isai.

542 3451 636 3501 ιν,
678 3438 770 3504 5).
811 3436 963 3492 Hunc
996 3436 1151 3493 diem
1191 3435 1457 3492 Abraham
1498 3433 1650 3499 vidit,
1692 3440 1747 3485 et
1783 3432 1996 3501 gavisus
2041 3440 2126 3485 est

542 3526 733 3599 (Joan.
764 3544 877 3595 vui,
915 3528 1044 3600 56),
1069 3546 1191 3586 cum
1222 3528 1616 3584 benedicendos
1663 3527 1786 3582 lidei
1826 3542 1939 3583 sum
1983 3526 2123 3580 ﬁlios

538 3619 595 3673 in
618 3622 824 3675 semine
844 3636 963 3685 suo,
989 3620 1132 3691 quod
1153 3630 1233 3676 est
1254 3620 1518 3687 Christus,
1545 3618 1782 3685 agnovit,
1805 3627 1862 3674 et
1880 3620 2118 3673 omnium

540 3728 601 3771 se
616 3716 847 3770 luturum
868 3718 1104 3785 gentium
1130 3726 1332 3783 patrem
1356 3714 1623 3769 credendo
1646 3713 1917 3782 prospexit
1940 3711 2117 3783 (Rom.

542 3819 614 3872 tv,
649 3806 715 3861 i8
735 3805 778 3876 ),
804 3806 936 3861 dans
976 3806 1195 3878 gloriam
1226 3804 1357 3873 Deo,
1386 3813 1435 3860 et
1466 3804 1757 3875 plenissime
1782 3806 1943 3859 sciens
1986 3819 2117 3872 quo-

614 3990 986 4057 llQuesnellns
1012 3989 1116 4043 hac
1163 3989 1413 4051 lectione,
1463 4000 1581 4055 qua:
1631 3994 1748 4040 erat
1785 3987 2114 4042 anteriorum

540 4062 860 4119 editionum.
910 4062 963 4115 in
1016 4060 1347 4115 notationem
1394 4060 1610 4123 rejecta,
1643 4058 1909 4112 extribus
1955 4059 2112 4115 codd.

543 4132 596 4188 id
624 4146 702 4188 εει
733 4131 940 4185 duobus
967 4129 1177 4186 Thuan.
1211 4143 1263 4185 et
1306 4144 1410 4182 uno
1454 4127 1641 4191 (20th.,
1691 4127 1885 4196 quibus
1935 4130 2118 4183 conci-

541 4213 676 4260 nunt
727 4201 896 4257 nostri
945 4200 1146 4263 Datum,
1180 4200 1367 4255 Venet.
1420 4209 1472 4253 et
1513 4200 1717 4262 Casin.,
1772 4200 1908 4251 hanc
1956 4201 2113 4253 aliam

541 4275 765 4329 inseruit
802 4291 813 4324 :
852 4269 914 4325 Et
957 4273 1095 4327 ca’de
1138 4268 1361 4329 aencrali
1407 4271 1457 4323 in
1505 4270 1698 4322 brutam
1727 4268 1941 4323 civitatis
1979 4271 2117 4324 illius

541 4348 745 4399 desierit
775 4345 1067 4413 infantiam.
1119 4340 1223 4395 Nos
1270 4356 1398 4413 vero
1429 4348 1583 4393 antea
1634 4340 1899 4413 editorum
1932 4342 2116 4413 lectio-

542 4433 663 4470 nem
714 4410 1094 4470 rCstituendam
1149 4410 1473 4481 putavimus,
1519 4426 1584 4462 eo
1603 4411 1770 4481 _qut_td
1807 4425 1911 4481 non
1942 4412 2115 4465 solum

540 4488 841 4551 reperiatur
891 4487 942 4538 in
997 4478 1554 4551 mssfmtllecdonutn
1601 4478 1651 4543 5,
1700 4478 1735 4533 4
1763 4493 1814 4535 et
1846 4480 1898 4545 ὅ,
1932 4496 2118 4535 verum

542 4549 703 4610 etiam
755 4556 803 4610 in
837 4554 1188 4609 LeCIionariis
1237 4554 1387 4607 libris
1428 4553 1484 4604 S.
1536 4549 1703 4617 Petri,
1749 4552 1840 4609 lllli
1893 4552 2119 4605 laudatis

542 4627 821 4680 codicibus
870 4624 1182 4692 praeferendi
1229 4622 1327 4692 vi~i
1376 4630 1537 4674 sunt:
1571 4636 1689 4674 cntn
1725 4625 2024 4687 przescrtitn
2053 4621 2117 4674 ad

544 4702 785 4751 eamdem
838 4691 1120 4749 Iecuoncm
1170 4691 1428 4749 aecedant
1478 4707 1605 4744 mss.
1640 4692 1831 4743 Casztn.
1873 4702 1925 4744 et
1959 4692 2115 4744 Bari).

540 4769 755 4821 colli-ct.
782 4768 838 4831 Ξ,
862 4765 912 4819 in
940 4766 1134 4833 quibus
1166 4765 1359 4831 legitur
1385 4781 1396 4813 :
1423 4760 1488 4815 Et
1519 4761 1655 4813 cwde
1682 4762 1902 4831 generali
1930 4765 1980 4814 in
2008 4764 2118 4814 uni-

539 4854 734 4891 versam
781 4832 993 4889 civitatis
1024 4835 1161 4887 illius
1191 4836 1241 4885 in
1270 4844 1507 4887 aeternam
1542 4832 1759 4901 gloriam
1790 4834 2119 4886 transiturum

543 4910 749 4963 deswvit
779 4908 1070 4972 infantiam.
1103 4906 1351 4971 Concinit
1377 4904 1534 4957 etiam
1569 4901 1961 4955 Leutinnartum
1992 4902 2115 4955 Val-

544 4979 711 5041 licel.,
761 4979 811 5031 in
874 4992 979 5044 quo
1030 4978 1199 5029 Solum
1252 4991 1347 5043 pro
1392 4974 1633 5036 trucidat,
1700 4988 1779 5026 esr
1823 4974 2115 5044 trucidavit.

542 5049 673 5103 Post
706 5042 911 5113 pauca:
950 5046 1012 5099 At
1044 5047 1149 5108 ille,
1180 5042 1296 5114 quia
1321 5046 1636 5115 sanguinem,
1673 5044 1722 5095 in
1758 5059 1857 5115 ms.
1894 5042 2078 5097 Patav.

613 5119 641 5158 ι)
675 5118 821 5175 Unus
850 5118 971 5172 cod.
1002 5117 1059 5171 S.
1091 5113 1230 5170 Petri
1254 5127 1308 5170 et
1336 5113 1469 5169 altus
1502 5114 1639 5178 V.tt.,
1676 5113 1951 5166 duriorem.

617 5201 640 5229 ο
680 5189 813 5244 Cod.
848 5190 909 5244 S.
938 5186 1105 5251 Petri,
1132 5187 1195 5240 de
1223 5186 1438 5241 tenebris
1464 5197 1509 5239 et
1537 5185 1599 5238 de
1627 5194 1867 5254 potestate
1894 5183 2122 5238 tenebra-

542 5277 655 5316 rum
666 5300 677 5313 .

613 5330 641 5369 ἀ
684 5331 778 5385 Ms.
813 5324 1018 5391 Casin.,
1050 5344 1153 5382 non
1180 5334 1544 5398 cognoverunt.
1578 5325 1714 5387 Mox,
1747 5325 1832 5393 qui
1856 5334 1900 5377 te
1914 5326 2117 5398 nescie-

544 5413 683 5467 rnnt,
729 5417 793 5454 ex
836 5398 1025 5455 eodem
1056 5399 1177 5453 cod.
1216 5395 1547 5466 scripsimus,
1581 5412 1701 5450 cum
1732 5398 1868 5449 idem
1913 5395 2121 5465 legatur

547 5489 711 5528 seru).
756 5472 846 5536 29,
892 5484 1009 5541 Cap.
1044 5470 1098 5525 5.
1131 5469 1243 5535 AL,
1294 5470 1600 5523 nesciebant.
1634 5468 1733 5521 Ms.
1786 5468 1992 5535 Patav.,
2027 5483 2119 5520 ne-

545 5554 730 5597 scrunt.

620 5625 642 5651 ε
683 5612 814 5668 Cod.
846 5610 1049 5673 Casin.,
1082 5626 1212 5682 quas
1254 5608 1514 5735 fcisti...
1539 5650 1553 5664 .
1573 5648 1586 5661 .
1612 5618 1658 5661 et
1709 5605 2120 5673 honorificabunt

620 5702 747 5735 men.
782 5684 961 5735 Patav.
996 5696 1209 5735 unouno
1288 5682 1430 5735 abet.
1464 5688 1510 5734 et
1537 5677 1965 5735 honoriﬁcabunt.
2003 5680 2120 5732 loco

549 5700 747 5736 nomen.
782 5684 961 5737 Patav.
996 5677 1209 5753 quoque
1254 5677 1430 5753 habet,
1464 5688 1510 5734 et
1537 5677 1965 5747 honoriﬁcabunt,
2003 5680 2121 5732 loco

551 5764 594 5806 et
620 5752 1089 5825 glorificabuntret
1126 5752 1273 5818 dein,
1309 5752 1364 5806 in
1387 5762 1677 5816 conspectu,
1720 5766 1815 5821 pro
1844 5756 1959 5802 ante
1994 5765 2118 5803 con»

549 5836 794 5877 evectum.

2146 4801 2199 4861 D

2242 1952 2471 2009 nitorem
2495 1961 2697 2015 servat.
2722 1954 2900 2007 multis
2923 1954 3062 2006 viam
3090 1952 3157 2006 ad
3184 1952 3466 2005 Dominum
3494 1950 3644 2019 quasi
3669 1950 3819 2005 stella

2238 2045 2594 2102 demonstrat.
2630 2046 2685 2101 lu
2710 2062 2817 2117 quo
2845 2046 3043 2110 studio,
3074 2043 3431 2110 dilectissimi,
3461 2058 3645 2099 omnes
3672 2043 3820 2096 vobis

2239 2137 2468 2193 invicem
2499 2137 2754 2207 prodesse
2785 2137 3016 2205 debetis,
3050 2146 3110 2192 ut
3134 2136 3189 2190 iu
3220 2151 3386 2205 regno
3419 2136 3576 2207 123
3604 2133 3727 2197 Dei,
3758 2132 3819 2188 ad

2237 2230 2378 2298 quod
2410 2241 2556 2285 recta
2588 2231 2692 2285 ﬁde
2728 2239 2782 2285 et
2828 2231 2982 2285 bonis
3012 2229 3259 2297 operibus
3310 2231 3633 2295 pervenitur,
3687 2226 3820 2280 sicut

2240 2320 2374 2375 lucis
2408 2319 2504 2376 ﬁlii
2544 2322 2873 2390 splendeatis
2893 2339 2905 2373 :
2927 2336 3023 2390 per
3051 2321 3333 2373 Dominum
3364 2330 3602 2373 nostrum
3630 2318 3817 2373 Iesum

2239 2410 2536 2479 Christum,
2568 2414 2659 2483 qui
2685 2428 2805 2468 cum
2850 2414 2958 2469 Deo
2984 2414 3140 2468 Patre
3164 2422 3217 2467 et
3244 2411 3446 2479 Spiritu
3474 2420 3662 2467 sancto
3695 2409 3819 2465 vivit

2236 2514 2291 2558 et
2321 2514 2508 2574 regnat
2538 2519 2632 2573 per
2660 2506 2839 2559 omnia
2883 2506 3081 2559 sarcula
3111 2503 3450 2558 sazculorum.
3485 2504 3677 2556 Amen.

2484 2636 2751 2693 SERMO
2788 2636 3047 2693 XXXIV
3079 2636 3199 2709 [AL
3229 2632 3564 2705 XXXIII].

2550 2730 2567 2767 ί
2604 2728 2670 2785 1η
2700 2727 3009 2799 Epiphanite
3038 2730 3354 2783 solemnitate
3386 2724 3493 2779 IV.

2235 2818 2505 2878 εῖηορςις.
2529 2821 2660 2877 -1.
2706 2821 2848 2893 Magi
2881 2840 2913 2873 α
2953 2821 3234 2891 longinqua
3276 2819 3479 2893 regione
3519 2816 3719 2893 vocati,
3763 2825 3815 2869 ut

2312 2895 2601 2947 Christiana
2620 2894 2749 2962 ﬁdes
2778 2887 3127 2962 roborantur,
3147 2887 3269 2959 qua:
3291 2890 3540 2962 _Deum_et_
3560 2887 3819 2962 hominem

2309 2965 2566 3019 Christum
2595 2957 2772 3018 credit.
2792 2961 2936 3017 —ll.
2985 2962 3127 3031 Magi
3150 2957 3415 3033 prophetia
3435 2957 3664 3033 _Balaam
3695 2961 3818 3033 edo-

2309 3037 2396 3101 cti,
2444 3034 2745 3089 Juda'orum
2789 3050 3030 3097 responso
3072 3028 3379 3098 conﬁrmati.
3424 3028 3521 3081 Isti
3555 3046 3642 3095 spe
3675 3029 3820 3101 ducis

2309 3099 2605 3177 temporalis
2637 3106 2828 3177 decepti
2845 3120 2865 3170 ;
2898 3103 3126 3156 Herodes
3152 3106 3332 3155 timore
3362 3101 3609 3177 consortis
3640 3099 3818 3151 turba-

2306 3171 2503 3229 tus.'--
2525 3177 2610 3230 ιιι.
2653 3171 2926 3246 Magorum
2950 3178 3045 3246 iter
3066 3171 3681 3246 muneruittqnedelectus
3704 3187 3820 3246 qua:

2305 3249 2389 3301 tia:
2414 3249 2549 3301 intus
2577 3241 2801 3300 docentis
2830 3262 2957 3315 opus
2989 3245 3141 3315 fuere.
3183 3242 3373 3315 Eorum
3397 3242 3668 3315 diligentia
3699 3241 3819 3315 ﬁdei

2303 3327 2492 3371 nostra:
2521 3310 2997 3370 serviebat-41V;
3031 3312 3435 3367 Munirhwornm
3476 3313 3715 3379 impietas
3742 3312 3819 3363 in-

2300 3389 2611 3441 carnationis
2649 3386 2803 3457 ﬁdem
2832 3403 2891 3438 nc
2927 3386 3186 3439 veritatem
3221 3385 3413 3437 evertit.
3438 3382 3595 3457 —_V.
3638 3379 3816 3457 dioni-

2300 3460 2425 3512 chtei
2456 3452 2691 3519 vitandi;
2732 3472 2908 3511 eorum
2938 3457 3205 3524 sacrilegia
3229 3458 3443 3507 detecta.
3498 3452 3603 3506 Pro
3632 3453 3819 3505 iisdem

2297 3531 2514 3600 aliisque
2546 3529 2794 3584 haereticis
2842 3543 3016 3599 preces
3044 3526 3278 3598 fundere,
3321 3524 3560 3579 Ecclesia:
3601 3524 3813 3576 ἱιιδιὶιιι·

2301 3609 2434 3655 tum.

2293 3716 2419 3772 Car.
2450 3715 2494 3771 ἰ.
2516 3744 2585 3756 -—
2605 3715 2814 3772 iustum
2838 3722 2892 3770 et
2912 3713 3248 3779 rationabile,
3280 3710 3636 3777 dilectissimi,
3676 3724 3816 3781 vera:

2222 3807 2435 3879 pietatis
2461 3806 2776 3876 obsequium
2805 3816 2909 3871 est,
2944 3808 2996 3861 in
3024 3806 3217 3861 diebus
3243 3804 3332 3873 qui
3356 3804 3550 3859 divinae
3593 3803 3813 3865 miseri-

2297 3989 2315 4029 ί
2360 3991 2413 4045 1η
2438 3990 2597 4045 editis
2636 3999 2691 4045 et
2730 3991 2933 4059 aliquot
2960 3990 3143 4052 codd.,
3178 3991 3442 4043 excitatos.
3486 3988 3813 4055 Quesnellus

2221 4061 2272 4115 in
2318 4063 2576 4125 margine.
2608 4062 2739 4130 forte
2777 4063 2999 4126 excitos;
3028 4076 3183 4128 quam
3210 4061 3493 4114 lcetiouem
3520 4076 3637 4130 cum
3667 4061 3811 4113 nacti

2221 4131 2389 4185 simus
2415 4134 2465 4186 in
2494 4128 2703 4186 duobus
2735 4149 2861 4185 ιιιες.
2910 4132 2966 4187 S.
3017 4130 3178 4193 l’ctri,
3209 4141 3257 4183 et
3290 4130 3501 4183 duobus
3550 4128 3699 4197 νειμ,
3752 4145 3814 4184 ac

2228 4218 2331 4255 uno
2365 4202 2571 4263 Patav.,
2597 4204 2761 4255 textui
2792 4205 3028 4255 inserere
3061 4218 3163 4254 non
3192 4200 3567 4253 dubitavimus.

2293 4282 2318 4322 8
2362 4274 2486 4326 Post
2517 4274 2736 4327 verbum
2764 4273 3019 4335 perduxit,
3049 4274 3160 4329 haec
3200 4272 3303 4324 alia
3341 4271 3515 4324 addita
3550 4270 3806 4339 leguntur

2223 4342 2273 4396 in
2306 4342 2477 4397 Codd.
2508 4348 2717 4397 exvusis
2752 4361 2762 4395 :
2793 4342 2852 4396 Et
2876 4354 3005 4396 recte
3030 4343 3337 4394 intumtibus
3378 4341 3604 4411 quotidie
3632 4359 3807 4411 appa-

2220 4430 2330 4468 rere
2362 4431 2461 4467 non
2488 4415 2690 4467 desinit.
2725 4412 2786 4469 Et
2812 4414 2854 4465 si
2883 4415 3043 4481 potuit
3076 4423 3246 4465 thlilm
3273 4416 3439 4478 facere
3466 4410 3731 4466 Christum
3758 4413 3811 4464 in

2220 4484 2439 4551 infantia
2468 4486 2725 4537 latentem.
2757 4496 2945 4552 quanto
2980 4485 3139 4549 magis
3183 4493 3342 4548 potest
3370 4484 3599 4536 eumdem
3639 4484 3811 4534 mani-

2221 4552 2405 4621 festare
2429 4557 2478 4626 in
2506 4558 2767 4626 majestate
2796 4565 3085 4626 regnantem
3110 4554 3130 4607 !
3160 4558 3287 4618 Quae
3309 4554 3513 4626 c_um_in
3550 4554 3811 4605 omnibus

2222 4639 2355 4748 gnos
2382 4624 2487 4678 vidi
2518 4624 2755 4678 melioris
2787 4635 2924 4678 ﬂOl-l'
2953 4625 3109 4679 codd.
3146 4640 3277 4678 mss.
3308 4624 3711 4686 desiderentur,
3750 4624 3802 4676 in

2264 4696 2431 4747 uobns
2472 4696 2675 4748 scilicet
2706 4694 2976 4748 Tlntancis
3003 4703 3055 4747 et
3085 4710 3188 4748 uno
3224 4693 3525 4748 Corheinsi.
3574 4692 3802 4747 dubium

2264 4696 2431 4747 uobns
2472 4696 2675 4749 scilicot
2706 4694 2976 4748 Tlniancis
3003 4703 3055 4747 et
3085 4710 3188 4748 uno
3224 4693 3525 4753 Corheinsi,
3574 4692 3806 4747 dubium

2225 4780 2327 4817 non
2358 4777 2458 4825 ρει.
2484 4778 2539 4818 ut
2567 4765 2693 4818 milti
2724 4766 2932 4833 qudem
2965 4765 3192 4831 videtur,
3218 4767 3341 4832 quin
3366 4779 3430 4819 ex
3454 4774 3812 4818 annutattone

2225 4838 2498 4901 margittali
2555 4837 2779 4904 alicuju~
2811 4838 3110 4905 astrologia:
3146 4835 3259 4905 plus
3304 4852 3455 4902 aequo
3503 4833 3691 4895 dediti,
3757 4835 3807 4887 in

2230 4912 2427 4961 textum
2457 4908 2666 4963 tandem
2698 4904 3029 4972 irrepserunt.
3064 4904 3167 4961 Sed
3192 4905 3270 4956 νυι
3297 4906 3405 4973 ipsa
3433 4913 3607 4957 textus
3634 4918 3657 4954 s
3702 4904 3815 4959 rics

2226 4979 2574 5047 cvpttttgenda
2629 4993 2747 5031 esse
2786 4978 2874 5029 illa
2907 4977 3063 5030 verba
3114 4978 3390 5047 manileue
3441 4977 3811 5047 demonstrat.

2227 5044 2429 5112 Quesn:
2452 5079 2520 5087 -—
2544 5047 2645 5103 I313
2681 5048 2877 5116 pariter
2918 5048 3079 5099 verba
3110 5046 3303 5099 absunt
3334 5063 3359 5096 a
3393 5044 3548 5099 codd.
3585 5045 3808 5100 Celeri.

2228 5120 2250 5170 1
2290 5129 2343 5172 et
2394 5118 2448 5182 2,
2484 5134 2581 5172 nec
2631 5135 2732 5171 nou
2765 5134 2791 5169 a
2835 5118 3149 5180 quihusdam
3202 5116 3396 5170 nostris
3451 5116 3760 5179 Lecltqunri
3789 5132 3816 5167 s

2226 5186 2437 5248 Patav.,
2464 5189 2684 5250 Veneto,
2708 5198 2814 5241 etc.
2840 5188 2989 5254 Quod
3018 5189 3058 5239 si
3088 5187 3134 5238 in
3164 5201 3291 5239 mss.
3311 5185 3366 5242 S.
3387 5185 3522 5239 Petri
3556 5189 3815 5256 leguntur

2228 5258 2361 5326 nihil
2381 5270 2587 5312 moveat
2608 5278 2619 5310 :
2638 5275 2755 5311 nam
2782 5270 2899 5326 post
2922 5272 3105 5323 vocem
3134 5266 3427 5324 regnantem
3452 5256 3641 5308 habent
3688 5273 3813 5307 enm

2231 5322 2387 5381 Patre
2414 5340 2457 5382 et
2492 5329 2691 5396 Spiritu
2720 5322 2894 5382 sancto
2932 5332 2982 5380 in
3021 5322 3209 5381 διεσαιὰ
3248 5329 3569 5393 swculorum,
3601 5325 3814 5390 Amen;

2227 5407 2281 5453 et
2311 5415 2430 5452 mox
2464 5400 2737 5466 subjicitur
2783 5418 2793 5449 :
2840 5396 3000 5469 Cujus
3042 5399 3214 5465 utique
3244 5396 3540 5469 (animatus,
3569 5409 3673 5449 etc.
3734 5396 3813 5469 Ea

2228 5476 2402 5522 autem
2462 5464 2716 5533 clausula,
2750 5486 2860 5521 cum
2910 5464 3098 5531 Patre,
3129 5464 3258 5531 etc.,
3290 5478 3413 5521 ante
3467 5466 3621 5521 linem
3683 5464 3812 5537 3dr-

2228 5541 2401 5593 mouis
2434 5542 2651 5599 inserta.
2689 5556 2871 5592 eortnn
2920 5541 3201 5594 verborum
3249 5538 3597 5593 intrusioizem
3628 5539 3815 5607 magis

2228 5610 2505 5679 magisque
2532 5610 2829 5663 conﬁrmat.

2296 5675 2325 5717 ¹ι
2364 5675 2541 5750 Prima
2568 5681 2753 5743 editio,
2784 5698 2887 5750 qua
2912 5697 3084 5734 omnes
3112 5681 3393 5734 invitantur
3415 5680 3485 5750 ad
3508 5678 3810 5750 Christum.

2303 5750 2322 5788 ¹
2362 5749 2494 5807 Cod.
2524 5749 2581 5806 S.
2616 5748 2892 5821 Petri,_De
2920 5751 3213 5823 Epiphania
3233 5762 3409 5806 contra
3431 5748 3782 5805 Manichaaos.
