3994 6354
1603 370 1838 429 SEBMO
1874 369 2113 441 XXXIV.

3382 374 3494 447 140,

433 488 597 545 opera
617 486 1010 549 protestantur,
1032 488 1144 539 toto
1171 480 1335 537 corde
1363 480 1602 553 gaudere
1627 490 1681 537 et
1702 483 1803 541 bo-
1829 486 1884 567 ᾼ
1908 494 2067 557 atque
2092 486 2366 555 doctores,
2411 488 2555 559 Quod
2586 499 2735 553 sacra
2766 488 2835 555 d9
2860 495 2981 547 οηιι
3008 486 3209 565 Christi
3238 504 3492 561 praenun-

212 566 431 633 tiat-ilico
460 583 524 624 ea
546 586 671 640 qua
698 572 769 627 ad
798 573 1025 629 salutem
1057 583 1298 635 nostram
1327 584 1475 644 gesta
1505 584 1630 630 sunt
1662 574 1803 637 cele-

206 661 363 719 brare
399 679 410 711 :
436 672 667 719 vocante
692 678 792 719 nos
820 664 887 729 ad
918 665 1057 722 hanc
1082 666 1426 723 devotionem
1472 666 1585 736 ipsa
1617 681 1802 723 recur-

207 752 437 805 rrntium
467 763 772 822 temporum
795 756 932 828 lege,
948 774 1067 827 qua:
1085 759 1237 817 nobis
1260 766 1382 829 post
1407 768 1433 796 °
1458 759 1599 817 diem
1629 760 1679 815 in
1696 774 1801 828 quo

206 852 504 899 coturnus
536 846 682 903 Patri
707 848 873 905 Filius
901 851 992 907 Dei
1013 862 1171 907 natus
1192 868 1257 908 ex
1288 852 1503 925 Virgine
1525 863 1627 919 est,
1653 854 1799 921 brevi

205 936 488 993 intervallo
540 939 858 1011 Epiphania:
893 944 1073 1000 intulit
1097 944 1315 1011 festum,
1352 960 1419 1000 ex
1462 946 1800 1017 apparitione

205 1018 414 1085 Domini
430 1044 829 1089 consecratum.
848 1036 903 1090 In
923 1052 1028 1109 quo
1046 1038 1168 1092 lidei
1187 1049 1384 1094 nostrae
1403 1054 1652 1107 magnum
1671 1053 1800 1108 prte-

204 1120 390 1177 sidium
418 1124 755 1193 providentia
785 1127 961 1182 divina
993 1130 1301 1195 constituit,
1331 1138 1387 1195 ut
1412 1129 1537 1185 dum
1567 1131 1798 1187 solemni

206 1217 549 1281 veneratione
573 1216 600 1256 δ
622 1219 878 1275 recolitur
906 1221 1122 1275 adorata
1155 1222 1206 1276 in
1249 1223 1491 1279 exordiis
1530 1224 1641 1278 suis
1674 1222 1799 1279 Sal-

205 1306 402 1371 vatoris
446 1308 695 1378 infantia,
729 1326 825 1380 per
855 1313 969 1383 ipsa
1010 1314 1291 1383 originalia
1320 1313 1639 1371 documenta
1668 1331 1796 1386 pro-

204 1399 415 1469 Iuretus
443 1412 466 1441 ο
492 1406 606 1459 veri
632 1406 684 1459 in
710 1405 830 1474 ipso
851 1405 1082 1461 hominis
1111 1417 1229 1463 orta
1256 1417 1465 1471 natura.
1494 1408 1648 1481 123
1682 1408 1793 1465 Hoc

203 1494 335 1551 enim
358 1504 448 1549 est
469 1495 617 1565 quod
641 1497 904 1565 iustiﬁcat
932 1499 1149 1569 impios,
1174 1499 1278 1557 hoc
1308 1508 1391 1555 est
1416 1502 1557 1569 quod
1584 1518 1647 1556 ex
1673 1516 1795 1571 pec-

201 1589 465 1642 catoribus
504 1587 636 1644 facit
663 1599 898 1659 sanctos,
938 1592 983 1645 si
1015 1592 1066 1646 in
1096 1607 1205 1647 uno
1228 1591 1527 1662 eodemque
1557 1592 1788 1648 Domino

199 1690 378 1763 nostro
419 1681 553 1737 lesu
581 1682 797 1738 Christo
822 1692 876 1740 et
904 1700 1030 1739 vera
1050 1684 1255 1751 Deitas,
1286 1695 1341 1747 et
1368 1701 1495 1742 vera
1540 1687 1793 1745 credatur

198 1771 501 1853 humanitas
531 1796 546 1831 :
572 1776 773 1841 Deitas,
805 1792 908 1845 qua
948 1787 1074 1833 ante
1102 1778 1279 1834 omnia
1319 1779 1513 1835 saecula
1538 1780 1589 1833 in
1620 1778 1791 1837 forma

1910 578 2132 651 tiaverat
2163 578 2463 648 Scriptura,
2496 568 2832 646 didicerunt;
2861 590 2919 635 ut
2939 582 3153 652 gemino
3187 582 3493 639 testimonio

1904 671 2228 742 conﬁrmati,
2260 674 2555 741 ardentiori
2586 674 2689 737 lide
2716 681 3031 745 expeterent
3051 690 3209 745 quem
3240 685 3291 729 et
3319 675 3491 729 Slelltc

1903 764 2118 827 claritas
2147 774 2197 821 et
2225 752 2520 833 prophetiae.
2545 766 2918 843 manifestabat
2938 762 3249 839 auctoritas.
3277 748 3492 841 Prolata

1902 870 2082 917 autem
2123 857 2304 921 divino
2338 858 2554 931 oraculo
2603 874 2696 927 per
2738 874 2993 929 responsa
3047 842 3382 937 pontiﬁcum,
3440 866 3494 914 et

1902 950 2171 1017 declarata
2200 953 2420 1022 spiritus
2463 966 2617 1019 voce,
2646 968 2763 1022 qua!
2791 952 2918 1007 dicit
2952 972 2964 1006 :
2995 952 3058 1005 Et
3088 950 3164 1018 tn,
3204 938 3487 1019 Bethleem,

1901 1052 2037 1097 terra
2064 1043 2229 1110 Juda,
2261 1051 2287 1091 8
2321 1060 2424 1098 non
2453 1060 2503 1099 es
2527 1044 2741 1098 minima
2768 1044 2902 1098 inter
2930 1034 3187 1114 principes
3216 1043 3359 1097 Iuda
3388 1060 3405 1097 :
3429 1060 3492 1098 ex

1903 1144 1951 1189 te
1967 1136 2097 1189 enim
2119 1137 2247 1190 exiet
2264 1137 2371 1190 dux
2388 1136 2475 1204 qui
2494 1144 2637 1207 regat
2656 1134 2899 1205 populum
2922 1152 3088 1188 meum
3112 1133 3280 1189 Israel
3298 1132 3487 1207 (Mica.

1902 1243 1957 1294 v,
1982 1226 2043 1292 2;
2078 1226 2266 1283 Matth.
2294 1242 2353 1293 tt,
2388 1225 2451 1299 6)
2482 1244 2495 1282 :
2524 1242 2682 1298 quam
2711 1226 2867 1281 facile
2893 1238 2947 1281 et
2973 1243 3129 1299 quam
3154 1240 3491 1293 consequens

1899 1318 2000 1376 fuit
2030 1330 2087 1377 ut
2133 1319 2481 1385 Hebraeorum
2527 1334 2787 1389 proceres
2823 1318 3105 1374 crederent
3140 1306 3298 1391 124
3341 1314 3487 1385 quod

1899 1414 2181 1475 docebant.
2215 1412 2322 1473 Sed
2349 1424 2571 1484 apparet
2618 1412 2737 1467 illos
2774 1413 3065 1467 carnaliter
3109 1398 3228 1463 cum
3274 1406 3489 1464 Herode

1898 1508 2162 1578 sapuisse,
2193 1517 2245 1563 et
2294 1522 2514 1573 regnum
2570 1506 2768 1562 Christi
2820 1519 3110 1575 commune
3156 1516 3277 1557 cum
3331 1503 3489 1571 hujus

1898 1598 2080 1661 mundi
2108 1598 2461 1669 potestatibus
2494 1596 2795 1651 aestimasse
2826 1612 2838 1649 :
2866 1604 2923 1648 ut
2949 1605 3001 1649 et
3029 1594 3110 1647 isti
3138 1593 3487 1662 temporalem

1894 1700 2175 1759 sperarent
2212 1688 2424 1754 ducem,
2458 1698 2510 1742 et
2543 1696 2812 1741 terrenum
2847 1695 3110 1743 metueret
3138 1685 3227 1739 ille
3259 1699 3483 1740 consor-

1897 1789 2029 1837 tem.
2054 1780 2363 1850 Superlluo,
2394 1781 2653 1851 llerodes,
2686 1780 2879 1834 timore
2926 1778 3175 1845 turbaris,
3205 1786 3258 1832 et
3290 1777 3486 1833 frustra

196 1864 279 1922 Dei
302 1866 533 1934 aqualis
555 1875 640 1922 est
658 1867 801 1922 Patri
823 1883 837 1931 ;
863 1868 1189 1935 humanitas,
1212 1884 1314 1939 qua
1340 1872 1651 1925 novissimis
1674 1871 1786 1925 die-
1817 1873 1865 1937 B
1895 1872 1948 1931 in
1980 1884 2286 1942 suspecmm
2320 1872 2411 1927 tibi
2460 1888 2682 1941 puerum
2712 1873 2902 1926 saevire
2941 1870 3168 1924 moliris.
3198 1868 3311 1924 Non
3344 1870 3487 1940 capit

195 1958 286 2013 bus
305 1961 360 2014 iu
384 1958 565 2014 forma
590 1962 730 2015 servi
760 1961 939 2017 unitus
966 1970 1049 2017 est
1071 1961 1293 2017 homini.
1324 1964 1403 2027 Ad
1428 1963 1783 2023 roborandam

193 2065 312 2121 ergo
336 2050 482 2107 hanc
507 2052 693 2120 fidem,
725 2068 844 2123 quae
865 2064 1047 2109 contra
1073 2070 1259 2111 omnes
1280 2052 1308 2092 ἀ
1333 2058 1786 2125 ρι’ςρηιιιηίθωιιιιδ

192 2156 428 2209 errores,
453 2159 523 2199 ex
559 2158 748 2214 magna
777 2154 986 2215 gestum
1014 2158 1093 2201 εει
1124 2145 1287 2203 divini
1320 2148 1518 2217 pietate
1548 2149 1783 2213 consilii,

192 2245 402 2308 utgens
432 2237 487 2292 in
525 2236 813 2306 longinqua
862 2237 1147 2293 Orientalis
1191 2238 1363 2309 plagae
1397 2240 1615 2310 regione
1647 2256 1780 2307 con-

189 2327 402 2391 sistens,
449 2343 575 2396 quie
615 2328 1025 2397 spectandorum
1075 2329 1312 2384 siderum
1361 2341 1474 2399 arte
1522 2332 1781 2399 pollebat,

188 2417 396 2487 signum
435 2420 552 2472 nati
582 2420 734 2489 pueri
767 2421 858 2488 qui
888 2434 1047 2489 supra
1082 2435 1299 2475 omnem
1326 2420 1488 2475 Israel
1522 2434 1664 2483 esset
1695 2439 1783 2478 re-

188 2519 471 2580 gnaturus,
505 2512 799 2580 acciperet.
829 2509 979 2565 Nova
1012 2513 1211 2567 etenim
1242 2513 1458 2577 claritas
1489 2514 1629 2583 apud
1674 2531 1787 2568 ma-

185 2619 273 2677 gos
296 2606 481 2661 stella:
510 2607 824 2663 illustrioris
848 2610 1114 2679 apparuit,
1138 2616 1193 2663 et
1224 2610 1543 2675 intuentium
1576 2614 1785 2667 animos

187 2684 248 2753 ita
264 2698 644 2755 admiratione
664 2701 747 2755 sui
764 2700 1067 2770 splendoris
1088 2700 1349 2772 implevit,
1374 2711 1431 2757 ut
1448 2720 1784 2775 nequaquam

186 2792 275 2857 sibi
304 2792 612 2848 crederent
660 2792 1058 2865 negligendum,
1090 2796 1233 2865 quod
1265 2804 1412 2849 tanto
1441 2798 1786 2852 nuntiabatur

190 2893 210 2920 ο
236 2885 466 2941 indicio.
494 2885 739 2941 Prazerat
763 2897 965 2954 autem,
998 2890 1133 2943 sicut
1166 2904 1253 2944 res
1282 2889 1484 2957 docuit,
1520 2891 1642 2946 huic
1679 2892 1784 2946 mi-

188 2979 361 3037 raculo
389 2979 575 3050 gratia
626 2978 754 3045 Dei;
801 2988 855 3033 et
896 2996 1019 3036 cum
1067 2978 1263 3035 Christi
1309 2983 1639 3038 nativitatem
1688 2999 1786 3039 nec

188 3060 287 3143 ipsa
319 3075 511 3129 adhuc
545 3075 819 3139 Bethleem
853 3083 961 3129 tota
986 3075 1284 3143 didicisset,
1309 3076 1421 3147 jam
1455 3078 1595 3131 illam
1620 3078 1788 3133 credi-

189 3167 311 3231 toris
354 3168 625 3238 gentibus
668 3166 1053 3223 inferebatzet
1104 3169 1246 3237 quod
1296 3169 1532 3224 nondum
1574 3180 1784 3238 poterat

191 3247 424 3319 humano
456 3260 682 3331 eloquio
711 3261 924 3330 disseri,
957 3263 1096 3318 coelo
1123 3260 1352 3318 faciebat
1381 3265 1785 3336 evangelizante
1812 3246 1859 3311 σε

193 3367 461 3424 cognosm.

248 3447 384 3500 Car.
415 3442 479 3499 ll.
504 3474 579 3486 -——
596 3444 850 3514 Quamvis
872 3455 1052 3501 autem
1081 3446 1271 3503 diviute
1295 3448 1619 3517 dignationis
1642 3461 1786 3506 esset

192 3532 283 3591 hoc
320 3552 556 3605 munus,
588 3548 651 3592 ut
680 3539 1022 3607 agnoscibilis
1066 3541 1311 3610 gentibus
1341 3538 1493 3597 fieret
1534 3546 1785 3599 nativitas

193 3618 515 3702 Salvatoris,
550 3630 618 3693 ad
652 3622 1053 3709 intelligendum
1083 3642 1261 3688 tamen
1310 3636 1624 3690 miraculum
1650 3639 1785 3709 signi

192 3738 484 3805 potuerunt
534 3732 675 3800 magi
705 3733 862 3787 etiam
890 3732 958 3789 de
1001 3727 1236 3804 antiquis
1268 3728 1481 3783 Balaam
1534 3746 1787 3795 βτίνιιυη-

194 3815 509 3879 lialionibus
546 3824 897 3891 COmmoneri,
919 3823 1153 3879 scientes
1174 3826 1299 3879 olim
1326 3835 1453 3882 esse
1475 3821 1786 3895 przrdtctum

194 3919 243 3963 et
265 3910 473 3965 celebri
502 3914 765 3968 memoria
793 3914 1121 3970 dillamatum
1147 3933 1164 3972 ε
1192 3916 1401 3971 Orietur
1430 3919 1579 3971 stella
1604 3930 1667 3973 ex
1692 3911 1789 3973 Ja-

194 3994 297 4086 cob,
327 4014 376 4058 et
400 4016 649 4077 exsurget
670 4006 823 4061 homo
843 4024 905 4061 ex
926 4005 1114 4073 Israel,
1134 4018 1179 4063 et
1196 4010 1546 4064 dominabitur
1565 4014 1790 4084 gentium

194 4093 393 4159 (Nam.
430 4111 585 4160 xxiv,
616 4094 743 4167 17).
774 4096 907 4153 Tres
952 4098 1133 4168 itaque
1160 4101 1285 4167 viri,
1336 4101 1539 4173 fulgore
1592 4104 1790 4157 insoliti

195 4188 386 4243 sideris
418 4188 686 4243 divinitus
716 4190 946 4261 incitati,
982 4192 1237 4261 praevium
1286 4196 1534 4249 micantis
1576 4195 1791 4249 luminis

196 4294 415 4334 cursum
468 4290 796 4349 sequuntur,
846 4283 1218 4339 existimantes
1264 4300 1323 4340 se
1366 4283 1385 4323 ί
1435 4285 1788 4357 significatum

195 4376 422 4443 puerum
453 4372 813 4443 Jerosolymis
838 4374 890 4428 in
913 4374 1127 4430 civitate
1150 4377 1296 4446 regia
1325 4387 1652 4445 repertun-os.
1684 4376 1792 4432 Sed

195 4478 312 4539 cum
341 4479 442 4521 eos
465 4464 587 4520 haec
607 4465 790 4536 Opinio
811 4452 1113 4536 fefellisset,
1140 4483 1235 4547 per
1256 4467 1562 4523 Judaeorum
1588 4469 1793 4524 scribas

1889 1948 2159 2020 Christum
2188 1961 2214 1999 δ
2247 1964 2396 2031 regio
2426 1971 2536 2029 tua,
2567 1978 2667 2018 nec
2698 1962 2879 2017 mundi
2913 1961 3168 2014 Dominus
3208 1962 3486 2030 potestatis

1889 2065 1995 2113 tua:
2025 2056 2221 2125 sceptri
2254 2067 2335 2111 est
2366 2066 2651 2110 contentus
2694 2055 2975 2125 angustiis.
3020 2054 3189 2120 Quem
3222 2052 3273 2107 in
3301 2051 3481 2107 Judzea

1888 2165 2117 2219 regnare
2159 2164 2261 2202 nou
2298 2150 2402 2211 vis,
2435 2148 2629 2218 ubique
2658 2156 2879 2216 regnat;
2913 2156 2965 2201 et
2996 2144 3207 2199 felicius
3238 2143 3354 2212 ipse
3400 2156 3483 2199 re-

1886 2220 2104 2311 gnares,
2136 2240 2179 2293 si
2211 2242 2327 2309 ejus
2357 2240 2583 2311 imperio
2617 2239 2730 2307 ipse
2761 2237 3093 2292 subdereris.
3123 2236 3231 2291 Cur
3272 2237 3484 2291 sincero

1888 2314 2067 2409 ofﬁcio
2115 2348 2220 2384 non
2272 2330 2404 2385 lacis
2446 2330 2588 2401 quod
2632 2328 2854 2385 Subdola
2902 2327 3132 2383 falsitate
3185 2327 3485 2396 promittis?

1890 2422 2060 2495 l’erge
2087 2439 2207 2478 cum
2240 2425 2427 2493 magis,
2459 2433 2510 2477 et
2541 2436 2727 2489 verum
2771 2437 2953 2491 regem
3000 2421 3314 2490 suppliciter
3354 2421 3485 2476 ado-

1888 2516 2059 2570 rando
2085 2532 2361 2570 venerare.
2391 2502 2495 2573 Sed
2518 2526 2591 2580 tu,
2617 2504 2855 2570 Iudaicae
2890 2514 3174 2584 sequacior
3198 2515 3479 2581 caecitatis,

1889 2594 1998 2661 non
2050 2608 2273 2660 imitaris
2319 2608 2553 2675 gentium
2594 2604 2775 2670 fidem,
2814 2620 3013 2673 corque
3054 2618 3366 2676 perversum
3416 2602 3482 2660 ad

1889 2702 2139 2756 crudeles
2170 2703 2435 2755 Convertis
2461 2700 2707 2768 insidias,
2732 2714 2831 2754 nec
2854 2700 3000 2757 illum
3024 2694 3298 2754 occisurus
3319 2713 3481 2768 quem

1889 2797 2108 2857 metuis,
2140 2809 2235 2848 nec
2266 2794 2369 2846 illis
2399 2794 2676 2846 nociturus
2701 2806 2839 2862 quos
2868 2793 3108 2860 perimis.

1960 2884 2089 2939 CAP.
2123 2883 2211 2943 ΙΙΙ.
2236 2913 2309 2923 -
2330 2883 2555 2938 DeduCti
2588 2882 2767 2953 igitur,
2816 2880 3169 2955 dilecrissimi,
3210 2880 3264 2935 in
3314 2880 3479 2936 Beth-

1889 2979 2029 3034 leem
2100 2979 2237 3049 magi
2306 2977 2480 3033 stella:
2530 2977 2884 3047 praecedentis
2956 2976 3255 3043 obsequio,
3321 2976 3482 3047 gavisi

1886 3080 2006 3126 sunt
2032 3074 2223 3142 gaudio
2262 3086 2446 3149 magno
2476 3070 2648 3135 valde,
2677 3071 2815 3125 sicut
2854 3069 3176 3139 evangelista
3208 3071 3477 3134 narravit;

1888 3150 1935 3224 et
1964 3171 2214 3225 intrantes
2257 3169 2485 3233 domum,
2532 3169 2829 3221 invenerunt
2879 3182 3092 3235 puerum
3143 3178 3260 3219 cum
3303 3162 3480 3219 Maria

1890 3273 2052 3319 matre
2081 3267 2226 3338 ejus;
2251 3272 2300 3317 et
2332 3262 2651 3330 procidentes
2676 3246 3018 3341 adoraverunt
3038 3273 3193 3325 eum;
3219 3269 3267 3341 et
3293 3258 3483 3329 apertis

1892 3362 2147 3416 thesauris
2177 3361 2305 3424 suis,
2339 3358 2634 3433 obtulerunt
2675 3359 2721 3423 ei
2757 3374 2986 3424 munera,
3033 3360 3237 3423 aurum,
3287 3354 3406 3409 tltus
3434 3366 3482 3410 et

1893 3452 2156 3529 myrrham
2198 3450 2424 3523 (Matth.
2474 3468 2533 3518 lt,
2583 3451 2670 3516 10,
2714 3448 2831 3521 11).
2942 3447 3193 3523 perfectae
3243 3450 3481 3503 scientia

1894 3544 2197 3599 mirabilem
2231 3542 2411 3611 ﬁdem,
2444 3558 2604 3612 quam
2635 3556 2741 3597 non
2770 3551 2980 3595 terrena
3010 3539 3271 3610 sapientia
3304 3540 3481 3595 erudi-

1892 3620 1991 3701 vit,
2023 3636 2117 3690 sed
2141 3635 2369 3701 Spiritus
2393 3643 2611 3688 sanctus
2638 3632 2898 3689 instituit!
2934 3632 3087 3689 Unde
3106 3634 3249 3687 enim
3275 3631 3329 3686 hi
3354 3632 3479 3701 viri,

1895 3742 2016 3781 cum
2046 3726 2517 3797 proficiscerentur
2537 3726 2604 3781 de
2629 3726 2821 3794 putria,
2850 3724 2942 3795 qui
2970 3725 3207 3779 nondum
3237 3722 3484 3779 viderant

1896 3821 2103 3888 .lesum,
2142 3819 2156 3857 ί
2188 3836 2284 3875 nec
2320 3818 2521 3888 aliquid
2568 3819 2810 3872 contuitu
2837 3820 2976 3887 ejus,
3008 3816 3153 3887 quod
3199 3827 3305 3870 tam
3336 3816 3483 3871 ordi-

1896 3925 2020 3967 nate
2050 3921 2455 3979 veuerarentur,
2484 3913 2847 3975 adverterant.
2892 3909 3027 3963 hanc
3066 3907 3480 3963 deferendomm

1894 4019 2176 4064 numerum
2207 4017 2493 4058 servavere
2521 4002 2819 4057 rationem?
2840 4001 2944 4055 nisi
2973 4001 3093 4069 quia
3118 4010 3315 4069 praeter
3336 4002 3483 4057 illam

1895 4104 2065 4156 Stellae
2106 4099 2363 4169 speciem,
2406 4112 2527 4166 quas
2565 4108 2886 4165 corporeum
2933 4096 3177 4149 incitavit
3214 4097 3481 4163 obtutum,

1898 4190 2186 4262 fulgentior
2213 4188 2457 4247 veritatis
2481 4189 2662 4243 radius
2688 4202 2874 4243 eorum
2896 4190 3057 4241 corda
3091 4189 3398 4257 perdocuit;
3428 4198 3485 4245 ut

1900 4284 2214 4354 priusquam
2242 4284 2456 4336 labores
2502 4279 2715 4336 itineris
2747 4278 3084 4344 inchoarent,
3132 4286 3250 4333 eum
3282 4279 3381 4333 sibi
3412 4280 3485 4334 sio

1898 4377 2143 4446 gnilicari
2184 4376 2566 4444 intelligerent,
2597 4373 2684 4429 cui
2719 4371 2772 4426 in
2796 4384 2930 4424 auro
2975 4368 3152 4440 regius
3203 4369 3396 4435 honor,
3432 4372 3487 4425 in

1902 4470 2058 4525 thure
2086 4470 2266 4524 divina
2310 4456 2610 4545 veneratio,
2636 4464 2691 4521 in
2723 4461 2945 4537 myrrha
2983 4462 3323 4545 mortalitatis
3353 4470 3488 4518 con-

264 4649 291 4718 f
331 4638 673 4718 Quesnellus
701 4641 805 4697 hoc
830 4642 948 4718 loco
974 4642 1200 4718 addidit,
1249 4646 1426 4709 istum,
1474 4645 1615 4713 quod
1646 4656 1699 4700 et
1728 4647 1795 4701 ab
1825 4649 1878 4708 D
1903 4644 2247 4718 signiﬁcatum
2273 4644 2372 4698 sibi
2403 4648 2639 4718 puerum.

197 4712 315 4765 aliis
362 4713 559 4785 editis,
591 4721 701 4766 eta
734 4715 934 4769 nostris
982 4729 1111 4769 mss.
1145 4717 1315 4777 abest,
1364 4725 1418 4770 et
1468 4712 1629 4770 sensu
1680 4718 1799 4785 ipso

197 4783 514 4851 postulante
560 4786 974 4853 espuugendum
1019 4786 1132 4840 fuit.
1181 4786 1369 4841 Melius
1410 4802 1532 4841 cum
1561 4804 1663 4841 ms.
1701 4783 1801 4842 Ve-

198 4868 344 4916 rum,
378 4854 541 4907 illum
571 4857 674 4924 legi
706 4864 908 4923 possiet.

266 4924 297 4962 δ
336 4924 438 4980 Sic
485 4927 823 4979 restituimus
848 4940 915 4981 ex
944 4927 1143 4980 nostris
1189 4928 1348 4982 codd.
1382 4937 1437 4983 et
1468 4928 1625 4983 editis
1674 4937 1802 4984 ante

196 4995 591 5063 Quesoelluiu,
621 4997 760 5065 apud
787 5012 971 5063 quem,
1003 4997 1211 5051 colitur.

273 5076 295 5104 ε
344 5066 429 5119 Ita
475 5067 585 5119 duo
612 5067 770 5121 codd.
803 5070 861 5122 S.
900 5069 1041 5123 Petri
1070 5078 1123 5120 et
1154 5068 1258 5123 duo
1305 5069 1449 5137 Vat.,
1491 5085 1553 5124 ac
1603 5069 1799 5124 Veron.

200 5148 345 5191 una
376 5153 505 5191 cum
530 5138 838 5204 Qnsesuello.
858 5139 961 5193 Alii
985 5140 1136 5205 editi,
1156 5142 1261 5194 veri
1282 5141 1503 5195 hominis
1524 5144 1575 5195 in
1598 5140 1803 5196 Christo

200 5218 317 5261 orta
350 5219 575 5261 natura.

268 5274 301 5351 ἕ
347 5278 511 5351 Editi
550 5288 674 5334 ante
721 5279 1093 5351 Quesnellum,
1145 5283 1597 5351 pronuntiabatur,
1650 5290 1708 5337 ut
1750 5282 1805 5337 in

203 5350 373 5405 codd.
412 5350 626 5403 collect.
659 5352 693 5404 ὅ
722 5360 777 5404 et
801 5348 855 5404 4.
886 5350 1066 5406 Secuti
1103 5348 1288 5406 sumus
1315 5348 1590 5419 Quesnelli
1621 5351 1809 5408 lectio-

206 5434 357 5485 nem,
421 5435 584 5487 quam
628 5435 761 5477 mss.
795 5421 853 5478 S.
902 5419 1047 5475 Petri
1075 5432 1127 5476 et
1156 5422 1260 5476 duo
1294 5424 1410 5477 Vat.
1464 5426 1807 5479 conlirmaut.

207 5489 344 5544 Cod.
406 5490 629 5564 Verum,
679 5491 1019 5564 muniebatur.
1074 5494 1219 5558 Mox,
1266 5495 1455 5563 factum
1484 5504 1555 5549 est
1588 5511 1683 5563 pro
1724 5510 1811 5564 ge-

208 5570 353 5614 stus
380 5570 481 5627 est,
513 5561 564 5615 iu
595 5576 704 5617 uno
728 5562 847 5618 Vat.
879 5562 1094 5618 collect.
1120 5568 1173 5620 5.

286 5642 312 5667 ο
356 5630 422 5707 lu
456 5631 628 5707 tribus
656 5635 856 5707 nostris
884 5634 1041 5689 codd.
1075 5649 1137 5689 ac
1168 5637 1333 5704 prima
1381 5636 1637 5701 editione,
1661 5637 1811 5707 judi-

368 5702 543 5757 l’aulo
572 5714 724 5772 post,
757 5706 923 5758 dicere
966 5720 1062 5773 pro
1086 5702 1272 5761 disseri
1317 5708 1370 5762 in
1416 5708 1623 5762 duobus
1661 5702 1808 5761 'mss.

214 5772 273 5827 S.
308 5772 481 5827 Petri.
519 5773 618 5829 Ms.
657 5774 881 5840 Veron.,
926 5777 1135 5831 discere.

292 5841 314 5882 ‘
363 5842 548 5903 Prima
575 5846 740 5901 editio
771 5854 827 5902 et
857 5862 995 5902 unus
1018 5845 1163 5911 Vat.,
1189 5850 1443 5912 signatum
1464 5867 1476 5881 ·
1507 5850 1641 5904 alius
1665 5850 1812 5910 Vat..

1977 4726 2002 4763 ε
2042 4713 2117 4771 lta
2146 4726 2373 4784 quatuor
2403 4713 2523 4787 Vat:
2556 4727 2609 4769 et
2632 4713 2841 4787 Veron.
2863 4729 3000 4787 unus
3021 4728 3139 4769 cum
3173 4713 3484 4787 Quesnello,

1904 4799 1956 4841 et
1987 4788 2235 4841 similiter
2263 4800 2429 4840 serm.
2464 4784 2553 4848 32.
2582 4800 2632 4840 c.
2659 4786 2713 4841 3.
2747 4786 2847 4840 Alii
2875 4786 3024 4847 editi.
3053 4802 3372 4855 nequaquam
3392 4784 3491 4842 mi;

1904 4860 2043 4913 nimo
2070 4875 2145 4911 es.
2182 4860 2295 4911 Duo
2324 4856 2481 4910 codd.
2514 4858 2571 4911 S.
2609 4857 2774 4922 Petri,
2805 4874 2905 4909 non
2936 4858 3034 4910 eris
3066 4860 3294 4909 minima.

1976 4928 2005 4965 ιι
2043 4927 2222 4983 Prima
2252 4927 2441 4996 editio,
2472 4930 2610 4997 regia
2640 4936 2753 4985 tua.
2780 4944 2904 4981 cum
2939 4944 3038 4981 ms.
3085 4927 3284 4981 Veron.

1983 4999 2000 5037 ί
2046 4999 2224 5053 Prima
2249 4999 2411 5052 editio
2441 5014 2562 5052 cum
2593 5014 2693 5052 ms.
2727 4998 2931 5053 Veneto
2954 5007 3009 5051 et
3033 4999 3191 5052 codd.
3229 4998 3345 5053 Vat.
3375 5001 3491 5056 col-

1906 5072 2031 5125 lect.
2056 5069 2106 5133 5.
2141 5069 2175 5125 4
2198 5079 2253 5125 et
2274 5071 2327 5132 5,
2361 5085 2448 5123 nec
2477 5072 2651 5140 aliqua
2672 5072 2903 5123 contuitu
2925 5072 3056 5139 ejus.
3085 5069 3222 5135 quod
3249 5086 3362 5124 eum
3385 5082 3489 5125 tam

1907 5143 2143 5196 ordinate
2168 5150 2547 5194 venerarentur.
2580 5142 2841 5193 Similiter
2869 5145 2991 5193 rod.
3029 5141 3249 5202 Veron.,
3282 5142 3368 5205 qui
3395 5156 3485 5196 so-

1908 5213 2018 5267 lum
2063 5213 2263 5267 omittit
2309 5228 2443 5264 eum.
2489 5211 2666 5265 Editio
2713 5212 2970 5265 Rainaudi
3003 5226 3099 5278 pro
3141 5211 3277 5275 quod
3331 5212 3492 5266 habet

1909 5300 2031 5349 quo.
2063 5283 2194 5337 Cod.
2242 5282 2493 5337 Casanat.
2529 5283 2741 5337 collect.
2773 5290 2826 5345 ‘2,
2860 5298 2951 5335 nec
2982 5283 3192 5351 aliquod
3233 5287 3489 5347 contuitu,

1911 5370 2013 5423 quo
2035 5364 2139 5406 tam
2170 5354 2405 5409 ordinate
2426 5364 2809 5408 narrarentur.
2834 5355 3175 5420 Quesnellus,
3208 5354 3329 5408 licet
3358 5354 3491 5406 nihil

1915 5425 2133 5490 indicet,
2169 5440 2233 5479 ex
2264 5423 2348 5479 his
2392 5427 2556 5479 variis
2602 5426 2921 5479 lectionibus
2951 5440 3107 5479 unam
3155 5423 3493 5492 compegisse

1915 5495 2149 5559 videtur,
2180 5510 2339 5565 quam
2382 5495 2569 5550 nullibi
2603 5496 2901 5551 invenimus
2932 5514 2943 5548 :
2990 5494 3099 5548 Nec
3136 5494 3337 5565 aliquid
3367 5508 3493 5565 eon-

1916 5567 2047 5619 tuitu
2076 5563 2211 5636 ejus,
2233 5581 2335 5635 quo
2359 5581 2473 5620 eum
2501 5575 2604 5621 tam
2622 5567 2856 5621 ordinate
2878 5563 3254 5636 venerarentur.
3283 5563 3495 5636 Lectio-

1918 5651 2040 5691 nem
2070 5632 2295 5691 duorum
2317 5636 2479 5691 codd.
2503 5636 2562 5693 S.
2597 5636 2742 5691 Petri
2770 5646 2823 5692 et
2848 5654 2947 5692 ms.
2983 5634 3234 5690 Casinen.
3274 5632 3488 5691 collect.

1920 5708 1945 5761 1
1980 5706 2341 5779 exhibuimus.
2371 5708 2535 5763 Paulo
2556 5717 2697 5778 post,
2729 5709 2925 5778 signari
2946 5706 3059 5770 sibi,
3092 5720 3189 5775 pro
3208 5704 3308 5763 sibi
3332 5704 3494 5779 signi-

1919 5778 2066 5846 ﬁcari
2096 5779 2286 5849 legitur
2312 5780 2370 5833 in
2401 5780 2567 5836 prima
2594 5779 2849 5834 editione.
