3994 6354
505 414 612 471 ΞΠ

1643 386 1701 442 S.
1743 379 1991 440 LEONIS
2030 374 2247 435 MAGNI
2293 368 2680 429 SERMONES.

3693 359 3805 415 248

506 524 673 583 fessio
697 512 1006 578 deberetur.
1038 516 1107 571 Et
1151 514 1267 568 haec
1296 506 1535 577 quidem,
1566 510 1826 573 quantum
1868 497 1937 552 ad
1979 496 2103 549 illu-
2133 502 2187 563 Α
2212 490 2404 554 fuerit,
2451 487 2706 550 violatur,
2741 496 2839 537 nec
2868 480 3140 537 radiorum
3179 478 3310 534 solis
3347 477 3611 541 nitorem,
3642 489 3803 545 quem

506 614 861 675 minationem
894 611 1019 665 ﬁdei
1066 602 1389 677 pertinebat,
1423 604 1717 669 potuerunt
1757 593 1863 647 illis
1891 589 2097 646 credita

505 719 562 768 et
591 709 862 765 intellecta
890 703 1165 761 sufﬁcere,
1201 706 1258 751 ut
1307 689 1581 761 corporali
1630 685 1829 743 intuitu
1860 699 1966 738 non
2016 682 2102 736 in-

501 803 788 871 quirerent
829 793 972 866 quod
1002 784 1335 861 plenissimo!
1355 786 1473 839 visu
1506 781 1704 837 mentis
1734 779 2101 844 insocxerant.

508 870 616 949 Sed
644 887 921 961 diligentia
953 884 1160 955 sagacis
1184 880 1345 935 ofﬁcii
1376 892 1545 947 usque
1570 874 1636 928 ad
1659 870 1946 927 videndum
1977 881 2108 937 pue-

509 1004 629 1043 rum
662 958 1041 1056 perseverans,
1074 977 1233 1031 futuri
1273 970 1531 1041 temporis
1576 966 1791 1038 populis
1837 972 1893 1018 et
1936 958 2107 1015 nostri

510 1052 695 1137 saeculi
718 1074 1025 1133 hominibus
1047 1069 1317 1126 serviebat
1350 1083 1363 1117 :
1392 1074 1451 1119 ut
1472 1064 1612 1118 sicut
1632 1058 1883 1115 omnibus
1906 1064 1931 1091 ι
1951 1052 2109 1107 nobis

514 1173 735 1243 profuit,
782 1166 927 1239 quod
959 1171 1083 1236 post
1129 1157 1590 1217 resurrectionem
1624 1148 1836 1206 Domini
1888 1144 2110 1213 vestigia

516 1241 804 1322 vulnerum
842 1262 895 1318 in
929 1273 1093 1316 carne
1124 1258 1242 1325 ejus
1273 1253 1495 1308 Thomas
1526 1244 1753 1315 apostoli
1811 1241 1967 1313 125
2012 1253 2109 1293 ex-

516 1360 749 1433 ploravit
779 1370 1007 1421 manus;
1036 1354 1110 1408 ita
1133 1350 1200 1405 ad
1228 1356 1468 1403 nostram
1492 1340 1777 1396 utilitatem
1803 1336 2111 1406 proﬁceret,

518 1429 662 1526 quod
688 1452 718 1491 ι’
747 1449 1029 1506 infantiam
1057 1443 1228 1514 ipsius
1257 1449 1536 1508 magorum
1568 1429 1819 1501 probavit
1839 1436 2111 1495 aspectus.

521 1515 787 1603 Viderunt
837 1542 1017 1611 itaque
1062 1533 1227 1604 magi,
1268 1540 1320 1586 et
1367 1528 1733 1583 adoraverunt
1782 1533 2006 1587 puerum
2049 1515 2117 1571 de

521 1640 662 1695 tribu
693 1636 849 1698 Juda,
878 1607 943 1686 de
967 1628 1160 1685 semine
1187 1622 1350 1677 David
1376 1617 1660 1674 secundum
1690 1626 1894 1666 carnem
1917 1607 1937 1681 (
1962 1608 2115 1662 Rom.

522 1749 563 1798 ι,
591 1729 679 1801 5),
710 1729 904 1799 factum
934 1740 998 1777 ea:
1028 1719 1261 1782 muliere,
1296 1715 1489 1781 factum
1520 1709 1609 1763 sub
1636 1708 1747 1777 lege
1771 1704 1790 1774 (
1815 1700 1992 1801 Galat:
2023 1713 2080 1801 1v-
2103 1739 2117 1765 ,

522 1790 613 1895 ί),
637 1790 796 1892 quam
826 1833 931 1872 non
955 1814 1168 1870 solvere
1188 1815 1429 1872 venerat,
1455 1802 1551 1858 sed
1574 1798 1874 1867 adimplere
1896 1790 2115 1864 (Matth.

2208 596 2528 653 corpoream
2563 593 2684 633 esse
2714 585 3017 630 creaturam
3050 590 3154 628 non
3186 571 3406 626 dubium
3429 581 3532 634 est,
3556 570 3669 623 loca
3695 568 3807 622 ulla

2209 678 2481 735 sordentia
2512 674 2592 728 vel
2632 686 2849 727 ctenosa
2894 670 3262 724 contaminant
3292 685 3305 721 :
3333 666 3460 737 quid
3494 665 3639 719 illius
3662 678 3810 719 sem-

2210 772 2434 841 piternae
2462 780 2517 824 et
2546 767 2883 835 incorporeas
2914 764 3045 818 lucis
3078 762 3365 817 essentiam
3384 759 3811 830 potuitqualibet

2209 866 2290 921 sui
2316 863 2579 934 qualitate
2606 858 2889 931 polluere?
2910 873 3029 928 qua:
3058 871 3119 911 se
3147 856 3394 924 ei,quam
3419 854 3484 907 ad
3516 852 3809 921 imaginem

2211 974 2361 1014 suam
2375 957 2636 1021 condidit,
2659 953 3190 1011 sociandocreatnrae
3205 949 3630 1020 purificationem
3652 946 3814 1019 126

2213 1051 2486 1121 praestitit,
2526 1048 2791 1103 maculam
2842 1061 2951 1101 non
2982 1043 3230 1112 recepit;
3262 1052 3316 1098 et
3347 1042 3426 1096 sic
3458 1040 3667 1094 sanavit
3696 1045 3815 1092 vnl-

2214 1162 2344 1202 nera
2376 1144 2723 1208 inﬁrmitatis,
2755 1151 2811 1196 ut
2852 1140 2995 1195 nulla
3026 1148 3302 1209 pateretur
3335 1136 3529 1190 damna
3575 1133 3815 1188 virtutis.

2215 1238 2370 1307 Quod
2423 1238 2621 1291 divina:
2668 1235 2886 1306 pietatis
2936 1247 3190 1302 magnum
3236 1239 3291 1285 et
3325 1228 3597 1283 ineffabile
3626 1240 3817 1281 sacra-

2218 1342 2485 1394 mentum,
2518 1329 2641 1397 quia
2672 1327 2925 1382 omnibus
2947 1334 3254 1379 sanctarum
3288 1322 3697 1389 Scripturarum
3731 1327 3819 1373 te-

2219 1423 2637 1480 stiﬁcationibus
2664 1430 2749 1475 est
2796 1420 3104 1473 nuntiatum
3131 1433 3145 1482 ;
3181 1417 3286 1482 isti,
3322 1415 3390 1470 de
3419 1413 3613 1484 quibus
3645 1411 3822 1482 loqui-

2220 1534 2378 1582 mur,
2406 1514 2703 1570 adversnrii
2736 1512 3016 1577 veritatis,
3050 1511 3226 1579 legem
3272 1524 3365 1577 per
3408 1508 3592 1562 Mosen
3637 1506 3820 1561 datam

2220 1621 2276 1667 et
2304 1611 2564 1679 inspirata
2598 1607 2859 1661 divinitus
2892 1603 3277 1675 prophetarum
3330 1602 3548 1655 oracula
3593 1614 3824 1669 respue-

2222 1714 2369 1770 runt,
2418 1704 2668 1772 ipsasque
2718 1699 3055 1768 evangelicas
3104 1707 3160 1751 et
3194 1695 3521 1764 apoStolieas
3565 1695 3822 1764 paginas,

2224 1798 2475 1871 quaedam
2500 1794 2796 1849 auferendo
2813 1803 2865 1846 et
2885 1792 3129 1859 quaedam
3157 1789 3443 1843 inserendo
3456 1790 3823 1842 violaverunt:

525 1880 737 1988 mpii).
769 1913 1033 1968 Viderunt
1062 1914 1119 1964 et
1144 1905 1506 1960 adoraverunt
1544 1908 1790 1966 puerum,
1820 1888 2120 1961 quantitate
2151 1892 2198 1951 B
2230 1893 2609 1962 conﬁngentes
2630 1888 2732 1942 sibi
2761 1886 2862 1941 sub
2887 1885 3253 1954 apostolorum
3280 1882 3610 1939 nominibus.
3639 1891 3692 1934 et
3722 1880 3830 1935 sub

531 2023 555 2051 ε
583 2010 867 2083 parvulum
887 2047 903 2072 ,
926 2004 1117 2058 aliena}
1147 1998 1264 2067 Opis
1294 1995 1557 2064 indigum,
1592 1987 1737 2043 fandi
1766 1987 2043 2055 impotem,
2073 1989 2128 2037 et

529 2078 757 2159 in'nullo
779 2100 846 2153 ab
870 2099 1120 2151 humana:
1148 2089 1386 2147 infantiae.
1414 2083 1764 2157 generalitate
1786 2078 2124 2133 dissimilem.

528 2198 665 2267 Quia
694 2196 830 2249 sicut
860 2191 1036 2245 ﬁdelia
1087 2195 1239 2243 erant
1271 2179 1602 2242 testimonia,
1634 2192 1751 2245 qua:
1782 2174 1835 2229 in
1865 2188 1931 2229 eo
1958 2170 2128 2241 maje-

531 2266 729 2347 statem
779 2283 1065 2342 invisibilis
1095 2280 1321 2336 Deitatis
1351 2282 1680 2339 assererent,
1718 2270 1790 2324 ita
1817 2266 2132 2337 probatissi-

533 2399 678 2440 mum
703 2396 825 2437 esse
850 2377 877 2418 ά
899 2378 1131 2434 debebat
1160 2373 1395 2429 Verbum
1420 2382 1639 2426 carnem
1671 2365 1889 2427 factum,
1917 2370 1969 2415 et
1988 2374 2133 2415 sem-

534 2478 802 2550 piternam
850 2474 993 2526 illam
1026 2468 1317 2525 essentiam
1352 2462 1469 2519 Filii
1517 2461 1631 2521 Dei.
1665 2456 1897 2510 hominis
1947 2466 2130 2508 veram

537 2566 846 2634 suscepisse
875 2572 1115 2617 naturam
1148 2578 1161 2615 ε
1195 2575 1263 2613 ne
1290 2556 1372 2611 vel
1406 2551 1751 2608 ineﬁ‘ahilium
1793 2562 2016 2617 operum
2044 2560 2132 2600 se-

540 2669 730 2716 cutura
761 2657 1042 2720 miracula,
1070 2655 1155 2708 vel
1201 2648 1665 2719 suscipiendarum
1718 2642 1977 2713 supplit‘ia
2010 2654 2135 2708 pas-

541 2752 780 2812 sionum,
808 2754 1205 2803 sacramentum
1236 2743 1359 2797 ﬁdei
1385 2757 1450 2797 ex
1474 2753 1653 2794 rerum
1675 2736 1990 2792 diversitate
2021 2739 2138 2785 tur-

540 2846 763 2909 barent;
797 2860 918 2898 cum
948 2840 1229 2911 jnstiﬁcari
1261 2837 1484 2893 omnino
1514 2850 1619 2890 non
1655 2839 1893 2902 possent,
1923 2828 2023 2883 nisi
2046 2828 2138 2898 qui

542 2936 827 2990 Dominum
861 2934 1044 2989 Jesnrn
1066 2940 1121 2986 et
1148 2945 1337 2984 verum
1365 2929 1529 2983 Deum
1557 2934 1614 2980 et
1644 2938 1832 2978 verum
1861 2920 2135 2975 hominem

544 3027 920 3082 credidissent.

615 3116 743 3173 CAP.
774 3114 1074 3170 lV.—Ilnic
1101 3111 1359 3182 singulari
1385 3106 1904 3176 ﬁdei,dilectissimi,
1924 3112 1980 3158 et
2006 3118 2143 3171 pra:-

548 3211 737 3266 diCatm
770 3225 861 3277 per
890 3209 1072 3263 omnia
1096 3207 1290 3262 saecula
1307 3204 1518 3259 veritati
1536 3202 1798 3257 diabolica
1820 3200 2145 3254 Manichaeo-

548 3320 667 3360 rum
696 3302 895 3356 rt'siSlil
926 3301 1202 3367 impietas:
1228 3298 1318 3368 qui
1346 3297 1446 3350 sibi
1475 3296 1541 3350 ad
1565 3294 1963 3348 interﬁciendos
1984 3291 2146 3347 dece-
2173 3282 2220 3344 C

550 3409 764 3468 ptorum
797 3396 1001 3450 animas
1035 3393 1250 3449 nefandi
1280 3392 1545 3461 dogmatis
1576 3391 1743 3446 ferale
1780 3398 2147 3444 commentum

551 3494 618 3548 de
640 3492 919 3563 sacrilegis
947 3502 999 3545 et
1030 3489 1291 3543 fabulo~is
1317 3485 1615 3541 mendaciis
1643 3492 1949 3550 texuerunt,
1982 3494 2034 3537 et
2056 3496 2153 3551 per

554 3586 651 3640 has
677 3586 982 3639 insanarum
1016 3581 1330 3652 opinionum
1350 3580 1534 3634 ruinas
1557 3594 1622 3633 eo
1650 3592 1821 3647 usque
1848 3574 2153 3645 prmcipites

554 3688 905 3751 proruerunt,
938 3685 995 3728 nt
1018 3675 1115 3728 sibi
1145 3674 1262 3727 falsi
1290 3670 1536 3739 corporis
1564 3669 1826 3740 ﬁngerent
1853 3666 2147 3732 Christum,

555 3774 645 3843 qui
678 3770 807 3825 nihil
839 3771 887 3823 in
912 3784 973 3823 se
992 3768 1250 3833 Solidum,
1286 3765 1416 3819 nihil
1445 3780 1633 3820 verum
1664 3762 1833 3817 oculis
1872 3762 2151 3816 hominum

562 3874 586 3901 ο
616 3861 1025 3929 actionibusque
1056 3859 1383 3928 praebuerit;
1435 3858 1529 3911 sed
1562 3855 1829 3911 simulatae
1860 3855 2038 3909 carnis
2064 3870 2157 3908 va-

560 3974 714 4015 cuam
749 3956 1037 4025 imaginem
1065 3951 1469 4008 demonstrarit.
1500 3950 1780 4019 Indignum
1814 3950 1956 4003 enim
1982 3947 2157 4004 videri

561 4053 767 4119 volunt,
791 4063 847 4107 ut
878 4049 1127 4105 credatur
1155 4049 1293 4103 Deus
1336 4046 1428 4101 Dei
1461 4043 1629 4098 Filius
1657 4043 1905 4098 femineis
1935 4058 1994 4097 se
2014 4041 2160 4097 inse-

561 4146 737 4202 ruisse
762 4142 1085 4207 visceribus,
1110 4150 1165 4195 et
1189 4138 1524 4208 majestatem
1555 4151 1707 4191 suam
1731 4136 1858 4189 huic
1879 4145 2161 4190 contume-

564 4239 654 4293 lia:
676 4235 1001 4303 subdidisse,
1037 4241 1097 4288 ut
1128 4240 1333 4287 natura:
1363 4232 1539 4285 carnis
1566 4226 1583 4267 ί
1615 4229 1914 4295 immixtus,
1945 4229 1998 4282 in
2030 4243 2161 4284 vero

565 4329 814 4384 humanae
837 4324 1151 4381 substantiae
1195 4338 1424 4393 corpore
1457 4331 1809 4376 nasceretur:
1839 4336 1961 4374 cum
1991 4330 2159 4375 totum

567 4421 674 4476 hoc
711 4432 848 4488 opus
880 4432 985 4472 non
1034 4415 1225 4486 injuria
1259 4415 1539 4482 sitipsius,
1580 4413 1676 4468 sed
1728 4414 2009 4483 p0tentia;
2062 4428 2164 4467 nec

568 4509 837 4565 credenda
869 4507 1118 4578 pollutio,
1152 4506 1247 4561 sed
1275 4506 1508 4575 gloriosa
1539 4504 1801 4575 dignatio.
1828 4503 1881 4559 Si
1907 4505 2048 4558 enim
2074 4504 2163 4557 lux

570 4602 673 4656 ista
720 4599 953 4656 visibilis
990 4598 1153 4653 nullis
1202 4596 1580 4661 immunditiis,
1631 4596 1827 4664 quibus
1881 4595 2162 4663 superfusa

646 4792 675 4820 ι
712 4782 893 4835 Prima
924 4777 1089 4833 editio
1119 4775 1319 4829 omittit
1345 4772 1492 4826 nobis

644 4851 674 4891 δ
705 4853 783 4907 Ita
817 4850 992 4904 nostri
1032 4847 1145 4901 fere
1189 4859 1377 4899 omnes
1413 4858 1477 4897 ac
1504 4842 1745 4897 melioris
1776 4850 1917 4895 notae
1945 4838 2162 4896 codices

574 4941 701 4984 cum
726 4923 887 4978 editis
917 4929 1038 4973 ante
1060 4918 1432 4986 Quesnellum,
1482 4924 1535 4968 et
1572 4915 1997 4986 congruentius:
2044 4929 2167 4986 nam

575 5013 684 5052 vox
715 4996 852 5065 quod
887 4993 941 5046 in
973 4984 1355 5065 hoc'secundo
1384 4986 1627 5065 membro
1661 5001 1766 5065 non
1796 4993 1880 5038 est
1909 4984 2131 5038 relativa
2152 5024 2167 5049 ,

577 5055 844 5123 sicut'nec
869 5065 923 5118 in
940 5064 1140 5131 primo,
1164 5061 1241 5113 uti
1265 5073 1385 5131 esse
1407 5058 1649 5131 deberet,
1680 5058 1724 5110 si
1748 5055 2019 5131 legeretur
2045 5070 2170 5109 cum

579 5135 874 5207 Qnesnello
920 5126 1415 5207 etcod_d._co_llect.
1443 5126 1497 5193 5,
1550 5142 1649 5183 nec
1698 5142 1806 5182 non
1856 5127 2168 5182 Lectionar.

581 5202 806 5273 Veron.,
836 5206 891 5258 in
916 5204 1142 5275 infantia
1172 5202 1354 5275 ipsius.

659 5292 681 5319 ο
712 5268 939 5332 Parvum
974 5268 1069 5342 pro
1095 5268 1386 5345 paruulum,
1413 5278 1490 5345 _et
1522 5270 1800 5345 discretum
1824 5283 1922 5338 pro
1946 5268 2174 5345 d_i_ssimi-

536 5369 544 5383 '
585 5355 685 5407 lem
734 5351 787 5403 in
836 5340 1047 5401 duobus
1094 5340 1255 5398 codd.
1308 5343 1365 5397 S.
1411 5342 1578 5395 Petri.
1608 5342 1783 5395 Etiam
1815 5356 1916 5395 ms.
1973 5340 2171 5395 Veron.

540 5428 544 5457 ξ
588 5424 752 5477 habet
773 5420 1071 5473 discretum.
1654 5422 1655 5425 ‘

533 5509 543 5517 ’
657 5493 685 5531 ά
717 5490 940 5545 Debebat
966 5502 1064 5557 pro
1093 5485 1296 5541 decebat
1324 5484 1643 5557 scripsimus
1669 5497 1750 5557 _ex
1778 5498 1909 5538 mss.
1934 5481 1998 5557 _S.
2034 5481 2177 5557 Petri

532 5578 541 5585 ’
590 5566 873 5631 tribusque
921 5553 1041 5613 aliis
1068 5556 1312 5631 melioris
1358 5553 1707 5631 nota:_codd.
1758 5569 1822 5608 ac
1866 5554 2179 5631 prima‘edi~

593 5637 759 5691 tione.
788 5625 866 5687 De
888 5629 1120 5685 articulo
1141 5626 1356 5697 quidem
1385 5625 1621 5697 maxime
1647 5628 1951 5680 necessario
1974 5625 2177 5697 agitur,

634 5708 686 5761 ui
718 5703 1125 5774 probatissimus
1155 5696 1278 5754 esse
1300 5697 1565 5774 debebat.
1604 5696 1733 5774 item
1790 5711 1856 5751 ex
1888 5696 2078 5751 iisdem

634 5724 686 5761 υι
718 5724 1125 5774 prouaussunus
1155 5724 1278 5754 eam:
1303 5724 1556 5752 ucucuat.
1604 5724 1733 5751 um"
1790 5724 1856 5751 cx
1889 5724 2078 5751 "suum
2120 5724 2178 5751 ο.

594 5724 740 5833 geni
768 5775 925 5830 codd.
952 5790 1015 5828 ac
1046 5772 1219 5843 prima
1250 5770 1407 5833 edit.,
1431 5769 1874 5839 suscipiendarum
1906 5770 2186 5823 revocavi-

595 5862 741 5913 muS,
776 5862 869 5915 pro
898 5843 1335 5915 accipiendarum.

676 5928 699 5957 ο
724 5911 800 5975 Ita
836 5911 1101 5972 edidimus
1143 5914 1465 5969 auctoritate
1488 5928 1617 5969 mss.
1654 5913 1709 5967 S.
1742 5911 1909 5979 Petri,
1956 5911 2182 5980 Veneto,

2230 1985 2412 2041 verbis
2443 1984 2613 2052 ipsius
2642 1978 2941 2035 Salvatoris
2962 2018 2977 2042 ,
3017 1978 3182 2030 multa
3226 1975 3499 2029 Volumina
3532 1974 3789 2028 falsitatis
3810 2012 3829 2039 ,

2232 2076 2429 2147 quibus
2467 2073 2673 2130 erroris
2701 2072 2781 2125 sui
2815 2081 3119 2123 commenta
3152 2069 3445 2133 munirent,
3472 2078 3527 2121 et
3551 2066 3836 2135 decipien—

2232 2170 2426 2225 dorum
2458 2166 2735 2221 mentibus
2767 2161 3113 2217 mortiferum
3159 2160 3308 2214 virus
3340 2158 3704 2213 infunderent.
3739 2157 3840 2211 Vi-

2233 2262 2434 2317 dehaut
2474 2260 2619 2314 enim
2655 2256 2760 2310 sibi
2809 2255 3062 2309 universa
3096 2253 3388 2318 obsistere,
3433 2254 3613 2305 omnia
3660 2250 3842 2305 recla-

2235 2371 2410 2421 mare,
2439 2362 2625 2409 etnon
2673 2352 2851 2405 solum
2898 2364 3063 2412 novo,
3120 2348 3214 2401 sed
3246 2348 3408 2401 etiam
3439 2348 3609 2401 veteri
3642 2346 3843 2399 Testa-

2237 2460 2423 2507 mento
2453 2458 2479 2496 8
2513 2445 2829 2513 sacrilegam
2872 2442 3165 2507 impietatis
3205 2457 3317 2495 sua:
3348 2439 3675 2493 dementiam
3704 2454 3844 2493 con-

2238 2545 2423 2601 futari.
2461 2544 2529 2597 Et
2563 2551 2741 2596 tamen
2776 2541 2828 2593 in
2864 2538 3085 2592 furiosis
3118 2534 3416 2590 mendaciis
3442 2537 3841 2603 persistentes,

2240 2637 2539 2694 Ecclesiam
2589 2634 2682 2688 Dei
2727 2630 3145 2700 deceptionibus
3188 2628 3303 2681 suis
3360 2628 3677 2696 perturbare
3730 2640 3848 2681 non

2239 2734 2552 2789 desinunt:
2610 2730 2711 2783 hoc
2769 2728 2986 2781 miseris
3045 2738 3180 2794 quos
3239 2723 3529 2791 illaqueare
3572 2718 3601 2758 ιι
3647 2730 3852 2790 potae-

2242 2827 2351 2882 rint
2382 2823 2795 2895 persuadentes,
2825 2829 2885 2874 ut
2914 2828 3111 2888 negent
3141 2832 3170 2870 a
3197 2816 3426 2871 Domino
3459 2814 3589 2870 Jesu
3630 2814 3855 2870 Christo

2244 2925 2537 2979 humanam
2591 2928 2838 2974 naturam
2887 2932 3021 2971 vere
3072 2929 3196 2968 esse
3249 2920 3601 2979 susceptam;
3646 2918 3856 2979 negent

2245 3033 2370 3074 eum
2417 3030 2547 3070 vere
2591 3029 2689 3084 pro
2728 3009 2914 3065 mundi
2959 3008 3133 3062 salute
3161 3006 3519 3070 crucifixum;
3553 3013 3753 3074 negent
3779 3002 3859 3058 dc

2246 3109 2363 3179 ejus
2391 3109 2561 3162 latere
2592 3107 2777 3159 lancea
2801 3104 3086 3157 vulnerato
3113 3101 3431 3169 sanguinem
3454 3097 3860 3165 redemptionis

2247 3212 2301 3258 et
2331 3217 2526 3272 aquam
2552 3195 3160 3265 ﬁnxissebaptismatis;
3185 3202 3383 3264 negent
3403 3208 3525 3248 eum
3548 3191 3861 3260 sepultum,

2252 3311 2315 3351 ac
2345 3294 2431 3347 die
2464 3292 2621 3346 tertia
2654 3288 3018 3350 suscitatum;
3063 3292 3258 3354 negent
3296 3299 3421 3337 eum
3464 3284 3515 3337 in
3558 3289 3863 3351 conspectu

2254 3385 2641 3456 discipulorum
2675 3382 2739 3436 ad
2755 3378 3144 3436 considendtlm
3174 3379 3225 3431 in
3256 3377 3479 3432 dextera
3498 3376 3673 3432 Patris
3691 3391 3866 3446 super

2254 3495 2446 3534 omnes
2486 3477 2747 3532 caalorum
2796 3473 3115 3528 altitudines
3166 3471 3477 3534 elevatum;
3533 3479 3587 3525 et
3634 3480 3693 3525 ut
3744 3478 3867 3524 tota

2254 3569 2543 3641 apostolici
2592 3568 2817 3622 veritate
2874 3564 3117 3637 Symboli
3171 3562 3404 3627 sublata,
3452 3562 3635 3616 nullus
3678 3571 3869 3617 melus

2257 3674 2461 3720 terreat
2490 3665 2703 3725 impios.
2755 3661 2902 3715 nulla
2934 3674 3057 3728 spes
3110 3658 3296 3713 incitet
3325 3670 3565 3722 sanctos,
3597 3663 3799 3722 negent
3832 3671 3870 3710 a

2258 3759 2476 3815 Christo
2508 3757 2659 3809 vivos
2681 3765 2734 3809 et
2768 3765 3012 3807 mortuos
3040 3750 3403 3819 iudicandos:
3432 3761 3483 3803 ut
3517 3763 3652 3817 quos
3682 3756 3872 3803 tanto-

2260 3869 2378 3908 rum
2427 3858 2890 3905 sacramentorum
2921 3848 3118 3899 virtute
3149 3843 3508 3914 privaverint,
3541 3844 3775 3896 doceant
3806 3841 3870 3896 in

2260 3946 2379 4001 sole
2409 3956 2463 3999 et
2493 3946 2616 3999 luna
2641 3944 2820 3997 colere
2847 3939 3143 4002 Chri:tum,
3168 3947 3223 3991 et
3247 3937 3349 3992 sub
3377 3936 3593 3991 nomine
3624 3936 3875 4006 Spiritus

2263 4041 2433 4095 Sancti
2460 4043 2635 4109 ipsum
2667 4036 2856 4091 talium
2901 4032 3242 4103 impietatum
3282 4030 3597 4101 magistrum
3632 4031 3876 4086 adorare

2264 4133 2641 4187 Manichzenm.

2335 4228 2465 4283 CAP.
2500 4224 2761 4281 V.-—Ad
2815 4219 3188 4277 conﬁrmanda
3246 4220 3441 4289 igitur,
3499 4217 3873 4287 dilectissimi,

2266 4321 2427 4377 corda
2460 4318 2477 4357 i
2510 4331 2691 4374 veStra
2745 4319 2795 4369 in
2853 4315 2955 4369 ﬁde
3000 4326 3053 4368 et
3090 4313 3335 4376 veritate,
3389 4313 3564 4380 ρτοςὶι
3609 4310 3879 4366 «minibus

2268 4412 2531 4468 hodierna
2586 4410 2878 4472 festivitas,
2929 4416 2983 4462 et
3019 4422 3087 4462 ex
3139 4399 3453 4460 testimo'nio
3505 4401 3880 4457 manifeStam

2268 4505 2566 4559 Salvatoris
2597 4502 2835 4556 infantiae
2864 4499 3138 4555 confessio
3182 4496 3449 4554 catholica
3482 4496 3785 4563 muniatur,
3816 4505 3884 4553 es

2270 4603 2480 4651 natura:
2524 4601 2726 4650 DOSU‘IB
2770 4607 2989 4649 carnem
3032 4592 3086 4647 in
3129 4588 3349 4645 Christo
3390 4587 3701 4659 negantium
3734 4603 3887 4643 ana-

2187 4772 2242 4833 D
2268 4770 2492 4834 Veron.,
2546 4785 2648 4826 nec
2685 4785 2790 4823 non
2818 4768 2978 4823 codd.
3008 4767 3223 4822 collect.
3279 4766 3303 4819 l
3358 4774 3413 4820 et
3454 4766 3507 4820 2.
3544 4766 3684 4821 Editi
3740 4783 3875 4824 cum

2278 4858 2408 4897 mss.
2446 4841 2603 4895 trium
2659 4842 3017 4909 posteriorum
3070 4838 3473 4909 collectionum,
3524 4838 3885 4909 artibusque;

2276 4930 2436 4981 quam
2468 4908 2753 4966 lectionem
2792 4921 3009 4965 secutus
3040 4908 3365 4981 Quesnellus
3400 4910 3611 4981 notavit
3645 4911 3695 4962 in
3730 4908 3887 4964 tuar-

2276 4978 2400 5054 gine
2429 4985 2569 5038 forte
2593 4983 2903 5051 lugendum,
2938 4983 3269 5054 tactibusque.
3306 4978 3411 5033 Sed
3435 4978 3693 5036 meliores
3714 4982 3886 5036 codi-

2276 5050 2368 5110 ces
2392 5057 2530 5110 hanc
2560 5050 2995 5110 emendationem
3026 5050 3342 5106 excludunt.

2353 5126 2373 5164 ι’
2410 5127 2543 5179 Vide
2566 5128 2707 5181 inter
2737 5125 3148 5180 observationes
3172 5132 3542 5191 nostras,qua3
3560 5121 3614 5176 in
3637 5122 3888 5178 similem

2278 5199 2456 5253 locum
2488 5214 2655 5252 serm.
2687 5198 2759 5253 23
2791 5197 2987 5251 ibidem
3020 5194 3367 5249 notabuntur.
3398 5192 3525 5247 Post
3550 5209 3745 5261 pauca,
3777 5209 3893 5263 pro

2278 5270 2377 5323 hoc
2402 5286 2552 5339 Opus,
2582 5271 2635 5322 in
2682 5283 2783 5322 ms.
2817 5268 2979 5321 Corb.
3027 5268 3227 5339 Quesn.
3257 5264 3469 5333 legitur,
3502 5264 3597 5317 hoc
3646 5281 3841 5339 corpus
3872 5285 3895 5328 ;

2281 5351 2337 5395 et
2359 5336 2457 5410 pro
2485 5341 2762 5406 credenda,
2792 5340 2932 5394 idem
2964 5338 3089 5393 cod.
3122 5337 3340 5410 ridenda
3361 5376 3375 5400 ,
3420 5349 3517 5404 pro
3545 5350 3655 5403 quo
3684 5336 3892 5404 legen-

2281 5406 2431 5474 dum,
2465 5410 3061 5481 pudenda,Qnesnellus
3090 5406 3407 5481 inﬁmargine
3433 5412 3741 5475 suspicatus
3763 5422 3848 5461 est
3871 5424 3894 5472 ;

2282 5485 2416 5538 nulli
2450 5479 2626 5537 tamen
2658 5484 2826 5537 nostri
2860 5480 3017 5536 codd.
3053 5479 3430 5547 suffragantur.

2358 5565 2383 5602 κ
2414 5556 2576 5626 Editi,
2607 5554 2892 5626 sacrilega}.
2938 5545 3273 5626 Praetulimus
3302 5562 3435 5603 mss.
3464 5545 3526 5603 S.
3555 5546 3726 5604 Petri.
3760 5549 3899 5605 Mox

2286 5637 2395 5681 tres
2422 5625 2606 5693 codd.,
2636 5626 2690 5678 in
2717 5624 2905 5694 furoris
2924 5624 3221 5694 mendaciis.

2357 5695 2385 5734 h
2412 5697 2505 5753 Sic
2535 5690 2602 5751 er
2631 5690 2863 5751 laudatis
2891 5707 3024 5751 mss.
3051 5694 3108 5749 S.
3132 5691 3279 5747 Petri
3316 5702 3371 5747 et
3395 5690 3609 5747 duobus
3630 5691 3755 5746 aliis
3783 5690 3899 5748 Va.

2290 5770 2499 5825 ticanis.
2534 5770 2643 5833 AL,
2672 5778 2962 5837 potuerunt.

2372 5842 2381 5879 ί
2415 5844 2501 5897 Sic
2529 5859 2590 5896 ex
2619 5841 2809 5898 iisdem
2842 5855 2971 5897 mss.
2999 5839 3055 5895 S.
3088 5838 3254 5895 Petri.
3283 5837 3394 5903 AL,
3430 5846 3611 5893 nostra.
