3994 6354
261 381 357 440 ω

1636 373 1870 430 SERMO
1909 372 2124 430 XXXV.

3397 361 3505 423 250

256 500 625 559 thematizetur
663 497 960 569 impietas;
992 498 1059 551 de
1088 509 1191 566 qua
1232 508 1332 549 nos
1362 494 1553 549 beatus
1592 494 1831 549 Joannes
1858 497 1902 555 Α
1943 493 2196 545 sensibus
2228 493 2422 549 inferat
2462 495 2793 551 salutiferam
2831 493 3141 566 mysterium
3176 504 3272 562 per
3307 489 3514 561 insigne

252 597 517 666 apostolus
558 607 665 646 non
716 592 878 646 dubio
915 605 1169 645 sermone
1201 589 1544 658 praemonuit,
1596 586 1828 641 dicens:

253 692 424 747 Omnis
454 689 671 761 spiritus
692 688 779 757 qui
800 688 1075 751 conﬁtetur
1098 683 1362 738 Christum
1384 680 1419 735 Ι
1425 698 1565 736 esum
1596 682 1651 734 in
1678 695 1833 733 carne

249 786 451 847 venisse,
484 797 547 835 ea:
580 780 689 834 Deo
717 791 832 845 est;
879 779 1032 850 127
1073 787 1119 831 et
1147 778 1311 831 omnis
1333 777 1547 845 spiritus
1570 774 1659 842 qui
1678 773 1835 829 solvit

248 875 437 936 Iesum,
464 889 531 927 ea:
552 873 658 925 lleo
685 888 788 924 non
820 881 927 936 est;
953 881 1001 924 et
1026 870 1106 922 hic
1128 878 1202 923 est
1229 867 1577 921 Antichristus
1600 866 1643 937 (Ι
1669 865 1833 921 Joan.

248 986 316 1034 tv,
346 966 399 1032 2,
426 966 507 1040 3).
538 965 688 1021 Nihil
716 980 844 1035 ergo
875 979 998 1017 cum
1031 962 1340 1032 hujusmodi
1362 960 1671 1014 hominibus
1689 973 1836 1013 com-

248 1077 400 1118 mune
421 1061 492 1114 sit
516 1060 771 1129 cuiquam
800 1056 1131 1122 Christiano,
1166 1056 1312 1110 nulla
1344 1069 1466 1108 cum
1497 1052 1694 1106 talibus
1740 1052 1835 1106 ha-

248 1157 429 1210 beatur
458 1152 733 1220 societas,
774 1151 1090 1219 nullumque
1128 1148 1487 1204 consortium.
1520 1145 1695 1200 Prosit
1718 1144 1837 1199 uni-

248 1258 409 1300 versae
434 1243 718 1304 Ecclesiae.
751 1242 893 1311 quod
925 1240 1084 1296 multi
1114 1240 1380 1310 ipsorum,
1413 1238 1645 1294 Domino
1671 1238 1837 1293 mise-

247 1349 411 1403 rante,
438 1338 645 1394 detecti
675 1347 823 1404 sunt,
851 1346 907 1393 et
934 1337 989 1391 in
1015 1338 1213 1406 quibus
1243 1337 1543 1407 sacrilegiis
1570 1336 1835 1399 viverent,

244 1431 553 1487 eorumdem
578 1431 924 1485 confessione
948 1429 1272 1500 patefactum
1306 1438 1411 1485 est.
1436 1429 1714 1483 Neminem
1744 1427 1841 1481 fal-

247 1526 346 1580 lant
367 1523 800 1578 discretionibus
832 1523 1108 1589 ciborum,
1152 1522 1408 1577 sordibus
1435 1522 1694 1588 vestium,
1726 1518 1842 1575 vul-

248 1628 502 1689 tuumque
526 1618 844 1688 palloribus.
875 1617 991 1672 Non
1023 1627 1315 1672 suntcasta
1341 1616 1571 1687 jejunia,
1591 1632 1709 1685 quae
1731 1630 1842 1669 non

246 1712 305 1767 de
325 1712 543 1766 ratione
568 1712 799 1766 veniunt
826 1710 1197 1775 continentiae,
1228 1710 1321 1764 sed
1351 1710 1420 1765 de
1448 1718 1564 1763 arte
1586 1706 1839 1762 fallaciae.

246 1804 516 1858 Hactenus
561 1812 590 1841 ι
632 1807 920 1859 nocuerint
969 1803 1222 1871 incautis,
1268 1803 1528 1857 hactenus
1573 1800 1845 1857 illuserint

1944 586 2277 640 miraculum.
2312 588 2705 644 Przecesseraut
2727 589 2939 660 quidem
2974 588 3141 642 multa
3175 586 3520 655 documenta,

1941 692 2061 746 qua:
2091 693 2403 745 corpoream
2440 682 2773 737 nativitatem
2804 682 3017 736 Domini
3051 678 3353 734 manifestis
3383 675 3523 731 indi-

1939 770 2037 825 ciis
2071 771 2435 843 declararent,
2476 775 2592 831 sive
2626 791 2745 830 cum
2775 776 2932 833 beata
2958 776 3121 831 Maria
3147 776 3311 842 Virgo
3342 771 3527 827 fecun-

1938 866 2171 923 dandam
2201 884 2259 922 se
2284 870 2488 936 Spiritu
2515 884 2720 933 saneto,
2763 872 3167 937 parituramnue
3204 868 3295 921 Dei
3337 866 3527 920 Filium

1941 965 2145 1021 audivit
2166 972 2220 1019 et
2244 962 2500 1028 credidit,
2547 960 2662 1015 sive
2688 975 2815 1016 cum
2846 959 2910 1013 ad
2948 957 3328 1014 salutationem
3364 953 3526 1021 ipsius

1942 1060 1997 1114 in
2029 1068 2183 1112 utero
2213 1054 2489 1111 Elisabeth
2521 1058 2755 1107 nondum
2791 1060 2945 1105 natus
2961 1052 3193 1107 Joannes
3216 1044 3531 1118 prophetica

1942 1151 2296 1207 exsultatione
2325 1157 2631 1202 commotus
2673 1154 2756 1197 est
2787 1143 2938 1216 (Luc.
2970 1159 3011 1209 ι,
3041 1144 3159 1209 24),
3191 1140 3344 1209 quasi
3369 1139 3531 1193 etiam

1942 1245 2082 1298 intra
2105 1242 2293 1298 matris
2325 1241 2533 1294 viscera
2560 1239 2669 1307 jam
2707 1236 2965 1291 clamaret
3002 1252 3015 1288 :
3046 1232 3181 1287 Ecce
3210 1234 3387 1304 Agnus
3416 1229 3531 1297 Dei,

1943 1353 2053 1391 ecce
2079 1337 2163 1404 qui
2194 1334 2327 1388 tollit
2353 1343 2374 1371 ο
2398 1342 2612 1403 peccata
2635 1329 2815 1382 mundi
2847 1326 3028 1401 (Joan.
3048 1342 3087 1393 ι,
3117 1324 3249 1396 29);
3297 1323 3381 1376 vel
3412 1337 3535 1376 cum

1943 1441 2119 1485 ortum
2170 1427 2383 1482 Domini
2429 1426 2620 1495 angelo
2658 1423 2946 1479 nuntiante
3002 1429 3248 1488 pastores
3300 1414 3539 1469 coelestia

1943 1523 2215 1576 exercitus
2244 1531 2372 1575 sunt
2397 1518 2644 1574 claritate
2671 1512 2992 1571 circumdati
3019 1510 3176 1582 (Luc.
3218 1525 3275 1577 ιι,
3322 1507 3434 1575 15),
3484 1511 3540 1559 ut

1947 1630 2053 1669 non
2085 1614 2421 1683 ambigerent
2446 1609 2473 1649 ἀ
2502 1612 2571 1665 de
2604 1610 2891 1680 majestate
2927 1606 3078 1676 pueri
3110 1618 3269 1674 quem
3304 1608 3455 1654 erant
3483 1598 3540 1653 in

1947 1722 2193 1778 praesepe
2232 1707 2435 1771 visuri;
2482 1720 2586 1760 nec
2622 1710 2876 1773 putarent
2917 1698 3058 1768 quod
3099 1696 3152 1751 in
3193 1696 3311 1749 sola
3349 1700 3540 1746 natura

1949 1801 2184 1855 hominis
2215 1810 2359 1855 esset
2381 1799 2558 1853 editus
2580 1842 2594 1864 ,
2626 1797 2710 1852 cui
2743 1810 2993 1864 supernae
3017 1790 3224 1846 militia:
3256 1787 3541 1841 famulare-

244 1899 508 1968 imperitis
535 1915 549 1951 :
583 1908 709 1968 post
743 1899 862 1953 haec
889 1898 1093 1952 nullius
1122 1896 1463 1953 excusabilis
1489 1895 1593 1949 erit
1621 1894 1838 1963 lapsus:
1873 1894 1921 1954 B
1948 1899 2035 1946 tur
2061 1904 2336 1944 occursus.
2383 1888 2491 1944 Sed
2523 1888 2640 1944 haec
2668 1897 2831 1957 atque
2868 1882 2971 1939 alia
3003 1877 3309 1951 huiusmodi
3350 1875 3541 1947 paucis

246 2008 335 2047 nec
356 1992 474 2061 jam
528 1991 759 2060 simplex
793 1990 1074 2045 habendus
1121 1999 1221 2055 est,
1268 1987 1366 2044 sed
1412 1985 1571 2042 valde
1610 2000 1844 2058 nequam

244 2097 394 2157 atque
450 2100 773 2153 perversus,
832 2085 922 2156 qui
970 2085 1231 2151 deinceps
1261 2090 1508 2154 repertus
1554 2082 1714 2136 fuerit
1744 2097 1845 2137 ne-

244 2178 393 2233 fando
425 2178 731 2233 obstrictus
759 2192 964 2232 errore.
1013 2176 1454 2231 Ecclesiasticum
1505 2189 1635 2228 sane
1686 2183 1847 2243 atque

247 2273 505 2329 divinitus
536 2272 842 2327 institutum
882 2287 985 2325 non
1018 2271 1192 2326 solum
1240 2285 1345 2323 non
1374 2268 1699 2333 inhibemus,
1750 2267 1846 2322 sed

244 2367 393 2421 etiam
427 2365 726 2420 incitamus
749 2363 1024 2431 affectum,
1052 2372 1109 2418 ut
1129 2363 1294 2419 etiam
1320 2378 1416 2433 pro
1442 2362 1639 2417 talibus
1661 2360 1849 2416 nobis-

244 2474 357 2514 cum
398 2458 645 2512 Domino
674 2457 988 2527 supplicetis
1024 2474 1037 2509 :
1092 2456 1345 2525 quoniam
1380 2465 1435 2511 et
1463 2470 1563 2510 nos
1592 2453 1848 2523 decepta-

243 2567 351 2606 rum
380 2552 700 2604 animarum
740 2552 924 2604 ruinas
952 2565 1072 2605 cum
1116 2549 1243 2603 ﬁetu
1273 2558 1329 2604 et
1360 2563 1594 2603 maerore
1624 2547 1844 2603 misere-

246 2662 377 2711 mur,
433 2653 808 2715 exsequentes
832 2644 1143 2713 apostolicae
1170 2644 1387 2714 pietatis
1410 2642 1740 2711 exemplum,
1790 2648 1850 2696 ut

243 2755 357 2796 cum
388 2738 1171 2795 inﬁrmantibusinﬁrmemur
1226 2738 1292 2808 (ll
1339 2736 1460 2792 Cor.
1495 2752 1571 2802 Xt,
1627 2736 1746 2804 29),
1795 2742 1848 2789 et

245 2853 355 2892 cum
404 2836 680 2890 ﬂentibus
725 2834 1023 2889 defleamus
1050 2832 1231 2901 (Rom.
1258 2848 1355 2897 xu,
1392 2829 1506 2901 15).
1557 2828 1849 2899 Speramus

245 2932 375 2985 enim
410 2927 761 2983 exorandam
789 2925 1216 2981 misericordiam
1254 2924 1351 2978 Dei
1380 2923 1567 2977 multis
1596 2920 1850 2993 lacrymis

244 3032 293 3078 et
316 3022 573 3092 legitima
607 3020 974 3075 satisfactione
1014 3018 1324 3087 lapsorum:
1357 3017 1482 3087 quia
1504 3016 1631 3070 dum
1668 3016 1769 3069 hoc
1794 3014 1850 3068 in

246 3129 478 3184 corpore
521 3112 745 3181 vivitur,
798 3111 999 3166 nullius
1046 3109 1379 3180 deSperanda
1412 3109 1706 3179 reparatio,
1753 3107 1852 3164 sed

246 3209 488 3262 omnium
523 3215 610 3262 est
635 3205 871 3275 optanda
902 3206 1207 3269 correctio;
1248 3203 1551 3258 auxiliante
1581 3201 1813 3257 Domino
1834 3242 1851 3268 ,

1952 1992 2080 2039 tunc
2100 1981 2350 2037 videntur
2376 1980 2678 2035 innotuisse
2709 1977 3116 2047 personis,qnae
3134 1974 3217 2027 vel
3249 1971 3316 2026 ad
3346 1983 3543 2040 cogna-

1950 2078 2150 2133 tionem
2180 2074 2730 2145 MariaaVirginis,vel
2763 2072 2829 2126 ad
2860 2070 3033 2125 sancti
3062 2066 3263 2137 Joseph
3288 2064 3544 2120 familiam

1949 2170 2318 2242 pertinebant.
2354 2169 2465 2224 Hoc
2489 2177 2668 2222 autem
2695 2166 2929 2235 signum,
2957 2163 3100 2233 quod
3125 2175 3308 2230 magos
3337 2160 3389 2213 in
3420 2158 3540 2212 lon-

1947 2265 2147 2335 ginquo
2180 2263 2388 2333 positos
2415 2271 2467 2316 et
2496 2260 2791 2315 efﬁcaciter
2820 2258 3020 2322 movit,
3055 2264 3110 2311 et
3140 2254 3206 2309 ad
3254 2252 3541 2307 Dominum

1948 2357 2133 2413 Jesum
2158 2364 2572 2426 perseveranter
2598 2352 2839 2414 attraxit,
2859 2350 3005 2405 illius
3032 2350 3149 2403 sine
3178 2345 3342 2401 dubio
3361 2342 3548 2415 gratia

1950 2462 2371 2519 sacramentum,
2396 2460 2451 2505 et
2482 2450 2622 2504 illius
2652 2448 2754 2504 fuit
2782 2445 3084 2501 vocationis
3112 2440 3414 2500 exordium.
3440 2450 3546 2506 qua

1951 2548 2204 2604 nimirum
2246 2544 2433 2599 nonin
2476 2544 2663 2600 Iudaea
2705 2550 2945 2605 tantum,
2999 2535 3095 2591 sed
3137 2534 3297 2589 etiam
3340 2534 3393 2585 in
3432 2536 3550 2585 toto

1952 2640 2153 2696 mundo
2198 2637 2401 2693 Christi
2450 2644 2569 2691 erat
2600 2633 2946 2703 Evangelium
2989 2624 3437 2699 pra‘dicandum;
3488 2628 3550 2677 ut

1952 2749 2048 2803 per
2097 2732 2241 2786 illam
2296 2730 2507 2784 stellam
2554 2740 2675 2796 qua:
2719 2738 3001 2793 magorum
3048 2718 3186 2774 visui
3248 2713 3545 2785 splenduit,

1952 2823 2316 2880 lsraelitarum
2346 2835 2478 2875 vero
2499 2819 2689 2886 ,oculis
2729 2832 2835 2869 non
2867 2813 3108 2876 refulsit,
3141 2820 3196 2865 et
3229 2804 3551 2863 illuminatio

1952 2914 2253 2986 signiﬁcata
2277 2914 2347 2967 sit
2374 2912 2639 2980 gentium,
2672 2916 2727 2962 et
2756 2916 2780 2945 θ
2813 2906 3027 2961 cmcitas
3054 2902 3385 2958 Judaeorum.

2024 3006 2154 3063 Car.
2178 3006 2615 3061 ll.—Permanet
2640 3003 2823 3072 igitur,
2868 2996 3240 3057 dilectissimi,
3271 2994 3410 3048 sicut
3439 2991 3552 3047 evi-

1956 3102 2148 3156 denter
2162 3104 2408 3169 apparet,
2427 3096 2783 3168 mysticorum
2809 3093 2980 3146 forma
3009 3098 3281 3158 gestorum
3303 3093 3388 3151 ;et
3408 3083 3552 3154 quod

1958 3192 2195 3260 imagine
2226 3188 2605 3251 inchoabatur,
2636 3186 2871 3240 veritate
2891 3181 3212 3249 completur.
3242 3175 3262 3215 ί
3290 3175 3555 3231 Radiante

247 3302 329 3370 qui
374 3300 540 3371 erigit
589 3298 765 3364 elisos,
810 3296 966 3352 solvit
996 3296 1336 3365 compeditos,
1392 3295 1653 3348 illuminat
1692 3266 1851 3349 cwcos

1960 3299 1989 3338 e
2016 3282 2157 3338 caelo
2187 3281 2344 3336 stella
2398 3296 2490 3347 per
2535 3277 2784 3345 gratiam,
2840 3284 2949 3329 tres
2988 3270 3129 3341 magi
3180 3266 3555 3326 coruscatione

246 3393 355 3457 (Ps.
387 3408 569 3458 cxu,
588 3390 645 3462 8)
668 3409 682 3445 :
702 3391 789 3446 cui
809 3399 891 3447 est
910 3390 1085 3445 honor
1109 3400 1164 3445 et
1191 3388 1364 3459 gloria
1382 3388 1435 3442 in
1452 3388 1651 3443 saecula
1682 3401 1855 3441 saecu-

248 3484 435 3541 lorum.
477 3484 681 3539 Amen.

612 3574 848 3630 SERMO
872 3573 1072 3629 xxxv
1101 3574 1209 3648 [Αι.
1225 3572 1493 3646 XXXIV].

606 3667 672 3721 In
717 3667 1026 3739 Epiphaniae
1073 3670 1395 3724 solemnitate
1444 3666 1504 3721 V.

250 3762 645 3821 Sutorsrs.—l.
675 3762 841 3818 Stella
863 3779 976 3833 qua:
997 3780 1175 3834 magos
1202 3764 1468 3834 eﬁicaciter
1485 3763 1639 3834 movit
1667 3769 1713 3816 et
1742 3777 1859 3834 per-

315 3844 622 3890 severanter
648 3832 887 3901 attraxit,
934 3835 1058 3902 quid
1087 3832 1479 3905 signiﬁcet—ll
1532 3833 1717 3905 Adhuc
1740 3832 1857 3886 He-

316 3908 473 3960 rodes
508 3909 561 3959 in
586 3906 795 3959 diabolo
808 3907 949 3959 stravit
974 3904 1151 3959 contra
1171 3904 1416 3960 Ecclesia
1441 3906 1599 3974 ﬁlios,
1619 3919 1663 3959 et
1684 3904 1860 3960 Juacei

318 3977 530 4032 Herodi
563 3980 791 4031 serviunt
815 3977 1074 4042 obcwcati,
1092 3978 1316 4030 etomnis
1339 3978 1603 4045 religionis
1627 3985 1857 4036 expertes

322 4050 449 4118 {acti
467 4065 495 4134 ;I
512 4051 699 4102 horum
721 4047 1502 4134 locolgentcssuccedunt—Ill.
1535 4047 1640 4099 Pro
1659 4046 1859 4134 Ju'dteis

321 4117 587 4173 orandum
638 4135 767 4174 esse.
820 4117 1018 4173 Gratia:
1061 4120 1155 4173 Dei
1202 4128 1407 4172 strenue
1455 4117 1857 4185 coaperartdum.

324 4191 519 4245 Gratia
533 4190 1012 4259 prtestatauxilium
1028 4206 1046 4243 :
1071 4190 1357 4242 obedientia
1378 4189 1543 4241 mollit
1568 4187 1856 4259 imperium.

322 4263 497 4317 —|V.
531 4261 723 4316 Omnes
758 4262 894 4314 Deus
922 4262 1105 4314 invitat
1131 4261 1408 4328 beneﬁciis,
1442 4262 1525 4312 cui
1546 4261 1589 4312 si
1617 4276 1719 4313 non
1747 4258 1866 4311 obe-

323 4336 401 4387 dit
430 4334 597 4403 homo
616 4377 629 4399 ,
666 4333 761 4386 sibi
788 4334 903 4399 ipsa
929 4333 1339 4403 suppliciuntest
1376 4348 1515 4385 mens
1538 4331 1669 4403 dura
1699 4340 1746 4383 et
1777 4330 1863 4381 in-

324 4415 503 4477 grata.
530 4402 817 4458 Terrestria
839 4402 1139 4477 deserenda,
1164 4402 1385 4456 caelestia
1411 4402 1699 4473 appetenda
1721 4408 1861 4466 sunt,

326 4476 381 4530 ut
413 4488 719 4531 sanctorum
746 4476 977 4528 societati
995 4477 1310 4546 junguntur.

325 4591 461 4647 Car.
500 4592 544 4647 Ι.
582 4590 1007 4645 —llodiernam
1058 4588 1403 4643 festivitatem
1427 4627 1441 4651 ,
1490 4585 1863 4653 dilectissimi,

1956 3377 2253 3449 evangelici
2276 3374 2497 3446 fulgoris
2517 3373 2697 3433 acciti,
2722 3373 2774 3425 in
2799 3368 3053 3425 omnibus
3067 3363 3307 3436 quotidie
3325 3359 3557 3415 nationi-

1956 3476 2057 3529 bus
2085 3474 2149 3527 ad
2178 3471 2513 3527 adorandam
2532 3468 2830 3538 potentiam
2851 3463 3048 3520 summi
3066 3462 3226 3530 Regis
3244 3462 3551 3513 accurrunt.

1961 3565 2207 3620 Herodes
2253 3576 2468 3631 quoque
2498 3560 2550 3614 in
2591 3558 2806 3612 diabolo
2836 3556 3019 3611 fremit
3064 3550 3282 3623 (Matth.
3308 3564 3367 3617 tt,
3393 3547 3474 3618 5),
3503 3553 3561 3601 et

1958 3657 2161 3713 auferri
2189 3657 2291 3710 sibi
2316 3639 2617 3722 iniquitatis
2644 3667 2755 3705 suae
2776 3664 3002 3719 regnum
3028 3646 3082 3701 in
3107 3647 3172 3701 iis
3207 3644 3298 3714 qui
3320 3641 3386 3696 ad
3408 3638 3561 3695 Chri-

1959 3760 2100 3807 stum
2133 3757 2437 3813 transeunt,
2476 3744 2801 3815 ingemiscit.
2833 3741 2987 3797 Unde
3030 3739 3075 3793 si
3107 3736 3362 3809 parvulos
3389 3734 3560 3788 inter-

1962 3843 2140 3908 ﬁciat,
2191 3841 2375 3896 Jcsum
2430 3838 2532 3893 sibi
2576 3836 2791 3891 videtur
2843 3832 3110 3887 occidere.
3162 3827 3315 3895 Quod
3375 3826 3562 3896 utique

1962 3938 2140 3992 facere
2164 3934 2282 3989 sine
2309 3931 2618 3987 cessatione
2641 3927 2884 3991 molitur,
2912 3924 3036 3977 dum
3065 3917 3379 3992 primordiis
3406 3931 3559 3972 rena-

1963 4037 2138 4083 torum
2164 4027 2424 4096 Spiritum
2442 4032 2687 4077 sanctum
2711 4022 2947 4086 eripere,
2967 4022 3022 4069 et
3048 4010 3334 4083 quamdam
3363 4018 3564 4064 tenera:

1964 4122 2087 4175 ﬁdei
2118 4121 2265 4174 velut
2288 4117 2572 4173 infantiam
2608 4120 2780 4168 tentat
2800 4109 3170 4179 exstinguere.
3198 4102 3369 4160 Juda-i
3400 4114 3562 4167 vero,

1965 4216 2057 4288 qui
2089 4224 2237 4270 extra
2261 4228 2486 4283 regnum
2514 4211 2717 4265 Christi
2745 4222 2865 4262 esse
2885 4204 3197 4266 voluerunt,
3224 4198 3399 4253 adhuc
3430 4207 3567 4263 quo-

1967 4305 2255 4361 dammodo
2276 4304 2375 4359 sub
2407 4302 2641 4355 Herodis
2673 4307 2801 4353 sunt
2828 4295 3155 4366 principatu,
3175 4301 3231 4345 et
3250 4288 3567 4344 dominante

1968 4401 2070 4456 sibi
2095 4396 2392 4453 Salvatoris
2418 4394 2657 4457 inimico,
2687 4390 3005 4458 alienigenae
3033 4384 3191 4456 129
3207 4379 3449 4436 serviunt
3472 4390 3568 4447 po-

1970 4492 2173 4559 testati,
2205 4490 2358 4560 quasi
2392 4488 2637 4543 nesciant
2672 4482 3086 4553 prophetatum,
3121 4477 3334 4531 dicente
3363 4469 3566 4560 Jacob:

1973 4583 2096 4638 Non
2127 4559 2327 4651 deficiet
2356 4579 2593 4651 princeps
2638 4591 2700 4630 ea:
2733 4572 2901 4635 Iuda,
2933 4580 2981 4624 et
3024 4568 3132 4622 dua:
3181 4565 3243 4620 de
3291 4559 3570 4635 femoribus

264 4686 535 4755 apparitio
583 4683 801 4738 Domini
847 4695 901 4738 et
944 4683 1245 4738 Salvatoris
1274 4680 1465 4744 nostri,
1523 4681 1681 4750 128
1724 4679 1867 4732 sicut
1893 4658 1946 4717 D
1974 4677 2103 4745 ejus,
2128 4676 2287 4727 donec
2310 4673 2474 4726 veniat
2509 4680 2533 4717 8
2562 4670 2645 4723 cui
2674 4667 2898 4738 reposita
2922 4670 3071 4717 sunt:
3090 4670 3134 4714 et
3155 4655 3267 4729 ipse
3295 4666 3372 4711 est
3395 4670 3573 4724 exspe—

268 4779 438 4832 nostis
460 4821 475 4845 ,
521 4776 793 4840 illustrat;
829 4783 883 4829 et
912 4775 999 4828 hic
1043 4775 1134 4827 ille
1157 4782 1241 4827 est
1271 4771 1390 4825 dies
1434 4786 1539 4839 quo
1566 4772 1631 4823 ad
1660 4784 1865 4840 cogno-

268 4868 531 4922 scendum
551 4865 994 4935 adorandumqne
1006 4865 1102 4919 Dei
1118 4864 1310 4917 Filium
1331 4871 1441 4917 tres
1464 4876 1647 4931 magos
1667 4861 1867 4931 praevia

266 4960 419 5015 stella
445 4958 919 5030 perduxit.Cujus
947 4957 1073 5012 facti
1105 4956 1422 5011 memoriam
1453 4956 1645 5009 merito
1670 4954 1870 5022 placuit

269 5054 478 5107 honore
503 5068 687 5106 annuo
720 5052 1018 5115 celebrari;
1053 5050 1257 5104 utdum
1298 5047 1606 5117 evangelica
1635 5046 1861 5100 historia

267 5140 293 5180 δ
318 5142 726 5198 incessabiliter
746 5150 1320 5210 recensetur,semper
1348 5155 1409 5195 se
1450 5138 1859 5209 intelligentium

337 5292 363 5319 ι
395 5284 513 5337 Duo
536 5282 697 5337 codd.
728 5282 787 5337 S.
811 5284 957 5337 Petri
985 5292 1036 5336 et
1063 5280 1172 5335 duo
1201 5280 1347 5343 Vat.,
1381 5294 1481 5334 nec
1512 5295 1615 5332 non
1632 5277 1861 5344 Veron.,

268 5364 581 5417 nocuerunt,
612 5364 687 5419 et,
713 5354 1009 5408 itluseruut.
1034 5353 1190 5416 Dein,
1234 5352 1408 5406 nullus
1437 5366 1534 5421 pro
1564 5350 1776 5414 nullius,
1806 5349 1861 5403 in

270 5440 375 5478 uno
404 5426 531 5481 cod.
567 5428 624 5481 S.
650 5425 797 5479 Petri
826 5426 953 5479 etin
980 5424 1178 5479 Veron.

339 5495 368 5532 ξ’
400 5496 584 5550 Prima
616 5496 805 5561 editio,
830 5498 1165 5550 incessanter.

341 5577 365 5604 ε
400 5567 553 5623 Unus
581 5569 641 5623 S.
668 5568 813 5622 Petri
842 5568 991 5633 cod.,
1018 5576 1299 5633 peccatum.
1351 5564 1493 5629 Mox,
1527 5580 1639 5616 cum
1666 5563 1718 5616 in
1748 5573 1865 5617 ortu

278 5636 507 5702 Domini,
532 5641 583 5692 in
606 5639 820 5693 duobus
850 5654 980 5693 mss.
1012 5636 1069 5693 S.
1105 5636 1266 5692 Petri.

344 5708 369 5746 δ
406 5711 584 5765 Prima
610 5712 777 5767 editio
800 5722 855 5766 et
886 5711 1007 5765 cod.
1038 5711 1269 5772 Bonon.,
1296 5708 1360 5760 de
1390 5713 1650 5773 potestate.

350 5792 375 5816 θ
404 5780 619 5837 (Σωειιαε
643 5783 905 5836 declarata
933 5781 1257 5843 Judteorum,
1284 5778 1337 5832 in
1368 5780 1533 5844 prima
1565 5775 1827 5831 editione.

351 5851 374 5923 ἲ
415 5852 557 5907 Editi
616 5870 737 5910 cum
789 5853 1057 5923 aliquibus
1108 5866 1273 5914 mss.,
1336 5850 1561 5923 Badiat‘
1585 5864 1803 5923 namque
1844 5865 1870 5901 e

281 5920 413 5993 εωιο
442 5925 588 5980 stella
615 5943 705 5997 per
733 5919 969 5997 gratiam,
1002 5934 1049 5977 et
1080 5932 1180 5977 tres
1208 5922 1365 5991 magi,
1394 5929 1497 5975 etc.
1532 5919 1867 5976 Praetulimus

1976 4770 2128 4823 ctatio
2151 4765 2375 4838 gentium
2407 4761 2561 4831 (Gen.
2609 4776 2766 4825 XLIX,
2815 4756 2927 4828 10).
2962 4753 3069 4811 Sed
3100 4750 3338 4807 nondum
3373 4746 3572 4801 intelli-

1974 4866 2106 4929 gunt
2130 4856 2271 4926 quod
2294 4869 2491 4924 negare
2519 4868 2623 4906 non
2653 4856 2897 4921 possunt,
2930 4858 2983 4902 et
3023 4851 3204 4898 mente
3230 4856 3337 4896 non
3356 4838 3576 4907 capiunt

1976 4951 2117 5022 quod
2159 4950 2555 5018 Scripturarutn
2598 4945 2909 4999 narratione
2955 4945 3225 4995 noverunt
3269 4932 3574 5005 :quoniam

1974 5044 2180 5098 insanis
2229 5042 2499 5111 magistris
2547 5038 2750 5093 veritas
2799 5032 3111 5088 scandalum
3159 5036 3263 5090 est,
3313 5032 3372 5082 et
3414 5022 3575 5079 caecis

1969 5135 2288 5192 doctoribus
2334 5132 2391 5185 ﬁt
2432 5131 2628 5199 caligo,
2672 5127 2815 5198 quod
2858 5127 3040 5179 lumen
3082 5130 3185 5176 est.
3219 5113 3577 5186 Respondent

1972 5277 2259 5332 lectionem
2287 5273 2611 5341 optimorum
2640 5268 2909 5341 codicum,
2962 5265 3213 5341 nimirum
3238 5259 3471 5341 duorum

1972 5324 2375 5412 iiét'.?i,'véitéii,
2409 5340 2683 5403 Vallicel.,
2733 5324 2986 5403 (Iasinen.
3020 5337 3233 5390 collect.
3267 5339 3293 5383 1
3329 5337 3384 5382 et
3408 5324 3584 5412 Casa-

1973 5394 2787 5482 hat:inﬂecti—,2,hin'quihus
2822 5400 3022 5482 tantum
3057 5417 3186 5482 ante
3212 5413 3399 5481 vocent
3449 5394 3583 5482 ratio

1975 5491 2241 5546 omittitur
2282 5478 2654 5556 prapositio'e
2682 5478 3317 5556 obsimilemditteram,
3364 5478 3529 5556 inmqu
3553 5479 3582 5517 a

2542 5537 2877 5609 antecedens
2910 5550 3184 5621 Radiante,
3224 5556 3375 5621 more
3405 5537 3584 5621 libra:

2553 5606 2829 5681 't'reé'rhss.
2859 5621 3045 5674 Vat.et
3072 5606 3243 5687 prima
3286 5609 3484 5675 editio,
3509 5606 3577 5659 ad

1975 5705 2303 5759 adorandum
2333 5702 2517 5755 summi
2550 5698 2703 5765 Regis
2728 5693 3004 5765 infantiam
3026 5695 3326 5765 accurrunt.

2051 5756 2366 5845 érSu’perius
2406 5787 2570 5845 serm.
2615 5756 2800 5845 ἔζη-γά
2831 5764 2886 5823 2,
2920 5762 3005 5814 cui
3045 5760 3328 5830 repositum
3374 5760 3488 5820 est;
3525 5756 3581 5805 et

1979 5838 2379 5917 ibidem-prima
2410 5844 2573 5898 editio
2601 5838 2771 5895 addit,
2799 5850 3029 5904 regnum.
