3994 6354
493 324 592 382 351

1625 313 1686 373 S.
1726 310 1971 372 LEONIS
2009 305 2228 370 HAG“!
2268 307 2654 376 SERMONES.

3658 316 3764 388 ω

493 439 676 510 itaque
704 435 1034 508 interrogati,
1061 435 1207 508 quod
1241 433 1302 491 in
1327 430 1604 489 Bethleem
1644 430 1886 485 nascitur
1920 425 2078 484 Chri-
2104 427 2160 496 Α
2181 424 2238 498 6)
2267 443 2280 480 :
2324 426 2415 496 qui
2446 427 2603 492 nobis
2633 428 2799 506 nullis
2830 445 3052 502 cperam
3082 433 3285 490 meritis
3308 383 3757 512 suifragantibus,

491 537 647 598 stus;
681 539 740 587 et
773 530 1056 587 scientiam
1084 541 1266 594 suam,
1309 540 1414 596 qua
1459 524 1599 580 alios
1635 525 1932 592 instruunt,
1973 535 2080 578 non

492 633 812 694 sequuntur.
853 621 1211 678 Perdiderunt
1249 618 1413 690 igitur
1435 617 1843 674 successionem
1866 631 2077 686 regum,

492 717 847 787 placationem
878 715 1196 780 hostiarum,
1222 714 1400 769 locum
1429 712 1905 783 supplicationum,
1927 710 2080 770 ordi-

491 819 614 864 nem
639 806 1020 871 sacerdotum;
1067 814 1125 861 et
1166 819 1290 860 cum
1319 803 1501 861 omnia
1532 804 1636 859 sibi
1660 805 1863 869 clausa,
1896 802 2077 864 omnia

491 899 839 966 experiantur
889 895 992 952 sibi
1031 909 1152 952 esse
1181 895 1352 965 ﬁnita,
1399 910 1506 952 non
1534 895 1722 954 vident
1745 909 1812 952 ea
1845 895 1897 952 in
1919 893 2079 950 Chri-

492 1000 639 1044 stum
659 1000 780 1045 esse
809 989 1085 1045 translata.
1120 989 1274 1045 Unde
1299 989 1442 1060 quod
1469 989 1548 1046 illi
1573 998 1684 1046 tres
1711 979 1831 1055 viri,
1862 989 2079 1044 univer-

491 1092 672 1134 sarum
702 1081 944 1150 gentiam
972 1093 1254 1150 personam
1277 1088 1552 1152 gerentes,
1583 1081 1808 1137 adorato
1849 1080 2076 1138 Domino

490 1182 614 1228 sunt
642 1173 843 1242 adepti,
873 1174 976 1230 hoc
1007 1175 1058 1229 in
1078 1173 1291 1244 populis
1310 1174 1424 1229 suis
1447 1189 1540 1242 per
1569 1172 1751 1240 ﬁdem,
1773 1188 1892 1243 quae
1918 1172 2076 1242 justi-

489 1268 615 1323 ﬁcat
645 1269 858 1338 impios,
898 1277 1044 1325 totus
1066 1269 1298 1323 mundus
1326 1267 1664 1338 assequitur;
1698 1278 1753 1324 et
1781 1267 2075 1323 baredita-

489 1367 594 1416 tem
629 1361 840 1416 Domini
871 1373 998 1418 ante
1025 1361 1222 1416 saecula
1253 1368 1611 1430 praeparatam
1641 1360 1914 1428 accipiunt
1941 1359 2074 1413 ado-

489 1455 642 1522 ptivi,
667 1463 720 1510 et
753 1453 1094 1523 perduntqui
1117 1452 1439 1509 videbantur
1484 1464 1606 1507 esse
1632 1450 1876 1520 legitimi.
1919 1450 2076 1506 Resi-

490 1543 633 1610 pisce
665 1545 900 1611 tandem,
931 1543 1139 1611 ludes,
1163 1544 1454 1612 resipisce;
1477 1552 1529 1598 et
1559 1543 1624 1599 ad
1654 1542 2073 1612 Redemptorem

488 1638 648 1692 etiam
680 1645 826 1692 tuum
850 1638 1092 1710 deposita
1121 1639 1434 1694 inﬁdelitate
1455 1647 1795 1696 convertere.
1815 1636 1931 1691 Noli
1955 1651 2074 1692 sce~

486 1728 615 1784 ieris
635 1731 712 1785 tui
742 1731 1079 1788 immanitate
1096 1730 1291 1786 terreri
1316 1748 1330 1785 :
1360 1747 1464 1788 non
1488 1731 1666 1800 j-ustos
1686 1729 1953 1796 Christus,
1978 1729 2072 1786 sed

2184 528 2241 588 et
2277 530 2615 578 sacramento
2641 524 2911 582 consuluit
2932 533 2987 586 et
3025 526 3274 600 exemplo
3310 544 3321 580 :
3353 528 3488 596 utin
3516 517 3757 598 adoptio-

2178 627 2308 676 nem
2333 624 2554 671 vocatos
2577 631 2671 688 per
2694 615 2821 671 illud
2845 621 3165 687 proveheret
3184 619 3250 676 ad
3273 619 3523 690 salutent,
3549 638 3642 690 per
3665 622 3760 694 bac

2179 705 2449 770 imbueret
2473 708 2542 766 ad
2570 709 2831 766 laborem.
2866 709 2963 765 l-lic
2993 721 3168 768 autem
3199 712 3367 778 labor,
3401 697 3757 785 dilectissimi,

2175 800 2284 871 piis
2313 799 2437 856 ﬁliis
2476 811 2531 856 et
2567 801 2727 858 bonis
2765 803 2937 857 servis
2968 819 3072 858 non
3113 803 3285 862 Solum
3319 819 3417 858 nec
3453 817 3632 876 asper,
3666 820 3763 860 nec.

2171 907 2444 949 onerosus
2469 934 2487 960 ,
2535 894 2632 950 sed
2658 896 2818 954 etiam
2854 897 3036 950 suavis
3074 905 3130 952 et
3155 895 3182 933 δ
3235 895 3368 951 levis
3402 907 3478 956 est
3503 939 3518 964 ,
3552 895 3761 960 dicente

2173 984 2411 1042 Domino
2437 1002 2453 1042 :
2489 984 2668 1042 Venite
2692 988 2761 1042 ad
2784 1004 2894 1054 me,
2926 1003 3100 1048 omnes
3118 988 3204 1058 qui
3231 987 3474 1041 laboratis
3501 995 3547 1041 et
3570 990 3762 1042 onerati

2179 1075 2328 1142 estis,
2357 1084 2405 1134 et
2443 1091 2538 1147 ego
2563 1077 2792 1146 reﬁciam
2819 1093 2926 1134 vos.
2961 1076 3150 1131 Tollite
3175 1078 3364 1148 jugum
3404 1094 3570 1154 meum
3612 1094 3763 1145 super

2177 1185 2286 1239 vos,
2308 1181 2356 1224 et
2373 1171 2552 1228 discite
2570 1189 2601 1226 ιι
2630 1189 2729 1238 me,
2756 1173 2874 1242 quia
2902 1173 3038 1227 mitis
3066 1189 3178 1226 sum
3209 1183 3252 1226 et
3270 1171 3481 1246 humilis
3500 1172 3683 1238 corde,
3716 1179 3763 1224 et

2177 1271 2439 1325 invenietis
2461 1271 2686 1342 requiem
2712 1272 2978 1328 animabus
3004 1273 3202 1326 vestris.
3225 1269 3418 1345 Iugum
3443 1273 3574 1325 enim
3600 1286 3765 1339 meum

2177 1379 2332 1420 suave
2363 1373 2458 1430 est,
2481 1376 2528 1419 et
2556 1382 2682 1419 onus
2707 1382 2872 1422 meum
2897 1366 3002 1422 leve
3029 1364 3246 1434 (Matth.
3272 1381 3348 1432 ιιι,
3376 1364 3590 1434 28-50).
3620 1363 3762 1428 Nihil

2177 1468 2330 1525 ergo,
2364 1455 2963 1519 dilectissimi,ardunm
2995 1464 3080 1510 est
3105 1455 3418 1524 humilibus,
3444 1454 3574 1534 nihil
3602 1469 3762 1534 aspe-

2178 1561 2297 1602 rum
2329 1547 2585 1614 mitibus,
2626 1556 2681 1602 et
2723 1547 2879 1604 facile
2923 1549 3100 1602 omnia
3144 1557 3412 1618 praecepta
3445 1531 3681 1620 veniunt
3711 1531 3762 1609 in

2178 1636 2426 1694 eﬁ‘ectum
2451 1678 2466 1703 ,
2519 1637 2734 1706 quando
2781 1646 2836 1692 et
2869 1638 3038 1707 gratia
3068 1637 3348 1707 pra-tendit
3376 1635 3663 1708 auxilium,
3713 1639 3766 1692 et

2179 1728 2480 1784 obedientia
2505 1728 2672 1782 mollit
2699 1728 3000 1798 imperium.
3034 1739 3054 1766 ο
3084 1727 3331 1783 Intonant
3355 1727 3496 1792 enim
3525 1725 3767 1796 quotidie

487 1833 798 1892 peccatores
849 1833 1006 1879 vocat
1052 1822 1269 1897 (Matth.
1300 1841 1378 1892 rx,
1416 1823 1546 1897 £5);
1599 1839 1700 1886 nec
1746 1824 2076 1892 impietatem
2107 1816 2156 1877 B
2181 1820 2400 1874 auribus
2448 1822 2649 1876 nostris
2691 1821 2904 1891 eloquia
2953 1821 3084 1887 Dei,
3122 1829 3178 1894 et
3214 1819 3384 1875 omnis
3421 1804 3590 1888 homo
3634 1819 3767 1890 quid

489 1921 632 1968 tuam
664 1915 894 1985 repellit,
915 1917 1003 1986 qui
1029 1931 1127 1985 pro
1157 1926 1230 1983 te,
1251 1931 1374 1972 eum
1395 1915 1685 1971 cruciﬁxus
1711 1923 1878 1979 esset,
1902 1913 2075 1969 oravit

489 2006 640 2078 (Luc.
678 2023 838 2074 mn,
883 2008 997 2079 54).
1052 2009 1314 2065 [inmitem
1354 2010 1654 2066 crudelium
1703 2019 1912 2077 patrum
1957 2016 2074 2074 tuo-

487 2116 605 2156 rum
637 2101 791 2157 solve
822 2105 1177 2169 sententiam,
1230 2118 1402 2172 neque
1451 2113 1504 2158 te
1543 2116 1731 2157 eorum
1784 2100 2072 2156 maledicto

487 2189 707 2260 patiaris
753 2191 1038 2261 obstringi,
1091 2193 1180 2262 qui
1210 2193 1505 2248 clamantes
1547 2192 1617 2247 de
1659 2192 1894 2260 Christo,
1929 2193 2071 2248 San-

487 2284 602 2354 guis
621 2287 734 2355 ejus
757 2299 909 2356 super
932 2301 1025 2339 nos
1049 2293 1099 2339 et
1113 2302 1268 2354 super
1291 2286 1429 2356 ﬁlios
1449 2293 1648 2340 nostros
1672 2283 1884 2353 (Matth.
1900 2299 2066 2352 xxv",

485 2377 599 2445 25),
635 2377 845 2433 facinus
871 2379 924 2433 in
950 2387 1001 2434 te
1027 2381 1110 2434 sui
1137 2380 1382 2436 criminis
1427 2379 1849 2435 transfoderunt.
1883 2377 2072 2433 Redite

488 2471 554 2525 ad
586 2471 1010 2540 misericordem,
1040 2473 1252 2528 utimini
1277 2474 1564 2530 clementia
1587 2471 1930 2527 remittentis.
1959 2469 2072 2527 Sae-

485 2563 621 2618 vitia
648 2564 790 2619 enim
821 2572 1013 2620 vestrm
1044 2565 1342 2636 iniquitatis
1369 2579 1630 2620 conversa
1660 2571 1744 2618 est
1770 2562 1824 2617 in
1852 2576 2068 2618 causam

485 2657 693 2714 salutis.
737 2658 872 2713 Vivit
915 2673 1073 2726 quem
1105 2658 1281 2728 perire
1302 2659 1564 2714 voluistis.
1607 2655 1950 2712 Conﬁtemini
1977 2669 2070 2710 ne-

485 2757 689 2818 gatum,
713 2750 935 2806 adorato
967 2751 1241 2806 venditum
1261 2761 1349 2805 :ut
1369 2750 1522 2825 vobis
1549 2750 1760 2804 bonitas
1785 2748 1930 2803 illius
1947 2761 2070 2818 pro-

485 2843 574 2904 sit,
607 2839 694 2895 cui
717 2849 892 2896 vestra
919 2841 1218 2912 malignitas
1247 2856 1441 2898 nocere
1463 2855 1568 2896 non
1600 2841 1793 2910 potuit.

553 2931 683 2987 Cu.
733 2932 818 2986 Ill.
861 2962 932 2974 —
971 2932 1126 3000 Quod
1171 2948 1298 3003 ergo
1325 2936 1392 2988 ad
1431 2948 1647 3000 veram,
1691 2928 2065 2998 dilectissimi,

487 3026 722 3093 pertinet
748 3025 1100 3094 cbaritatem,
1132 3040 1292 3096 quam
1316 3027 1476 3084 etiam
1506 3023 1741 3080 inimicis
1771 3026 1971 3080 nostris
2000 3038 2068 3078 ex

486 3115 751 3170 dontinica
806 3125 835 3154 ι
881 3118 1128 3173 oratione
1173 3117 1434 3172 debemus
1480 3116 1696 3189 (Matth.
1742 3131 1795 3181 v,
1841 3114 1970 3183 44),
2015 3123 2069 3167 et

2179 1912 2374 1968 divina:
2417 1913 2639 1983 iustitia:
2683 1915 2890 1983 placeat
2928 1914 3070 1969 scire
3112 1914 3467 1968 convincitur.
3500 1911 3608 1990 Sed
3637 1911 3764 1982 quia

2174 2006 2436 2076 judicium
2467 2005 2621 2070 illud,
2654 2021 2760 2076 quo
2786 2007 3131 2076 unusquisque
3156 2005 3365 2073 recipiet
3404 2013 3556 2075 prout
3577 1997 3764 2084 gessit,

2175 2102 2279 2156 sive
2302 2102 2508 2165 bonum,
2539 2103 2644 2156 sive
2669 2103 2861 2156 malum
2885 2102 2925 2171 (l
2951 2102 3071 2158 Cor.
3105 2115 3158 2170 ν,
3204 2099 3313 2171 10),
3338 2101 3627 2171 judicaturi
3671 2105 3769 2172 pa-

2177 2192 2361 2250 tientia
2391 2201 2446 2248 et
2472 2192 2714 2248 bonitate
2739 2191 3004 2259 diﬁ‘ertur,
3035 2192 3409 2262 impunitatem
3443 2191 3544 2246 sibi
3569 2192 3771 2262 iniqui-

2177 2287 2300 2344 tatis
2356 2285 2653 2342 inﬁdelium
2701 2285 2864 2340 corda
2897 2286 3238 2354 promittunt,
3265 2293 3320 2340 et
3351 2293 3537 2355 putant
3571 2285 3772 2340 humao

2177 2393 2370 2436 norum
2400 2387 2613 2436 actuum
2644 2377 2930 2448 qualitates
2957 2377 3022 2432 ad
3046 2378 3243 2433 divina:
3270 2378 3619 2446 providentiae
3649 2393 3766 2433 non

2172 2471 2446 2546 pertinere
2467 2485 2772 2538 censuram,
2790 2472 2941 2542 quasi
2959 2485 3060 2526 non
3082 2470 3500 2527 evidentissimis
3523 2472 3775 2550 plerum-

2172 2579 2276 2634 que
2301 2564 2575 2634 suppliciis
2604 2563 2742 2619 male
2783 2573 2930 2635 gesta
2977 2565 3298 2633 plcetantur,
3328 2575 3419 2620 aut
3457 2582 3562 2620 non
3607 2581 3766 2644 saepe

2171 2654 2200 2694 ά
2229 2656 2529 2713 caelestium
2557 2657 3034 2728 comminationum
3061 2666 3237 2713 terror
3256 2659 3570 2716 ostendatur
3597 2678 3610 2715 :
3635 2659 3770 2730 qui—

2171 2749 2270 2808 bus
2295 2752 2477 2821 utique
2503 2758 2559 2805 et
2587 2750 2721 2815 ﬁdes
2745 2761 3015 2816 monetur,
3040 2762 3094 2807 et
3111 2752 3401 2809 infidelitas
3429 2753 3770 2824 increpatur.

2243 2843 2369 2897 CAP.
2391 2841 2479 2897 ιν.
2503 2871 2574 2883 -—-
2595 2843 2737 2898 lnter
2754 2842 2868 2898 haec
2885 2853 3064 2898 autem
3091 2856 3368 2912 permanet
3391 2860 3553 2914 super
3569 2835 3776 2902 omnes

2170 2933 2475 3005 benignitas
2503 2935 2619 3002 Dei,
2644 2944 2698 2990 et
2719 2935 2852 2989 nulli
2877 2936 3303 2994 misericordiam
3328 2953 3478 2992 suam
3502 2937 3773 3010 denegat,

2171 3040 2290 3080 cum
2310 3027 2601 3084 indiscrete
2620 3027 2895 3106 universis
2919 3029 3059 3084 bona
3079 3029 3242 3082 multa
3264 3030 3538 3106 largiatur,
3558 3045 3779 3102 eosque

2173 3133 2309 3192 quos
2356 3118 2550 3173 merito
2577 3104 2837 3175 subderet
2867 3121 3040 3191 pmnis
3059 3162 3072 3184 ,
3108 3121 3310 3176 mavult
3339 3104 3567 3199 invitare
3595 3123 3779 3180 bene-

489 3208 784 3276 Optandum
811 3209 966 3264 nobis
991 3217 1148 3264 estet
1173 3208 1612 3275 studendum;ut
1632 3218 1686 3265 et
1708 3206 1794 3262 hic
1818 3207 2065 3278 populus,
2097 3197 2142 3259 C
2178 3209 2330 3264 liciis.
2364 3210 2556 3266 Dilatio
2583 3211 2728 3265 enim
2762 3211 3011 3266 vindicta:
3059 3212 3149 3268 dat
3187 3213 3363 3268 locum
3405 3197 3777 3296 poenitentiae.

489 3300 577 3371 qui
611 3300 678 3354 ab
704 3299 794 3355 illa
822 3301 1048 3370 spiritali
1083 3311 1290 3370 patrum
1322 3301 1600 3358 nobilitate
1629 3300 1856 3366 defecit,
1903 3301 2067 3354 ramis

487 3405 600 3447 sua:
627 3394 839 3448 arboris
865 3394 1151 3450 inseratur.
1181 3394 1404 3451 Multum
1433 3395 1576 3450 enim
1607 3407 1707 3450 nos
1753 3393 1862 3448 Deo
1905 3394 2069 3450 liene-

486 3487 719 3543 volentia
747 3489 846 3543 ista
867 3488 1211 3544 commendat
1238 3505 1250 3542 :
1275 3489 1398 3560 quia
1425 3489 1547 3544 ideo
1567 3488 1820 3544 delictum
1847 3487 2065 3543 illorum

484 3577 643 3634 nobis
681 3579 1068 3636 misericordiae
1106 3582 1281 3637 locum
1321 3581 1478 3647 fecit,
1520 3583 1578 3636 'ut
1608 3596 1701 3637 eos
1739 3581 1806 3635 ad
1847 3580 2067 3636 temule-

488 3671 688 3726 tionem
703 3672 894 3728 salutis
917 3674 1240 3742 recipiendae
1261 3674 1390 3729 ﬁdes
1410 3682 1592 3728 nostra
1614 3683 1910 3728 revocaret.
1929 3672 2066 3730 Nam

483 3761 645 3817 vitam
677 3764 886 3834 piorum
914 3779 1019 3819 non
1051 3766 1223 3820 solum
1255 3765 1390 3831 sibi,
1426 3765 1581 3836 13o
1615 3765 1708 3820 sed
1740 3767 1903 3820 etiam
1944 3764 2067 3821 aliis

483 3869 606 3911 esse
627 3857 810 3912 utilem
841 3856 998 3914 decet
1031 3875 1046 3914 :
1079 3870 1137 3913 ut
1168 3857 1310 3929 quod
1337 3859 1478 3927 apud
1514 3872 1608 3912 eos
1637 3857 1719 3928 agi
1752 3873 1856 3911 non
1889 3865 2066 3926 potest

484 3948 668 4005 verbis
692 3993 708 4018 ,
739 3950 1044 4007 obtineatur
1073 3952 1360 4021 exemplis.
1406 3950 1826 4007 Considerantes
1850 3952 2060 4022 itaque,

482 4043 844 4108 dilectissimi,
888 4045 1212 4101 ineffabilem
1241 4060 1365 4115 erga
1406 4060 1503 4100 nos
1532 4043 1841 4100 divinorum
1877 4059 2066 4099 mune-

483 4151 602 4191 rum
633 4135 957 4207 largitatem,
989 4148 1373 4205 cooperatores
1402 4137 1570 4194 simus
1596 4137 1783 4208 gratia:
1815 4137 1910 4192 Dei
1932 4151 2063 4208 ope-

482 4229 650 4284 rantis
702 4230 760 4284 in
803 4229 980 4286 nobis.
1023 4229 1141 4284 Non
1185 4228 1328 4284 enim
1371 4228 1763 4284 dormientibus
1815 4229 2064 4296 provenit

480 4334 704 4390 regnum
734 4320 996 4382 calorum
1021 4361 1037 4386 ,
1085 4335 1185 4376 nec
1213 4321 1324 4388 otio
1372 4320 1682 4390 desidiaqne
1725 4322 2063 4392 torpentibus

483 4412 762 4468 beatitudo
789 4413 1105 4467 cternitatis
1129 4413 1418 4481 ingeritur;
1445 4413 1539 4470 sed
1570 4413 1718 4480 quia,
1751 4411 1891 4466 sicut
1919 4416 2062 4482 Apo-

480 4505 652 4560 stolus
674 4504 770 4570 ait,
797 4506 842 4558 si
871 4506 1228 4575 compatimur,
1253 4516 1300 4560 et
1344 4505 1848 4575 conglori/icabimur
1876 4505 2057 4575 (Rom.

2171 3302 2282 3358 Nec
2310 3318 2488 3358 unum
2510 3319 2614 3360 DIC!
2643 3311 2818 3376 potest
2848 3315 2870 3341 ο
2896 3306 3039 3359 nulla
3067 3307 3137 3360 ibi
3169 3321 3289 3362 esse
3315 3309 3467 3374 ultio,
3491 3307 3578 3363 ubi
3605 3309 3779 3365 nulla

2174 3395 2459 3448 conversio
2493 3404 2614 3461 est,
2650 3397 2771 3463 quia
2803 3410 2956 3450 mens
2997 3395 3133 3450 dura
3161 3407 3216 3452 et
3257 3398 3466 3468 ingrata
3502 3399 3611 3467 jam
3662 3399 3784 3457 sibi

2169 3483 2284 3555 ipsa
2316 3485 2634 3554 supplicium
2663 3496 2767 3550 est,
2807 3486 2961 3559 131
2995 3487 3124 3544 etin
3156 3490 3486 3544 conscientia
3525 3504 3618 3545 sua
3674 3505 3782 3559 pa-

2171 3579 2301 3632 titur
2322 3577 2579 3647 quidquid
2615 3577 2707 3632 Dei
2758 3578 2994 3633 bonitate
3022 3577 3288 3635 diﬂertur.
3320 3566 3433 3634 Non
3475 3580 3545 3635 ita
3596 3582 3785 3654 igitur

2170 3673 2546 3743 delinquentes
2566 3681 2783 3741 peccata
2815 3672 3115 3740 delectent,
3151 3680 3206 3726 ut
3235 3673 3352 3728 illos
3396 3674 3447 3728 in
3479 3676 3591 3729 suis
3623 3677 3784 3733 acti-

2169 3769 2269 3823 bus
2316 3769 2440 3824 vita:
2485 3767 2644 3835 hujus
2687 3767 2806 3821 ﬁnis
2850 3767 3131 3821 inveniat:
3166 3767 3418 3837 quoniam
3461 3768 3512 3822 in
3545 3749 3786 3824 inferno

2166 3860 2311 3915 nuila
2339 3871 2422 3916 est
2448 3861 2738 3929 correctio,
2767 3876 2868 3916 nec
2895 3876 3074 3917 suun
3105 3862 3406 3917 remedium
3433 3863 3786 3920 satisfactio-

2168 3955 2271 4024 nis,
2311 3951 2332 3992 ί
2364 3953 2450 4010 ubi
2471 3952 2579 4023 jam
2613 3969 2719 4007 non
2751 3963 3001 4022 superest
3026 3954 3168 4009 actio
3195 3952 3506 4020 voluntatis,
3539 3954 3789 4014 dicente

2168 4046 2426 4118 propheta
2456 4044 2624 4100 David
2659 4063 2674 4101 :
2706 4044 2960 4111 Quoniam
2996 4061 3098 4099 non
3137 4053 3207 4100 est
3236 4046 3291 4098 in
3324 4057 3487 4100 morte
3515 4048 3602 4115 qui
3647 4066 3785 4103 me-

2167 4154 2277 4192 mor
2323 4139 2389 4192 sit
2437 4138 2550 4204 tui;
2589 4139 2642 4191 in
2692 4138 2896 4207 inferno
2946 4146 3116 4192 autem
3142 4137 3259 4207 quis
3299 4139 3627 4208 conﬁtebitur
3674 4145 3789 4198 tibi

2167 4228 2284 4300 (Ps.
2317 4245 2400 4297 vt,
2443 4225 2536 4299 6)?
2561 4227 2853 4298 Fugiuntur
2880 4228 3055 4282 noxia:
3097 4237 3123 4276 ε
3155 4228 3502 4299 voluptates,
3532 4232 3787 4289 inimica

2163 4323 2354 4393 gaudia
2392 4331 2445 4377 et
2493 4323 2758 4378 desideria
2785 4321 3114 4392 jamjamque
3142 4322 3398 4398 peritura.
3430 4321 3564 4392 Quis
3606 4324 3789 4383 fruc-

2167 4427 2252 4471 tus
2281 4425 2384 4479 est,
2417 4431 2605 4485 quaeve
2629 4416 2854 4484 utilitas,
2882 4431 2944 4472 ea
2972 4415 3338 4472 indesinenter
3367 4433 3596 4488 cupere,
3629 4435 3790 4491 qua

2164 4507 2375 4562 etiamsi
2417 4521 2522 4560 non
2553 4507 2825 4573 deserant,
2853 4505 3152 4562 deserenda
3182 4508 3342 4563 sunt?
3371 4508 3536 4566 Amor
3565 4525 3788 4580 rerum

479 4611 593 4663 νιιι,
627 4597 715 4663 i7;
757 4597 800 4653 ll
843 4597 974 4652 Tim.
1001 4613 1060 4665 ιι,
1093 4598 1201 4668 12),
1237 4598 1323 4652 illa
1354 4597 1508 4652 nobis
1549 4597 1814 4652 currenda
1863 4607 1948 4655 est
1977 4601 2060 4660 via
2088 4581 2142 4650 Ι)
2166 4599 2528 4662 deﬁcientium
2565 4595 2632 4650 ad
2680 4596 3102 4667 incorruptibilia
3151 4597 3534 4664 transferatur,
3575 4608 3634 4654 et
3701 4601 3789 4659 ad

479 4704 637 4760 quam
669 4690 785 4760 ipse
817 4690 1070 4746 Dominus
1097 4703 1157 4744 se
1186 4703 1306 4747 esse
1337 4696 1562 4744 testatus
1599 4695 1684 4743 est
1725 4687 1904 4759 (Joan.
1948 4705 2060 4761 xxv,

551 4833 575 4860 ει
609 4823 749 4892 Editi
775 4837 897 4877 cum
933 4822 1250 4892 quibusdam
1289 4835 1444 4891 mss.,
1476 4820 1780 4876 eruditione.
1808 4821 2060 4892 Amplec-

480 4891 694 4949 tend'am
748 4891 1048 4963 putavimus
1092 4893 1378 4947 lectionem
1431 4897 1480 4946 in
1522 4907 1622 4946 tus.
1667 4891 1981 4948 Corbeicnsi
2027 4911 2058 4950 a

477 4964 766 5032 Quemello
789 4966 1081 5029 inventam,
1105 4965 1301 5034 quippe
1322 4979 1439 5033 quae
1462 4964 1514 5018 in
1539 4963 1835 5034 potioribus
1860 4967 2057 5022 nostris

477 5035 635 5091 codd.
667 5035 969 5104 prchertur,
999 5037 1205 5090 scilicet
1234 5033 1284 5089 in
1312 5035 1519 5088 duobus
1548 5033 1604 5091 S.
1635 5035 1798 5100 Petri,
1834 5035 2054 5103 Veneto,

477 5115 532 5161 et
562 5121 689 5160 mss.
724 5106 936 5160 collect.
973 5106 996 5160 1
1028 5121 1089 5160 ac
1116 5105 1169 5159 2.
1198 5105 1397 5160 Alludit
1426 5109 1480 5158 S.
1515 5109 1750 5172 pontifex
1790 5121 1893 5157 non
1948 5116 2053 5161 tam

475 5176 543 5233 ad
571 5177 810 5246 quintam
841 5177 1098 5231 orationis
1120 5177 1412 5231 Dominica:
1441 5178 1775 5246 petitionem,
1800 5191 1957 5245 quam
1985 5177 2055 5232 ad

478 5241 774 5304 orationem
803 5247 998 5300 Christi
1031 5248 1084 5300 in
1110 5262 1265 5302 cruce
1299 5241 1576 5317 pentleittis
1600 5288 1614 5312 ,
1646 5241 1733 5315 qui
1760 5241 1852 5317 pro
1898 5255 1965 5312 te,
1994 5257 2054 5303 ut

477 5320 634 5389 paulo
661 5329 784 5373 ante
811 5319 1048 5384 dixerat,
1080 5334 1193 5372 cum
1233 5316 1511 5387 cruciﬁxus
1539 5329 1695 5382 esset,
1724 5316 1904 5372 oravit.

546 5389 572 5429 δ
604 5389 678 5445 Ita
708 5405 773 5448 ex
807 5389 1201 5461 nostris_c0dd.
1228 5400 1279 5461 et
1324 5391 1491 5461 prima
1523 5389 1790 5461 editione,
1840 5403 1936 5456 pro
1987 5403 2056 5461 eo

475 5462 614 5528 quod
643 5469 790 5520 erat.
825 5459 970 5531 lenis.
1002 5459 1318 5531 Emendatio
1340 5458 1406 5513 ab
1443 5459 1558 5527 ipso
1585 5458 1873 5528 Scriptura:
1909 5460 2052 5531 quod

475 5531 744 5599 profertur
772 5529 1077 5594 testimonio
1101 5529 1352 5599 exigitur.

550 5612 572 5639 θ
631 5602 755 5658 Huic
813 5593 968 5670 lectio
1007 5599 1089 5654 est
1143 5593 1490 5670 vetustiorum
1543 5605 1598 5654 et
1649 5600 2048 5669 castigatiorum

473 5672 860 5740 exetnplarium
885 5669 941 5726 S.
976 5670 1141 5738 Petri,
1177 5668 1389 5735 Venet.,
1417 5668 1684 5740 Vallicel.,
1715 5668 1965 5726 Casanat.
1995 5681 2052 5728 et

477 5739 648 5795 Barh.’
674 5741 760 5795 Al.
792 5741 853 5812 in,
891 5742 1049 5797 editis
1085 5750 1140 5799 et
1177 5741 1379 5812 aliquot
1409 5755 1564 5812 rust,
1592 5739 1868 5796 Intonante
1916 5744 2051 5796 enim

471 5813 703 5869 quotidie
721 5811 929 5865 auribus
959 5813 1144 5867 nostris
1169 5810 1369 5873 eloquio
1403 5810 1517 5876 Dei,
1547 5813 1708 5867 omnis
1734 5817 1908 5879 homo,
1942 5824 2046 5870 etc.

2169 4689 2417 4746 sublimia
2445 4695 2664 4741 vocatus
2695 4686 2904 4741 animus
2925 4687 3236 4742 cmlestibus
3258 4687 3576 4744 delectetur.
3601 4690 3786 4747 Con-

2163 4825 2290 4879 Post
2318 4835 2506 4892 pauca,
2538 4831 2688 4892 prout
2710 4826 2958 4892 (gesserit,
2992 4824 3043 4876 in
3073 4821 3244 4888 prima
3269 4823 3527 4882 editione.

2231 4894 2260 4932 ά
2288 4894 2344 4947 ln
2377 4910 2482 4947 uno
2522 4891 2651 4948 mss.
2681 4891 2823 4957 νειμ,
2855 4893 3131 4948 caelestium
3162 4896 3608 4962 comminatiqnent
3649 4907 3789 4954 ter.

2160 4982 2248 5019 ror
2267 4966 2515 5026 ostendat.
2546 4963 2600 5018 ln
2626 4964 2792 5032 prima
2816 4966 3050 5018 editiOne
3095 4973 3148 5016 et
3176 4964 3280 5017 alio
3313 4961 3426 5018 Vat.
3458 4959 3506 5019 in
3541 4959 3792 5027 Veneto

2159 5045 2318 5108 atque
2348 5036 2555 5108 Casin.,
2589 5033 2863 5088 calestium
2892 5036 3350 5108 comminationum
3379 5042 3541 5108 terror
3569 5051 3792 5096 osten—

2158 5103 2268 5162 dat.
2305 5106 2356 5159 ld
2389 5105 2562 5173 ipsum
2589 5107 2759 5174 prima
2788 5121 2946 5159 manu
2971 5108 3022 5158 in
3048 5103 3429 5173 Casunatensi,
3471 5120 3524 5163 et
3568 5113 3793 5170 solum

2160 5179 2212 5232 in
2244 5179 2486 5246 margine
2513 5176 2852 5230 emendatum
2891 5175 3136 5231 addendo
3161 5191 3458 5245 pronomen
3511 5195 3565 5232 se
3615 5193 3797 5240 ante

2159 5263 2349 5303 vocem
2385 5247 2679 5301 calestium.

2231 5329 2255 5357 ο
2286 5321 2341 5373 In
2368 5334 2474 5371 uno
2504 5334 2604 5371 ms.
2638 5317 2762 5372 Vat.
2787 5325 2844 5372 et
2870 5317 2923 5371 in
2959 5317 3092 5372 Bon.
3131 5331 3195 5372 ac
3233 5318 3405 5387 prima
3444 5320 3717 5376 editione
3769 5344 3786 5378 :

2157 5388 2325 5443 Nulla
2345 5391 2414 5443 ibi
2443 5398 2515 5442 est
2548 5390 2691 5442 ultio.
2721 5388 2843 5443 Mox
2867 5387 3026 5443 iidem
3060 5389 3218 5443 codd.
3262 5396 3318 5444 et
3341 5390 3501 5457 edit.,
3529 5392 3584 5444 in
3610 5409 3792 5449 con-

2155 5462 2366 5530 scientia
2385 5463 2516 5530 ipsa,
2545 5475 2641 5529 pro
2661 5460 2716 5512 in
2745 5461 3056 5513 conscientia
3092 5477 3208 5514 sua.

2229 5529 2252 5570 ί
2283 5532 2339 5585 1η
2363 5529 2530 5603 prima
2557 5530 2820 5603 editione,
2850 5531 2894 5583 si
2910 5534 3029 5603 jam
3057 5547 3157 5584 non
3187 5541 3438 5600 superest.

2229 5611 2255 5649 ιι
2282 5602 2414 5657 Cod.
2443 5599 2740 5656 Gaudiival.
2773 5599 3067 5666 Qucshelii,
3095 5603 3402 5658 voluntas.
3448 5602 3523 5658 Ita
3567 5605 3793 5664 etiam

2157 5672 2264 5728 duo
2291 5672 2410 5728 Vat.
2437 5682 2490 5725 et
2499 5687 2650 5742 _unus
2681 5670 2839 5736 Bon.,
2863 5674 2952 5742 qui
2984 5685 3241 5741 pratterca
3287 5674 3430 5729 hunc
3457 5674 3642 5729 locum
3683 5682 3800 5737 sic

2157 5743 2452 5814 efferum”:
2489 5739 2755 5814 Fugentur
2779 5739 2946 5798 noxiae
2980 5739 3284 5799 voluntates.
3336 5744 3482 5801 Unus
3511 5742 3644 5800 cod.
3706 5750 3795 5808 S.

2160 5814 2303 5868 Petri
2347 5831 2358 5866 ε
2393 5811 2622 5883 Fugiunt
2655 5829 2772 5883 ergo
2801 5817 2971 5869 nouit:
2993 5815 3296 5881 voluptates.
3559 5824 3562 5826 ⁷
