3994 6354
238 348 343 429 gs:
1618 349 1856 409 annuo
1895 350 2137 409 smn.
3406 349 3513 409 ast

236 464 448 547 nntiate
476 464 744 545 amicitias
764 478 886 537 cum
906 465 1105 533 unctis
1129 464 1368 538 angelis;
1386 463 1584 523 intrate
1606 465 1659 521 in
1689 465 1829 522 civi—
1852 470 1907 531 Α
1932 483 2187 533 emensus
2204 478 2285 525 est
2307 469 2446 532 dies,
2476 476 2534 526 ut
2552 468 2720 526 virtus
2740 469 2943 539 operis,
2971 476 3091 539 qua
3109 474 3238 524 tunc
3261 478 3514 526 estrevo-

174 554 185 563 '
236 554 399 613 tatem
424 554 559 624 Dei,
614 556 771 628 cujus
805 556 960 614 nobis
995 557 1293 631 spondetur
1324 566 1353 617 ι,
1376 558 1730 625 inhabitstio,
1775 565 1833 614 et
1934 562 2066 627 Ista,
2116 563 2412 627 transierit,
2446 561 2687 633 nihilque
2715 564 2781 618 ad
2814 576 2913 618 nos
2934 561 3037 618 nisi
3063 562 3140 618 rei
3178 569 3344 633 gesta
3372 561 3516 620 Isne

238 650 585 725 patriarchis,
619 652 919 722 pr0phetis,
950 653 1232 729 apostolis,
1263 652 1697 723 martyribusque
1742 665 1833 707 so-
1932 657 2265 725 pervenerit,
2294 670 2454 727 quam
2477 657 2610 713 tides
2629 654 2649 697 ί
2671 658 2990 726 susciperet,
3020 662 3077 711 et
3098 658 3355 713 memoria
3371 657 3517 714 cele-

238 744 479 800 ciamini.
518 743 677 802 Unde
710 746 790 802 illi
834 746 1106 818 gaudent,
1158 745 1284 803 inde
1324 744 1580 817 gaudete.
1628 744 1831 805 Horum
1930 748 2148 813 brsret;
2176 762 2300 805 cum
2352 748 2705 817 multiplicato
2753 762 2975 821 munere
3002 747 3121 815 Dei,
3146 749 3311 804 etiam
3339 746 3518 819 quosl-

239 837 456 893 divitias
482 838 873 909 concupiscite,
897 848 951 897 et
977 854 1071 909 per
1094 839 1290 895 bonam
1316 838 1716 917 mulationem
1748 839 1832 909 ip-

241 946 425 986 sorum
458 928 665 987 ambite
703 920 974 1007 suﬁ‘ragia.
1022 932 1160 995 Cum
1199 932 1395 1003 quibus
1437 933 1580 988 enim
1619 930 1647 973 δ
1676 931 1834 988 nobis

245 1023 405 1081 luerit
438 1025 780 1081 consortium
809 1026 1143 1091 devotionis,
1189 1025 1293 1083 erit
1320 1033 1378 1087 et
1403 1025 1713 1083 cotnmunio
1746 1024 1833 1080 di-

245 1117 485 1188 gnitatis.
516 1115 656 1172 Dum
703 1117 885 1188 itaque
916 1128 1124 1185 tempus
1152 1118 1307 1177 vobis
1333 1118 1400 1177 ad
1445 1116 1693 1195 mandata
1739 1116 1836 1173 Dei

245 1209 593 1279 exsequenda
623 1198 957 1279 conceditur,
993 1210 1285 1283 glori/irate
1314 1209 1482 1269 Deum
1526 1209 1581 1263 in
1624 1223 1838 1277 corpore

243 1310 403 1356 vestro
429 1300 475 1371 (ι
505 1299 631 1357 Cor.
656 1318 731 1368 γι,
752 1301 868 1373 20),
898 1312 943 1357 et
968 1303 1162 1367 lucete,
1196 1302 1570 1366 dilectissimi,
1604 1301 1733 1355 sicut
1754 1300 1837 1354 lu-

246 1393 465 1447 minaria
491 1396 547 1448 in
585 1394 680 1449 hoc
708 1395 899 1449 mundo
941 1392 1164 1466 (Philip.
1198 1410 1259 1460 tt,
1289 1393 1400 1465 15).
1432 1393 1551 1450 Sint
1602 1392 1837 1448 lucernae

249 1488 509 1544 mentium
540 1497 844 1543 vestrarum
875 1503 1092 1558 semper
1120 1488 1403 1554 ardentes,
1434 1498 1488 1557 et
1534 1485 1668 1545 nihil
1698 1485 1837 1543 resi-

247 1582 371 1635 deat
397 1580 597 1636 vestris
623 1581 676 1635 in
704 1581 955 1637 cordibus
982 1582 1327 1637 tenebrosum
1358 1580 1509 1652 (Luc.
1556 1597 1610 1638 ιιι
1630 1622 1647 1647 ,
1696 1580 1789 1651 55)
1820 1598 1835 1636 :

250 1672 528 1743 quoniam,
561 1674 701 1728 sicut
729 1673 803 1729 ait
834 1675 1153 1743 Apostolus,
1178 1676 1346 1745 fuistis
1385 1674 1664 1747 aliquando
1694 1684 1838 1729 tene-

250 1765 372 1830 brae,
403 1781 543 1819 nunc
562 1780 735 1821 autem
760 1768 918 1821 luxin
942 1766 1196 1834 Domino,
1231 1777 1251 1804 ο
1277 1777 1331 1821 ut
1355 1766 1457 1837 ﬁlii
1487 1768 1615 1822 lucis
1653 1769 1838 1822 ambu-

1934 841 2024 896 die
2060 850 2244 903 nostra
2294 841 2640 910 experiantur
2669 852 2912 911 tempora
2939 874 2953 907 ,
2983 842 3244 912 Qudquid
3281 842 3369 898 ilia
3415 843 3518 900 ha-

1932 932 2105 988 buere
2139 932 2453 1001 primordia.
2485 931 2743 999 Quamvis
2769 948 2897 1003 ergo
2924 934 3164 990 narratio
3194 935 3517 1004 evangelica

1937 1024 2183 1080 lectionis
2225 1024 2347 1079 illos
2395 1024 2609 1093 proprie
2636 1036 2914 1081 recenseat
2949 1025 3065 1083 dies
3108 1028 3161 1081 in
3184 1027 3377 1097 quibus
3407 1038 3519 1084 tres

1938 1114 2067 1183 viri,
2110 1130 2246 1184 quos
2270 1128 2372 1170 nec
2416 1114 2728 1184 prophetica
2754 1115 3370 1186 pradicatiodocuerat,
3419 1133 3520 1174 nec

1938 1206 2243 1263 testiﬁcatio
2272 1206 2406 1276 legis
2423 1206 2777 1273 instruxerat,
2808 1208 2879 1263 ad
2893 1209 3321 1277 cognoscendum
3350 1210 3518 1265 Deum

1936 1314 1968 1355 a
1998 1298 2355 1355 remotissima
2401 1298 2636 1355 Orientis
2684 1308 2836 1368 parte
2881 1308 3177 1364 venerunt;
3223 1299 3325 1355 hoc
3377 1300 3519 1355 idem

1940 1404 2119 1449 tamen
2164 1404 2217 1448 et
2247 1394 2581 1451 manifestius
2610 1409 2751 1461 nunc
2791 1403 2846 1449 et
2884 1394 3156 1462 cepiosins
3182 1393 3297 1451 ﬁeri
3329 1396 3382 1450 in
3404 1408 3522 1449 om-

1938 1489 2086 1545 nium
2115 1496 2424 1544 vocatorum
2453 1487 2839 1542 illuminatione
2864 1488 3234 1556 perspicimus,
3269 1487 3521 1556 quoniam

1943 1583 2193 1651 impletur
2222 1580 2501 1650 prophetia
2544 1581 2695 1635 Isaiae
2722 1581 2953 1635 dicentis
2992 1599 3005 1632 :
3056 1578 3313 1635 Reuelavit
3345 1580 3523 1634 Demi-

1941 1690 2036 1727 nus
2094 1674 2359 1727 brachium
2406 1682 2640 1731 sanctum
2683 1687 2834 1725 suum
2887 1673 2942 1727 in
2971 1682 3245 1743 conspectu
3295 1675 3523 1727 omnium

1941 1767 2167 1838 gentium
2214 1764 2366 1835 (lsai.
2400 1780 2492 1829 LII,
2547 1764 2659 1832 10);
2710 1772 2763 1817 et
2793 1772 2818 1811 ι
2858 1763 3107 1819 Viderunt
3138 1780 3308 1819 omnes
3351 1774 3524 1837 gentes

250 1858 345 1912 late
375 1856 602 1929 (Ephes.
634 1876 693 1927 ν,
726 1859 822 1931 8);
873 1862 1303 1931 impleanturque
1338 1862 1393 1917 in
1423 1861 1577 1917 vobis
1620 1876 1740 1932 qua:
1786 1862 1843 1933 in
1871 1850 1917 1911 Β
1946 1866 2095 1911 terra
2122 1858 2362 1920 salutem,
2390 1871 2506 1925 qua:
2532 1872 2565 1909 a
2615 1854 2836 1908 Domino
2874 1853 2984 1909 Deo
3007 1865 3182 1909 nostro
3212 1864 3287 1909 est
3310 1853 3520 1924 (Ibid);

248 1952 405 2004 trium
430 1966 715 2021 magorum
742 1953 977 2023 imagine
1010 1963 1449 2022 princesses-unt;
1480 1963 1537 2009 et
1566 1956 1639 2007 sic
1673 1955 1844 2009 luceat

250 2042 418 2097 lumen
462 2052 690 2097 uestrum
719 2060 894 2098 coram
934 2044 1256 2110 hominibus,
1303 2052 1359 2096 ut
1409 2044 1637 2101 uidentes
1690 2060 1844 2113 opera

246 2145 409 2191 vestra
439 2135 575 2192 bona
597 2177 616 2204 ,
648 2139 977 2209 magniﬁcent
1012 2136 1219 2194 Patrem
1249 2148 1472 2194 uestrum
1499 2140 1587 2206 qui
1619 2140 1673 2193 in
1703 2139 1843 2197 aclis

246 2236 319 2281 est
369 2225 670 2299 (Matth.v,
720 2230 835 2300 16).
878 2229 1029 2285 Sicut
1070 2230 1216 2287 enim
1261 2245 1513 2301 magnum
1558 2239 1841 2300 peccatum

246 2329 350 2385 est,
381 2336 507 2376 cum
537 2322 681 2376 inter
706 2332 894 2392 gentes
924 2332 1143 2393 propter
1164 2324 1337 2379 malos
1362 2321 1695 2379 Christianos
1737 2337 1841 2391 no-

244 2420 368 2466 men
403 2412 619 2467 Domini
646 2413 1071 2484 blasphematur,
1116 2414 1189 2469 ita
1218 2430 1471 2485 magnum
1505 2414 1716 2484 pietatis
1756 2420 1843 2471 est

243 2504 536 2571 meritum,
565 2519 687 2560 cum
730 2504 905 2561 eidem
951 2505 1006 2562 in
1051 2516 1237 2562 sancta
1290 2522 1570 2563 servorum
1619 2520 1838 2562 suorum

241 2598 658 2653 conversatione
686 2598 1024 2654 benedicitur
1072 2616 1088 2655 :
1117 2600 1204 2654 cui
1234 2606 1320 2657 est
1362 2599 1537 2659 honor
1576 2606 1633 2655 et
1668 2598 1839 2671 gloria

241 2687 291 2741 in
314 2689 523 2744 mula
551 2690 895 2745 smcnlorum.
932 2692 1127 2748 Amen.

478 2782 637 2867 132
675 2783 907 2841 SERMO
946 2783 1166 2840 χχχιι
1207 2783 1314 2858 [Αι.
1358 2782 1601 2856 XXXV].

560 2873 587 2912 ἀ
628 2874 691 2930 In
733 2875 1048 2949 Epiphania:
1073 2879 1395 2935 solemnitate
1428 2878 1529 2935 VI.

241 2965 521 3043 SYNﬁOPSlS.
554 2999 625 3010 —-
651 2969 690 3024 l.
744 2966 1598 3043 Mysteriarsemiierihonoranda;
1634 2989 1749 3043 qua:
1787 2982 1838 3029 et

308 3042 495 3115 uirtute
522 3053 793 3115 remanent
812 3042 879 3096 et
914 3042 1088 3115 adhuc
1116 3044 1169 3096 in
1203 3042 1432 3097 Ecclesia
1463 3042 1831 3115 adimplenlur.

306 3110 497 3185 (gratia
510 3114 651 3168 intus
686 3124 927 3183 operatur
950 3114 1089 3185 quod
1126 3118 1349 3169 exterius
1378 3116 1527 3169 stella
1553 3110 1831 3183 siqui/ient.

315 3182 591 3257 Quomodo
622 3182 836 3257 munera
860 3182 1037 3257 eadem
1060 3185 1350 3257 referuntur
1388 3203 1420 3240 a
1469 3182 1726 3257 ﬁdelibus.
1760 3212 1833 3246 -ςπ

1944 1960 1997 2004 et
2024 1949 2178 2020 133
2198 1948 2390 2003 iterum
2418 1965 2433 2004 :
2458 1947 2526 2001 Et
2550 1948 2734 2017 quibus
2754 1964 2857 2002 non
2881 1957 2952 2002 est
2980 1948 3338 2003 annuntietum
3361 1950 3423 2003 de
3443 1965 3521 2015 eo,

1943 2042 2213 2105 videbunt;
2242 2050 2287 2095 et
2316 2043 2403 2109 qui
2445 2056 2547 2097 non
2572 2041 2846 2095 audieth
2880 2041 3157 2112 intelligent
3186 2040 3373 2112 (Mitt,
3409 2043 3523 2111 i5).

1945 2132 2098 2189 Unde
2128 2148 2250 2187 cum
2281 2130 2309 2168 ιι
2336 2132 2581 2186 homines
2606 2132 2887 2187 mundanae
2908 2133 3185 2202 sapientia!
3209 2134 3439 2199 deditos,
3472 2143 3526 2191 et

1942 2240 1971 2279 a
2024 2225 2153 2280 Jesu
2181 2226 2379 2283 Christi
2406 2224 2748 2293 confessione
2778 2225 3129 2295 longinquos,
3163 2225 3230 2283 de
3261 2226 3525 2295 profundo

1943 2321 2145 2375 erroris
2173 2318 2256 2379 sui
2283 2320 2470 2386 educi,
2499 2329 2552 2374 et
2581 2320 2649 2374 ad
2670 2319 2998 2388 agnitionem
3030 2321 3141 2376 veri
3173 2320 3387 2377 luminis
3408 2334 3527 2377 cer-

1944 2414 2122 2475 nimus
2148 2415 2421 2481 advocari,
2446 2414 2645 2477 divinae
2669 2414 2855 2482 procul
2880 2413 3043 2470 dubio
3068 2413 3252 2485 gratia:
3272 2413 3527 2483 splendor

1942 2518 2227 2574 operatur;
2270 2515 2327 2561 et
2354 2506 2613 2577 quidquid
2642 2508 2691 2561 in
2732 2506 2985 2561 cordibus
3031 2506 3332 2563 tenebrosis
3375 2520 3528 2563 nova

1941 2598 2076 2675 lucis
2123 2608 2385 2669 apparet,
2422 2602 2489 2654 de
2516 2598 2759 2666 ejusdem
2810 2598 2980 2654 stella:
3023 2599 3189 2655 radiis
3232 2600 3437 2655 micat:
3468 2607 3527 2656 ut

1940 2700 2153 2747 mentes
2180 2705 2313 2760 quas
2343 2705 2443 2747 suo
2468 2690 2677 2760 fulgore
2704 2689 3020 2759 contigerit,
3048 2698 3101 2745 et
3124 2688 3387 2745 miraculo
3412 2704 3526 2745 mo-

1943 2796 2084 2853 veat,
2109 2795 2161 2840 et
2189 2785 2255 2840 ad
2293 2786 2457 2840 Deum
2485 2784 2817 2840 adorandum
2846 2782 3132 2851 praeunde
3160 2782 3435 2851 perducat.
3467 2782 3527 2841 Si

1938 2887 2118 2933 autem
2148 2877 2387 2933 sollicito
2410 2876 2687 2931 intellectu
2710 2876 2943 2931 velimus
2963 2876 3227 2945 aspicere,
3256 2874 3527 2943 quomodo

1941 2970 2104 3026 etiam
2138 2969 2330 3039 triplex
2361 2970 2448 3024 illa
2480 2970 2688 3037 species
2733 2982 3016 3023 munerum
3047 2966 3115 3022 ab
3142 2965 3393 3023 omnibus
3433 2967 3525 3037 qui

1941 3061 2008 3115 ad
2040 3058 2314 3116 Christum
2340 3073 2531 3129 gressu
2554 3058 2680 3114 ﬁdei
2706 3058 2931 3114 veniunt
2958 3058 3236 3123 oﬂ'eratur,
3269 3072 3449 3113 nonne
3470 3060 3525 3115 in

1943 3154 2194 3211 cordibus
2223 3163 2373 3208 recte
2395 3152 2728 3219 credentium
2750 3150 2936 3213 eadem
2964 3149 3271 3206 celebrator
3293 3148 3525 3205 oblatio?

308 3236 372 3331 ti.
400 3236 529 3331 ait}:
537 3236 597 3331 ui:
613 3236 1125 3331 _;_i’.-naa.'iiaaag'
1140 3236 1416 3331 animi;
1442 3236 1829 3331 ς’έιᾶἷξεῖιῖιᾶἶ

1944 3245 2140 3301 Aurum
2185 3244 2385 3300 etenim
2431 3243 2500 3299 de
2532 3242 2785 3299 thesauro
2824 3242 2987 3298 animi
3026 3242 3108 3298 sui
3141 3241 3374 3311 promit,
3428 3243 3522 3312 qui

304 3326 438 3401 dcis
461 3325 760 3401 invidiam,
796 3328 848 3380 in
890 3324 1484 3401 h_wrelicis"fallactant',
1528 3324 1593 3382 in
1620 3333 1836 3401 paganis

302 3398 563 3450 esuritioni
591 3413 847 3452 exercens.
897 3398 1002 3452 Sed
1048 3410 1095 3451 et
1137 3396 1372 3453 Christus
1417 3414 1504 3467 per
1535 3396 1837 3454 charit'atent

310 3469 607 3537 triumth
638 3469 689 3522 in
726 3470 834 3523 suis
861 3468 1118 3525 membris.
1149 3499 1222 3510 —
1254 3471 1342 3525 lll.
1389 3470 1836 3527 Persecutionibus

310 3536 487 3612 gestit
522 3536 775 3612 Ecclesia.
829 3539 1009 3612 Gl_oria
1041 3543 1333 3612 principum
1377 3542 1578 3596 Christo
1621 3545 1833 3598 servire.

314 3607 575 3695 Tirnmdq
615 3611 668 3662 in
698 3607 1113 3695 paee‘Eccles'iw
1141 3612 1488 3695 cupiditatum
1520 3616 1832 3695 persecutio,

306 3683 503 3755 quibus
541 3682 744 3755 litamen
769 3684 985 3755 colitur,
1005 3698 1108 3736 non
1146 3682 1312 3737 minus
1341 3701 1495 3752 quant
1542 3686 1830 3755 sacrificiis.

310 3750 383 3791 4-
413 3752 506 3806 IV.
544 3750 923 3819 Panitendum,
952 3754 1075 3807 dum
1104 3750 1412 3821 paenitentia:
1440 3756 1583 3809 locus
1602 3750 1722 3811 est":
1745 3760 1835 3810 nec

308 3823 621 3897 difﬁcultati
668 3825 947 3897 cedendum
972 3866 987 3892 ,
1030 3829 1117 3879 sed
1146 3826 1372 3897 orandus
1415 3826 1589 3894 Deus,
1629 3828 1717 3897 qui
1746 3829 1837 3881 dat

304 3896 444 3948 unde
468 3903 700 3964 petatur,
728 3904 775 3947 et
804 3895 891 3948 dat
913 3897 1049 3965 quod
1067 3896 1273 3967 petitur.

304 3985 437 4041 Cn.
470 3985 517 4040 1.
545 4014 619 4027 -
650 3984 805 4051 Dies,
849 3986 1225 4055 dilectissimi,
1268 4002 1374 4057 quo
1403 3988 1632 4059 primum
1663 3990 1836 4061 genti-

241 4076 334 4133 bus
364 4077 623 4133 Salvator
668 4080 852 4133 mundi
880 4078 1125 4135 Christus
1155 4081 1401 4151 apparuit
1428 4121 1444 4147 ,
1492 4095 1646 4136 sacro
1679 4082 1834 4151 nobis

240 4169 444 4227 honore
471 4173 822 4228 venerandus
851 4182 962 4240 cst;
994 4182 1018 4211 ο
1043 4184 1097 4228 et
1128 4174 1217 4228 illa
1250 4173 1409 4231 hodie
1433 4175 1686 4231 cordibus
1706 4192 1829 4232 nos-

243 4264 337 4319 tris
364 4265 727 4333 concipienda
756 4275 879 4320 sunt
902 4266 1116 4336 gaudia,
1141 4282 1259 4338 quae
1291 4267 1344 4323 in
1369 4267 1527 4323 trium
1550 4284 1829 4339 magorum

240 4353 392 4410 fuere
428 4356 766 4426 pectoribus,
791 4359 1005 4429 quando
1029 4358 1228 4428 Regem
1256 4358 1377 4413 coeli
1409 4369 1463 4414 et
1492 4369 1650 4415 terra:
1676 4361 1830 4432 signo

241 4450 478 4503 etdnctn
506 4450 635 4503 novi
667 4447 861 4505 sideris
888 4447 1118 4517 incitati,
1148 4465 1305 4520 quem
1335 4450 1675 4507 crediderant
1705 4467 1831 4522 pro-

240 4546 491 4613 missum,
521 4544 824 4600 adoravere
851 4544 1221 4612 conspicuum.
1250 4540 1434 4612 Neque
1463 4544 1605 4597 enim
1635 4542 1705 4598 ita
1738 4540 1826 4599 ille

1942 3340 2213 3395 Christum
2243 3352 2421 3407 regem
2450 3337 2813 3393 universitatis
2832 3334 3106 3404 agnoscit;
3138 3334 3413 3405 myrrham
3444 3334 3525 3389 ot-

1942 3434 2068 3501 l‘ert,
2097 3434 2187 3502 qui
2220 3430 2564 3501 Unigenitum
2593 3431 2687 3487 Dei
2735 3430 2905 3486 credit
2934 3445 3115 3491 veram
3147 3429 3249 3487 sibi
3290 3428 3526 3489 hominis

1942 3527 2145 3584 uniisse
2173 3534 2451 3592 naturam;
2501 3534 2557 3581 et
2597 3523 2829 3595 quodam
2860 3538 2983 3579 eum
3016 3523 3174 3581 thure
3214 3531 3522 3586 veneratur,

1940 3619 2028 3688 qui
2078 3619 2131 3675 in
2174 3616 2321 3673 nullo
2364 3617 2545 3687 ipsum
2588 3626 2827 3686 paterna:
2882 3614 2897 3652 ί
2944 3614 3213 3685 maiestati
3262 3616 3520 3686 imparem

1938 3712 2245 3767 conﬁtetur.

2010 3803 2140 3865 Cn.
2195 3803 2356 3861 ll.—
2400 3803 2492 3859 His
2554 3802 3086 3873 comparationibus,
3149 3802 3520 3869 dilectissimi,

1943 3897 1957 3949 i
1996 3896 2287 3969 prudenter
2322 3896 2601 3967 inspectis,
2646 3895 2951 3951 invenimus
2971 3897 3133 3951 etiam
3154 3896 3376 3955 Herodis
3418 3912 3523 3951 non

1940 3988 2129 4049 deesse
2169 4003 2476 4060 personam,
2507 3987 2661 4058 cujus
2682 3989 2797 4058 ipse
2825 3988 3092 4053 diabolus,
3119 3988 3261 4044 sicut
3282 3998 3405 4045 tunc
3426 3987 3526 4045 fuit

1941 4080 2180 4135 occultus
2230 4081 2494 4146 incentor,
2552 4080 2623 4134 ita
2661 4094 2802 4135 nunc
2847 4094 3059 4147 quoque
3106 4079 3404 4136 indefessus
3443 4089 3525 4136 est

1938 4171 2195 4227 imitator.
2237 4173 2516 4227 Cruciatur
2556 4173 2700 4227 enim
2744 4173 3026 4228 vocatione
3052 4170 3079 4213 ιι
3106 4173 3347 4237 omnium
3390 4189 3520 4242 gen-

1940 4268 2093 4333 tium,
2130 4276 2185 4323 et
2208 4269 2517 4338 quotidiana
2556 4269 2839 4339 potestatis
2858 4282 2970 4324 sum
3000 4268 3368 4335 destructione
3415 4277 3517 4326 tor!

1935 4369 2161 4430 quetur,
2195 4359 2384 4415 dolens
2409 4360 2608 4429 ubique
2636 4374 2695 4416 se
2717 4360 2926 4425 deseri,
2960 4373 3010 4416 et
3031 4376 3219 4416 verum
3237 4360 3440 4429 Regem
3471 4361 3521 4417 in

1934 4452 2066 4517 locis
2091 4453 2339 4508 omnibus
2366 4452 2599 4508 adorari.
2652 4454 2812 4509 Parat
2850 4452 3099 4520 fraudes,
3143 4454 3296 4523 lingit
3350 4452 3525 4510 1con--

1934 4545 2236 4611 sensiones,
2269 4548 2500 4616 erumpit
2547 4548 2602 4602 in
2634 4548 2810 4604 caedes
2832 4589 2845 4613 ,
2880 4556 2936 4603 et
2976 4557 3034 4602 ut
3061 4546 3300 4617 reliquiis
3336 4562 3521 4603 eorum

306 4737 337 4765 ο
363 4726 447 4782 ita
466 4724 713 4799 potiores
734 4724 969 4799 codices.
985 4722 1111 4799 _Al.,
1138 4722 1423 4799 habitatioL
1460 4725 1636 4799 Paulo
1668 4734 1790 4799 pgt
1816 4771 1830 4796 ,
1862 4731 1913 4791 D
1939 4726 2079 4799 quod
2103 4727 2424 4799 auctoritate
2443 4741 2595 4799 _mss.
2646 4725 2706 4783 S.
2738 4726 2917 4794 Petri,
2948 4726 3242 4799 Padiliron.
3264 4739 3329 4799 ac
3365 4724 3525 4782 Vero-

239 4794 1052 4924 ;ipstrismembitesu/[ragim
1074 4796 1125 4847 in
1148 4809 1278 4849 mss.
1304 4794 1359 4849 S.
1391 4795 1533 4852 Petri
1552 4796 1605 4850 et
1628 4798 1679 4849 in
1710 4794 1832 4851 Vat;

348 4885 415 4923 ec
534 4907 554 4922 .

328 4873 462 4923 lect.
494 4873 554 4923 5.

248 4978 256 4987 .
308 4940 337 4979 ιι
372 4939 680 5023 Εόιιίριιιθ
719 4936 1127 5023 (ὶιιιξειιεξιιιιιιι,Δ
1148 4936 1305 5023 vobis.
1330 4936 1487 5023 Istius
1514 4938 1833 5021 lectionem,

244 5026 408 5081 qnam
444 5009 800 5075 retinuilnus,
832 5010 1131 5078 approbant
1159 5007 1315 5061 codd.
1344 5010 1401 5063 S.
1435 5010 1597 5065 Petri.

312 5094 337 5121 ε
371 5081 581 5147 Verba,
608 5090 663 5133 ut
714 5080 810 5148 ﬁlii
840 5082 965 5133 lucis
990 5078 1274 5145 ambulate,
1307 5077 1500 5136 desunt
1525 5081 1579 5137 in
1624 5081 1833 5138 duobus

244 5167 376 5209 mss.
418 5151 541 5207 Vat.
572 5161 625 5204 et
652 5155 701 5202 in
734 5152 904 5219 prima
934 5152 1191 5205 editione.

307 5226 335 5262 ά
377 5222 560 5279 Codd.
585 5222 642 5279 Β.
677 5222 821 5276 Petri
850 5238 866 5277 :
906 5220 978 5289 In
1006 5232 1182 5276 octava
1212 5220 1539 5289 Epiphaniae.

310 5305 336 5332 ε
369 5294 529 5351 Unus
575 5295 697 5347 cod.
733 5293 789 5350 S.
823 5288 988 5359 Pelri,
1017 5303 1072 5348 et
1099 5294 1236 5348 alius
1264 5288 1426 5357 νειμ,
1465 5304 1511 5347 et
1543 5293 1638 5348 illa
1686 5294 1831 5348 nobis

242 5366 399 5421 hodie
430 5364 769 5438 concipienda
792 5373 910 5438 sunt
927 5365 1141 5438 gaudia,
1171 5379 1285 5438 quae
1311 5365 1366 5438 in
1397 5368 1552 5438 trium
1568 5382 1829 5438 magorum

248 5440 390 5506 [lere
438 5434 713 5490 mentibus.
767 5434 985 5505 Aliquot.
1022 5435 1115 5490 alii
1140 5437 1299 5491 codd.
1354 5436 1551 5491 habent
1600 5434 1833 5506 pariter,

246 5509 524 5577 Dentibus.
556 5507 711 5573 Dein,
762 5522 859 5575 pro
887 5508 1031 5577 signo
1058 5518 1106 5563 et
1126 5507 1305 5572 ductu,
1338 5524 1471 5562 unus
1499 5507 1621 5562 Vat.
1662 5506 1834 5563 codex

246 5576 593 5652 beatum
621 5578 823 5652 {dmo-

320 5649 340 5688 ι
378 5648 510 5721 καῖ
540 5649 601 5705 S.
626 5648 794 5712 Petri,
826 5648 1123 5721 susceperit,
1151 5658 1199 5704 et
1219 5651 1463 5706 memoria
1484 5649 1829 5721 celebraverit.

318 5730 347 5770 ι
383 5720 645 5776 Videbunt
666 5724 719 5777 in
741 5722 931 5777 iisdem
946 5719 1154 5776 duobus
1182 5737 1311 5777 mss.
1336 5722 1394 5778 S.
1422 5721 1583 5790 Petri,
1611 5719 1834 5775 Padilir.

251 5802 304 5848 et
323 5794 444 5864 alio
472 5793 695 5858 Veron.,
722 5794 814 5862 qui
844 5809 937 5862 pro
957 5802 1152 5864 gentes,
1183 5794 1341 5849 habet
1368 5795 1515 5864 ﬁnes.

322 5862 351 5901 δ
383 5865 483 5919 llic
524 5865 783 5920 insertum
833 5862 1051 5920 erat'in
1098 5864 1257 5922 editis
1296 5862 1519 5921 verbum
1555 5864 1836 5923 cernimus.

1940 4792 2068 4853 neu.
2102 4806 2156 4853 et
2182 4798 2410 4851 duorum
2442 4797 2563 4852 Vat.
2613 4800 2804 4852 melius
2853 4792 3223 4853 transtulimus
3252 4792 3377 4851 ante
3404 4812 3524 4852 vero

1939 4868 2064 4924 bum
2112 4870 2375 4924 aduocari.
2420 4869 2575 4931 Dein,
2616 4869 2769 4922 educi
2814 4884 2911 4939 pro
2941 4867 3118 4921 reduci
3160 4883 3189 4921 a
3230 4868 3523 4935 Quesnello

1938 4944 2196 5010 scriptum
2232 4940 2532 5010 invenimus
2562 4941 2615 4993 in
2648 4938 2833 4993 iisdem
2863 4940 3162 4993 codicibus.

2017 5010 2033 5049 ί
2057 5009 2315 5081 Quinque
2350 5009 2532 5073 codd.,
2558 5010 2861 5081 majesratis.

2013 5085 2026 5132 1
2071 5083 2166 5136 Ms.
2199 5082 2331 5136 Bon.
2364 5092 2417 5136 et
2443 5082 2608 5147 prima
2637 5080 2826 5146 editio,
2855 5080 3147 5149 diligenter.

2008 5151 2037 5191 ιι
2069 5152 2266 5207 Vocem
2317 5146 2542 5206 omnium
2595 5150 2891 5219 adjecimus
2934 5146 3037 5219 ope
3086 5164 3215 5220 mss.
3264 5146 3321 5206 S.
3355 5148 3518 5220 Petri,

1937 5223 2232 5279 Padiliron.
2282 5234 2331 5278 et
2366 5222 2591 5286 Veron.,
2628 5238 2725 5277 nec
2759 5238 2861 5276 non
2886 5219 3320 5291 praestandorum
3351 5221 3514 5275 colle-

1936 5296 2196 5350 ctionum.
2246 5294 2333 5349 Sic
2368 5297 2529 5349 etiam
2562 5289 2925 5347 inscribuntur
2948 5291 3067 5346 libri
3093 5292 3193 5347 sub
3222 5289 3361 5347 hanc
3403 5298 3521 5345 aeta‘

1938 5369 2048 5421 lem
2083 5367 2267 5434 scripti
2298 5364 2365 5420 de
2409 5364 2701 5420 vocatione
2728 5364 2963 5419 omnium
2988 5365 3250 5433 gentium,
3283 5363 3521 5417 cuicum-

1937 5452 2043 5509 que
2070 5436 2334 5509 tribuendi
2352 5440 2695 5509 credantur.
2735 5454 2739 5458 ”

2016 5504 2034 5545 ι
2072 5506 2214 5563 Edtti
2241 5508 2515 5583 etaliqnot
2540 5506 2814 5583 inferioris
2848 5504 3024 5583 meriti
3058 5503 3290 5571 codices,
3315 5502 3517 5583 dissen-

1940 5580 2151 5655 siones;
2197 5573 2507 5655 sedLap‘t‘ior
2538 5578 2718 5655 lectio.
2748 5576 3123 5655 consensistis”,
3152 5589 3274 5642 qua:
3326 5573 3520 5655 legitur

1940 5651 1994 5706 in
2020 5643 2255 5705 uno—ms.
2280 5643 2508 5704 SfPetri
2540 5658 2593 5706 et
2617 5649 2721 5704 alio
2748 5647 2894 5714 γη,
2920 5648 2970 5701 in
3006 5645 3301 5714 Veroueu.,
3330 5643 3518 5699 Padili-

1941 5736 2067 5778 ron.
2089 5731 2142 5776 et
2179 5724 2231 5776 in
2260 5721 2536 5777 caSlllcnSl
2568 5739 2582 5786 ;
2633 5721 2719 5775 cui
2750 5719 2958 5773 atlinior
2982 5728 3063 5771 est
3093 5717 3251 5772 lectio
3278 5728 3518 5783 caetero-

1943 5794 2072 5864 quin
2111 5803 2357 5865 corrupta
2405 5791 2771 5865 alteriusruts.
2807 5791 2874 5865 S_._
2893 5787 3057 5865 Petri,
3111 5787 3397 5865 aliusjlat.
3459 5798 3518 5843 et

1944 5857 2076 5921 mss.
2105 5857 2315 5920 colleci.
2348 5857 2401 5919 ‘2.
2428 5864 2787 5919 confessiones.
2836 5857 3047 5915 Fraude
3080 5861 3224 5916 enim
3252 5860 3518 5920 illinuntur
