3994 6354
489 353 599 411 255

1623 348 1683 404 S.
1724 344 1972 402 LEONIS
2011 344 2224 403 MAGNI
2265 345 2651 403 SEBMONES.

3674 357 3782 416 ιω

489 485 627 544 quos
649 468 826 529 adhuc
846 472 986 528 fallit
1014 481 1213 540 utatur,
1249 468 1447 524 invidia
1469 467 1646 522 uritur
1676 466 1729 520 in
1755 465 1977 531 ludatis.
2007 479 2083 520 ει·
2108 468 2162 526 Α
2186 479 2293 521 non
2326 472 2504 538 potest
2527 473 2552 502 ο
2581 472 2835 532 mortem,
2866 467 3079 539 impetit
3096 481 3297 525 mores.
3350 469 3638 530 Terrorem
3662 487 3784 545 pro-

490 564 786 623 mulatione
808 566 1092 621 insidiatur
1121 567 1172 619 in
1209 562 1497 627 haereticis,
1538 561 1742 615 saevitia
1770 558 2084 629 accenditur

490 662 545 716 in
586 662 830 732 paganis.
886 660 1046 715 Videt
1097 660 1238 714 enim
1282 655 1699 727 insuperabilem
1736 668 1858 709 esse
1894 660 2086 723 poten-

491 755 617 809 tiam
633 754 1014 825 Regisaeterni,
1038 752 1191 822 cujus
1216 766 1362 806 mors
1388 751 1556 821 ipsius
1585 751 1693 805 vim
1726 747 1915 803 mortis
1938 756 1964 784 ι
1993 762 2087 803 ex-

456 848 781 911 stinxerit;
819 854 875 902 et
904 846 1025 900 ideo
1069 854 1235 899 totam
1274 843 1503 899 nocendi
1542 851 1711 897 artem
1765 840 1820 895 in
1857 855 1953 896 eos
1997 840 2088 909 qui

490 954 619 994 vero
668 938 777 1008 regi
808 937 1166 1004 famulantur,
1203 936 1431 991 armavit
1458 954 1473 1003 ;
1505 934 1641 989 alios
1672 933 1827 1008 bper
1856 932 2090 987 inﬁatio—

490 1046 614 1088 nem
644 1031 885 1087 scientiae
919 1031 1107 1103 legalis
1144 1030 1416 1086 obdurans
1440 1071 1453 1095 ,
1494 1029 1629 1083 alios
1668 1045 1762 1097 per
1786 1027 1937 1082 falsa:
1964 1025 2087 1081 lidei

491 1134 797 1181 commenta
849 1125 1168 1195 depravans,
1206 1125 1341 1179 alios
1370 1138 1500 1179 vero
1554 1124 1606 1177 in
1637 1122 1874 1178 furorem
1903 1135 2089 1191 perse-

492 1217 724 1273 cutionis
753 1218 1030 1289 instigaus.
1088 1217 1197 1273 Sed
1239 1218 1377 1271 hanc
1413 1215 1637 1271 Herodis
1674 1214 1829 1269 istius
1885 1213 2089 1268 rabiem

495 1312 585 1367 ille
627 1314 793 1368 vincit
829 1322 883 1368 et
913 1312 1169 1375 destruit,
1217 1312 1305 1381 qui
1339 1311 1500 1365 etiam
1543 1308 1803 1378 parvulos
1848 1305 2092 1377 martyrii

500 1406 658 1478 134
687 1418 708 1445 ε
742 1407 911 1477 gloria
942 1404 1220 1461 coronavit
1255 1423 1268 1458 :
1301 1411 1354 1457 et
1388 1401 1637 1456 ﬁdelibus
1665 1405 1775 1455 suis
1816 1408 1924 1453 tam
1953 1397 2091 1454 invi-

499 1508 639 1552 ctam
676 1499 869 1552 indidit
904 1498 1245 1559 charitatem,
1272 1504 1329 1549 ut
1354 1493 1597 1563 Apostoli
1639 1492 1818 1547 verbis
1857 1492 2094 1546 audeant

494 1589 675 1645 dicere
707 1610 722 1645 :
758 1590 885 1656 Quis
930 1606 1021 1643 nos
1060 1588 1317 1658 separabit
1357 1603 1389 1640 a
1425 1586 1674 1640 charitate
1702 1584 1941 1639 Christi?
1992 1584 2090 1637 tri-

495 1683 686 1737 bulatio
719 1684 743 1737 ?
777 1700 845 1737 an
873 1684 1112 1754 angustia
1140 1685 1164 1736 ?
1209 1699 1275 1735 an
1305 1679 1628 1753 persecutio?
1675 1695 1741 1731 an
1765 1678 1922 1747 fames
1953 1677 1977 1729 Ρ
2024 1692 2091 1730 an

494 1777 701 1831 nuditas
740 1778 765 1831 ?
810 1793 877 1829 an
897 1775 1229 1847 periculum?
1275 1791 1340 1827 an
1368 1774 1624 1846 gladius?
1675 1773 1804 1825 sicut
1840 1772 2091 1841 scriptum

2190 558 2543 626 scriptionum
2583 557 2637 612 in
2680 559 2918 614 avaritiae
2954 569 3123 615 mutat
3164 562 3472 618 incendium
3498 606 3513 631 ,
3553 575 3609 620 et
3652 582 3783 639 quos

2188 648 2401 704 damnis
2434 664 2539 703 non
2578 648 2757 721 fregit,
2790 652 3080 721 cupiditate
3121 657 3439 723 corrumpit.
3492 659 3785 731 Malignitas

2191 743 2337 797 enim
2362 743 2523 812 longo
2552 757 2648 798 usu
2680 744 2911 813 propria:
2935 746 3139 800 imbuta
3182 750 3435 819 nequitiae
3455 792 3469 815 ,
3494 766 3601 806 non
3625 754 3785 821 depo-

2192 838 2301 890 suit
2323 836 2532 906 odium,
2566 837 2663 892 sed
2685 838 2846 892 vertit
2876 839 3181 909 ingenium,
3230 859 3335 912 quo
3366 844 3469 900 sibi
3497 857 3704 903 mentes
3727 848 3788 904 ﬁ-

2192 928 2395 983 delium
2424 926 2446 967 ί
2479 929 2757 985 blanditiis
2800 932 3019 987 subdat.
3067 933 3368 990 lnﬁammat
3405 942 3788 1010 concupiscen-

2195 1022 2307 1087 tiis,
2331 1037 2466 1091 quos
2495 1036 2602 1078 non
2634 1034 2817 1093 potest
2866 1026 3024 1098 135
3068 1041 3264 1081 vexare
3311 1033 3626 1097 tormentis;
3659 1034 3789 1088 serit

2194 1115 2529 1187 discordias,
2574 1119 2823 1174 accendit
2854 1120 2983 1184 iras,
3026 1120 3217 1175 incitat
3259 1121 3492 1191 linguas,
3520 1136 3576 1179 et
3618 1142 3685 1181 ne
3719 1127 3786 1183 ab

2194 1209 2399 1266 illicitis
2442 1210 2586 1266 dolis
2627 1215 2870 1267 cautiora
2910 1213 3075 1269 corda
3105 1229 3164 1269 se
3200 1226 3494 1281 revocent,
3538 1234 3790 1276 consum-

2196 1303 2519 1357 mandorum
2544 1304 2811 1359 scelerum
2856 1306 3051 1375 ingerit
3088 1306 3410 1363 facultates:
3443 1310 3567 1378 quia
3596 1311 3670 1364 illi
3708 1321 3789 1367 to-

2196 1396 2303 1450 tius
2324 1395 2530 1450 fraudis
2560 1395 2648 1451 hic
2674 1396 2883 1451 fructus
2902 1407 3005 1467 est,
3042 1401 3209 1468 utqui
3235 1400 3605 1457 immolatione
3629 1419 3791 1469 pecu-

2193 1487 2323 1542 dum
2349 1496 2376 1534 8
2404 1498 2460 1543 et
2491 1489 2743 1555 arietum,
2779 1498 2836 1543 et
2860 1490 3033 1545 thuris
3076 1491 3391 1548 incensione
3427 1510 3536 1549 non
3572 1497 3785 1570 colitur,

2193 1579 2525 1649 quibuslibet
2555 1581 2605 1634 ei
2637 1580 2956 1636 criminibus
2983 1584 3273 1638 serviatur.

2264 1673 2398 1727 Cu.
2422 1672 2513 1728 IV.
2544 1703 2615 1714 —
2645 1673 2819 1729 Habet
2842 1674 3022 1743 igitur,
3056 1676 3434 1747 dilectissimi,
3480 1695 3583 1752 pax
3606 1692 3790 1740 nostra

2194 1768 2433 1837 pericula
2452 1782 2547 1822 sua
2573 1784 2589 1833 ;
2621 1778 2675 1823 et
2706 1768 2905 1823 frustra
2927 1769 2996 1824 de
3038 1769 3163 1824 ﬁdei
3192 1770 3439 1828 libertate
3465 1777 3639 1829 securi
3668 1786 3793 1833 sunt

495 1876 566 1920 est
599 1882 617 1920 :
649 1862 784 1933 Qui'a
812 1876 1019 1937 prapter
1069 1878 1116 1921 te
1155 1866 1533 1932 mortiﬁcamur
1560 1872 1665 1917 tota
1688 1863 1772 1915 die
1793 1904 1807 1928 ,
1856 1861 2099 1917 wstimati
2127 1864 2177 1925 Β
2203 1859 2294 1927 qui
2318 1859 2572 1913 vitiorum
2603 1859 2891 1915 desideriis
2919 1875 3027 1914 non
3058 1862 3339 1917 resistunt.
3401 1862 3515 1920 Con
3555 1883 3793 1924 uostmmt

496 1976 672 2013 sumus
692 1960 821 2013 sicut
850 1976 962 2014 oves
992 1960 1283 2013 occisionis.
1338 1958 1442 2012 Sed
1466 1958 1521 2010 in
1554 1956 1634 2010 his
1664 1956 1899 2010 omnibus
1941 1972 2095 2025 supe-

497 2070 669 2107 ramus
712 2062 918 2123 propter
957 2069 1071 2105 eunt
1114 2053 1203 2124 qui
1246 2051 1427 2105 dilexit
1467 2066 1559 2104 nos
1600 2048 1777 2123 (Rom.
1810 2064 1940 2113 vtu,
1974 2048 2043 2103 55
2075 2064 2091 2112 ;

498 2144 588 2200 Ps.
620 2160 769 2212 xuii,
798 2145 914 2215 22).
1004 2186 1007 2187 ν

568 2236 697 2292 Car.
732 2236 819 2291 lll.
860 2265 929 2276 —
969 2235 1118 2291 Hanc
1161 2235 1552 2301 fortitudinem,
1594 2232 1959 2298 dilectissimi,
1987 2245 2093 2286 non

498 2330 601 2385 illis
632 2339 836 2384 tantum
862 2329 1194 2400 temporibus
1224 2328 1585 2385 necessariam
1607 2327 1775 2381 fuisse
1799 2324 2093 2392 credimus,

500 2422 693 2492 quibus
740 2436 895 2493 reges
956 2421 1142 2476 mundi
1201 2431 1255 2477 et
1303 2436 1491 2476 omnes
1548 2420 1733 2475 sreculi
1798 2425 2095 2489 potestates

503 2525 722 2572 cruenta
769 2516 1046 2585 impietate
1090 2516 1144 2570 in
1188 2515 1282 2570 Dei
1334 2514 1590 2585 populum
1628 2513 1944 2579 saeviebant,
1972 2529 2094 2569 cum

507 2610 576 2664 ad
616 2610 906 2664 maximam
949 2609 1221 2679 pertinere
1260 2608 1485 2677 gloriam
1541 2621 1693 2661 suam
1726 2606 2011 2672 ducerent,
2049 2607 2097 2662 si

504 2704 568 2758 de
613 2703 771 2758 terris
807 2718 1004 2758 nomen
1036 2701 1402 2757 Christianum
1447 2701 1758 2767 auferrent;
1790 2703 2093 2758 nescientes

504 2793 803 2849 Ecclesiam
846 2794 937 2853 Dei
972 2806 1066 2865 per
1091 2792 1326 2848 furorem
1353 2808 1465 2847 suae
1498 2793 1833 2848 crudelitatis
1861 2794 2044 2864 augeri
2078 2811 2093 2848 :

500 2886 749 2955 quoniam
781 2886 833 2939 in
870 2884 1144 2956 suppliciis
1182 2893 1235 2939 et
1272 2883 1535 2939 mortibus
1575 2885 1856 2939 beatorum
1896 2896 2099 2957 marty-

503 2995 644 3045 rum,
674 2979 765 3049 qui
812 2978 1138 3048 putabantur
1181 2978 1345 3031 minui
1375 2992 1622 3043 uumero,
1660 2977 2095 3046 multiplicaban-

506 3081 593 3125 tur
618 3070 887 3139 exemplo.
943 3069 1184 3139 Denique
1220 3076 1423 3123 tantum
1462 3068 1693 3123 contulit
1731 3067 1853 3123 ﬁdei
1896 3081 2095 3125 nostrm

502 3161 829 3234 impugnatio
852 3162 1306 3232 persequentium.
1338 3169 1396 3215 ut
1420 3161 1551 3215 nihil
1579 3162 1749 3232 magis
1780 3163 1984 3232 regium
2013 3178 2098 3218 or-

2202 1951 2270 2006 de
2296 1966 2525 2022 operum
2558 1952 2866 2007 ostenditur
2890 1952 3172 2023 qualitate,
3200 1965 3253 2009 et
3298 1955 3501 2012 formas
3534 1966 3793 2017 mentium

2198 2045 2410 2115 Species
2440 2044 2644 2116 detegit
2681 2045 2974 2100 actionum.
3032 2046 3165 2101 Nam
3199 2059 3327 2103 sunt
3370 2052 3619 2120 quidam,
3657 2056 3795 2111 sicut

2200 2136 2277 2191 ait
2299 2137 2594 2207 Apostolus
2616 2178 2631 2203 ,
2681 2139 2769 2209 qui
2812 2137 2977 2192 Deum
3024 2140 3333 2209 proﬁtentur
3374 2159 3428 2197 se
3455 2145 3619 2211 scire,
3648 2146 3796 2216 factis

2200 2240 2373 2284 autem
2400 2241 2585 2302 negant
2614 2231 2723 2301 (Ad
2749 2230 2855 2285 Tit.
2887 2248 2926 2301 ι,
2959 2231 3074 2303 16).
3127 2233 3266 2290 Vere
3298 2237 3443 2291 enim
3486 2250 3668 2293 reatus
3695 2255 3794 2297 ne-

2200 2326 2436 2398 gationis
2467 2327 2784 2393 incurritur,
2817 2328 3035 2396 quando
3061 2327 3261 2383 bonum
3293 2330 3435 2397 quod
3464 2331 3517 2386 in
3546 2347 3681 2387 sono
3711 2349 3798 2389 vo-

2201 2421 2280 2476 cis
2324 2419 2562 2489 auditur,
2608 2421 2663 2475 in
2697 2421 3030 2476 conscientia
3069 2438 3173 2476 non
3212 2422 3460 2480 habetur.
3514 2426 3798 2499 Fragilitas

2202 2510 2231 2549 ιι
2250 2511 2465 2583 quidem
2495 2512 2746 2567 humanae
2768 2513 3094 2568 conditionis
3125 2513 3283 2570 facile
3308 2516 3361 2571 in
3396 2516 3593 2574 delicta
3619 2522 3798 2590 prola-

2202 2606 2347 2661 bitur
2374 2622 2389 2671 ;
2420 2614 2476 2661 et
2521 2606 2647 2675 quia
2700 2605 2915 2660 nullum
2955 2606 3075 2661 sine
3112 2606 3470 2666 delectatione
3520 2621 3798 2680 peccatum

2201 2708 2314 2763 est,
2353 2699 2461 2753 cito
2510 2698 2875 2768 acquiescitur
2925 2698 3251 2768 deceptorio:
3298 2702 3580 2771 voluptati.
3628 2704 3736 2761 Sed
3767 2720 3798 2761 a

2202 2792 2514 2848 carnalibus
2561 2792 2848 2847 desideriis
2892 2803 3204 2848 recurratur
3244 2794 3311 2848 ad
3339 2796 3582 2863 Spiritale
3609 2799 3799 2868 praesi-

2203 2886 2351 2941 dium
2382 2902 2397 2952 ;
2425 2896 2481 2941 et
2508 2900 2662 2939 mens
2695 2885 2897 2940 habens
2936 2886 3182 2940 notitiam
3217 2886 3311 2941 Dei
3340 2888 3445 2957 sui,
3487 2904 3516 2942 a
3559 2892 3803 2948 consiliis

2203 2994 2263 3035 se
2309 2978 2323 3015 ί
2362 2978 2503 3033 male
2544 2977 2820 3033 suadentis
2860 2977 3035 3033 hostis
3076 2988 3305 3034 avertat.
3366 2980 3543 3037 Prosit
3585 2983 3663 3038 illi
3702 3000 3804 3056 pa-

2204 3074 2392 3129 tientia
2425 3073 2544 3140 Dei,
2592 3087 2692 3127 nec
2722 3072 2845 3127 ideo
2870 3072 3225 3143 delinquendi
3267 3075 3565 3140 pertinacia
3598 3080 3805 3135 nutria~

2146 3227 2159 3247 θ
2214 3175 2325 3227 tur,
2355 3165 2482 3236 quia
2512 3164 2747 3219 vindicta
2775 3163 3041 3220 diﬁ‘ertur.
3095 3165 3209 3220 Non
3233 3166 3304 3221 sit
3330 3178 3582 3236 peccator
3609 3170 3677 3227 de
3703 3173 3807 3227 im-

503 3266 595 3313 net
629 3254 1005 3323 principatum,
1043 3269 1200 3322 quam
1229 3252 1371 3323 quod
1403 3253 1605 3307 domini
1640 3254 1824 3307 mundi
1853 3255 2093 3310 membra
2125 3257 2169 3317 C
2203 3258 2446 3329 punitate
2467 3272 2712 3323 securus,
2738 3256 2860 3326 quia
2894 3257 2939 3310 si
2980 3266 3189 3326 tempus
3233 3260 3565 3327 paenitentiae
3611 3264 3809 3320 amise-

504 3356 629 3406 sunt
677 3347 919 3403 Christi:
953 3362 1053 3401 nec
1092 3356 1199 3401 tam
1244 3346 1541 3416 gloriantur
1585 3346 1727 3417 quod
1769 3348 1821 3401 in
1873 3349 2101 3417 imperio

505 3443 695 3516 geniti,
725 3456 884 3513 quam
910 3440 1147 3512 gaudent
1165 3440 1307 3513 quod
1328 3441 1379 3495 in
1402 3441 1722 3512 baptismate
1751 3452 1873 3498 sunt
1906 3445 2105 3526 renati.

504 3541 608 3597 Sed
655 3540 777 3611 quia
818 3545 1111 3608 tempestas
1142 3540 1381 3607 priorum
1438 3536 1714 3591 turbinum
1762 3541 2092 3610 conquievit,

505 3642 559 3691 et
584 3632 785 3688 dudum
811 3629 1149 3686 cessantibus
1198 3629 1398 3699 praeliis
1424 3631 1668 3699 quaedam
1710 3631 1921 3687 videtur
1962 3636 2099 3690 arri-

507 3729 637 3785 dere
687 3725 1065 3797 tranquillitas,
1107 3725 1388 3795 vigilanter
1429 3724 1666 3779 cavenda
1712 3735 1840 3781 sunt
1876 3726 1967 3782 illa
2013 3729 2097 3785 di-

505 3822 760 3878 scrimina
789 3834 908 3890 quze
950 3817 1019 3873 de
1048 3817 1159 3872 otio
1189 3817 1355 3886 ipsius
1401 3818 1549 3885 pacis
1580 3819 1845 3873 oriuntur.
1894 3819 2100 3875 Adver-

505 3914 678 3969 sarius
708 3910 873 3976 enim,
900 3911 991 3980 qui
1022 3910 1075 3963 in
1111 3910 1313 3978 apertis
1350 3908 1599 3963 inefﬁcax
1631 3912 2099 3979 persecutionibus

506 4005 624 4072 fuit,
660 4014 798 4059 tecta
835 4002 1061 4058 nocendi
1094 4009 1209 4056 arte
1230 4002 1455 4055 desaevit
1487 4019 1501 4056 :
1539 4010 1596 4055 ut
1621 4018 1755 4073 quos
1782 4018 1887 4059 non
1913 4018 2101 4073 percu-

508 4099 570 4155 lit
592 4097 619 4136 ἀ
644 4098 750 4153 ictu
771 4095 1099 4159 alllictionis,
1124 4096 1275 4164 lapsu
1305 4094 1522 4165 dcjiciat
1549 4096 1859 4166 voluptatis.
1897 4096 2096 4153 Videns

506 4202 684 4264 itaque
715 4190 814 4247 sibi
845 4188 1097 4245 resistere
1122 4189 1423 4257 principum
1459 4188 1650 4255 ﬁdem,
1680 4198 1734 4242 et
1780 4189 1938 4245 unius
1970 4189 2094 4244 Dei-

506 4288 629 4343 tatis
651 4285 1063 4356 inseparabilem
1092 4281 1413 4337 Trinitatem
1445 4295 1548 4336 non
1596 4282 1812 4352 segnius
1844 4283 1897 4336 in
1936 4282 2094 4353 pala-

511 4383 600 4437 tiis
650 4396 810 4450 quam
870 4378 920 4431 in
972 4375 1230 4431 Ecclesiis
1279 4373 1526 4440 adorari,
1574 4374 1909 4429 interdictam
1948 4374 2092 4429 dolet

507 4473 780 4543 sanguinis
803 4469 1083 4526 christiani
1114 4467 1431 4524 effusionem
1461 4484 1475 4533 ;
1516 4476 1573 4523 et
1596 4482 1824 4537 quorum
1846 4468 2091 4524 obtinere

510 4625 615 4665 non
648 4607 989 4662 dissensiones
1012 4604 1436 4671 seuinimicitize,
1461 4604 1555 4659 sed
1580 4606 1937 4660 consensiones
1966 4607 2101 4660 ami-
2127 4610 2181 4669 D

510 4696 608 4746 car,
642 4690 697 4733 ut
727 4684 1039 4747 erumpatur
1066 4676 1117 4729 iu
1149 4674 1345 4747 caedes.
1378 4672 1549 4729 Paulo
1573 4685 1713 4747 post,
1744 4691 1841 4745 pro
1869 4678 2100 4747 reliquiis

512 4745 707 4811 eorum,
734 4763 903 4818 quos,_
920 4745 1027 4800 duo
1050 4759 1180 4799 mss.
1204 4746 1260 4799 S.
1283 4746 1437 4818 Petri
1466 4755 1520 4800 et
1551 4746 1721 4813 prima
1746 4748 1946 4814 editio,
1977 4745 2100 4803 reli-

510 4816 811 4893 quis,ﬁquos.
860 4816 1010 4893 U_nu_s
1039 4818 1191 4893 Vat.,_
1216 4816 1444 4893 reliquiis
1474 4834 1621 4887 quos.

582 4903 605 4929 “
639 4887 788 4947 Unus
810 4890 931 4941 cod.
966 4887 1021 4943 S.
1052 4887 1213 4950 Petri,
1244 4889 1571 4941 exstinxerat.

588 4962 612 5001 ι)
646 4964 771 5016 Mss.
798 4959 936 5014 Vict.
963 4968 1015 5011 et
1036 4958 1199 5012 Corb.
1225 4960 1522 5023 Quesnelli,
1547 4968 1599 5012 et
1620 4960 1726 5012 duo
1754 4961 2098 5025 nostri,unus

510 5034 568 5091 S.
599 5034 767 5098 Petri,
818 5039 873 5085 et
909 5028 1046 5082 alius
1092 5027 1239 5094 Vat.,
1292 5047 1381 5097 per
1434 5030 1910 5099 inﬂammationem.
1975 5033 2099 5087 Mox

510 5114 628 5161 erat
657 5104 709 5157 in
742 5100 1158 5173 editisinverso
1214 5102 1424 5173 ordine,
1483 5099 1615 5173 alios
1643 5117 1760 5155 vero
1788 5104 1837 5155 in
1870 5108 2097 5173 furorem

512 5172 1176 5245 persecutionis_instigans,
1206 5171 1334 5224 alios
1359 5188 1448 5241 per
1476 5172 1622 5241 falsa:
1652 5174 1775 5242 ﬁdei
1812 5171 2100 5228 commenta

511 5242 817 5316 depravans.
868 5242 1220 5316 Restituimus
1257 5257 1323 5316 ei;
1346 5245 1617 5296 nonnullis
1649 5245 1851 5298 nostris
1896 5245 2100 5300 codici-

510 5312 610 5373 bus
634 5316 876 5370 ordinem
908 5313 997 5385 qui
1021 5312 1409 5385 superioribus
1438 5316 1725 5381 respondet
1758 5334 1771 5369 :
1824 5332 1942 5369 nam
1993 5317 2100 5385 pri-

513 5404 655 5442 mum
686 5400 896 5441 comma
933 5381 1166 5447 .ludmis,
1214 5385 1510 5438 secundum
1558 5385 1846 5451 haereticis,
1881 5381 2099 5442 tertium

512 5475 638 5515 vero
670 5456 886 5526 paganis
910 5453 1013 5507 hoc
1035 5453 1225 5508 ordine
1243 5464 1399 5510 antea
1432 5459 1744 5511 memoratis
1772 5461 2047 5513 convenit.

586 5543 605 5567 θ
636 5526 1023 5597 Quesnellusin
1055 5529 1292 5594 margine
1323 5545 1333 5578 :
1364 5529 1473 5589 AL,
1507 5531 1699 5597 palma.

581 5602 607 5638 ά
639 5596 958 5669 Quesuellus
984 5596 1232 5651 similiter
1259 5601 1310 5651 in
1353 5596 1593 5669 margine
1616 5610 1671 5654 et
1717 5600 1822 5655 duo
1844 5601 2003 5656 codd.
2037 5602 2094 5657 S.

514 5668 675 5729 Petri.
706 5671 919 5725 Padilir.
945 5682 1006 5721 ac
1040 5668 1254 5737 Veron.,
1295 5668 1507 5739 impetu.

589 5753 609 5779 ο
647 5743 862 5795 Mortem
886 5754 982 5810 pro
1010 5748 1213 5807 mortes,
1234 5749 1287 5796 et
1314 5751 1554 5795 terrorem
1582 5757 1678 5811 pro
1717 5752 1933 5798 terrores
1965 5745 2101 5799 scri-

515 5814 642 5869 bere
666 5813 950 5866 maluimus
987 5826 1051 5865 ex
1090 5812 1297 5867 duobus
1322 5828 1450 5867 mss.
1472 5812 1529 5870 S.
1556 5813 1717 5880 Petri.
1751 5831 1817 5870 ex
1846 5832 1951 5873 uno
1978 5816 2099 5874 Vat.

515 5892 672 5947 atque
700 5884 804 5938 alio
832 5882 1028 5936 Veron.

2214 3354 2304 3419 rit,
2337 3352 2516 3406 locum
2548 3350 2899 3420 indulgentiae
2930 3366 3034 3403 non
3068 3349 3308 3417 habebit,
3337 3352 3552 3409 dicente
3579 3357 3810 3426 prophe-

2214 3456 2265 3500 ta
2292 3463 2307 3501 :
2343 3444 2477 3511 Quia
2507 3460 2610 3497 non
2635 3452 2710 3496 est
2736 3444 2790 3495 in
2842 3450 3005 3496 morte
3051 3443 3142 3511 qui
3174 3460 3366 3498 memor
3395 3447 3461 3500 sit
3484 3447 3561 3500 tui
3588 3464 3610 3513 ;
3645 3450 3699 3503 in
3727 3450 3811 3502 in-

2212 3542 2356 3612 ferno
2379 3548 2553 3593 autem
2579 3538 2693 3608 quis
2729 3537 3059 3605 conﬁtebitur
3087 3536 3178 3590 tibi
3222 3537 3393 3608 (Psal.
3429 3555 3502 3605 vi,
3533 3540 3586 3609 6)
3633 3542 3656 3594 ?
3705 3542 3812 3609 Qui

2211 3648 2392 3692 autem
2424 3634 2525 3689 sibi
2553 3633 2914 3689 correctionis
2954 3634 3353 3702 reparationem
3384 3636 3659 3705 experitur
3685 3653 3815 3693 esse

2207 3727 2511 3793 difﬁcilem,
2542 3724 2821 3794 confugiat
2851 3724 2917 3778 ad
2956 3716 3269 3779 auxiliantis
3300 3725 3397 3780 Dei
3434 3727 3809 3796 clementiam,

2205 3832 2260 3879 et
2316 3821 2531 3877 vincula
2576 3820 2736 3874 mala:
2775 3819 3185 3875 consuetudinis
3227 3819 3294 3875 ab
3337 3810 3432 3875 illo
3474 3831 3660 3891 poscat
3712 3822 3815 3877 ah-

2207 3915 2407 3985 rumpi,
2439 3915 2525 3985 qui
2546 3914 2729 3967 allevat
2766 3928 2936 3965 ontnes
2959 3912 3046 3982 qui
3076 3923 3355 3979 corruunt,
3386 3922 3433 3967 et
3456 3915 3606 3986 erigit
3632 3931 3813 3970 omnes

2209 4010 2365 4066 elisos
2396 4006 2514 4081 (Ps.
2551 4022 2709 4073 chv,
2734 4006 2815 4073 8).
2868 4006 2983 4060 Non
3015 4006 3123 4061 erit
3146 4022 3315 4061 vacua
3344 4006 3653 4063 conﬁtentis
3683 4022 3814 4064 ora-

2208 4104 2306 4172 tio,
2338 4102 2596 4173 quoniam
2643 4100 2957 4155 misericors
2984 4099 3126 4154 Deus
3166 4100 3477 4156 voluntatem
3518 4100 3815 4156 timentium

2202 4214 2254 4252 se
2283 4195 2475 4265 faciet;
2505 4202 2559 4248 et
2587 4193 2737 4248 dabit
2772 4192 2915 4262 quod
2949 4192 3171 4261 petitur,
3218 4193 3309 4260 qui
3346 4192 3495 4248 dedit
3524 4193 3667 4248 unde
3698 4208 3802 4264 pe-

2206 4297 2432 4343 teretur.
2484 4284 2592 4340 Per
2649 4286 2933 4339 Dominum
2985 4292 3230 4338 nostrum
3278 4283 3460 4340 Jesum
3491 4284 3801 4353 Christum,

2200 4380 2472 4435 viventem
2499 4389 2553 4433 et
2578 4386 2891 4447 regnantem
2927 4377 2941 4428 i
2974 4392 3094 4432 cum
3124 4377 3281 4433 Patre
3306 4384 3362 4433 et
3382 4377 3584 4449 Spiritu
3611 4390 3818 4437 sancto

2197 4470 2255 4526 in
2286 4471 2481 4526 saecula
2511 4471 2859 4526 szeculorum.
2905 4470 3098 4525 Amen.

2281 4606 2302 4645 τ
2334 4607 2497 4675 Editi,
2527 4607 2790 4662 blandius.
2847 4607 3192 4664 Praetulimus
3216 4609 3431 4666 codices
3455 4609 3512 4665 S.
3538 4610 3682 4667 Petri
3702 4653 3718 4675 ,
3742 4628 3819 4670 ex

2204 4679 2425 4749 quibus,
2456 4693 2555 4734 nec
2583 4694 2689 4732 non
2722 4694 2789 4733 ex
2818 4693 2926 4732 uno
2956 4679 3174 4733 Padilir.
3208 4690 3262 4734 et
3310 4681 3417 4736 alio
3448 4681 3571 4737 Vat.
3596 4684 3818 4740 delevi-

2204 4765 2328 4804 mus
2359 4750 2522 4804 etiam
2546 4751 2864 4825 particulam
2893 4751 3192 4825 enim,qua:
3218 4763 3336 4820 post
3358 4767 3555 4825 vocem
3587 4754 3818 4825 Inﬂam-

2203 4831 2311 4873 mat
2356 4822 2751 4891 apponebatur,
2787 4832 2841 4875 et
2887 4822 3141 4876 anteriori
3188 4823 3409 4890 periodo
3458 4826 3509 4880 in
3549 4822 3819 4882 omnibus

2206 4908 2336 4946 mss.
2371 4903 2423 4944 et
2453 4893 2614 4947 editis
2668 4894 2892 4957 inserta,
2924 4891 3063 4945 haud
3099 4895 3403 4948 necessario
3452 4897 3687 4964 repetita
3730 4897 3821 4952 vi-

2206 4964 2319 5017 deri
2351 4972 2548 5031 potest.
2599 4964 2765 5018 Paulo
2793 4974 2930 5030 pOSt,
2965 4965 3284 5033 captivorum
3320 4968 3477 5020 corda
3498 4984 3551 5021 se
3566 4981 3820 5023 revocent

2207 5032 2263 5089 in
2296 5035 2513 5089 laudato
2545 5051 2645 5089 ms.
2680 5034 2974 5088 Padiliron.

2278 5115 2302 5153 ts
2336 5106 2510 5161 Voces
2559 5115 2607 5160 et
2656 5107 2874 5158 arietum
2904 5105 3269 5175 supplevimus
3299 5123 3366 5162 ex
3413 5108 3604 5165 iisdem
3639 5111 3816 5167 codd.

2205 5176 2263 5250 ὃ.
2288 5176 2450 5231 Petri.
2500 5176 2725 5250 Codices
2768 5176 3091 5250 Veronensis
3140 5188 3194 5231 et
3236 5178 3557 5249 Padiliron.,
3612 5198 3717 5250 pro
3768 5194 3823 5238 es

2204 5247 2387 5310 thuris,
2416 5250 2635 5313 habent,
2668 5248 2719 5300 in
2744 5248 2926 5301 altaris
2953 5249 3267 5305 incensione.

2276 5316 2303 5355 ιι
2340 5320 2555 5385 Quidem
2585 5333 2681 5387 pro
2706 5322 2842 5371 enim
2873 5320 3176 5387 importune
3206 5322 3435 5390 repetito
3464 5340 3530 5378 ex
3572 5324 3822 5380 laudatis

2205 5390 2445 5472 S..Petri
2477 5406 2609 5445 mss.
2643 5399 2698 5445 et
2723 5390 2884 5445 codd.
2922 5391 3188 5446 Veronen.
3217 5408 3281 5448 ac
3300 5392 3598 5450 Padiliron.
3636 5412 3815 5466 repo-

2206 5477 2433 5517 SlllmUS.

2284 5531 2297 5568 ί
2342 5532 2487 5587 Unus
2520 5530 2638 5585 Vat.
2666 5543 2715 5584 et
2750 5534 2919 5601 prima
2952 5535 3115 5589 editio
3137 5550 3258 5590 cum
3283 5551 3386 5591 ms.
3410 5536 3641 5603 Vcron.,
3692 5556 3822 5595 ma—

2205 5603 2450 5669 lesuadi;
2488 5603 2631 5657 alius
2667 5603 2820 5676 Vat.,
2848 5605 2981 5659 male
3035 5609 3196 5660 suasi.
3251 5607 3419 5662 Paulo
3463 5618 3612 5676 ante,
3665 5628 3827 5668 mens

2205 5692 2320 5747 quae
2347 5676 2493 5728 habet
2524 5676 2762 5727 notitiam
2788 5674 3022 5747 Domini,
3054 5678 3320 5733 incudem
3350 5680 3472 5734 cod.
3509 5674 3720 5737 Veron.
3764 5694 3829 5741 et

2207 5750 2260 5801 in
2283 5747 2578 5801 Padiliron.

2283 5824 2296 5868 J
2340 5818 2545 5891 Verba,
2578 5834 2692 5870 cum
2725 5818 2881 5891 Patre
2930 5830 2977 5874 et
3006 5820 3207 5891 Spiritu
3248 5832 3445 5887 sancto,
3492 5824 3832 5884 addidimus

2210 5906 2276 5949 ex
2320 5889 2531 5949 duobus
2579 5905 2707 5946 mss.
2744 5890 2859 5945 Vat.
2888 5900 2940 5945 et
2971 5889 3077 5947 uno
3108 5894 3162 5949 S.
3191 5894 3333 5950 Petri
3361 5895 3545 5955 etalio
3575 5896 3828 5959 Padilir.
