3994 6354
259 332 362 389 157

459 442 623 517 133
674 442 905 503 δεξιΜο
940 427 1185 503 xxitvu
1233 446 1339 521 [Αι.
1374 450 1648 523 xxxvn.

586 537 657 593 In
675 537 990 611 Epiphania:
1014 541 1339 600 solemnitate
1374 543 1508 601 VII.

251 655 519 733 Smorsts.
548 654 710 733 —_i.
761 655 955 733 0p_ere_
970 658 1162 733 imitari
1204 676 1402 715 necesse
1440 670 1512 716 est
1559 664 1696 733 quod
1741 664 1845 733 ﬁde

317 725 563 802 creditur.
629 725 879 802 Mysteria
916 727 1128 802 Christi,
1164 738 1210 783 et
1253 725 1580 788 sacramenta.
1612 725 1750 802 sunt,
1796 746 1844 790 et

316 798 576 873 exempla.
603 828 674 836 —
698 799 761 851 ll.
795 800 1027 873 Infantia
1047 800 1259 864 Christi,
1279 820 1393 873 qua:
1418 806 1499 857 (ex
1529 816 1602 858 est
1625 798 1840 871 vivendi,

318 870 449 940 nihil
476 870 577 920 nisi
600 886 801 923 crucem
831 872 1227 925 ethumilitatem
1250 870 1514 940 prrudicat.
1539 878 1712 931 ——l|l.
1744 870 1843 931 To-

320 950 381 1019 ta
405 934 598 1019 Christi
630 941 901 1019 fortitudo,
935 942 1198 1019 humilitas
1224 934 1257 1019 ς’
1294 962 1409 1019 qum
1442 958 1545 1000 tota
1580 951 1843 1019 sapiemiw

320 1005 627 1090 Christiania
653 1011 947 1090 disciplina,
972 1022 1021 1090 et
1040 1016 1196 1090 cujus
1224 1005 1445 1090 infantia
1472 1028 1543 1071 est
1570 1005 1837 1090 mrigistra.

315 1109 384 1119 —
404 1079 497 1161 1!.-
530 1079 597 1161 n
617 1099 735 1161 quo
754 1079 854 1161 sita
879 1086 944 1161 sit
972 1079 1191 1161 inlan'tia
1225 1079 1516 1143 Christiana
1537 1132 1553 1158 ,
1595 1079 1839 1161 advquam

316 1167 406 1203 nos
435 1150 628 1206 Christi
640 1150 645 1151 ⁷
657 1156 876 1220 inlantia
898 1150 1097 1209 invitat.

313 1283 442 1339 Cu.
471 1284 514 1341 Ι.
537 1316 609 1326 —
646 1288 901 1342 Memoria
934 1305 1113 1345 rerum
1139 1292 1206 1346 ab
1237 1292 1455 1347 humani
1479 1296 1689 1362 generis
1720 1296 1841 1353 Sal-

251 1388 432 1431 vatore
468 1389 780 1447 gestarum,
817 1397 1063 1452 magnam
1110 1385 1287 1453 nobis,
1319 1387 1677 1453 dileCtissimi,
1707 1404 1841 1443 con-

251 1470 345 1525 fert
375 1472 690 1542 utilitatem,
716 1476 761 1529 si
791 1492 910 1545 quae
940 1493 1263 1533 veneramur
1285 1490 1309 1518 α
1334 1482 1554 1548 credita,
1587 1484 1840 1553 suscipia-

252 1578 362 1617 mus
395 1564 682 1620 imitanda.
732 1568 787 1622 lu
821 1570 1312 1639 dispensationibus
1343 1576 1484 1629 enim
1526 1592 1839 1632 sacramen—

249 1664 419 1709 torum
445 1656 675 1723 Christi,
702 1669 757 1714 et
779 1662 1002 1717 virtutes
1031 1666 1379 1735 suntgratize,
1410 1676 1463 1721 et
1492 1668 1841 1725 incitamenta

1647 341 1878 399 SERMO
1899 316 2163 399 )lxxvn.

3433 351 3553 408 258

1880 463 1934 520 Α
1959 471 2142 525 sonus,
2171 456 2394 513 visionis
2418 458 2531 528 jam
2559 448 2780 515 met
2803 458 3060 516 “effectus.
3116 460 3251 517 Tota
3286 464 3431 521 enim
3458 469 3536 522 vi-

1947 547 2115 602 ctoria
2134 546 2455 617 Salvatoris,
2477 566 2597 621 quas
2618 561 2674 607 et
2693 550 2970 607 diabolum
2991 555 3268 623 superavit
3296 566 3352 611 et
3381 573 3536 614 mun-

1947 639 2097 706 dum,
2131 638 2159 676 ¹ι
2200 640 2503 699 humilitate
2538 654 2748 713 erepta,
2797 643 3099 701 humilitate
3139 650 3382 705 confecta
3429 661 3531 706 est.

1951 733 2248 804 Dispositos
2289 736 2406 791 dies
2433 737 2531 793 sub
2580 739 2957 807 persecutione
2994 740 3288 810 inchoavit,
3334 752 3391 800 et
3430 746 3534 803 sub

1951 830 2331 896 persecutione
2354 830 2566 896 finivit;
2606 847 2703 887 nec
2734 848 2899 901 puero
2927 835 3208 890 tolerantia
3240 839 3532 907 passionis,

1945 934 2046 974 nec
2075 935 2302 989 passuro
2330 922 2504 978 defuit
2543 927 2898 982 mansuetudo
2930 928 3197 998 puerilis:
3247 932 3375 1002 quia
3409 934 3533 989 uni-

1944 1014 2156 1083 genitus
2189 1014 2282 1069 Dei
2311 1014 2327 1052 ί
2363 1016 2534 1072 Filius
2558 1018 2663 1073 sub
2691 1035 2793 1075 una
2828 1021 3123 1089 majestatis
3154 1038 3266 1079 sua;
3303 1026 3532 1083 inclina-

1943 1108 2092 1165 tione
2118 1111 2380 1179 suscepit,
2430 1120 2486 1165 ut
2509 1122 2564 1167 et
2594 1113 2758 1169 homo
2786 1114 2946 1170 vellet
2975 1116 3146 1184 nasci,
3179 1127 3233 1173 et
3263 1119 3331 1173 ab
3360 1118 3533 1176 homi-

1947 1201 2104 1256 nibus
2134 1211 2316 1271 posset
2344 1204 2540 1258 occidi.

2017 1290 2146 1347 CAP.
2174 1293 2260 1348 Ill.
2280 1295 2419 1348 —-—Si
2456 1294 2618 1365 igitur
2646 1297 2989 1365 omnipotens
3019 1295 3161 1352 Deus
3196 1313 3410 1355 causam
3435 1317 3532 1356 uo-

1947 1392 2113 1439 stram
2134 1386 2293 1440 nimis
2308 1387 2505 1441 malam
2526 1386 2839 1444 humilitatis
2870 1389 3149 1459 privilegio
3168 1389 3358 1445 bonam
3383 1390 3530 1459 fecit,

1948 1485 2004 1532 et
2030 1478 2152 1532 ideo
2191 1479 2458 1533 destruxit
2502 1487 2728 1536 mortem
2770 1492 2826 1537 et
2856 1483 3046 1536 mortis
3073 1492 3375 1549 auctorem,
3406 1486 3531 1555 quia

1948 1569 2131 1624 omnia
2174 1588 2292 1641 qua:
2337 1584 2712 1641 persecutores
2762 1576 2995 1631 intulere
3044 1593 3151 1631 non
3197 1580 3400 1645 renuit,
3435 1581 3530 1635 sed

1948 1663 2211 1719 obediens
2234 1664 2378 1718 Patri
2407 1665 2753 1720 crudelitates
2779 1669 3113 1723 saevientium
3142 1671 3428 1725 mitissima
3449 1672 3528 1727 le-

246 1747 501 1803 doctrinze
538 1768 550 1803 :
583 1760 643 1805 ut
670 1768 829 1819 quem
861 1756 1185 1810 conﬁtemur
1218 1758 1341 1812 ﬁdei
1373 1759 1584 1829 spiritu,
1619 1776 1839 1828 onerum
1868 1769 1913 1830 C
1949 1755 2114 1810 nitate
2174 1757 2454 1821 lOICNVil;
2518 1766 2777 1826 quantum
2822 1774 2921 1813 n05
2974 1759 3226 1827 humiles.
3273 1772 3527 1831 quantum

241 1856 450 1913 quoque
470 1859 769 1914 sequamur
798 1851 1069 1919 exemplo.
1111 1851 1243 1907 Nam
1278 1854 1440 1909 etiam
1474 1856 1587 1924 ipsa
1620 1859 1843 1925 primor-

240 1934 341 1999 dia,
375 1951 495 2005 quae
528 1938 629 1995 Dei
674 1940 847 1997 Filius
876 1958 972 2012 per
1009 1954 1236 1999 matrem
1262 1946 1535 2017 Virginem
1566 1950 1840 2006 nascendo

240 2028 501 2096 suscepit,
529 2028 558 2067 ι)
591 2030 657 2085 ad
692 2042 1003 2101 provectum
1045 2050 1145 2090 nos
1175 2037 1388 2106 pietatis
1418 2039 1727 2095 instituunt.
1753 2041 1842 2097 Si-

237 2121 344 2174 mul
375 2123 525 2177 enim
561 2137 788 2194 apparet
819 2128 1072 2183 cordibus
1104 2131 1265 2184 rectis
1302 2133 1354 2185 in
1392 2148 1495 2187 una
1541 2134 1838 2206 eademque

237 2230 467 2283 persona
515 2227 572 2272 et
608 2218 845 2274 humana
892 2221 1196 2289 humilitas,
1245 2236 1298 2280 et
1325 2225 1507 2282 divina
1560 2232 1834 2298 majestas.

235 2305 401 2373 Quem
426 2322 591 2364 cuna“:
638 2320 910 2368 testantur
956 2314 1240 2382 infantem,
1271 2321 1473 2373 coelum
1501 2331 1554 2375 et
1597 2322 1834 2378 celestis

232 2414 383 2453 suum
437 2401 738 2469 loquuntur
777 2417 1079 2463 auctorem.
1125 2420 1150 2447 α
1199 2411 1340 2466 Puer
1378 2416 1622 2482 corporis
1659 2417 1833 2485 parvi,

232 2492 495 2549 Dominus
518 2508 572 2551 et
601 2495 804 2553 Rector
842 2509 926 2555 est
959 2502 1145 2556 mundi
1179 2519 1195 2567 ;
1229 2514 1282 2558 et
1318 2506 1597 2574 genitricis
1626 2508 1833 2577 gremio

230 2586 565 2656 continetur,
608 2590 697 2659 qui
738 2591 890 2646 nullo
938 2592 1041 2647 line
1094 2594 1465 2651 concluditur.’
1514 2596 1621 2653 Sed
1666 2599 1719 2653 in
1750 2599 1833 2654 his

229 2687 543 2734 nostrorum
565 2682 848 2738 vulnerum
874 2694 955 2739 est
978 2688 1206 2754 curatio,
1226 2698 1278 2743 et
1296 2698 1495 2745 nostrae
1513 2690 1832 2760 dejectionis

228 2774 469 2827 erectio:
507 2775 636 2843 quia
676 2776 781 2831 nisi
808 2777 860 2831 in
903 2793 1064 2832 unum
1113 2789 1258 2835 tanta
1300 2781 1588 2837 diversitas
1626 2799 1830 2839 conve-

229 2864 389 2930 niret,
422 2868 776 2924 reconciliari
828 2870 938 2926 Deo
980 2872 1211 2927 humana
1248 2885 1434 2929 natura
1479 2892 1585 2931 non
1626 2886 1827 2946 posset.

256 3007 265 3013 .
292 2956 426 3013 CAP.
462 2958 532 3015 ll.
564 2991 638 3002 —
663 2963 862 3032 Legem
885 2979 1013 3034 ergo
1044 2966 1257 3022 vivendi
1286 2968 1520 3022 remedia
1554 2969 1710 3023 nobis
1734 2985 1834 3025 no-

228 3058 333 3105 stra
383 3064 687 3109 sanxerunt
728 3071 744 3108 :
789 3066 843 3111 et
885 3057 1009 3112 inde
1045 3058 1170 3113 data
1216 3070 1302 3114 est
1344 3062 1583 3117 moribus
1633 3062 1825 3125 forma,

228 3143 366 3199 unde
396 3148 637 3202 mortuis
663 3158 745 3202 est
776 3152 1014 3216 impensa
1054 3152 1343 3208 medicina.
1394 3153 1504 3208 Nec
1530 3155 1819 3224 immerito,

228 3236 249 3274 ⁸
279 3254 407 3293 cum
440 3249 558 3295 tres
586 3256 771 3312 magos
793 3243 862 3298 ad
893 3244 1224 3299 adorandum
1255 3245 1438 3302 Jesum
1486 3248 1612 3303 novi
1635 3248 1826 3303 sideris

227 3332 444 3387 claritas
468 3333 814 3402 deduxisset,
859 3352 963 3391 non
1008 3354 1131 3392 eum
1174 3338 1529 3408 imperantem
1563 3340 1827 3395 daemoni-

226 3425 342 3492 bus,
376 3442 490 3482 non
524 3437 769 3484 mortuos
797 3431 1166 3495 suscitantem,
1191 3448 1295 3486 non
1320 3434 1479 3487 caecis
1505 3434 1702 3500 visum,
1732 3443 1826 3489 aut

227 3519 431 3574 claudis
458 3535 734 3589 gressum,
791 3532 883 3576 aut
912 3524 1074 3576 mutis
1098 3524 1371 3594 eloquium
1413 3526 1821 3596 rcformantem,

229 3620 252 3646 ε
291 3626 394 3668 nec
432 3613 488 3666 in
527 3613 707 3682 aliqua
752 3613 1055 3670 divinarum
1096 3615 1357 3670 virtutum
1424 3619 1635 3673 actione
1678 3619 1825 3674 vide-

226 3713 391 3769 runt;
436 3704 539 3759 sed
590 3719 814 3774 puerum
843 3706 1092 3761 silentem
1115 3751 1130 3775 ,
1173 3708 1411 3776 quietum
1438 3751 1453 3774 ,
1485 3717 1542 3764 et
1560 3710 1661 3765 sub
1707 3725 1825 3765 nta-

228 3795 320 3850 tris
381 3797 752 3854 sollicitudine
820 3800 1235 3867 constitutum;
1315 3803 1370 3856 in
1437 3817 1544 3872 quo
1616 3803 1821 3859 nullum

231 3889 383 3960 137
414 3891 642 3961 quidem
678 3889 697 3928 ί
724 3904 1013 3962 appareret
1038 3893 1107 3948 de
1135 3902 1404 3963 potestate
1432 3895 1643 3965 signum
1670 3940 1685 3964 ,
1725 3896 1822 3953 sed

226 3996 479 4051 maguum
514 3988 849 4052 praeberetur
871 3985 939 4039 de
971 3985 1273 4041 humilitate
1305 3987 1645 4042 miraculum.
1701 3990 1822 4058 Ipsa

230 4072 408 4143 itaque
433 4074 652 4144 species
677 4090 846 4130 sacrae
873 4075 1139 4144 infantiae,
1173 4076 1257 4131 cui
1279 4091 1339 4132 se
1368 4077 1511 4132 Deus
1534 4078 1631 4133 Dei
1653 4078 1821 4135 Filius

226 4177 452 4236 aptarat,
489 4169 932 4238 praedicationem
963 4171 1183 4225 auribus
1214 4172 1601 4240 intimandum,
1636 4183 1663 4220 κ
1691 4188 1818 4228 ocu.

227 4259 289 4315 lis
330 4260 642 4331 ingerebat,
678 4269 741 4316 ut
766 4262 909 4332 quod
955 4264 1135 4318 adhuc
1183 4264 1331 4319 vocis
1364 4280 1473 4319 non
1509 4264 1820 4334 proferebat

1944 1857 2159 1917 Oportet
2201 1864 2323 1904 esse
2374 1850 2667 1919 patientes,
2699 1851 2792 1920 qui
2836 1851 2883 1906 si
2931 1852 3056 1921 quid
3087 1852 3289 1908 laboris
3333 1853 3529 1909 incidi-

1943 1956 2084 2008 mus,
2117 1958 2406 2012 numquam
2431 1944 2532 1997 nisi
2568 1952 2754 1998 nostro
2780 1944 2974 2000 merito
3012 1945 3373 2000 sustinemus!
3402 1945 3527 2011 Quis

1941 2036 2077 2087 enim
2131 2034 2440 2104 gloriabitur
2468 2045 2664 2089 castum
2705 2053 2759 2089 se
2803 2037 2988 2092 habere
3013 2054 3120 2107 cor,
3150 2048 3242 2092 aut
3280 2040 3527 2095 mundum

1937 2142 1992 2179 se
2032 2143 2140 2180 esse
2184 2144 2216 2179 a
2251 2138 2457 2199 peccato
2508 2126 2691 2201 (Prov.
2739 2144 2839 2194 xx,
2885 2128 2985 2198 9)?
3014 2140 3068 2185 et
3117 2131 3331 2186 dicente
3366 2131 3526 2187 beato

1938 2219 2149 2275 Joanne
2183 2238 2195 2274 :
2227 2219 2287 2274 Si
2311 2221 2591 2276 dixerimus
2624 2223 2748 2292 quia
2799 2232 3065 2292 peccatum
3114 2240 3220 2278 non
3262 2224 3520 2291 habemus,

1937 2328 2030 2366 nos
2052 2314 2191 2381 ipsos
2212 2296 2527 2381 seducimus,
2552 2324 2600 2369 et
2619 2316 2800 2370 veritas
2824 2316 2877 2369 in
2898 2317 3040 2371 nobis
3067 2333 3170 2371 non
3200 2327 3272 2373 est
3291 2319 3346 2390 (1
3363 2317 3522 2374 Joatt.

1936 2421 1976 2470 ι,
2008 2407 2096 2476 ts);
2129 2409 2248 2475 quis
2290 2406 2594 2461 invenietur
2622 2409 2692 2461 ita
2736 2408 2989 2463 immunis
3017 2423 3047 2462 a
3074 2410 3253 2480 culpa,
3277 2418 3336 2464 ut
3376 2411 3428 2464 in
3457 2425 3524 2467 eo

1942 2511 2048 2551 non
2089 2498 2285 2553 habeat
2313 2499 2394 2553 vel
2430 2499 2637 2569 justitia
2677 2501 2818 2570 quod
2846 2511 3053 2572 arguat,
3100 2502 3183 2557 vel
3209 2502 3522 2558 misericor-

1940 2590 2025 2645 dia
2058 2592 2199 2660 quod
2247 2592 2523 2647 remittat?
2570 2593 2723 2648 Unde
2766 2602 2893 2660 tota,
2926 2594 3285 2661 dilectissimi,
3337 2593 3522 2650 Chris-

1940 2681 2100 2736 tiana:
2124 2683 2402 2753 sapientia:
2429 2684 2736 2753 disciplina,
2764 2701 2869 2740 non
2893 2687 2945 2740 in
2986 2687 3315 2742 abundantia
3344 2689 3516 2756 verbi,

1937 2789 2044 2828 non
2085 2774 2138 2829 in
2170 2778 2362 2830 astutia
2411 2777 2569 2849 138
2595 2778 2925 2847 disputandi,
2958 2796 3133 2850 neque
3180 2782 3233 2835 in
3281 2783 3519 2852 appetitu

1933 2866 2109 2921 laudis
2139 2877 2193 2922 et
2227 2869 2431 2937 glorias,
2464 2869 2559 2924 sed
2604 2871 2657 2924 in
2707 2887 2830 2926 vera
2861 2880 2917 2926 et
2947 2873 3249 2928 voluntaria
3298 2875 3520 2930 humili-

1936 2970 2043 3017 tate
2069 2964 2509 3034 consistit,quam
2539 2964 2799 3021 Dominus
2821 2965 2981 3022 Jesus
3002 2964 3250 3023 Christus
3269 2968 3336 3025 ab
3364 2979 3520 3024 utero

1936 3058 2124 3113 matris
2157 3072 2326 3127 usque
2366 3058 2431 3112 ad
2474 3059 2798 3128 supplicium
2829 3060 3028 3127 crucis,
3063 3076 3159 3131 pro
3191 3064 3336 3116 omni
3370 3062 3520 3118 forti-

1938 3152 2120 3207 tudine
2144 3160 2201 3207 et
2226 3152 2388 3223 elegit
2418 3162 2472 3207 et
2515 3152 2720 3207 docuit.
2767 3153 2901 3208 Nam
2933 3168 3053 3208 cum
3102 3154 3352 3224 discipuli
3399 3156 3519 3225 ejus

1941 3245 1955 3294 i
1984 3245 2127 3299 inter
2147 3259 2224 3311 se,
2249 3253 2309 3301 ut
2333 3246 2409 3300 ait
2426 3246 2777 3316 evangelista,
2809 3246 3175 3317 disquirerent
3199 3249 3316 3318 quis
3337 3264 3517 3303 eorum

1931 3337 2099 3407 major
2137 3347 2263 3392 esset
2306 3338 2360 3391 in
2402 3354 2559 3409 regno
2590 3338 2833 3393 caelorum
2859 3355 2879 3393 .°
2908 3341 3101 3393 t'ocavit
3142 3341 3435 3411 parvulum,
3469 3352 3517 3395 et

1932 3431 2109 3484 statuit
2155 3446 2272 3484 eum
2311 3432 2362 3484 in
2390 3433 2560 3485 medio
2601 3447 2797 3497 eorum,
2833 3428 2858 3467 ¹ί
2886 3441 2936 3487 et
2978 3433 3109 3486 dixit
3143 3448 3159 3486 :
3201 3433 3362 3487 Amen
3404 3434 3516 3487 dico

1928 3522 2085 3587 vobis,
2118 3522 2217 3575 nisi
2266 3524 2494 3577 conversi
2525 3524 2746 3593 fueritis,
2776 3534 2825 3578 et
2876 3524 3179 3594 efﬁciamini
3204 3526 3336 3578 sicut
3382 3542 3515 3597 par-

1927 3614 2054 3681 uuli,
2085 3630 2188 3671 non
2236 3615 2494 3670 intrabitis
2535 3616 2588 3669 iu
2632 3632 2845 3689 regnum
2900 3615 3159 3670 caelorum.
3196 3616 3516 3687 Quicumque

1929 3724 2047 3780 ergo
2076 3707 2425 3761 humiliaverit
2475 3724 2527 3761 se
2587 3710 2718 3761 sicut
2773 3724 2899 3778 puer
2940 3709 3049 3771 iste,
3080 3708 3162 3761 hic
3204 3709 3374 3777 maior
3423 3712 3516 3763 erit

1932 3800 1989 3853 in
2025 3815 2182 3871 regno
2226 3798 2469 3853 caelorum
2510 3798 2727 3870 (Matth.
2767 3814 2896 3852 xvttt
2922 3843 2936 3867 ,
2973 3797 3100 3864 LG;
3133 3797 3260 3852 Luc.
3307 3814 3387 3865 ιχ,
3421 3800 3516 3854 46-

1931 3890 2059 3962 48).
2120 3896 2277 3946 Amat
2332 3890 2580 3946 Christus
2640 3891 2954 3957 infantiam,
3003 3889 3021 3927 ι
3076 3906 3233 3961 quam
3279 3893 3514 3961 primum

1932 3994 1987 4040 et
2015 3985 2196 4039 animo
2223 3985 2459 4053 suscepit
2502 3992 2555 4037 et
2583 3997 2831 4053 corpore.
2853 3983 3011 4038 Amat
3054 3981 3300 4040 Christus
3342 3983 3515 4038 infan-

1932 4076 2082 4145 tiam,
2137 4075 2456 4129 humilitatis
2497 4075 2832 4145 magistram,
2883 4074 3208 4130 innocentite
3250 4074 3509 4145 regulam,

1930 4166 2360 4223 mansuetudinis
2410 4166 2656 4220 formam.
2714 4170 2876 4222 Amat
2923 4166 3168 4221 Christus
3209 4166 3510 4232 infantiam,

1928 4271 1965 4298 ω
1999 4260 2065 4315 ad
2094 4275 2252 4329 quam
2279 4260 2539 4329 majorum
2570 4260 2751 4328 dirigit
2794 4248 2993 4326 mores,
3023 4258 3087 4314 ad
3132 4274 3292 4329 quam
3321 4274 3509 4315 senum

291 4369 507 4446 {Unus
544 4386 648 4425 ms.
688 4370 809 4426 Vat.
838 4380 894 4428 et
941 4373 1077 4428 alius
1116 4373 1252 4429 Bon.
1306 4389 1369 4429 ac
1416 4377 1585 4444 prima
1634 4375 1822 4446 editio,
1848 4375 1902 4435 D
1928 4372 2126 4446 nimus.

223 4443 450 4496 condita.

288 4511 316 4549 δ
356 4512 500 4587 Ῑτθε
521 4513 794 4587 mss.Vat.
816 4524 881 4587 et
912 4516 1084 4584 prima
1116 4514 1311 4581 editio,
1341 4516 1409 4567 ad
1439 4522 1746 4587 profectum.

291 4595 314 4622 ε
350 4584 443 4638 Sic
474 4599 599 4638 cum
630 4585 921 4652 Quesnello
950 4597 1002 4639 et
1044 4588 1214 4654 prima
1242 4584 1479 4641 editione
1517 4584 1704 4644 amnes
1728 4603 1822 4644 no-

221 4656 317 4727 stri
349 4656 594 4710 codices.
631 4658 743 4722 AL,
775 4654 918 4710 Puer
942 4673 1151 4727 corpore
1180 4673 1389 4727 parvus,
1413 4659 1595 4713 mundi
1636 4661 1822 4715 Rector

219 4734 263 4779 et
287 4725 572 4780 Dominus.
1033 4725 1040 4727 ⁷
1091 4766 1106 4780 .

285 4796 314 4833 ἀ
342 4797 483 4851 Tres
516 4811 647 4851 mss.
676 4797 797 4851 Vat.
817 4797 1040 4861 addunt,
1068 4801 1211 4867 quia.

290 4877 318 4905 θ
351 4868 489 4941 Nec,
519 4882 619 4938 pro
642 4869 912 4941 vel,iquod
936 4879 1051 4923 erat
1081 4873 1133 4924 in
1165 4871 1554 4941 vulgatioribus
1584 4871 1744 4927 editis
1767 4882 1821 4928 et

222 4939 496 5010 aliquibus
520 4954 652 4993 mss.
686 4940 1063 4994 substituimus
1088 4956 1157 4995 ex
1187 4939 1397 4998 duobus
1435 4942 1595 4998 codd.
1627 4942 1685 4998 Β.
1719 4944 1821 5000 Pe-

220 5011 281 5063 tri
310 5023 369 5065 et
400 5013 572 5079 prima
596 5011 853 5065 editione.

290 5081 310 5155 ἴ
348 5082 409 5136 In
437 5081 625 5155 editis,
652 5090 958 5155 apparetet
995 5084 1277 5155 prabetur.
1298 5085 1725 5155 Emendavimus
1754 5103 1820 5141 ex

220 5153 393 5222 prima
421 5153 665 5207 editione
688 5162 744 5206 et
771 5152 1165 5209 duobus'codd.
1196 5156 1254 5210 8.
1279 5154 1421 5209 Petri
1472 5171 1533 5210 ac
1580 5171 1685 5210 uno
1718 5157 1819 5210 Bo-

222 5240 376 5297 nom,
408 5239 535 5278 cum
566 5225 867 5293 praesertim
897 5226 1038 5282 hanc
1070 5227 1352 5281 lectionem
1389 5228 1504 5297 ipse
1532 5236 1818 5282 contextus

221 5295 503 5364 elﬂagitet.

286 5374 314 5413 ε
345 5367 405 5420 In
437 5367 655 5421 excusis
679 5375 806 5421 ante
822 5365 1033 5439 Quesn.
1067 5379 1121 5423 et
1150 5370 1200 5422 in
1230 5385 1335 5423 uno
1369 5370 1511 5432 Vat.,
1554 5369 1813 5439 oculisque

222 5442 447 5511 gerebat,
471 5446 749 5511 corrupte.
799 5438 1075 5505 Quesnelli
1106 5443 1539 5511 emendationem
1572 5441 1622 5492 iu
1652 5438 1811 5494 crete-

220 5509 290 5564 ris
322 5509 528 5565 nostris
551 5509 713 5563 codd.
743 5520 798 5564 et
824 5514 874 5561 in
902 5513 1070 5580 prima
1098 5510 1335 5565 editione
1361 5510 1677 5580 reperimus.
1711 5513 1811 5565 So-

221 5580 326 5633 lum
354 5582 610 5650 tnﬂ'rebal
653 5595 751 5649 pro
772 5579 1035 5649 ingerebat
1072 5584 1122 5634 iu
1154 5596 1261 5636 uno
1290 5582 1408 5636 Vat.
1427 5579 1490 5635 et
1513 5582 1721 5635 duobus
1745 5582 1802 5637 8.

221 5650 381 5708 Petri.
418 5656 550 5708 Post
596 5654 818 5706 verbum
858 5651 1117 5722 ingerebat
1166 5653 1515 5723 legebaturiu
1557 5652 1807 5707 omnibus

221 5724 377 5781 editis
398 5740 464 5780 ac
493 5725 768 5795 plerisque
798 5738 955 5795 mss.,
982 5733 1028 5775 et
1048 5724 1187 5793 quod
1207 5723 1377 5795 adhuc
1399 5725 1532 5777 vocis
1563 5738 1664 5776 non
1683 5740 1804 5795 pro-

247 5796 412 5850 erebat
434 5794 609 5861 sonus,
639 5794 849 5849 visionis
867 5796 986 5861 jam
1017 5795 1229 5849 docebat
1278 5794 1508 5862 effectus.
1542 5794 1800 5860 Quesnel-

341 5868 469 5927 nihil
513 5868 759 5927 indicans
804 5866 1061 5929 correxit.
1096 5875 1152 5924 ut
1196 5866 1449 5930 minsas.
1480 5864 1797 5925 Petriiuve~

2001 4441 2031 4481 ιι
2062 4445 2189 4497 Erat
2223 4441 2276 4494 in
2309 4441 2465 4496 editis
2495 4450 2550 4495 et
2573 4442 2625 4495 in
2657 4441 2929 4497 nonnullis
2956 4457 3114 4508 mss.,
3137 4443 3421 4498 humilitate
3440 4454 3511 4500 est

1929 4525 2209 4587 concepta,
2237 4513 2528 4587 humilitate
2576 4523 2647 4567 est
2682 4515 2970 4587 _coufect_a;
3017 4530 3135 4582 quas
3190 4516 3430 4587 syntaxis
3478 4533 3507 4570 τι

1930 4584 2112 4641 Leone
2163 4584 2371 4657 videtur
2428 4584 2618 4657 aliena.
2671 4584 3087 4657 Correctionem
3125 4584 3510 4657 suggesserunt

1931 4660 2039 4712 duo
2063 4670 2192 4710 mss.
2220 4654 2277 4709 S.
2315 4654 2478 4713 Petri,
2513 4655 2650 4709 alius
2672 4655 2928 4716 Venetus,
2958 4654 3205 4710 Vallicel.‘
3225 4654 3505 4724 etCasin.,

1932 4729 2034 4783 hoc
2060 4728 2395 4801 discrimine.
2440 4727 2580 4795 quod
2613 4741 2748 4779 unus
2793 4728 2848 4801 8.
2894 4726 3509 4801 Petriuhabetconcepta

1928 4816 2028 4871 pro
2082 4797 2529 4871 caepta,Venetus
2573 4807 2774 4871 autem,
2806 4799 2868 4850 de
2895 4799 3197 4871 humilitate.
3241 4799 3297 4853 lu
3323 4797 3509 4857 codice

1926 4868 2183 4925 Casauat.
2210 4869 2377 4937 prima
2416 4884 2573 4922 tnanu
2612 4868 2806 4923 desunt
2831 4870 3017 4935 verba,
3049 4870 3337 4926 humilitate
3379 4888 3508 4925 cou-

1929 4944 2083 5014 fecta,
2116 4956 2235 5009 qua:
2266 4941 2507 5008 suppleta
2532 4939 2749 4993 fuerunt
2776 4955 2935 4994 manu
2968 4942 3271 5009 posteriori,
3296 4941 3503 5001 eadem-

1929 5013 2033 5084 que
2059 5027 2216 5084 manu
2226 5026 2336 5084 pro
2371 5019 2534 5084 coepta
2558 5013 2899 5084 emendatum
2930 5021 3194 5084 concepta.

2008 5082 2023 5119 ί
2070 5082 2183 5135 Vox
2218 5079 2388 5134 Filius
2418 5079 2598 5135 addita
2623 5097 2685 5136 cx
2710 5098 2842 5136 mss.
2875 5082 2930 5138 S.
2956 5081 3121 5137 Petri.

2002 5159 2015 5203 t
2058 5154 2196 5207 Editi
2226 5160 2279 5206 et
2307 5153 2549 5206 nonnulli
2592 5153 2774 5217 ροιιά.,
2801 5155 2936 5206 intra
2956 5169 3030 5206 se.
3075 5151 3350 5208 Saniorem
3393 5155 3501 5209 lec-

1929 5226 2126 5279 tionem
2146 5224 2560 5292 suppeditarunt
2574 5223 2771 5277 laudati
2790 5238 2917 5278 mss.
2936 5224 2991 5278 S.
3010 5224 3151 5279 Petri
3167 5224 3498 5281 etaliusVat.

1998 5294 2022 5333 ¹ι
2054 5296 2234 5350 Prima
2265 5296 2451 5359 editio,
2500 5305 2546 5348 et
2593 5296 2664 5349 ait
2698 5311 2715 5349 :
2745 5296 2927 5360 Amen,
2979 5311 3128 5349 amen
3171 5296 3283 5349 dico
3337 5296 3497 5350 vobis.

1922 5367 2075 5429 Dein,
2101 5367 2230 5420 sicut
2252 5368 2495 5437 parvulus
2526 5367 2641 5429 iste,
2671 5366 2752 5419 hic
2779 5369 2948 5435 major
2972 5376 3063 5430 est,
3096 5368 3148 5421 in
3175 5367 3360 5421 eadem
3392 5366 3501 5421 edi~

1921 5440 2064 5492 tione
2092 5448 2146 5492 et
2190 5439 2245 5491 in
2294 5438 2503 5491 duobus
2557 5451 2686 5492 mss.
2722 5437 2780 5493 S.
2813 5438 2975 5493 Petri.
3012 5438 3158 5495 Unus
3199 5438 3339 5502 Vat.,
3367 5438 3500 5493 sicut

1919 5526 2043 5579 puer
2066 5510 2178 5571 istc,
2205 5508 2287 5561 hic
2318 5513 2484 5574 major
2504 5517 2597 5561 est.

1994 5578 2010 5618 ι
2050 5583 2215 5645 Quam
2242 5583 2482 5650 primam,
2516 5579 2569 5632 in
2598 5579 2807 5635 duobus
2839 5579 2960 5633 Vat.

1986 5660 2027 5690 αι
2060 5652 2185 5718 Qua:
2215 5648 2267 5705 in
2300 5652 2457 5706 editis
2484 5660 2609 5705 ante
2649 5650 3018 5715 Qttesnellum,
3064 5648 3201 5703 sicut
3230 5648 3416 5719 etiam}
3440 5652 3494 5709 in

1914 5737 2017 5776 ms.
2070 5723 2372 5778 Gaudiival.
2422 5722 2562 5788 apud
2622 5722 2905 5785 eumdem,
2951 5729 3006 5774 et
3058 5720 3110 5773 in
3150 5735 3258 5775 uno
3305 5732 3493 5780 nostro

1910 5792 2033 5850 Vat.
2060 5792 2128 5849 At
2162 5796 2332 5867 prima
2361 5793 2530 5851 editio
2568 5807 2691 5848 cum
2719 5793 2930 5848 caeteris
2955 5789 3115 5851 codd.
3148 5792 3280 5849 utin
3321 5802 3491 5888 textu,
