3994 6354
451 481 664 542 reducit
685 482 908 542 lates;
941 481 1116 531 «eos
1140 469 1210 526 sd
1239 479 1395 524 suum
1435 463 1665 520 inclinat
1704 461 2041 534 exemplum,
2068 463 2128 525 Α

453 587 591 647 quos
611 569 682 627 sd
710 581 940 640 regnum
967 565 1224 621 sublimat
1249 565 1536 615 maternum.

524 667 656 723 Car.
687 663 777 718 IV.
806 691 879 705 -—
905 660 972 718 Ut
996 667 1178 713 autem
1213 655 1382 725 plene
1424 653 1702 708 valeamus
1747 665 2046 722 agnoscere

455 757 728 831 quomodo
774 750 1104 826 apprehendi
1146 748 1319 820 possit
1355 756 1466 804 tam
1495 746 1636 801 mira
1674 753 1702 784 ι
1725 743 2039 807 conversio,

457 853 598 907 etin
647 845 909 918 puerilem
946 841 1170 913 gradum
1219 855 1325 910 qua
1366 836 1579 894 nobis‘t
1617 836 1914 891 mutatione
1956 848 2044 890 re-

458 941 734 1000 deundum
773 940 862 1001 sit,
899 936 1096 1000 doceat
1123 949 1226 990 nos
1259 934 1453 989 beatus
1496 930 1718 996 Paulus,
1744 937 1804 986 et
1847 928 1996 984 dicat
2029 945 2048 986 :

462 1037 642 1094 Nolite
663 1035 813 1108 pueri
857 1032 982 1104 eﬁei
1011 1030 1264 1094 sensibus,
1291 1027 1382 1083 sed
1411 1026 1610 1080 malitia
1656 1016 1856 1093 parvuli
1891 1030 2053 1076 estote

466 1129 512 1200 (1
691 1142 808 1190 stv,
838 1126 956 1193 20).
987 1123 1104 1177 Non
1151 1135 1280 1192 ergo
1323 1118 1390 1173 ad
1421 1127 1444 1156 ε
1477 1117 1682 1172 ludicra
1710 1114 1954 1170 infantia
1997 1119 2054 1170 et

464 1217 781 1293 imperfecta
829 1214 985 1271 nobis
1029 1211 1323 1285 primordia
1368 1207 1752 1264 revertendum
1797 1215 1905 1273 est,
1955 1204 2056 1260 sed

466 1311 667 1384 aliquid
680 1309 821 1382 quod
837 1310 996 1364 etiam
1009 1320 1203 1377 graves
1214 1317 1385 1358 annos
1409 1301 1622 1367 deceat,
1642 1297 1669 1336 ἀ
1693 1297 1819 1353 inde
1837 1311 2060 1352 sumen-

467 1408 617 1472 dum,
649 1418 704 1460 ut
736 1404 897 1459 velox
917 1401 989 1458 sit
1027 1397 1452 1455 commotionum
1490 1392 1772 1457 transitus,
1815 1392 1957 1444 citus
1992 1387 2064 1442 ad

470 1515 659 1574 pacem
684 1511 936 1554 rewrsus
963 1511 978 1548 :
1007 1493 1152 1548 nulla
1174 1491 1244 1545 sit
1260 1487 1518 1544 memoria
1545 1484 1884 1549 oﬁensionis,
1908 1481 2057 1536 nulla

469 1592 737 1664 cupiditas
787 1588 1095 1660 dignitatis;
1142 1599 1294 1639 amor
1349 1581 1513 1637 socia:
1556 1590 1580 1618 °
1622 1575 2055 1644 communionis,

471 1684 754 1756 aequalitas
771 1679 1054 1737 naturalis.
1089 1677 1338 1747 Magnum
1379 1673 1525 1728 enim
1568 1671 1726 1743 139
1755 1670 1955 1724 bonum
1975 1675 2062 1722 est

481 1791 680 1833 nocere
719 1791 830 1832 non
875 1785 1040 1828 nosse
1072 1767 1092 1807 ί
1127 1778 1183 1824 et
1222 1767 1456 1837 maligna
1495 1779 1602 1819 non
1647 1775 1840 1831 sapere
1881 1777 1894 1814 :
1935 1759 2062 1829 quia

472 1870 674 1926 inferre
689 1882 754 1923 ac
768 1865 976 1921 referre
991 1861 1264 1932 injuriam,
1279 1860 1464 1914 mundi
1481 1857 1641 1925 hujus
1657 1853 1941 1926 prudentia
1956 1860 2066 1917 est;

478 1960 680 2018 nemini
705 1966 887 2013 autem
914 1953 1117 2010 malum
1147 1965 1246 2021 pro
1283 1949 1426 2004 male
1464 1946 1717 2012 reddere,
1745 1944 2068 1999 Christiana:

477 2065 566 2114 est
591 2064 620 2103 α
643 2050 1064 2123 aquanimitatis
1094 2045 1343 2100 infantia.
1377 2044 1459 2098 Ad
1499 2042 1640 2096 hanc
1671 2054 1790 2106 vos,
1822 2037 2063 2094 dilectis-

474 2147 622 2214 simi,
637 2141 1046 2200 similitudinem
1074 2139 1416 2209 parvulorum
1445 2135 1763 2206 mysterium
1788 2124 2065 2188 hodiernae

475 2237 786 2298 festivitatis
827 2236 1057 2302 invitat;
1087 2243 1143 2289 et
1187 2239 1328 2287 uane
1376 2229 1534 2285 vobis
1581 2227 1902 2282 humilitatis
1953 2227 2062 2279 for-

478 2348 623 2391 mam
651 2331 910 2394 odoratus
932 2344 965 2384 ι
988 2328 1159 2398 magis
1201 2341 1334 2396 puer
1361 2325 1614 2380 Salvator
1651 2320 1930 2375 insinuat:
1969 2317 2065 2388 qui

477 2437 537 2483 ut
555 2424 915 2482 imltatoribus
945 2423 1058 2477 suis
1085 2419 1209 2490 quid
1239 2418 1428 2488 gloriae
1469 2421 1691 2485 pararet
1729 2411 2062 2476 ostenderet,

479 2530 634 2579 ortus
658 2520 742 2574 sui
789 2527 1035 2585 tempore
1072 2514 1249 2572 editos
1278 2509 1542 2581 martyrio
1581 2508 1926 2562 consecravit
1957 2522 1972 2558 :
2005 2512 2068 2558 ut

479 2609 590 2668 hin
620 2609 922 2674 Bethleem,
957 2608 1046 2662 ubi
1075 2607 1323 2659 Christus
1376 2611 1533 2656 natus
1585 2610 1688 2665 est,
1734 2598 1922 2671 geniti,
1973 2611 2068 2665 per

478 2701 916 2760 communionem
975 2697 1150 2752 astatis
1195 2702 1479 2751 consortes
1537 2692 1732 2748 ﬁerent
1773 2689 2064 2760 passionis.

480 2800 706 2854 Ametur
730 2793 894 2864 igitur
924 2790 1220 2858 humilitas,
1252 2798 1306 2844 et
1330 2788 1506 2843 omnis
1529 2801 1561 2842 a
1581 2785 1836 2842 ﬁdelibus
1869 2788 2070 2840 vitetur

481 2889 665 2945 elatio.
701 2886 854 2941 Alter
880 2885 1114 2940 alterum
1159 2883 1264 2937 sibi
1309 2882 1580 2951 praeferat,
1619 2889 1677 2935 et
1724 2893 1884 2934 nemo
1929 2875 2076 2948 quod

481 2999 638 3042 suum
679 2992 760 3038 est
786 2990 1013 3053 quaerat,
1039 2979 1136 3034 sed
1157 2977 1302 3048 quod
1333 2975 1557 3032 alterius
1587 2992 1601 3032 :
1636 2985 1692 3032 ut
1726 2989 1848 3031 cum
1879 2975 1935 3029 in
1961 2988 2080 3029 om-

1592 355 1650 410 s.
1681 349 1931 409 LEONB
1969 348 2077 404 lsi

2224 345 2501 404 SEBMON
2510 345 2611 402 ES.
3627 338 3720 396 ωι-

2429 453 2664 513 εειωο
2701 449 2969 508 xxxvnt
3005 449 3128 524 [Αι.
3167 444 3467 522 xxxvnt.

2377 551 2394 590 ί
2453 549 2523 606 ιη
2585 546 2903 620 ερίριηίσ
2953 545 3279 601 ωιεηιοιίωω
3347 542 3518 599 vm.

2147 646 2420 724 Sinonis.
2538 603 3030 724 l.S'te.l_la.grutiam,
3057 640 3198 724 magi
3216 655 3390 724 omnes
3409 647 3607 724 gentes,
3631 637 3727 724 He-
3758 603 3762 606 -

2219 710 2373 774 rudes
2422 733 2676 790 paganos,
2707 710 2928 783 infantes
2982 710 3132 774 occisi
3145 710 3174 790 ί
3189 722 3440 790 martyres
3491 710 3730 790 figurant.

2224 782 2470 869 qmnium
2489 782 2873 869 asttentporum
2896 801 3119 869 artasatis
3145 782 3495 869 Latinitas»:
3515 782 3578 838 Il.
3611 783 3732 838 Sola
3755 840 3762 869 ἶ

2227 861 2350 931 ﬁdei
2380 862 2491 931 luce
2512 853 2700 931 attingi
2727 875 2872 931 posse
2896 853 3090 931 Christi
3136 853 3580 931 Dei_hontinist_/_tte
3607 853 3760 931 ntst

2227 921 2432 993 lerium,
2459 921 2746 1003 reparando
2773 930 2976 1003 homini
3001 926 3466 1003 necessarium._—
3488 921 3740 1003 unum

2229 1003 2314 1057 tia:
2358 991 2651 1060 necesiitas.
2683 999 2859 1054 Homo
2890 1001 3026 1052 bona
3063 1014 3241 1066 agens,
3272 1015 3304 1052 a
3351 991 3460 1067 Deo
3508 992 3656 1058 habet
3695 1003 3770 1067 et

2231 1071 2467 1142 e/fectum
2488 1076 2679 1142 operis,
2706 1084 2752 1124 et
2775 1071 2980 1130 initium
3003 1065 3302 1142 voluntatis.
3332 1065 3544 1142 Sanctis
3565 1067 3742 1122 timen-

2267 1138 2353 1198 um
2384 1162 2444 1197 ne
2477 1138 2601 1202 insis
2634 1143 2865 1212 Operibns
2905 1142 3106 1205 pietatis
3135 1140 3280 1205 elati,
3323 1138 3629 1212 deserantur
3651 1151 3742 1207 ope

2230 1217 2429 1286 gratiae.
2481 1214 2638 1288 ιω
2667 1209 2864 1288 Quibus
2893 1213 3295 1288 signisquisque
3317 1209 3744 1288 experiripotest

2233 1278 2299 1342 im
2325 1289 2375 1340 in
2403 1278 2524 1353 ipso“
2541 1278 2896 1340 ῡῑιιίιιαωιει
2915 1285 2940 1337 2
2959 1313 3030 1323 —
3052 1282 3144 1338 tv.
3176 1282 3257 1335 Ea:
3278 1281 3534 1353 ειιανίιαιε
3548 1280 3611 1353 Δίιι
3639 1278 3745 1353 μήτ

2234 1360 2330 1412 mis
2353 1348 2686 1412 habitatorem
2713 1357 2882 1410 cordis
2920 1354 3086 1415 Deum
3114 1353 3462 1426 cognovimus.
3494 1348 3746 1414 Citaritati

2235 1441 2479 1499 quantum
2511 1429 2870 1482 laborandum.

2235 1519 2365 1575 CAP.
2393 1519 2434 1574 l.
2464 1550 2533 1560 —
2562 1521 2815 1585 Causam,
2853 1514 3216 1577 dilectissimi,
3247 1522 3302 1569 et
3346 1512 3614 1568 rationem
3659 1523 3748 1565 so-

2167 1611 2466 1668 lemnitatis
2498 1610 2773 1664 hodierna:
2801 1622 2944 1678 saepe
2972 1605 2989 1658 ἱ
3030 1605 3186 1662 vobis
3211 1614 3266 1660 et
3286 1602 3598 1673 evangelica
3630 1616 3751 1656 nar-

2167 1705 2334 1771 ratio,
2388 1715 2442 1760 et
2489 1704 2848 1758 observantiae
2921 1700 3260 1757 consuetudo
3316 1697 3595 1769 patefecit;
3657 1708 3752 1750 nec

2096 1811 2146 1871 Β
2173 1813 2399 1853 necesse
2446 1806 2530 1852 est
2568 1798 2637 1851 ita
2679 1811 2844 1859 nunc,
2869 1811 2987 1868 quae
3042 1794 3185 1848 inter
3222 1790 3524 1848 Salvatoris
3579 1787 3754 1842 nostri

2176 1892 2409 1946 humana
2440 1889 2732 1959 primordia
2762 1898 2887 1943 sunt
2915 1897 3086 1958 gesta,
3106 1885 3382 1951 replicari,
3408 1891 3469 1938 ut
3493 1883 3559 1937 de
3580 1881 3755 1951 Splen-

2173 1987 2304 2040 dOre
2349 1986 2472 2038 novi
2529 1983 2742 2046 sideris,
2791 1982 2857 2037 de
2901 1983 3070 2052 magis
3099 1991 3486 2050 magnrumque
3517 1975 3757 2031 muneri-

2171 2080 2296 2142 bus,
2341 2077 2408 2132 de
2449 2077 2658 2132 sawitia
2689 2074 2921 2129 Herodis
2947 2084 3002 2128 et
3042 2073 3110 2128 de
3161 2071 3537 2127 interiectione
3581 2070 3759 2124 infan-

2171 2172 2304 2226 tium
2335 2170 2702 2234 disseramus;
2735 2183 2881 2232 cum,
2912 2168 3045 2222 sicut
3075 2168 3268 2232 nostis,
3300 2174 3354 2219 et
3375 2165 3428 2220 in
3461 2163 3631 2219 stellae
3656 2161 3761 2219 ful-

2169 2277 2301 2334 gore
2331 2261 2428 2316 Dei
2459 2262 2648 2330 gratia,
2697 2271 2751 2315 et
2780 2261 2833 2314 in
2887 2259 3057 2314 tribus
3090 2259 3222 2314 viris
3253 2258 3463 2312 vocatio
3491 2256 3761 2326 gentium,

2172 2363 2227 2410 et
2258 2355 2308 2408 in
2331 2369 2461 2421 rege
2491 2354 2653 2418 impio
2683 2352 2972 2406 crudelitas
3019 2365 3375 2421 paganorum,
3421 2362 3472 2404 et
3519 2350 3570 2403 iu
3619 2348 3764 2402 occi-

2174 2451 2330 2504 sicne
2370 2446 2653 2501 infantium
2705 2455 3023 2500 cunctorum
3067 2456 3363 2514 martyrum
3396 2443 3564 2496 forma
3619 2455 3765 2510 pra:-

2179 2539 2426 2597 cesserit.
2475 2538 2581 2596 Sed
2613 2540 2738 2609 quia
2784 2541 2834 2592 in
2882 2538 3249 2592 sacratissimo
3296 2538 3382 2591 die
3428 2535 3769 2590 reddendum

2177 2632 2571 2702 eXSpectationi
2612 2640 2802 2685 vestra:
2830 2640 2912 2686 est
2941 2629 3292 2684 sacerdotalis
3333 2630 3606 2682 sermonis
3645 2625 3770 2680 01³Ιὶ-

2179 2729 2342 2788 cium,
2379 2725 2634 2788 nitamur,
2659 2733 2716 2778 ut
2754 2737 3038 2792 possumus
3070 2721 3361 2791 adiuvante
3409 2721 3614 2790 Spiritu
3647 2719 3770 2786 Dei,

2176 2837 2243 2880 eo
2276 2837 2368 2890 per
2390 2821 2762 2888 intelligentia:
2801 2822 3025 2874 semitas
3049 2818 3352 2886 pervenire,
3391 2826 3449 2870 ut
3475 2829 3774 2885 cognosca-

2180 2929 2301 2970 mus
2332 2922 2734 2968 sacramentum
2766 2911 3050 2982 praasentis
3079 2907 3203 2985 festi
3239 2908 3307 2962 ad
3345 2907 3584 2962 omnium
3635 2905 3776 2961 fide-

2181 3006 2314 3062 lium
2359 3015 2603 3076 tempora
2649 3004 2964 3074 pertinere;
3012 3016 3113 3057 nec
3155 3001 3265 3055 ullo
3303 2998 3464 3054 modo
3507 2997 3777 3053 habentur

485 3071 1050 3171 “lb“'_°b““_""°'_“
1097 3069 1324 3171 ﬂectus
1366 3067 1790 3171 befmmlefma'
1933 3067 2081 3171 Ψξηθ
2107 3105 2156 3171 C
2185 3067 2489 3166 insolitum,
2514 3067 2667 3170 quod
2686 3098 2738 3152 in
2769 3067 3233 3167 dispensationum
3277 3091 3468 3149 ordine
3518 3091 3780 3147 aduratur

485 3169 635 3224 virus
663 3167 975 3222 inveniatur
1003 3162 1204 3218 invidae
1235 3179 1248 3215 :
1273 3163 1524 3232 quoniam
1555 3160 1642 3228 qui
1668 3177 1724 3216 se
1759 3159 1950 3215 exultat
1979 3159 2080 3214 Itu-

488 3259 794 3326 miliabitur,
836 3268 884 3312 et
914 3257 1002 3326 qui
1039 3271 1093 3309 se
1119 3253 1358 3309 humiliat
1398 3252 1891 3325 saaltabitur(Luc.
1942 3269 2036 3308 xsv
2061 3293 2076 3320 ,

492 3362 584 3434 ll)
600 3379 614 3416 :
629 3359 818 3417 eodem
836 3358 956 3429 ipso
975 3364 1207 3413 testante
1231 3355 1460 3412 Domino
1484 3365 1673 3411 nostro
1693 3355 1821 3412 Jesu
1841 3355 2083 3423 Christo,

492 3467 581 3536 qui
609 3475 732 3518 cum
760 3461 922 3519 Patre
943 3471 998 3516 et
1018 3458 1226 3528 Spiritu
1255 3466 1446 3514 sancto
1470 3458 1604 3514 vivit
1631 3468 1686 3516 et
1727 3468 1917 3530 regnat
1944 3459 2088 3516 Deus

495 3572 548 3626 in
579 3564 772 3622 saecula
803 3562 1145 3620 szeculorum.
1177 3562 1372 3617 Amen.

567 3731 596 3768 ι
620 3723 696 3778 Ita
720 3737 843 3780 cum
865 3725 1158 3795 Quesnello
1179 3724 1353 3795 prima
1375 3719 1545 3776 editio
1565 3729 1622 3778 et
1640 3721 1805 3778 codd.
1833 3722 1898 3780 Β.
1912 3722 2084 3780 Petri.

506 3795 592 3858 Al.
604 3839 619 3863 ,
641 3800 924 3866 ,confessio.

571 3866 599 3906 δ
626 3863 714 3924 Sic
733 3863 853 3924 cum
885 3869 1088 3938 Queen.
1115 3875 1345 3937 quatuor
1367 3863 1538 3938 nostri
1559 3863 1796 3938 codices.
1830 3864 1946 3933 AL,
1971 3866 2090 3921 imi-

501 3939 706 3992 tatione.
744 3933 934 3995 Postea
961 3954 1057 3994 IIIS.
1092 3933 1302 3992 Bonan.
1329 3947 1383 3990 et
1414 3933 1583 4003 prima
1611 3937 1799 4003 editio,
1825 3940 1993 3996 docet.
2030 3977 2043 3990 .
2073 3979 2087 3993 .

501 4020 550 4065 et
579 4009 720 4075 dicit,
743 4025 840 4078 pro
867 4010 1047 4064 doceat
1071 4050 1086 4063 .
1120 4049 1134 4064 .
1169 4049 1184 4063 .
1213 4019 1262 4062 et
1294 4008 1454 4061 dicat.

578 4092 601 4120 ε
633 4080 692 4134 In
713 4076 926 4136 excusis
950 4092 1073 4135 ante
1095 4081 1299 4146 Qucsn.
1331 4087 1385 4133 et
1410 4076 1790 4150 inGaudiival.
1817 4078 2088 4150 eiusdem,

504 4153 644 4208 sicut
673 4162 729 4218 et
763 4153 816 4207 in
869 4154 1079 4220 aliquot
1126 4153 1324 4206 nostris
1375 4149 1558 4216 codd"
1604 4149 2093 4209 lubrica.'Latinul

507 4223 748 4280 Latinius
795 4223 849 4278 in
878 4224 1203 4278 bibliotheca
1251 4235 1402 4275 sacra
1428 4231 1480 4274 et
1514 4221 1735 4290 profana
1762 4222 1993 4292 ennjecit
2016 4223 2094 4277 le-

506 4296 759 4367 gendum,
792 4294 993 4367 ludicra
1026 4310 1045 4349 :
1079 4309 1242 4367 qnam
1285 4293 1571 4367 lectionem
1609 4307 1636 4344 a
1669 4292 1964 4367 Quesnellu
2007 4309 2094 4348 re-

2188 3194 2490 3262 antiquum.

2263 3285 2393 3342 Ctp.
2431 3285 2491 3342 ll.
2525 3283 2870 3352 —Quamvis
2900 3295 3029 3353 ergo
3069 3282 3241 3336 omnis
3266 3281 3446 3335 anima
3463 3277 3783 3336 Christiana

2192 3381 2326 3437 nihil
2349 3380 2627 3451 indignum
2652 3375 2678 3416 ι
2712 3378 2905 3434 debeat
2932 3377 3000 3432 de
3033 3373 3153 3430 Filii
3180 3375 3275 3430 Dei
3321 3374 3602 3444 majestate
3646 3388 3785 3428 sen-

2194 3475 2321 3542 tire,
2341 3485 2394 3530 et
2427 3473 2756 3529 trauscensis
2783 3471 3093 3541 incipientis
3117 3468 3241 3524 ﬁdei
3273 3468 3592 3524 rudimentis
3618 3482 3787 3538 opor-

2198 3578 2310 3625 teat
2355 3582 2792 3639 unumquemque
2817 3563 2903 3640 .ad
2933 3563 3242 3620 sublimiora
3288 3562 3581 3635 prolicere,
3615 3557 3636 3600 ι
3669 3574 3790 3620 non

2191 3725 2464 3854 delinEdsiti
2485 3766 2503 3795 ,
2530 3735 2578 3781 et
2605 3726 2674 3780 ad
2699 3726 2952 3798 maligna.
2986 3726 3296 3784 Delevlmus
3339 3723 3407 3778 ad
3434 3735 3536 3792 ope
3565 3735 3793 3777 eorum-

2229 3845 2232 3850 .
2342 3816 2390 3852 Ill
2423 3815 2472 3854 s.

2229 3813 2316 3856 em
2342 3812 2472 3854 IIISS.

2269 3880 2294 3917 ε
2328 3871 2414 3925 Sic
2446 3884 2634 3926 omnes
2672 3868 2843 3924 nostri
2873 3869 3034 3928 codd.
3063 3879 3117 3926 et
3151 3867 3417 3928 editiones
3456 3876 3581 3920 ante
3610 3863 3794 3934 Ques-

2193 3941 2417 4003 nellum,
2451 3942 2543 4008 qui
2567 3939 2717 3994 nullo
2743 3955 2842 3994 IIIS.
2876 3939 3115 3996 indicato
3144 3939 3379 4008 scripsit,
3428 3938 3794 4008 wqttantmitas

2191 4012 2448 4082 infantiw.
2469 4003 2620 4065 'l‘ost
2665 4025 2852 4077 pauca,
2885 4012 3057 4082 prima
3100 4003 3268 4066 editio
3293 4018 3348 4064 et
3386 4003 3493 4063 ms.
3525 4007 3688 4072 Bon.,
3721 4003 3795 4060 ad

2194 4081 2332 4136 hunc
2359 4099 2474 4144 nos,
2509 4094 2561 4136 et
2589 4081 2748 4145 infra,
2774 4081 2919 4136 nobis
2945 4098 3044 4149 pro
3069 4083 3229 4136 vobis.

2267 4151 2295 4191 ¹³
2321 4154 2438 4212 Duo
2468 4153 2632 4209 codd.
2657 4152 2718 4211 S.
2753 4153 2920 4212 Petri.
2954 4153 3104 4207 Intra
3127 4151 3407 4208 Bethleem.

2275 4222 2290 4261 ί
2327 4224 2574 4278 Totidem
2609 4223 2792 4279 verbis
2821 4225 2908 4278 hic
2939 4239 3118 4278 sermo
3142 4224 3338 4294 legitur
3369 4222 3508 4275 inter
3531 4221 3799 4294 Augusti-

2200 4295 2393 4351 niauns
2433 4296 2558 4350 olim
2599 4311 2763 4350 serm.
2797 4295 2870 4350 55
2910 4295 2975 4349 de
3005 4293 3292 4360 Tempore,
3333 4307 3477 4346 nunc
3508 4302 3686 4346 autem
3742 4293 3800 4350 in

507 4363 716 4435 ceptum
741 4383 845 4421 ms.
874 4366 932 4422 S.
971 4367 1113 4421 Petri
1151 4375 1206 4420 et
1235 4364 1358 4417 'alio
1397 4365 1584 4417 codice
1614 4366 1966 4432 approliatam
2011 4379 2099 4419 re-
2203 4367 2502 4435 appendice
2544 4383 2707 4422 serm.
2746 4367 2871 4434 l55,
2913 4367 3004 4420 ubi
3044 4367 3284 4422 editores
3319 4363 3655 4419 Benedictini
3694 4378 3802 4418 no-

507 4443 777 4508 perimus;
809 4439 946 4492 sicut
976 4437 1138 4492 iidem
1162 4436 2100 4508 codicesapprobant,revertendum

507 4505 604 4573 cst,
645 4523 741 4576 pro
768 4509 1092 4562 redeundum
1130 4520 1226 4572 est,
1250 4505 1394 4577 quod
1424 4517 1479 4559 et
1507 4508 1561 4560 in
1606 4505 1768 4562 editis
1797 4516 1852 4561 et
1887 4507 1941 4562 iu
1975 4506 2100 4570 aliis

511 4593 642 4637 mss.
676 4579 933 4634 occurrit.

2206 4448 2322 4491 tant
2344 4455 2464 4492 eum
2489 4453 2611 4490 esse
2631 4437 2825 4492 Leonis
2857 4451 3029 4506 rapa},
3060 4438 3268 4506 ipsique
3299 4437 3349 4490 in
3374 4435 3624 4490 omnibus
3651 4449 3804 4498 mss.

2205 4509 2448 4649 ἶὲξίυιέί.
2483 4508 2562 4563 Ex
2606 4508 2706 4563 bac
2735 4508 3032 4577 appendice
3060 4509 3264 4578 aliquot
3299 4506 3575 4564 variantes
3600 4520 3804 4562 excer-

2343 4596 2372 4628 ll
2411 4617 2425 4632 ο

2343 4596 2425 4632 ur.

582 4643 608 4688 δ
642 4652 859 4719 Aliquot
903 4649 1169 4704 editiones
1196 4663 1319 4702 cum
1351 4647 1625 4702 nonnullis
1653 4646 1838 4710 codd.,
1859 4648 1979 4701 inde
2005 4665 2095 4702 su-
2122 4653 2174 4714 D
2209 4643 2223 4649 ’
2273 4649 2288 4712 i
2330 4649 2463 4704 Cod.
2490 4650 2624 4706 Bon.
2657 4658 2712 4706 et
2753 4650 2923 4716 prima
2967 4649 3158 4716 editio,
3190 4650 3357 4705 nobis.

511 4721 752 4785 nandum
782 4732 874 4784 est,
926 4719 1091 4774 Velox
1118 4719 1185 4772 ad
1224 4720 1615 4773 commotionem
1657 4719 1926 4772 transitus.
1953 4719 2088 4773 Cod.

511 4791 761 4854 Casanat.
798 4793 1012 4846 Collect.
1043 4793 1100 4856 2,
1129 4790 1248 4844 inde
1277 4791 1583 4844 sumendum
1618 4797 1711 4844 est.
1755 4787 1914 4842 Velox
1955 4805 2098 4842 com-

515 4864 794 4927 motionum
821 4864 1097 4929 transitus;
1123 4871 1175 4914 et
1205 4861 1276 4916 ita
1305 4861 1628 4926 Onesnellus
1656 4874 1759 4914 nec
1790 4876 1896 4914 non
1928 4862 2095 4922 editio

515 4934 924 5003 Amuerpiensis
949 4949 1034 4987 an.
1077 4932 1228 4987 1585.
1262 4931 1395 4986 Tres
1427 4947 1558 4985 mss.
1592 4930 1714 5003 Vat.
1745 4931 1959 4986 collect.
1986 4932 2020 4984 4
2043 4940 2099 4988 et

515 5006 569 5070 5,
602 5002 736 5058 inde
763 5005 1044 5058 sumendus
1078 5014 1152 5058 est
1192 5005 1336 5058 velox
1380 5002 1782 5057 commotionum
1821 5005 2092 5058 transitus.

519 5077 712 5132 Sanior
731 5078 844 5130 visa
875 5085 959 5139 est
989 5076 1148 5130 lectio
1177 5077 1362 5142 primae
1389 5075 1641 5128 editionis
1663 5082 1718 5129 et
1737 5075 1938 5129 codicis
1959 5074 2094 5128 Bon.

517 5163 674 5216 quam
708 5146 875 5210 textui
915 5148 1239 5206 inseruimus
1273 5163 1284 5198 :
1318 5147 1371 5199 in
1401 5161 1467 5201 eo
1488 5147 1698 5199 scilicet
1740 5147 1946 5215 parvuli
1985 5162 2096 5200 nta-

519 5219 632 5272 litia
661 5218 888 5283 erimus,
920 5217 987 5282 si,
1019 5225 1082 5274 ut
1110 5219 1162 5270 in
1188 5217 1422 5283 parvulis
1461 5218 1679 5282 accidit,
1727 5217 1821 5272 irae
1850 5232 2094 5271 commo-

521 5292 694 5346 tiones
723 5287 879 5346 facile
912 5298 1218 5348 transeant,
1246 5297 1300 5341 et
1331 5288 1397 5342 ad
1429 5302 1617 5356 pacem
1662 5289 1800 5342 citus
1837 5290 1908 5344 sit
1946 5287 2094 5342 redi-

523 5371 629 5429 tus,
679 5369 734 5416 et
781 5358 924 5414 nulla
981 5360 1050 5414 sit
1098 5359 1353 5414 memoria
1410 5359 1754 5425 olleusionis,
1804 5367 1907 5412 etc.
1959 5358 2092 5414 Cod.

521 5432 701 5488 (iusin.
733 5433 945 5492 collect.
989 5433 1018 5490 l
1078 5431 1146 5486 ad
1204 5434 1344 5486 hanc
1400 5430 1685 5485 lectimiem
1731 5430 1958 5491 accedit,
2011 5429 2102 5486 ubi

523 5503 752 5572 legitur:
789 5501 919 5556 Inde
947 5503 1255 5557 sumendum
1293 5511 1385 5554 est.
1419 5500 1499 5558 Sit
1526 5503 1670 5555 uelox
1701 5501 2098 5572 commotionum

527 5571 792 5630 transitus.
824 5575 878 5629 Id
912 5575 1080 5646 magis
1108 5575 1364 5646 placeret,
1394 5572 1792 5646 nisisnprrllua
1826 5583 1880 5646 et
1916 5571 2101 5625 durior

593 5647 774 5712 petitio
796 5648 946 5710 verbi
973 5643 1049 5708 est
1073 5659 1194 5714 post
1223 5643 1558 5715 participiale
1579 5644 1931 5700 revertendum
1951 5654 2043 5704 est,
2069 5657 2098 5696 a

607 5733 711 5772 one
738 5719 1008 5774 videretur
1035 5718 1236 5786 aliena.

603 5796 627 5859 ξ
652 5787 820 5859 Editi,
850 5784 1156 5846 dilectionis.
1182 5786 1572 5859 Congruentior
1591 5785 1754 5845 lectio
1772 5784 2102 5859 Optimorttm

530 5857 691 5926 codd.
719 5857 778 5918 ὃ.
809 5858 955 5916 Petri
982 5868 1039 5916 et
1067 5864 1225 5917 unius
1257 5857 1477 5916 Vallicel

988 5985 1001 5992 υ
1030 5982 1035 5987 ·
1055 5976 1341 5992 -νδ,⁴ιμ.κ--ο·

2273 4719 2301 4757 k
2331 4722 2420 4775 Sic
2449 4736 2572 4774 cum
2605 4720 2896 4786 Quesnello
2917 4731 2972 4778 et
3003 4722 3171 4790 prima
3194 4721 3433 4776 editione
3453 4731 3648 4790 omnes
3663 4733 3814 4790 norm

2200 4792 2268 4847 tri
2298 4791 2482 4850 codd..
2515 4805 2745 4860 excepto
2771 4788 3066 4859 Veronen.,
3101 4794 3190 4863 qui
3217 4809 3336 4846 cuin
3368 4788 3581 4863 cancris
3608 4789 3806 4863 editis,

2199 4863 2402 4919 habent.
2451 4863 2609 4928 Dein,
2639 4859 2734 4930 pro
2778 4859 3136 4929 transcensis,
3177 4878 3318 4918 unus
3362 4861 3486 4918 cod.
3519 4861 3574 4922 S-
3623 4859 3809 4927 Petri,

2201 4937 2564 5003 transgressis,
2593 4935 2751 4999 alius,
2785 4936 3121 4991 transcursis.

2278 5003 2298 5044 ι
2335 5008 2472 5061 Editi
2520 5006 2775 5060 omittunt
2803 5023 2929 5071 non,
2978 5021 3137 5073 quam
3186 5005 3506 5074 particulam
3537 5019 3603 5060 ex
3650 5003 3812 5074 αορἰ

2197 5078 2355 5134 cibus
2406 5077 2465 5133 S.
2502 5076 2650 5132 Petri
2685 5077 2760 5131 uti
2811 5073 3286 5146 congruentiorem
3340 5076 3661 5143 atljiecimus.
3715 5073 3812 5146 Ex

2199 5165 2265 5202 eo
2293 5147 2627 5219 enim‘quod
2656 5149 2830 5202 anima
2859 5144 3163 5203 Cliristtana
3213 5148 3343 5202 nihil
3383 5147 3661 5219 ritjignum
3707 5144 3814 5219 de?

2202 5221 2311 5274 beat
2333 5220 2396 5272 de
2424 5215 2556 5272 Filii
2574 5218 2670 5273 Dei
2695 5220 2962 5289 majestate
2991 5221 3202 5282 sentire,
3221 5229 3351 5281 ete.,
3379 5215 3520 5289 illud
3539 5215 3813 5289 censenti

2201 5305 2364 5360 pttSse
2389 5290 2618 5355 videtur,
2653 5287 2890 5344 humanae
2919 5292 3109 5343 mentis
3141 5287 3497 5360 inﬁrmitatem
3541 5287 3817 5360 trepidare

2202 5357 2267 5432 de
2294 5362 2405 5432 ipsa
2443 5370 2646 5432 natura:
2676 5371 2866 5417 nostra
2897 5357 3275 5424 communione,
3309 5375 3372 5414 ac
3400 5360 3445 5414 si
3486 5359 3703 5427 indigna
3737 5357 3817 5413 sit

2203 5431 2343 5487 Filio
2370 5431 2490 5496 Dei,
2524 5442 2630 5488 etc.
2657 5433 2766 5486 Leo
2795 5444 2976 5487 autem
3008 5433 3272 5496 affirmat,
3297 5433 3550 5500 quamvis
3572 5433 3820 5499 primum

2205 5503 2337 5558 illud
2367 5505 2434 5556 sit
2461 5519 2671 5570 verum,
2706 5520 2808 5556 non
2849 5515 3018 5558 tamen
3069 5520 3272 5558 necesse
3309 5518 3417 5557 esse
3461 5501 3565 5558 hoc
3609 5513 3825 5557 secun-

2206 5573 2356 5628 dum.
2390 5574 2650 5628 Similiter
2675 5590 2741 5629 ex
2769 5574 2960 5630 iisdem
2988 5576 3046 5630 S.
3083 5574 3230 5630 Petri
3267 5573 3429 5630 codd.
3462 5572 3821 5643 scripsimus.

2209 5647 2400 5716 accepit
2432 5645 2672 5702 Christus
2721 5661 2816 5716 pro
2857 5661 2924 5700 eo
2963 5648 3106 5716 quod
3161 5646 3295 5702 alias
3349 5641 3589 5716 legitur,

2211 5712 2496 5788 Quinum.
2513 5712 2739 5788 Codices
2756 5712 3023 5773 Venet.ct
3056 5717 3268 5784 Vallia,
3293 5712 3487 5788 accepit
3517 5712 3830 5779 om

2213 5786 2357 5848 Mox.
2389 5787 2444 5846 in
2469 5788 2594 5847 cod.
2621 5786 2834 5850 Veron.
2875 5789 3144 5849 omittitur
3171 5786 3443 5848 corporea.
