3994 6354
512 352 621 415 165
1274 357 1280 365 ⁸
1634 351 1693 407 S.
1733 347 1978 405 LEONIS
2020 348 2089 403 Mi

2166 346 2235 402 Nl
2263 345 2653 407 SEBMONES.
3650 344 3739 409 ΞΜ

513 486 576 529 ea
604 484 724 541 qua
748 476 872 524 sunt
896 479 1112 538 semper
1139 479 1388 522 mansura
1419 464 1717 519 tendamus.
1760 465 2078 519 Sacramen-
2108 466 2157 523 Α
2184 473 2293 517 stes
2334 472 2546 515 nostros
2586 473 2841 528 superare
2886 462 3186 530 valeamus,
3235 475 3332 531 per
3384 462 3736 521 observantiam

515 575 624 621 tum
657 564 796 619 enim
825 561 1105 634 prasentis
1132 560 1251 615 festi
1276 568 1490 630 oportet
1523 559 1577 613 in
1606 558 1762 613 nobis
1797 573 1921 614 esse
1956 573 2078 627 per-
2182 554 2493 611 calestium
2518 553 2887 608 mandatotum
2910 552 3148 609 divinum
3165 569 3474 625 quaeramus
3495 556 3734 624 auxilium,

510 667 759 727 petuum;
801 655 942 725 quod
993 654 1172 721 utique
1205 652 1322 705 sine
1366 652 1472 705 line
1518 651 1895 715 celebrabitur,
1936 651 1980 705 si
2026 650 2079 704 in
2182 650 2415 704 scientes
2448 664 2554 702 non
2585 648 2743 702 aliter
2780 664 2878 703 nos
2914 650 3211 717 pravalere
3253 664 3413 718 posse
3451 648 3738 707 adversariis

511 748 758 805 omnibus
779 747 987 801 actibus
1009 743 1207 799 nostris
1237 743 1495 797 Dominus
1534 742 1688 798 Jesus
1714 741 1958 797 Christus
1986 756 2081 811 ap-
2186 744 2407 810 nostris,
2442 742 2544 797 nisi
2570 742 3009 811 pravaluerimus
3033 753 3086 797 et
3105 742 3279 797 nobis.
3307 743 3444 799 Sunt
3466 744 3603 798 enim
3625 745 3739 801 intra

508 850 730 910 pareat:
763 838 998 909 quicum
1026 836 1183 890 Patre
1207 845 1261 891 et
1283 834 1490 903 Spiritu
1519 844 1707 891 sancto
1738 834 1867 890 vivit
1907 843 1963 891 et
1998 848 2083 890 re-
2192 842 2554 911 nosmetipsos
2586 840 2752 894 multa
2782 840 3096 905 certamina,
3120 850 3174 895 et
3199 841 3342 895 aliud
3374 855 3499 897 caro
3520 840 3740 896 adversus

507 940 635 1002 gnat
662 931 718 986 in
740 928 936 985 sacula
966 930 1307 983 saeculorum.
1334 930 1504 983 Amen
1711 979 1715 982 .
2190 935 2458 1001 spiritum,
2492 933 2639 987 aliud
2665 933 2923 988 adversus
2946 948 3162 987 carnem
3194 934 3411 1003 spiritus
3434 933 3741 1002 concupiscit

726 1066 879 1139 ιω
901 1065 1139 1122 SERMO
1170 1064 1391 1119 xxxux
1420 1064 1527 1137 [Αι.
1555 1061 1864 1134 xxxvm].
2190 1022 2303 1139 £ij

2190 1022 2389 1096 (Galat.
2439 1039 2491 1089 v,
2540 1026 2652 1093 l7).
2703 1024 2760 1079 In
2816 1039 2918 1093 qua
2963 1024 3298 1079 dissensione
3356 1026 3402 1079 si
3456 1024 3742 1094 cupiditates

2192 1114 2216 1139 ιι
2256 1119 2489 1139 --η-ηε,
2518 1116 2711 1139 the“
2748 1118 2995 1139 .-_.,-_-_
3054 1121 3280 1139 .___‘..-_
3314 1118 3518 1139 μμ---
3566 1119 3741 1139 ψη.-.

974 1114 1703 1227 angat-iani"
3054 1121 3282 1227 eius»
3564 1119 3744 1227 εέςηεηςε

509 1250 775 1307 SINOPSIS.
808 1248 926 1302 —l.
957 1210 1289 1303 Hebraeorum
1314 1210 1545 1314 egemplo
1591 1210 1697 1299 esse
1735 1244 2085 1317 jejunandum
2191 1211 2459 1312 propfiam
2488 1210 2822 1317 digni‘fmm'
2856 1219 2910 1265 et
2941 1210 3471 1317 ,Ρθτηίθίθδίδξξίηυω
3512 1211 3611 1265 erit
3638 1225 3744 1265 eum

576 1302 795 1375 maxime
818 1302 1637 1375 contra/taste;invisibiles.-—Il.
1667 1302 2084 1387 Qu'adragesinra
2191 1302 2397 1357 εθΐνίτθ
2434 1318 2592 1370 quem
2639 1302 2893 1357 decuerat
2940 1302 3225 1371 imperare-
3277 1302 3333 1358 Si
3387 1313 3563 1357 amem
3615 1315 3745 1357 mens

578 1398 859 1461 praesertim
891 1402 1113 1455 tempore
1139 1391 1315 1459 parari
1345 1389 1557 1462 insidias
1583 1405 1615 1440 a
1636 1389 1884 1462 daemone:
1903 1417 1972 1431 ο-
1992 1386 2077 1462 ill.
2191 1393 2394 1447 rectori
2424 1408 2523 1447 suo
2554 1392 2791 1457 subdita,
2817 1403 2867 1446 et
2889 1393 3136 1462 supernis
3157 1393 3467 1447 muneribus
3488 1393 3746 1459 delectata,

580 1456 1153 1555 §¥f_(ihff_'t._uf_lf2{f'ri
1182 1456 2083 1555 υῗίῗθξξίνηῖίὲυῗῖξξξῖἕηξ,
2192 1494 2419 1540 terrena
2448 1485 2739 1555 voluptatis
2770 1456 3113 1540 incitamenta
3146 1485 3450 1547 calcaverit.
3495 1494 3549 1538 et
3581 1485 3629 1538 in
3661 1456 3748 1540 suo

578 1532 843 1603 pugnwAiu
867 1530 963 1603 huc
989 1533 1110 1584 vita.
1134 1561 1203 1569 —
1221 1529 1307 1584 IV.
1327 1528 1557 1603 Quanld_
1580 1530 1772 1603 invidia
1813 1528 2082 1603 daemonis.

578 1578 707 1667 rQuae:
748 1600 1150 1656 Christianorum
1197 1578 1381 1653 arma“?
1414 1630 1484 1639 —
1521 1600 1580 1653 V.
1610 1600 1738 1666 Qua:
1772 1599 2086 1665 potissimum

2190 1578 2407 1633 mortali
2438 1593 2663 1664 corpore
2689 1594 2914 1649 regnare
2941 1587 3217 1648 peccatum
3243 1594 3346 1633 non
3373 1580 3561 1634 siverit
3586 1579 3746 1649 (Rom.

575 1674 785 1754 virtutes
805 1672 1065 1753 jejunium
1097 1673 1327 1754 comitari
1353 1672 1562 1752 debeant
1581 1671 1613 1754 2⁸
1639 1696 1705 1752 -ς
1732 1669 1817 1722 γι.
1843 1669 1911 1721 1η
1935 1671 2086 1724 mise-
2191 1686 2266 1735 vr,
2303 1667 2418 1740 12),
2452 1670 2907 1725 ordinatissimum
2935 1671 3136 1726 tenebit
3158 1672 3297 1725 ratio
3320 1671 3681 1754 principatum,
3701 1679 3753 1727 et

574 1740 817 1797 ricordiw’
837 1744 1058 1796 maxime
1087 1743 1321 1812 aperibus
1347 1758 1519 1796 verum
1531 1740 1793 1814 jejunium
1814 1756 1942 1794 esse.
2117 1778 2151 1840 Ε

2194 1762 2523 1819 munitiones
2549 1766 2665 1833 ejus
2693 1764 2838 1817 nulla
2868 1763 3187 1833 spiritalium
3236 1740 3589 1834 nequitiarum
3624 1764 3753 1819 labe-

574 1856 704 1910 Cnr.
734 1855 864 1910 l.—
884 1856 1227 1910 Hebraeorum
1267 1856 1533 1924 quondam
1564 1856 1788 1925 populus
1816 1864 1871 1911 et
1898 1868 2088 1911 omnes
2140 1929 2146 1934 _
2190 1855 2412 1911 factabit
2434 1857 2649 1911 illusio:
2679 1857 2801 1926 quia
2824 1872 2959 1911 'rurtc
2990 1872 3089 1911 εει·
3130 1872 3256 1911 vera
3287 1873 3388 1925 pax
3416 1867 3439 1894 θ
3475 1856 3665 1911 homini
3694 1866 3755 1912 et

505 1950 812 2007 Israelitica
842 1950 1034 2017 tribus,
1066 1965 1187 2003 cum
1227 1960 1444 2018 propter
1474 1958 1817 2019 peccatorum
1866 1964 2087 2004 suorum
2189 1967 2316 2007 vera
2358 1952 2597 2015 libertas,
2629 1951 2844 2021 quando
2874 1960 2928 2006 et
2973 1966 3103 2006 caro
3128 1952 3307 2005 animo
3344 1950 3521 2022 judice
3549 1951 3754 2020 regitur,

507 2041 827 2097 oll‘ensiones
856 2041 1005 2110 gravi
1045 2041 1450 2095 Pliilistinorum
1477 2041 1843 2095 dominatione
1872 2055 2089 2109 preme-
2191 2052 2247 2097 et
2266 2042 2477 2097 animus
2512 2043 2619 2097 Deo
2649 2042 2873 2110 praside
2899 2040 3242 2112 gubernatur.
3269 2040 3393 2095 llaec
3421 2052 3596 2095 autem
3625 2055 3759 2111 pra-

506 2144 709 2198 rentur,
742 2142 799 2188 ut
819 2149 1073 2202 superare
1100 2132 1280 2188 hostes
1304 2148 1432 2187 suos
1455 2132 1481 2170 b
1508 2142 1753 2202 possent,
1779 2133 1918 2186 sicut
1938 2144 2091 2186 sacra
2199 2135 2423 2203 paratio,
2453 2133 2809 2201 dilectissimi,
2841 2132 2967 2187 licet
3006 2133 3151 2187 omni
3208 2143 3447 2201 tempore
3492 2131 3763 2187 salubriter

509 2227 817 2281 manifestat
850 2226 1095 2291 historia,
1149 2226 1289 2279 vires
1318 2224 1483 2278 animi
1528 2234 1581 2279 et
1615 2225 1855 2294 corporis
1892 2222 2092 2278 indicto
2194 2230 2524 2292 assumatur,
2557 2233 2615 2278 ut
2642 2221 2928 2293 pervigiles
2962 2220 3144 2276 hostes
3175 2221 3481 2277 incessabili
3517 2236 3765 2290 superen-

507 2320 607 2374 sibi
638 2334 957 2387 reparavere
980 2318 1208 2386 jejunio.
1243 2317 1625 2371 liilellexerant
1645 2319 1788 2371 enim
1820 2317 2007 2371 duram
2035 2324 2091 2371 et
2191 2324 2277 2369 tur
2297 2314 2580 2382 industria,
2620 2329 2763 2369 nunc
2796 2323 2972 2367 tamen
3018 2314 3303 2369 sollicitius
3335 2313 3630 2383 expetenda
3661 2322 3761 2378 est,

510 2412 760 2466 miseram
789 2411 933 2465 illam
955 2409 1339 2478 subjectionem
1359 2408 1613 2479 neglectu
1633 2423 1692 2463 se
1712 2408 2082 2463 mandatorum
2189 2416 2244 2463 et
2270 2407 2562 2462 studiosius
2590 2404 2612 2445 ί
2646 2408 2980 2471 instruenda,
3005 2406 3215 2477 quando
3233 2415 3290 2460 et
3319 2405 3418 2473 ipsi
3440 2403 3767 2460 subtilissimi

510 2502 603 2557 Dei
641 2512 694 2555 ct
736 2516 943 2555 morum
980 2501 1325 2566 corruptione
1366 2501 1649 2567 meruisse,
1681 2500 1987 2570 frustraque
2024 2514 2082 2555 se
2186 2499 2478 2555 adversarii
2505 2498 2701 2555 acriori
2728 2499 3050 2554 insidiantur
3072 2500 3334 2553 astutias
3363 2498 3602 2553 Scientes
3627 2498 3767 2553 enim

508 2594 673 2650 armis
702 2602 936 2659 certare,
969 2593 1073 2649 nisi
1102 2593 1251 2663 prius
1273 2594 1416 2648 vitiis
1458 2604 1867 2663 repugnassent.
1903 2594 2085 2649 Ahsti-
2186 2594 2376 2651 adesse
2399 2594 2795 2649 sacratissimos
2819 2593 3253 2662 Quadragesimae
3282 2591 3419 2659 dies,
3454 2592 3513 2645 in
3540 2605 3767 2661 quorum

507 2697 701 2743 nentes
725 2702 853 2757 ergo
880 2702 909 2741 a
941 2688 1060 2741 cibo
1083 2696 1135 2741 et
1167 2696 1294 2755 potu
1327 2683 1531 2741 severa
1561 2687 1668 2741 sibi
1716 2687 2084 2757 castigationis
2187 2688 2527 2743 observantia
2563 2701 2752 2742 omnes
2797 2686 3084 2756 prateritae
3145 2683 3368 2739 desidia
3424 2684 3769 2752 castigantur,

507 2778 802 2834 adhibuere
844 2793 1162 2841 censuram;
1209 2787 1263 2832 et
1293 2787 1351 2833 ut
1394 2777 1578 2833 hostes
1622 2792 1749 2832 suos
1778 2778 2080 2849 vincerent,
2190 2795 2379 2836 omnes
2423 2779 2761 2850 negligentia
2788 2778 3085 2842 diluuntur,
3129 2777 3195 2831 ad
3239 2776 3341 2831 hoc
3384 2778 3567 2845 utique
3607 2784 3772 2829 totam

508 2871 647 2943 gula
677 2871 983 2926 illecebram
1016 2870 1068 2924 in
1091 2869 1288 2939 seipsis
1310 2879 1432 2924 ante
1462 2871 1723 2925 vicerunt.
1754 2870 2085 2941 Factumque
2193 2872 2299 2927 vim
2336 2886 2447 2927 sua
2479 2872 2823 2942 malignitatis
2858 2871 3161 2939 intendunt,
3199 2881 3257 2924 ut
3293 2868 3614 2924 celebraturi
3646 2880 3773 2922 sau-

508 2973 590 3020 est
622 2964 724 3018 hoc
758 2962 921 3017 modo
950 2972 1008 3016 ut
1053 2960 1182 3017 savi
1220 2962 1514 3016 adversarii
1563 2972 1617 3018 et
1654 2977 1846 3032 graves
1883 2963 2086 3017 domini
2193 2973 2336 3019 ctum
2390 2963 2591 3020 Pascha
2624 2963 2858 3029 Domini,
2892 2959 2923 2998 ³³
2960 2963 3014 3016 ἰιι
3066 2962 3245 3031 aliquo
3286 2961 3626 3014 inveniantur
3664 2959 3773 3012 im-

510 3053 875 3111 esurientibus
894 3054 1168 3119 cederent,
1194 3067 1328 3122 quos
1351 3053 1454 3107 sibi
1481 3063 1696 3108 saturos
1717 3054 2083 3123 subjugarant.
2113 3094 2158 3158 Ο
2196 3056 2410 3121 mundi;
2439 3066 2491 3110 et
2514 3055 2656 3109 unde
2686 3055 2765 3109 eis
2792 3053 3085 3109 obtinenda
3113 3064 3228 3108 erat
3277 3052 3609 3123 prOpitiatio,
3642 3048 3777 3106 inde

506 3150 579 3207 Et
602 3166 701 3205 nos
725 3150 921 3219 itaque,
952 3148 1309 3213 dilectissimi,
1339 3149 1480 3202 inter
1505 3150 1697 3202 multas
1732 3149 2083 3205 adversitates
2119 3148 2158 3158 “
2190 3149 2543 3205 contrahatur
2562 3148 2807 3203 offensio.

508 3250 568 3299 et
589 3242 769 3312 pralia
787 3240 1082 3307 constituti,
1103 3241 1146 3294 si
1165 3240 1429 3294 similibus
1453 3241 1706 3295 remediis
1725 3240 2079 3310 uticupimus,
2254 3242 2385 3297 Car.
2415 3241 2911 3296 lll.—Accedenles
2938 3256 3088 3311 ergo,
3135 3238 3493 3306 dilectissimi,
3532 3238 3597 3293 ad
3625 3237 3779 3305 Qua-

508 3336 668 3392 simili
700 3337 1074 3389 observatione
1100 3349 1372 3389 curemur.
1403 3336 1598 3390 Eadem
1622 3336 1763 3391 enim
1802 3352 2085 3407 propemo-
2184 3336 2497 3406 dragesima
2524 3335 2756 3403 initium,
2785 3334 2836 3389 id
2864 3343 2973 3399 est,
3010 3335 3078 3388 ad
3118 3333 3512 3402 diligentiorem
3556 3329 3780 3385 Domini

512 3428 637 3484 dum
675 3442 833 3483 causa
873 3436 1055 3483 nostra
1094 3438 1177 3481 est
1220 3442 1339 3497 qua
1391 3427 1600 3481 illorum
1648 3427 1785 3482 fuit:
1829 3430 2081 3497 quoniam
2192 3431 2532 3493 servitutem,
2563 3429 2684 3497 quia
2715 3429 2864 3498 quasi
2911 3427 2976 3481 ad
3010 3426 3295 3497 quemdam
3335 3438 3555 3494 agonem
3598 3421 3782 3477 sancti

511 3520 651 3576 sicut
671 3520 747 3575 illi
773 3536 803 3573 a
833 3518 1140 3574 carnalibus
1166 3518 1509 3584 adversariis,
1542 3519 1611 3572 ita
1642 3530 1695 3573 et
1727 3533 1823 3573 nos
1851 3534 1880 3572 a
1919 3521 2082 3590 spiri-
2186 3525 2364 3594 operis
2390 3524 2696 3588 introimus,
2720 3521 2784 3575 ad
2810 3535 3015 3591 pugnas
3044 3519 3199 3590 145
3224 3517 3575 3572 tentatiooum
3607 3514 3627 3552 ί
3653 3513 3782 3568 ani-

515 3611 708 3667 talibus
740 3614 970 3665 maxime
998 3612 1369 3677 impugnamur
1392 3610 1640 3663 inimicis.
1674 3609 1773 3676 Qui
1804 3611 1846 3662 si
1884 3609 2085 3665 donata
2188 3632 2302 3671 mas
2317 3629 2716 3686 praparcmus;
2745 3612 3180 3682 etintelligiT'mus
3202 3619 3403 3680 quanto
3418 3607 3785 3662 studiosiores

510 3706 664 3761 nobis
692 3720 786 3773 per
805 3702 902 3756 Dei
927 3703 1153 3771 gratiam
1183 3716 1390 3755 morum
1426 3699 1583 3771 144
1610 3702 1944 3755 correctione
1964 3704 2084 3755 vin-
2188 3722 2289 3778 pro
2334 3715 2519 3760 nostra
2552 3706 2726 3759 salute
2762 3704 3045 3771 fuerimus,
3081 3712 3229 3757 tanto
3260 3717 3359 3755 nos
3397 3698 3785 3755 vehementius

509 3810 716 3864 cantur,
742 3808 763 3835 ι·
798 3798 956 3851 etiam
987 3810 1367 3864 corporeorum
1391 3797 1546 3848 nobis
1573 3796 1801 3847 hostium
1829 3794 2084 3851 fortitudo
2193 3800 2260 3854 ab
2300 3798 2632 3854 adversariis
2675 3797 3033 3866 impeteudos.
3068 3796 3173 3850 Sed
3224 3796 3412 3849 fortior
3459 3800 3543 3847 est
3578 3790 3675 3860 qui
3724 3789 3787 3844 in

509 3893 852 3954 succumbet;
895 3899 950 3943 et
989 3888 1361 3943 emendatione
1406 3896 1582 3939 nostra
1630 3886 2040 3941 intii-mabuntur
2065 3929 2080 3954 ,
2195 3890 2353 3944 nobis
2381 3902 2460 3945 eet
2492 3905 2652 3960 quam
2681 3890 2771 3959 qui
2804 3888 3085 3943 adversum
3116 3902 3217 3941 nos
3253 3897 3355 3950 est,
3385 3894 3441 3939 et
3481 3899 3575 3953 per
3597 3883 3789 3951 ipsum

509 4000 643 4055 quos
674 3998 861 4054 graves
894 3981 1067 4047 nobis,
1109 3996 1215 4035 non
1248 3980 1482 4049 ipsorum
1521 3982 1736 4046 merita,
1766 3980 1861 4035 sed
1900 3991 2083 4035 nostra
2190 3980 2353 4035 validi
2387 3996 2594 4047 sumus,
2630 3981 2682 4034 in
2719 3981 2872 4049 cujus
2904 3980 3100 4034 virtute
3144 3978 3504 4033 confidimus:
3548 3975 3681 4044 quia
3709 3974 3790 4029 ob

510 4077 699 4134 delicm
729 4076 992 4130 fecerunt.
2190 4074 2295 4130 lioc
2327 4076 2583 4128 Dominus
2612 4090 2671 4129 se
2705 4075 2905 4129 tentari
2936 4091 2965 4128 a
2988 4082 3257 4129 tentatore
3288 4072 3552 4140 permisit,
3587 4083 3655 4123 ut
3682 4083 3794 4123 cu-

579 4172 708 4227 Csr.
737 4169 801 4224 ll.
823 4197 893 4208 —
912 4166 1265 4235 Quapropter,
1296 4163 1649 4231 dilectissimi,
1675 4171 1732 4217 ut
1773 4178 1961 4219 omnes
1988 4162 2085 4219 ho-
2188 4168 2277 4237 jus
2309 4167 2580 4222 munimur
2609 4166 2832 4234 auxilio,
2861 4166 3103 4236 ejusdem
3127 4165 3466 4221 erudiremur
3485 4161 3790 4232 exemplo.

582 4360 608 4389 ⁸
631 4351 687 4405 1η
720 4365 827 4404 uno
853 4365 954 4402 ms.
985 4347 1040 4402 S.
1077 4345 1221 4400 Petri
1248 4346 1373 4400 huic
1400 4348 1570 4413 primo
1595 4347 1829 4400 sermoni
1859 4346 1926 4401 de
1946 4347 2087 4413 Qua-
2132 4356 2137 4359 '
2263 4360 2286 4385 ο
2314 4351 2401 4404 Sic
2436 4364 2504 4402 ex
2549 4350 2860 4404 memoratis
2893 4365 3024 4402 mss.
3065 4350 3122 4403 S.
3156 4350 3319 4403 Petri.
3370 4348 3480 4416 AL,
3519 4349 3794 4406 hominis.

513 4420 1314 4491 dragesimaititnlus_generalis
1340 4420 1637 4485 prastigitur
1662 4417 1962 4491 :_lncipiunt
1987 4435 2087 4472 ser-
2191 4420 2358 4491 Paulo
2388 4431 2509 4490 ptisl
2537 4421 2695 4473 iidem
2723 4420 2878 4475 codd.
2912 4424 3157 4473 omittunt
3189 4431 3377 4473 autem,

512 4487 683 4546 mones
711 4492 771 4546 S.
805 4490 986 4543 Leonis
1026 4487 1185 4547 Papa:
1206 4490 1266 4539 de
1285 4489 1492 4558 jejunio
1541 4487 1978 4559 QuudrageSimae.
2029 4491 2085 4544 ln
2267 4490 2284 4526 ί
2320 4487 2403 4543 Ιιεί
2430 4492 2667 4559 plerique
2708 4493 2866 4544 eodil.
2901 4500 2954 4544 et
2994 4494 3120 4544 editi
3152 4506 3339 4545 omnes
3385 4498 3507 4543 ante
3534 4491 3799 4559 Quesn.,

512 4564 618 4616 alio
646 4570 823 4614 autem
854 4565 909 4614 S.
948 4562 1087 4613 l’etri
1127 4560 1312 4630 codice
1347 4576 1360 4613 :
1402 4560 1582 4611 Sermo
1614 4559 1807 4630 Leonis
1837 4575 1984 4628 papa
2024 4560 2087 4612 de
2190 4561 2328 4629 apud
2352 4577 2533 4627 quem,
2554 4563 2815 4614 struenda.
2842 4562 2895 4615 lii
2923 4576 3049 4613 mss.
3070 4562 3495 4626 autemS.Prlri,
3522 4562 3802 4630 fruenda.

512 4635 708 4707 jejunio
742 4631 1181 4720 Quodragesimw,
1215 4629 1563 4720 uliioniissiol
1588 4629 1923 4720 iitiililsnncti
1951 4630 2085 4720 anti-
2114 4660 2167 4720 D
2248 4641 2294 4712 _8
2326 4632 2451 4720 Erat
2482 4633 2532 4683 in
2556 4632 2714 4713 editis
2739 4646 2863 4720 ante
2893 4632 3117 4720 Quesn”
3154 4634 3224 4684 uti
3255 4636 3412 4686 etiam
3447 4629 3575 4685 mss.
3603 4632 3812 4688 colle-

515 4700 670 4773 qunni
704 4704 902 4756 codicis
932 4700 1190 4768 originem
1218 4700 1451 4773 inilirare
1484 4700 1709 4765 videtur.
1736 4700 1897 4753 Iidem
1940 4700 2089 4753 codi-
2114 4700 2165 4720 ν
2193 4702 2459 4756 ctionibus
2483 4704 2903 4770 posterioribus:
2940 4704 3164 4757 Scientes
3205 4707 3338 4754 enim
3377 4719 3528 4773 agere
3553 4720 3658 4756 no:
3698 4720 3810 4757 sa-

515 4770 605 4828 ces
634 4775 993 4842 sequentibus
1018 4772 1355 4823 sermonibus
1379 4770 1491 4823 fere
1520 4782 1797 4839 apponunt
1828 4773 2076 4824 titulum:
2194 4775 2523 4835 cratissimos,
2564 4785 2663 4826 etc.
2714 4774 2806 4827 llle
2855 4784 3028 4826 autem
3082 4790 3175 4842 pro
3221 4790 3369 4842 agere
3412 4770 3508 4825 nos
3551 4774 3817 4839 scripsit

519 4845 593 4899 De
618 4845 816 4914 jejunio
847 4841 1278 4909 Quadragesimw.
1462 4910 1481 4914 _
1932 4911 1962 4914 η
2194 4844 2391 4909 adesse,
2416 4843 2555 4911 quod
2584 4856 2634 4897 et
2660 4846 2710 4896 in
2736 4844 2943 4898 duobus
2977 4841 3323 4898 Lectionariis
3352 4843 3416 4898 S.
3444 4844 3583 4897 Petri
3620 4860 3815 4910 repe—

586 4914 612 4952 b
636 4910 813 4969 Prima
843 4913 1027 4977 editio,
1052 4927 1150 4962 non
1190 4919 1436 4983 possent._
1462 4910 1538 4963 lta
1579 4925 1797 4979 prorsus
1839 4911 2084 4965 scriben-
2194 4915 2380 4977 rimus,
2416 4910 2470 4967 et
2499 4916 2727 4983 exigitur
2748 4916 2812 4967 ab
2842 4915 2941 4967 illis
2972 4930 3089 4981 cap.
3121 4916 3430 4983 sequentis:
3463 4915 3819 4971 Accedentes

516 4987 639 5039 dum
668 4993 830 5045 esset,
863 4985 905 5036 si
934 4984 1043 5056 hac
1070 4980 1330 5056 sententia
1354 4980 1645 5034 referretur
1669 4983 1731 5056 ad
1752 4982 2085 5056 anteriorem
2195 5001 2335 5056 ergo,
2364 4980 2699 5051 dilectissimi,
2720 4986 2787 5037 ad
2812 4980 3227 5056 Quadragesimre
3249 4987 3468 5038 initium.

517 5071 744 5127 partem,
785 5064 840 5108 et
879 5055 949 5127 ad
989 5054 1205 5106 verbum
1248 5061 1621 5127 premerentur.
1662 5053 1764 5107 Sed
1816 5055 2092 5127 iuterpun-
2265 5054 2387 5109 hlta
2423 5070 2549 5109 mss.
2584 5057 2790 5109 Tliuan.
2817 5070 2870 5109 et
2894 5053 3083 5118 Corh.,
3108 5056 3296 5109 ineius
3322 5071 3499 5124 quam.
3533 5058 3821 5112 invenia-

517 5123 698 5183 ctimie
718 5135 917 5179 mutata
939 5124 1037 5178 hoc
1059 5138 1268 5177 Ctllllllla
1300 5124 1639 5177 referendum
1663 5133 1745 5176 est
1766 5123 1831 5177 ad
1864 5138 2093 5192 sequen-
2193 5142 2306 5178 mur
2354 5127 2577 5194 indigni,
2617 5127 2759 5195 quod
2808 5127 2999 5191 legitur
3028 5129 3077 5179 in
3130 5123 3359 5195 vulgatis
3402 5126 3773 5182 cditionibus
3800 5147 3817 5181 :

519 5200 620 5263 tia;
656 5199 798 5251 unde
826 5199 1034 5265 vulgata
1070 5195 1247 5258 lectio,
1278 5206 1397 5264 qua
1428 5197 1553 5248 item
1586 5204 1669 5249 est
1700 5198 1967 5263 potiorum
1992 5210 2085 5249 co-
2191 5197 2379 5250 alludit
2399 5198 2538 5250 enim
2566 5212 2753 5250 aucuor
2774 5212 2955 5251 nosier
2981 5198 3046 5249 ad
3074 5209 3392 5265 praceptum
3417 5196 3481 5249 de
3506 5198 3825 5253 munditia

518 5270 718 5335 dicuin,
755 5270 1006 5321 mutanda
1039 5282 1141 5318 non
1174 5265 1293 5319 fuit.
1496 5335 1500 5336 ί
2193 5266 2373 5336 legali,
2394 5283 2514 5335 qua
2547 5270 2595 5320 in
2622 5270 2784 5321 veteri
2809 5268 3151 5321 Testamento
3173 5271 3236 5320 ad
3266 5268 3463 5320 Pasi-lia
3486 5269 3831 5323 celebran-

593 5352 615 5380 ε
641 5341 695 5396 In
727 5341 933 5394 duobus
974 5352 1099 5390 mss.
1144 5336 1202 5391 S.
1248 5337 1385 5391 Petri
1425 5335 1650 5391 habetur
1689 5337 1839 5389 etiam
1886 5350 1982 5405 pro
2016 5344 2084 5401 et,
2195 5335 2319 5391 dum
2350 5339 2646 5391 necessaria
2676 5349 2809 5391 erat.
2834 5341 3034 5405 Quasn.
3064 5339 3225 5393 —Iia
3254 5345 3413 5391 etiam
3439 5340 3725 5392 scribitur
3754 5340 3829 5394 in

517 5414 657 5482 quod
685 5412 957 5480 legebatur
984 5410 1034 5461 in
1063 5410 1219 5482 editis
1246 5420 1370 5463 ante
1393 5408 1761 5474 Quesnellum,
1785 5416 1839 5461 et
1869 5408 1921 5460 in
1954 5422 2088 5461 non-
2195 5410 2352 5463 codd.
2386 5410 2443 5463 S.
2474 5409 2626 5482 Petri
2646 5418 2700 5462 et
2723 5412 2772 5460 in
2798 5425 2925 5462 mss.
2953 5410 3163 5464 collect.
3193 5406 3248 5472 2,
3274 5426 3337 5462 ex
3371 5410 3565 5482 quibus
3592 5411 3793 5482 Cottae
3820 5442 3827 5446 -

518 5478 679 5538 nullis
705 5478 917 5551 quoque
946 5478 1382 5535 codd.occurrit.
1473 5549 1482 5551 _
1737 5548 1752 5551 _
2072 5548 2081 5551 Α
2195 5489 2377 5533 reiiter
2427 5480 2752 5545 subjecimus
2800 5482 2872 5533 eis
2911 5495 3007 5547 pio
3042 5481 3207 5545 nobis,
3267 5479 3404 5545 quod
3447 5480 3835 5551 Quesnellus

587 5554 615 5590 ά
649 5548 810 5609 Ιῐίιέι
832 5548 1051 5605 Ἰιειειτὶε
1089 5551 1246 5605 codd.
1276 5560 1329 5603 et
1356 5549 1515 5605 editis
1553 5558 1678 5602 ante
1723 5548 1949 5615 Quesn.,
1995 5548 2086 5617 qui
2196 5551 2437 5613 retinuit,
2470 5553 2562 5602 sed
2593 5565 2893 5617 perperam,
2925 5568 3043 5604 nam
3077 5552 3306 5604 refertur
3332 5551 3396 5603 ad
3430 5565 3623 5604 vocem
3651 5550 3839 5605 cele-

519 5626 720 5679 nullani
789 5632 1157 5678 auctoritatem
1201 5621 1460 5686 indicans,
1528 5622 1707 5689 posuit
1731 5662 1745 5684 ,
1808 5636 2079 5690 corporeae.
2194 5620 2403 5684 braturi,
2435 5621 2502 5675 de
2521 5621 2711 5689 quibus
2736 5619 2845 5675 Leo
2864 5623 3016 5685 dixit,
3044 5622 3399 5686 inveniantur,-
3426 5621 3568 5673 nobis
3590 5630 3840 5677 autem

518 5694 683 5752 Paulo
714 5708 848 5765 post.
882 5694 1385 5767 perniciosissimum,
1423 5694 1562 5767 quod
1596 5694 2088 5767 ille_pra.-tul_it_pro
2195 5690 2423 5767 habetur
2451 5692 2508 5767 in
2549 5692 2942 5767 iis‘codicibus,
2970 5695 3058 5762 qui
3087 5693 3401 5761 praeferunt,
3451 5708 3613 5762 agere
3667 5706 3833 5763 nos,

519 5761 893 5836 perniciosum,
914 5768 1215 5823 invenimus
1244 5766 1295 5821 in
1323 5766 1555 5821 laudatis
1576 5762 1784 5819 duobus
1810 5761 2088 5819 codicibus
2195 5772 2270 5827 et,
2294 5762 2839 5836 ίῃιιενιξεηιιιι·ίιιάὶθηὶζ

518 5832 578 5902 8.
611 5837 773 5894 Petri.
868 5832 875 5836 ⁷

2273 5842 2291 5872 ι
2324 5833 2400 5891 Ita
2428 5833 2535 5891 duo
2566 5847 2695 5891 mss.
2721 5836 2778 5891 ὃ.
2810 5833 2975 5893 Petri.
3007 5832 3115 5905 Αι.,
3146 5834 3358 5895 animos.
