3994 6354
328 316 437 375 169

1796 323 2029 419 SERMP
2064 322 2175 382 XL.

3511 330 3611 394 27C

319 442 386 488 et
413 431 695 487 sollicitior
727 442 751 470 ι
775 442 859 490 est
887 434 1188 492 adhibenda
1210 436 1517 509 prudentia,
1543 437 1757 508 quando
1776 438 1916 493 idem
1944 428 2000 503 Α
2024 447 2102 507 to,
2141 445 2488 495 accesserunt
2508 439 2578 496 ad
2606 435 2895 497 Dominum
2921 441 3122 513 angeli,
3153 448 3210 498 et
3233 441 3613 499 ministrabant

316 524 505 581 hostis
536 534 658 581 tuus
688 528 886 582 acriori
918 530 1078 583 saevit
1102 526 1322 583 invidia.
1352 526 1508 585 Nunc
1551 530 1697 585 enim
1726 530 1781 585 in
1813 538 1925 587 toto

311 619 534 674 mundo
561 629 800 689 potestas
825 620 872 674 ei
903 621 1135 690 antiqua:
1162 620 1551 678 dominationis
1582 622 1843 689 aufertur,
1871 632 1927 679 et

308 708 609 767 innumera
629 711 701 766 illi
718 711 1045 782 captivitatis
1070 728 1197 769 vasa
1230 716 1533 786 rapiuntur.
1564 716 1924 772 Renuntiatur

307 807 667 861 atrocissima
704 806 948 876 przedoni
998 823 1029 863 a
1085 809 1295 879 populis
1324 811 1564 866 omnium
1615 812 1920 877 nationum,

302 899 677 969 omniumque
708 900 1032 970 linguarum,
1057 911 1112 956 et
1141 901 1347 957 nullum
1401 901 1505 973 iam
1529 917 1701 973 genus
1748 902 1921 957 homi-

299 1006 454 1047 num
483 993 773 1063 reperitur,
809 996 952 1063 quod
996 1010 1100 1051 non
1131 997 1427 1069 tyrannicis
1457 997 1661 1067 legibus
1689 998 1922 1053 relucte-

298 1093 431 1151 tur,
461 1085 591 1141 dum
628 1102 722 1157 per
750 1102 941 1143 omnes
983 1086 1120 1144 ﬁnes
1152 1100 1417 1144 terrarum
1448 1090 1817 1159 regeneranda
1863 1090 1919 1144 in

296 1177 549 1233 Christo
572 1179 856 1235 multorum
904 1180 1129 1235 millium
1189 1181 1361 1236 millia
1412 1193 1821 1251 praeparantur;
1865 1189 1920 1237 et

292 1272 789 1343 appropinquante
820 1288 976 1327 novae
1004 1283 1270 1329 creaturae
1318 1282 1462 1343 ortu,
1511 1274 1774 1343 spiritalis
1824 1289 1919 1329 ne-

289 1362 494 1430 quitia
550 1364 614 1418 ab
655 1365 719 1419 iis
769 1372 905 1433 quos
936 1364 1248 1435 possidebat
1277 1363 1307 1405 ¹³
1354 1366 1678 1421 extruditur.
1713 1365 1916 1421 Fremit

292 1468 455 1525 ergo
485 1456 772 1525 exspoliati
802 1456 973 1511 hostis
1003 1456 1201 1527 impius
1228 1456 1400 1525 furor,
1420 1467 1474 1514 et
1498 1472 1693 1513 novum
1723 1458 1915 1527 quierit

286 1546 560 1613 lucrum,
586 1549 703 1618 quia
729 1547 817 1618 jus
856 1548 1091 1619 perdidit
1120 1550 1420 1620 antiquum.
1464 1548 1658 1618 Captat
1682 1547 1913 1604 indefes-

288 1651 415 1694 Sus
448 1649 502 1694 et
538 1639 774 1710 pervigil,
802 1640 847 1693 si
877 1654 1010 1710 quas
1038 1641 1270 1710 reperiat
1309 1654 1438 1695 oves
1468 1655 1499 1695 a
1538 1641 1710 1695 sacris
1738 1638 1915 1709 gregi-

288 1727 425 1784 bus
457 1730 812 1801 negligentius
835 1740 1142 1801 evagantes,
1169 1746 1302 1801 quas
1327 1741 1349 1769 ο
1374 1745 1467 1799 per
1499 1731 1733 1800 procliva
1760 1730 1911 1785 volu-

2032 532 2115 600 ei;
2138 542 2201 588 ut
2227 532 2341 589 veri
2368 531 2605 589 hominis
2633 541 2686 589 et
2716 534 2831 590 veri
2856 532 2975 603 Dei,
3005 541 3063 591 et
3103 533 3245 605 apud
3293 535 3511 592 dolosas
3532 534 3649 611 ing

2028 626 2419 695 terrogationes
2470 626 2725 703 inviolata
2787 633 2931 683 esset
2984 625 3305 694 humanitas,
3352 636 3407 684 et
3471 626 3657 699 apud

2026 728 2214 773 sancta
2254 712 2513 789 obsequia
2552 708 2839 775 manifesta
2881 720 3160 775 Divinitas.
3201 716 3612 775 Confundautur

2030 804 2252 879 litaque
2304 808 2399 864 ﬁlii
2450 810 2647 867 diaboli
2677 820 2839 879 atque
2876 810 3145 881 discipuli,
3177 812 3267 882 qui
3298 811 3491 882 repleti
3533 812 3615 867 in-

2023 898 2320 970 spiratione
2340 902 2581 971 viperea,
2610 901 2888 971 simplices
2918 917 3162 974 quosque
3182 902 3478 974 decipiunt,
3507 916 3609 961 ne-

2022 1002 2211 1063 gantes
2263 995 2314 1047 in
2362 992 2579 1048 Christo
2612 1003 2892 1065 utramque
2946 1010 3128 1050 veram
3168 1008 3289 1051 esse
3338 1003 3610 1063 naturam,

2020 1085 2147 1141 dum
2193 1093 2287 1140 aut
2335 1086 2599 1140 Deitatem
2657 1086 3015 1152 homine,aut
3069 1089 3341 1144 hominem
3398 1087 3612 1143 Deitate

2020 1176 2329 1246 dispoliant,
2374 1192 2497 1231 cum
2531 1178 2687 1233 unius
2719 1178 2980 1246 temporis
3026 1180 3244 1247 gemino
3284 1180 3612 1236 documento

2020 1276 2245 1339 utraque
2277 1269 2482 1325 falsitas
2529 1270 2597 1325 sit
2649 1279 2971 1340 perempta:
3002 1269 3124 1340 quia
3163 1280 3216 1325 et
3263 1286 3358 1340 per
3409 1271 3606 1328 famem

2018 1363 2264 1430 corporis
2294 1370 2335 1400 ω
2376 1360 2621 1433 perfecta
2680 1362 3005 1429 humanitas,
3035 1371 3089 1418 et
3135 1377 3233 1432 per
3287 1361 3611 1422 famulantes

2023 1450 2176 1524 151
2202 1452 2421 1522 angelos
2454 1452 2822 1508 demonstrata
2846 1465 2928 1509 est
2956 1454 3193 1522 perfecta
3222 1453 3509 1511 Divinitas.

2088 1544 2215 1597 Car.
2250 1542 2337 1597 lV.
2365 1572 2437 1584 -—
2458 1542 2594 1612 Quia
2625 1558 2777 1615 ergo,
2810 1545 3174 1613 dilectissimi,
3207 1548 3349 1604 sicut
3373 1548 3609 1605 Redem-

2017 1632 2187 1702 ptoris
2237 1634 2410 1690 nostri
2451 1634 2761 1706 magisterio
2790 1636 2966 1691 edocti
3009 1652 3218 1706 sumus,
3252 1656 3355 1694 non
3409 1641 3463 1694 in
3497 1642 3610 1697 solo

2016 1744 2147 1798 pane
2176 1729 2291 1783 vivit
2320 1728 2497 1801 homo,
2525 1730 2617 1785 sed
2640 1731 2694 1783 in
2724 1730 2863 1785 omni
2891 1730 3042 1785 verbo
3070 1728 3169 1785 Dei
3194 1732 3408 1805 (Matth.
3440 1750 3515 1805 tv,
3539 1737 3608 1803 ις

286 1830 534 1890 ptatum
570 1833 617 1878 et
648 1837 744 1892 per
776 1822 981 1877 devexa
1013 1824 1237 1879 luxuria:
1286 1825 1340 1878 in
1393 1822 1689 1879 diversoria
1720 1823 1912 1878 mortis
1942 1831 1991 1892 Β
2019 1818 2174 1874 Deut.
2204 1834 2316 1885 vni,
2342 1819 2425 1891 5);
2450 1820 2783 1892 dignumque
2809 1829 2896 1877 est
2923 1830 2981 1877 ut
3008 1823 3238 1893 populus
3268 1822 3608 1882 Christianus

284 1912 566 1969 inducat.
621 1914 921 1971 lnllammat
976 1916 1156 1987 itaque
1206 1918 1334 1984 iras,
1368 1916 1538 1971 nutrit
1584 1915 1727 1983 odia,
1775 1915 1920 1971 acuit

288 2007 674 2077 cupiditates,
708 2008 896 2065 irridet
921 2009 1330 2079 continentiam,
1356 2013 1542 2066 incitat
1567 2012 1770 2082 gulam.

373 2098 523 2155 Car.
559 2100 640 2155 ΙΙΙ.
672 2130 741 2141 ——
765 2101 936 2169 Quem
983 2104 1127 2159 enim
1178 2113 1391 2159 tentare
1430 2120 1535 2160 non
1569 2106 1798 2174 audeat,
1828 2094 1919 2176 qui

282 2207 420 2249 nec
442 2193 511 2249 ab
542 2193 655 2264 ipso
671 2194 899 2249 Domino
916 2205 1103 2251 nostro
1130 2195 1260 2254 Jesu
1279 2193 1538 2253 Christotl
1562 2207 1785 2253 conatus
1806 2212 1919 2253 sua:

283 2285 531 2341 (raudis
563 2286 854 2343 abstinuit?
882 2289 1037 2354 Nam,
1069 2290 1206 2345 sicut
1240 2291 1399 2364 150
1426 2289 1733 2361 evangelica
1763 2299 1787 2327 ο
1817 2304 1919 2360 pa-

282 2379 511 2435 tefecit
541 2379 787 2451 historia,
820 2398 943 2437 cum
968 2382 1220 2438 Salvator
1245 2392 1452 2452 noster,
1498 2380 1587 2454 qui
1615 2394 1733 2440 erat
1759 2400 1919 2441 verus

280 2471 488 2538 Deus,
520 2482 584 2529 ut
626 2489 813 2529 verum
856 2490 915 2531 se
965 2476 1235 2531 hominem
1284 2478 1447 2533 etiam
1494 2477 1916 2543 demonstraret,

279 2576 352 2622 et
413 2567 615 2638 impias
658 2568 941 2639 opiniones
974 2568 1141 2624 totius
1180 2572 1384 2625 erroris
1428 2569 1765 2635 excluderet,
1798 2579 1920 2639 post

280 2661 677 2731 quadraginta
723 2662 934 2717 dierum
968 2661 988 2701 ί
1039 2664 1388 2733 noctiumque
1441 2662 1727 2735 jejunium,
1758 2662 1918 2716 infir-

281 2751 529 2809 mitatis
560 2763 759 2810 nostra:
789 2756 842 2811 in
873 2771 932 2811 se
954 2754 1247 2825 recepisset
1272 2756 1529 2821 esuriem,
1558 2755 1776 2826 gavisus
1800 2753 1918 2810 dia-

284 2846 482 2905 bolus
506 2850 716 2919 signum
745 2863 804 2903 se
836 2849 888 2903 in
912 2864 976 2904 eo
1005 2849 1270 2917 passibilis
1302 2860 1463 2919 atque
1488 2850 1733 2904 mortalis
1763 2850 1917 2903 inve-

284 2943 470 2997 uisse
496 2952 718 3007 naturm,
740 2954 796 2997 ut
813 2944 1117 3013 exploraret
1136 2943 1456 3013 potentiam,
1477 2957 1635 3014 quam
1662 2942 1914 2998 timebat:

287 3036 369 3092 Si
436 3030 619 3091 Filius
663 3037 779 3105 Dei,
812 3040 1004 3109 inquit,
1031 3056 1104 3107 es,
1136 3039 1218 3093 dic
1265 3048 1322 3094 ut
1374 3040 1574 3111 lapides
1625 3040 1711 3094 isti
1759 3056 1916 3109 panes

286 3132 455 3200 ﬁant
481 3130 697 3203 (Matth.
740 3146 813 3199 tv,
849 3120 927 3202 2).
960 3124 1177 3189 Poterat
1206 3142 1234 3181 κ
1260 3133 1457 3207 utique
1487 3132 1629 3188 istud
1658 3132 1916 3203 Omnipo-

2024 1914 2079 1969 in
2109 1924 2543 1986 quantacumque
2568 1914 2893 1971 abstinentia
2922 1915 3272 1984 constitutus,
3305 1920 3473 1990 magis
3510 1920 3607 1976 de-

2019 2009 2224 2066 sideret
2265 2025 2324 2065 se
2354 2010 2450 2065 Dei
2502 2011 2668 2067 verbo
2716 2026 2874 2080 quam
2913 2011 3035 2068 cibo
3081 2014 3280 2070 satiare
3320 2028 3607 2084 corporeo,

2020 2111 2268 2172 prompta
2296 2101 2585 2158 devotione
2623 2112 2677 2159 et
2704 2102 2870 2158 alacri
2898 2103 3003 2159 ﬁde
3032 2104 3389 2175 suscipiamus
3409 2109 3611 2163 solem-

2019 2210 2089 2251 ne
2115 2197 2401 2266 jejunium,
2435 2213 2541 2252 non
2574 2197 2631 2253 in
2671 2198 2844 2253 sterili
2878 2198 3077 2267 inedia,
3107 2216 3266 2271 quam
3294 2200 3612 2273 plerumque

2020 2299 2074 2345 et
2105 2290 2441 2346 imbecillitas
2471 2290 2715 2361 corporis
2740 2299 2795 2347 et
2818 2292 3056 2347 avaritia:
3102 2294 3322 2349 morbus
3342 2301 3372 2331 ιι
3399 2295 3605 2361 indicit,

2020 2383 2115 2437 sed
2150 2383 2202 2437 in
2246 2383 2393 2453 larga
2441 2383 2825 2440 benevolentia
2862 2383 3289 2440 celebrandum:
3322 2396 3379 2441 ut
3404 2386 3612 2442 scilicet

2020 2475 2188 2530 simus
2214 2475 2281 2531 de
2310 2476 2416 2531 illis
2444 2477 2512 2531 de
2538 2477 2732 2547 quibus
2755 2477 2873 2546 ipsa
2894 2475 3106 2533 Veritas
3129 2477 3261 2533 dicit
3290 2496 3305 2533 :
3335 2477 3485 2533 Beati
3524 2478 3612 2547 qui

2019 2569 2248 2622 esuriant
2275 2579 2322 2622 et
2363 2569 2542 2622 sitiunt
2560 2569 2843 2642 justitiam,
2876 2571 3119 2638 quoniam
3163 2570 3265 2639 ipsi
3300 2572 3609 2626 saturabun-

2019 2670 2105 2715 tur
2133 2660 2343 2733 (Matth.
2380 2678 2431 2729 v,
2457 2660 2530 2733 6).
2578 2661 2795 2717 Deliciae
2846 2661 3009 2739 igitur
3052 2672 3254 2718 nostrae
3302 2664 3414 2721 sint
3442 2678 3607 2734 Opera

2020 2757 2255 2827 pietatis,
2279 2768 2333 2811 et
2362 2756 2469 2811 illis
2513 2756 2648 2811 cibis
2692 2757 2782 2825 qui
2814 2770 2913 2811 nos
2941 2755 3009 2811 ad
3055 2757 3418 2837 aeternitatem
3447 2764 3472 2793 ο
3505 2774 3606 2812 nu-

2020 2851 2188 2905 triunt
2216 2849 2554 2919 impleamur.
2589 2849 2858 2905 Laetemur
2898 2850 2954 2904 in
2988 2849 3371 2927 refectionibus
3402 2866 3608 2920 paupe-

2017 2958 2160 3009 rum,
2190 2958 2327 3015 quos
2358 2942 2629 3012 impendia
2657 2952 2841 2996 nostra
2872 2941 3212 2997 satiaverint.
3242 2942 3610 2997 Jucundemur

2018 3040 2071 3092 in
2104 3020 2299 3092 vestitu
2327 3051 2521 3092 eorum
2548 3052 2778 3107 quorum
2810 3036 3108 3092 nuditatem
3149 3038 3480 3093 indumentis
3511 3054 3610 3094 ne-

2020 3130 2269 3186 cessariis
2300 3131 2623 3185 texerimus.
2656 3128 2905 3186 Sentiant
2946 3131 3334 3206 humanitatem
3367 3141 3608 3186 nostram

287 3216 462 3290 teris,
498 3232 559 3279 et
600 3222 753 3280 facile
803 3215 919 3280 erat
968 3239 1026 3280 ut
1069 3228 1133 3281 ad
1184 3227 1454 3282 Creatoris
1506 3227 1815 3295 imperium,
1856 3228 1909 3281 in
1938 3218 1985 3283 C
2016 3223 2365 3296 mgritudines
2398 3222 2859 3295 decumbentium,
2892 3224 3293 3299 imbecillitates
3322 3224 3604 3296 debilium,

285 3334 483 3391 quam
505 3318 790 3387 juberetur
814 3321 1049 3391 speciem
1073 3321 1363 3392 cujuslibet
1384 3318 1646 3393 generish
1662 3310 1910 3377 creatura

288 3414 616 3479 transiret;
649 3416 821 3487 sicut,
858 3429 979 3471 cum
1030 3417 1218 3483 voluit,
1260 3408 1315 3472 in
1359 3417 1606 3473 convivio
1633 3412 1657 3482 ἓ
1684 3414 1911 3485 nuptiali

288 3524 516 3580 aquam
543 3509 767 3563 mutavit
786 3510 841 3564 in
866 3510 1049 3564 vinum
1074 3509 1256 3584 (Joan.
1280 3525 1339 3577 ll,
1366 3510 1422 3581 9)
1452 3527 1465 3564 :
1489 3509 1587 3566 sed
1608 3512 1713 3564 hoc
1741 3508 1912 3578 magis

287 3596 618 3659 salutiferis
649 3605 663 3654 l
698 3602 1144 3673 dispositionibus
1170 3603 1525 3675 congruebat,
1546 3612 1603 3658 ut
1634 3584 1913 3673 superbis?-

287 3696 445 3754 simi
470 3686 645 3751 hostis
666 3698 884 3765 astutia,
907 3713 1014 3752 non
1044 3698 1282 3768 potentia
1306 3695 1529 3753 Deitatis
1549 3693 1577 3734 ¹ι
1597 3710 1629 3751 a
1654 3695 1908 3763 Domino,

287 3792 407 3849 sed
452 3789 771 3845 humilitatis
798 3790 1058 3863 mysterio
1087 3790 1415 3845 vinceretur.
1444 3787 1689 3858 Denique
1724 3786 1911 3858 fugato

288 3887 563 3951 diabolo,
581 3892 633 3941 et
660 3885 709 3938 in
737 3884 987 3939 omnibus
1007 3884 1214 3940 artibus
1243 3885 1354 3940 suis
1384 3890 1651 3939 tentatore
1677 3879 1911 3937 frustra-

380 4074 413 4104 ³
444 4062 934 4129 Edili,assumenda
963 4060 1234 4128 prudentia
1256 4067 1351 4115 est.
1384 4058 1727 4114 Praetulimus
1776 4070 1909 4113 mss.

290 4138 360 4195 S.
402 4135 582 4201 Petri,
613 4149 680 4188 ex
707 4132 899 4202 quibus
943 4131 1296 4214 etiampaulu
1324 4138 1467 4214 ρρεε
1484 4139 1739 4214 terrenum
1778 4130 1913 4185 scri-

291 4210 528 4280 psimus
562 4219 657 4273 pro
694 4201 860 4270 terrm,
893 4204 1248 4257 confirmante
1273 4203 1398 4258 cod.
1427 4201 1723 4258 Padiliron.

374 4279 408 4317 δ
445 4279 517 4333 Ita
544 4291 611 4331 ex
638 4275 826 4330 iisdem
858 4275 1018 4329 codd.
1043 4275 1102 4330 S.
1127 4274 1273 4329 Petri
1295 4282 1349 4327 et
1376 4288 1483 4327 uno
1507 4272 1628 4328 Vat.
1655 4272 1760 4328 Alii
1784 4286 1907 4328 cum

291 4350 498 4413 editis,
527 4347 835 4403 excluditur.
874 4346 1041 4400 Paulo
1073 4354 1216 4417 post,
1242 4361 1338 4414 pro
1358 4344 1604 4417 perdidit,
1634 4345 1740 4400 duo
1770 4358 1903 4400 mss.

299 4419 685 4492 Vat.,perdil.
768 4488 793 4492 _
844 4485 880 4492 _
977 4490 986 4492 ξ
1134 4488 1166 4492 __
1265 4487 1308 4492 __
1661 4487 1690 4492 __
1797 4434 1835 4492 μ

376 4504 403 4530 ε
446 4485 603 4548 Unus
634 4503 735 4544 ms.
761 4488 819 4544 S.
844 4485 989 4542 Petri
1021 4497 1074 4542 et
1099 4488 1239 4544 alius
1265 4487 1390 4542 Vat.
1420 4501 1539 4542 cum

293 4565 493 4629 editis,
550 4575 641 4631 Per
696 4559 968 4631 proclivia.
1021 4559 1359 4631 Moxtmovet
1398 4560 1734 4630 cupiditates,
1784 4559 1905 4614 loco

291 4637 448 4691 αειιὶε
475 4629 783 4703 cupiditates
816 4633 868 4684 in
899 4645 1008 4685 uno
1035 4646 1137 4685 ms.
1173 4629 1292 4703 Vat.
1322 4694 1325 4695 ν
1355 4669 1361 4674 μ

238 4735 250 4775 -,
368 4704 405 4743 ει
439 4704 520 4760 ita
547 4701 692 4759 'cum
745 4701 946 4770 Quesn.
980 4716 1119 4757 unus
1148 4702 1320 4758 codex
1370 4702 1429 4758 S.
1472 4701 1634 4767 Petri,
1666 4711 1719 4758 et
1765 4702 1904 4759 alius

246 4784 249 4785 ⁷
292 4777 617 4835 Padiliron.
650 4776 756 4835 AL.
781 4783 1043 4828 conatum.

242 4840 248 4848 ’
376 4860 404 4887 ε
433 4849 532 4905 Sic
560 4862 625 4902 ex
649 4846 819 4917 prima
845 4843 1085 4901 editione
1126 4853 1182 4900 et
1218 4842 1492 4900 nonnullis
1532 4858 1662 4899 mss.
1704 4844 1819 4917 Vat.
1851 4856 1907 4901 et

294 4916 834 4988 Padilironn’idque
862 4917 1032 4986 magis
1062 4918 1234 4986 placet
1265 4930 1422 4987 quam
1463 4917 1670 4988 vulgata
1716 4916 1898 4986 lectio,

293 4992 601 5067 patefacit;
626 5000 747 5067 nam
769 4988 1007 5067 apertius
1038 4989 1235 5067 indicat
1256 4998 1381 5067 tu_nc
1404 5001 1618 5067 quoque
1645 4995 1768 5067 ante
1790 5003 1902 5067 ser:

295 5058 531 5119 inanem
560 5062 613 5116 in
642 5058 818 5132 missa
843 5060 1042 5116 lectum
1088 5058 1254 5132 fuisse
1291 5059 1645 5132 Evangelium
1670 5058 1903 5132 Matthmi

291 5136 369 5191 de
418 5134 720 5190 tentatione
746 5129 947 5187 Christi
975 5132 1030 5193 in
1071 5131 1308 5196 deserto,
1341 5131 1415 5185 uti
1449 5129 1605 5185 'nunc
1634 5130 1690 5184 in
1733 5130 1901 5200 prima

296 5207 600 5261 Dominica
628 5204 1062 5272 Quadragesimae
1092 5203 1312 5273 legitur.

376 5277 399 5315 ί
437 5277 727 5345 Exemplar
756 5274 909 5339 Pauli
943 5272 1165 5329 Diaconi
1194 5272 1418 5345 omittit,
1448 5272 1795 5345 noctiumque.

373 5357 404 5395 tt
428 5349 521 5401 Sic
556 5342 676 5401 cum
700 5344 906 5413 Queen.
938 5345 1046 5401 duo
1067 5344 1226 5402 codd.
1259 5345 1318 5401 S.
1342 5344 1488 5400 Petri
1527 5350 1582 5400 et
1611 5342 1748 5399 unus
1777 5342 1898 5399 Vat.

307 5424 425 5477 AL.
446 5420 643 5477 itaque.
926 5470 929 5473 γ

373 5435 759 5558 ίιίίῗῗῗιϊιισα
796 5488 853 5545 in
892 5470 1190 5545 editionum
1222 5486 1488 5559 margine,
1519 5499 1583 5541 ac
1620 5486 1673 5540 in
1702 5484 1899 5540 Homil.

309 5561 458 5621 Pauli
492 5564 711 5617 Diaconi
733 5572 787 5618 et
816 5559 940 5615 cod.
965 5559 1258 5615 Padiliron.

386 5637 403 5674 ί
440 5635 515 5689 Ita
560 5634 729 5689 nostri
756 5632 915 5687 codd.
956 5642 1012 5686 et
1040 5633 1169 5687 editi
1207 5641 1332 5686 ante
1361 5629 1731 5699 Quesnellum,
1762 5626 1903 5700 apud

310 5721 497 5781 quem,
523 5705 977 5781 nuptiarum,_un_o
1002 5712 1186 5781 nostro
1215 5702 1435 5781 Padllir.
1458 5700 1810 5781 suiiragante:

382 5781 401 5831 ι
438 5772 549 5842 AL,
574 5772 1064 5845 dispensationibus,
1090 5776 1165 5829 uti
1214 5775 1269 5845 in
1318 5772 1514 5828 llomil.
1551 5774 1701 5831 l’auli
1750 5772 1898 5826 Diac.

308 5861 367 5925 et
388 5851 449 5908 in
474 5849 688 5907 duobus
716 5859 849 5903 mss.
882 5844 1004 5901 Vat.
1035 5845 1105 5903 At
1136 5844 1296 5903 codd.
1328 5847 1386 5901 S.
1424 5845 1589 5912 Petri,
1622 5853 1680 5901 ut
1707 5846 1759 5900 in
1782 5850 1901 5898 tex-

1584 4487 1903 4572 quibusdam
1930 4508 1984 4572 ι)

2017 3317 2231 3373 labores
2260 3318 2529 3383 exsulum,
2560 3317 2840 3375 destitutio
2872 3306 3220 3389 pupillorum,
3248 3329 3302 3374 et
3340 3318 3608 3375 desolata-

2014 3428 2133 3469 rum
2157 3424 2189 3468 ι
2209 3412 2519 3468 ωωδιὶιυάο
2542 3412 2857 3467 viduarum:
2883 3412 2937 3466 in
2960 3412 3156 3483 quibus
3172 3412 3424 3483 juvandis
3444 3428 3607 3471 nemo

2014 3515 2100 3563 est
2148 3494 2241 3577 qui
2291 3520 2407 3587 non;
2449 3505 2684 3589 aliquam
2728 3504 2902 3575 possit
2944 3505 3170 3583 exsequi
3211 3505 3603 3562 benevolentia:

2014 3600 2340 3671 portionem.
2374 3595 2542 3653 Natu
2582 3596 2725 3652 enim
2756 3610 2959 3667 parvus
3000 3605 3084 3652 est
3112 3610 3330 3664 census,
3361 3598 3449 3652 cui
3491 3612 3595 3653 ma-

2012 3694 2153 3760 gnus
2183 3698 2268 3746 est
2295 3689 2543 3756 animus;
2570 3704 2671 3745 nec
2694 3688 2763 3745 de
2788 3689 2868 3745 rei
2892 3688 3173 3744 familiaris
3202 3689 3366 3746 modo
3394 3701 3424 3741 (ι
3451 3706 3587 3746 men.

2014 3798 2139 3840 sura
2190 3781 2554 3839 miserationis
2611 3780 2812 3851 pendet
2855 3790 2948 3837 aut
2994 3782 3227 3852 pietatis.
3298 3781 3591 3854 Numquau

2014 3877 2212 3934 merito
2252 3885 2422 3943 caret,
2452 3877 2617 3933 etiam
2646 3875 2700 3931 in
2734 3877 2882 3933 tenui
2921 3876 3195 3944 facultate,
3223 3876 3383 3934 bona:
3408 3878 3602 3936 volun.

2018 4066 2109 4122 tu;
2139 4056 2231 4126 qui
2261 4055 2420 4111 etiam
2450 4068 2549 4124 pro
2577 4054 2892 4126 nequissimi,
2927 4054 3069 4124 quod
3101 4055 3379 4126 legebatur
3405 4059 3455 4113 in
3480 4060 3601 4118 edi-

2014 4129 2116 4193 tis,
2169 4128 2501 4196 praeferunt,
2546 4126 2911 4197 superbissimi,
2966 4126 3115 4195 juxta
3166 4129 3601 4188 emendationem

2012 4199 2468 4267 Quesnellianam.
2503 4197 2562 4254 Id
2586 4210 2763 4254 autem
2795 4198 2966 4265 magis
2994 4198 3218 4268 placuit,
3247 4214 3367 4254 cum
3391 4199 3602 4257 humili-

2010 4274 2129 4327 tatis
2168 4271 2466 4343 mysterium
2500 4269 2763 4326 dazmonis
2805 4269 3074 4337 superbia:
3119 4268 3175 4324 S.
3228 4270 3466 4339 pontifex
3496 4289 3600 4345 op-

2008 4352 2476 4470 p0lionddidimus
2521 4428 2557 4465 a
2604 4411 2849 4480 Domino,
2878 4424 2945 4465 ex
2986 4411 3197 4467 duobus
3241 4411 3599 4473 Lectionariis

2008 4486 2069 4543 S.
2101 4486 2270 4552 Petri,
2302 4487 2354 4539 in
2384 4483 2582 4555 quibus
2605 4498 2730 4537 mox
2761 4482 2976 4555 legitur,
2993 4493 3038 4537 et
3064 4483 3119 4537 in
3142 4482 3375 4555 omnibus
3399 4485 3597 4543 artibus

2005 4560 2112 4614 suis
2134 4566 2382 4612 tentatore
2401 4553 2674 4627 Trustrato,
2697 4555 2770 4627 uti
2792 4562 2914 4624 post
2929 4553 3279 4627 Quesnellum
3302 4556 3593 4627 edidimus,

2005 4644 2129 4685 cum
2166 4631 2219 4684 in
2261 4624 2474 4685 caeteris
2503 4624 2828 4681 editionibus
2853 4635 2909 4682 et
2939 4626 2995 4680 in
3022 4624 3227 4697 aliquot
3256 4627 3418 4685 codd.
3447 4644 3511 4683 ac
3537 4624 3596 4685 in

2005 4701 2203 4756 Homil.
2222 4699 2374 4755 Pauli
2398 4698 2546 4754 Diac.
2562 4697 2847 4765 habeatur,
2872 4706 2921 4755 et
2940 4697 3175 4755 omnibus
3197 4697 3392 4755 artibus
3414 4701 3597 4757 callidi

2003 4775 2269 4829 tentatoris
2294 4770 2460 4827 elisis.

2080 4842 2097 4881 ι
2125 4845 2255 4900 Tres
2288 4857 2445 4911 mss.,
2472 4842 2649 4912 igitur.

2076 4923 2116 4953 ιη
2150 4914 2284 4971 Cod.
2314 4915 2448 4970 Bon.
2472 4922 2528 4971 et
2553 4916 2725 4986 prima
2749 4912 2936 4986 editio,
2958 4929 3084 4986 vera,
3111 4912 3435 4986 ΔΙηιηιαηὶιαες.
3456 4915 3595 4972 Dein

2004 4986 2203 5042 ibidem
2234 4996 2288 5042 et
2317 4987 2369 5043 in
2404 4984 2573 5041 tribus
2601 4986 2718 5040 aliis
2748 4984 3225 5056 codd.,manifesta
3254 4985 3521 5056 divinitas.

2075 5056 2307 5114 ll'Prima
2357 5057 2546 5125 editio,
2574 5056 2793 5112 inducit.
2848 5054 3062 5126 Postea,
3092 5054 3288 5111 scilicet
3334 5055 3487 5113 deest
3540 5061 3594 5113 in

2004 5129 2207 5199 aliquot
2236 5143 2368 5184 mss.
2460 5198 2467 5199 ί
2526 5151 2531 5156 ·

2078 5198 2107 5237 σ
2132 5201 2426 5271 Exemplar
2452 5198 2605 5255 Pauli
2634 5199 2807 5271 Diac.,
2839 5200 3090 5271 nutriant.

2076 5281 2103 5322 ρ
2131 5272 2208 5328 lta
2239 5270 2380 5343 apud
2406 5272 2609 5338 Quesn.
2643 5278 2697 5326 et
2730 5270 2785 5343 in
2814 5283 2949 5343 mss.
2974 5270 3225 5343 S.Petri.
3254 5272 3362 5343 Al,
3397 5270 3596 5343 lamen-

2003 5352 2077 5414 ta.
2107 5338 2286 5397 Paulo'
2305 5350 2424 5413 post
2444 5343 2497 5397 in
2526 5357 2637 5398 uno
2663 5341 2787 5414 cod.
2817 5338 2876 5397 S.
2910 5340 3078 5407 Petri,
3112 5361 3215 5398 non
3242 5340 3472 5414 aliquam
3495 5340 3589 5395 Ita-

2005 5413 2118 5469 bere
2138 5415 2322 5487 possit,
2348 5430 2444 5484 pro
2470 5413 2829 5487 nondaliquam
2860 5414 3268 5487 possitAexsequi.

2078 5494 2105 5535 (ι
2139 5483 2465 5542 ιθειίυὴθηι
2518 5483 2785 5540 editorum
2844 5492 2969 5537 ante
3012 5485 3217 5552 Quesn.
3272 5483 3595 5537 auctoritate

2006 5557 2444 5626 priestantiorum
2486 5556 2732 5612 codicum
2780 5558 3171 5626 revocavimus.
3196 5554 3381 5610 Solum
3425 5554 3596 5622 prima

2004 5624 2170 5684 editio
2195 5626 2436 5698 praefert,
2466 5643 2527 5681 ac
2564 5626 2795 5698 pietatis.
2815 5624 3159 5698 Quesnellus,
3192 5641 3436 5680 mensura
3465 5641 3595 5698 pen-

2005 5700 2088 5754 det
2129 5695 2370 5769 pietatis;
2422 5709 2479 5756 et
2527 5695 2690 5771 paulo
2728 5695 2883 5752 aliter
2930 5711 3034 5754 ms.
3086 5696 3347 5763 Venetus,
3408 5695 3597 5767 pendet

2006 5788 2247 5828 mensura
2276 5771 2502 5843 pietatis.

2726 5975 2772 5983 ..-
