3994 6354
387 386 487 453 εἳί

389 607 525 663 tum,
556 603 612 651 et
666 594 876 650 minora
936 592 1303 657 mediocruni;
1346 590 1443 645 sed
1486 598 1512 626 ⁸
1542 603 1646 644 non
1705 590 1976 658 discrepat

388 692 591 748 frui-tus
622 706 871 757 operum,
902 687 993 742 tibi
1024 686 1163 742 idem
1188 697 1269 742 est
1289 685 1516 741 affectus
1538 685 1900 753 cperantium.

457 782 586 838 Car.
625 783 687 834 V.
716 780 863 836 —ln
922 783 1021 833 ista
1071 789 1275 845 autem,
1318 776 1676 845 dilectissimi,
1707 790 1976 833 exercen-

387 876 579 931 dartim
610 872 1013 944 opportunitate
1040 871 1318 935 virtutum,
1347 880 1471 923 sunt
1496 878 1551 924 et
1576 870 1801 922 aliarum
1830 865 1858 905 δ
1891 866 1977 921 in-

387 968 557 1037 signia
594 981 937 1025 coronarum,
971 979 1091 1034 qum
1128 962 1278 1017 nullo
1309 964 1625 1015 horreorum
1666 958 1976 1029 dispendio,
2056 987 2063 993 -

391 1061 534 1115 nulla
575 1058 938 1114 diminutione
986 1058 1224 1127 pecuniae
1255 1056 1571 1125 capiantur;
1602 1055 1644 1107 si
1685 1052 1981 1119 repellatur

388 1152 631 1220 lascivia,
658 1155 700 1207 si
734 1153 1014 1208 abdicetur
1056 1154 1314 1217 ebrietas,
1346 1161 1402 1207 et
1452 1150 1684 1205 carnalis
1715 1146 1980 1217 concupi-

390 1250 595 1302 scentia
656 1250 813 1321 152
852 1248 1117 1301 castitatis
1160 1247 1367 1316 legibus
1415 1243 1801 1308 edometur;si
1857 1240 1979 1295 odia

389 1346 668 1394 transeant
695 1339 747 1392 iii
780 1340 1152 1405 dilectionem,
1184 1340 1228 1392 si
1269 1338 1566 1391 inimicitiae
1594 1345 1983 1391 convertantur

390 1432 445 1485 in
478 1447 683 1499 pacein,
711 1433 753 1484 si
803 1431 1159 1499 tranquillitas
1202 1431 1506 1497 exStinguat
1557 1430 1713 1492 iram,
1747 1429 1791 1480 si
1834 1442 1985 1480 nian-

392 1521 623 1576 suetudo
667 1522 908 1576 remittat
956 1520 1229 1589 injuriam,
1263 1520 1307 1573 si
1358 1520 1588 1588 denique
1644 1520 1984 1572 dominorum

391 1626 549 1683 atque
578 1628 855 1667 servorum
887 1622 992 1664 tam
1034 1611 1272 1667 ordinati
1312 1613 1417 1666 sint
1465 1626 1663 1675 mores,
1690 1624 1745 1666 ul
1781 1622 1836 1665 et
1868 1611 1986 1664 illo-

391 1722 510 1760 ruin
536 1716 770 1774 pote~tas
801 1703 1004 1769 mitior,
1034 1714 1085 1757 et
1113 1706 1337 1758 istorum
1381 1708 1453 1760 sit
1486 1704 1773 1770 dist'iplilia
1815 1703 1983 1757 devo-

392 1797 516 1849 tior.
550 1797 657 1849 Ilac
686 1797 843 1865 igitur
870 1799 1052 1850 obsert
1067 1799 1233 1862 antiit,
1266 1798 1625 1864 dilectissimi,
1652 1795 1987 1852 obtinebtttir

1510 387 1565 442 S.
1604 383 1852 440 LEONIS
1891 376 2109 441 MAGNI
2147 378 2531 439 SERMONES.

390 506 516 561 tatis
540 500 835 573 opulentia.
868 498 1067 571 Majora
1096 496 1314 568 quidem
1344 496 1617 565 impendia
1669 505 1793 551 sunt
1836 492 1973 551 divi-
1999 499 2047 561 Α

3554 362 3669 427 I73

2532 484 2769 547 SERth
2806 474 2922 541 xu
2950 462 3059 557 [Αι.
3090 477 3229 556 XL].

2544 581 2623 637 De
2646 580 3053 652 Quadragesima
3078 575 3197 631 ΙΙΙ.

2080 683 2352 741 ὃῐΝοΡςιε.
2374 680 2513 735 -1.
2548 679 2755 743 Quanta
2800 676 3123 731 conscientia:
3163 672 3385 742 puritate
3411 672 3670 744 iejunium

2149 754 2391 809 celebrari
2419 742 2629 805 debeat?
2654 748 2994 825 Quomodose
3018 746 3228 815 quisque
3254 742 3671 825 admittare?—

2336 826 2395 877 ΙΙ.
2426 813 2892 898 Αυίίςισὶαβὸρὺοις
2926 818 2977 871 in
3015 813 3293 898 imitatio-ne
3332 813 3526 898 Christi
3573 828 3670 869 nos

2152 889 2404 949 amre;
2440 894 2656 946 reddere
2683 891 2845 953 debet,
2872 891 2971 942 hoc
3002 889 3285 957 primi-tim
3325 895 3573 956 tempore.
3598 912 3675 925 -

2154 967 2241 1023 Ill.
2276 964 2607 1019 Miserattune
2627 963 2883 1034 iejunium
2906 958 3239 1025 sanctiﬁcari.

2156 1060 2282 1114 Car.
2316 1059 2358 1113 ι.
2406 1088 2476 1099 -
2504 1057 2734 1125 Semper
2764 1054 2978 1125 quidem
3017 1069 3147 1120 nos,
3185 1050 3552 1115 dilectissimi,
3584 1064 3676 1106 sa-

2086 1155 2293 1223 pienter
2312 1162 2368 1207 et
2390 1161 2415 1199 8
2447 1160 2632 1205 sancte
2660 1150 2843 1205 vivere
2865 1148 3022 1203 decet
3047 1188 3061 1213 ,
3090 1156 3144 1202 et
3192 1144 3247 1199 in
3278 1144 3331 1199 id
3361 1146 3671 1199 voluntates

2088 1255 2304 1299 nostras
2334 1244 2683 1310 actionesque
2709 1240 2942 1309 dirigere
2968 1282 2983 1308 ,
3016 1236 3157 1308 quod
3201 1234 3397 1293 divina
3424 1232 3676 1289 novimus

2090 1338 2303 1407 placeri-
2324 1334 2579 1404 justitim;
2611 1332 2703 1387 sed
2732 1346 2851 1385 cuiii
2875 1330 2913 1385 ii
2943 1330 3372 1399 appropinquant
3394 1328 3513 1382 dies
3534 1338 3675 1397 quos

2090 1424 2415 1481 illustriores
2436 1424 2587 1478 nobis
2610 1421 2796 1475 salutis
2822 1429 3021 1474 nostra
3045 1431 3377 1474 Sacramenta
3404 1418 3673 1481 fecerunt,

2090 1517 2430 1586 diligentiore
2454 1514 2817 1568 sollicitudine
2844 1511 3006 1565 corda
3046 1519 3225 1564 no-tra
3259 1519 3385 1564 sunt
3409 1508 3677 1563 mundan-

2089 1610 2180 1673 da,
2214 1622 2267 1663 et
2298 1607 2592 1661 studiosius
2613 1604 2914 1660 exercenda
2947 1615 3028 1658 eSt
3058 1601 3340 1667 disciplina
3367 1600 3629 1654 virtutum
3657 1616 3672 1652 :

2091 1701 2309 1755 utsicut
2338 1699 2450 1767 ipsa
2478 1697 2731 1769 mysteria
2758 1696 2983 1764 quadam
3009 1694 3093 1748 sui
3118 1708 3266 1763 parte
3296 1694 3496 1758 maiora
3522 1700 3676 1756 sunt,

2092 1795 2161 1847 ita
2193 1805 2244 1845 ei
2272 1801 2454 1846 nostra
2489 1790 2829 1846 observantia
2882 1798 3098 1856 superet
3140 1786 3191 1839 in
3220 1786 3397 1852 aliquo
3438 1799 3676 1838 consue-

393 1888 762 1942 iiiiserieorditi
797 1888 914 1952 Dei,
948 1899 1002 1941 et
1031 1889 1237 1943 abolito
1274 1902 1617 1957 peccatorum
1661 1900 1837 1951 reatu,
1861 1889 1987 1943 reli-
2019 1889 2064 1947 Β
2094 1887 2333 1940 tudinem
2364 1898 2548 1948 suam;
2604 1891 2659 1935 et
2687 1886 2769 1936 cui
2805 1878 3069 1935 festivitas
3111 1887 3192 1932 est
3221 1876 3543 1932 celebranda
3585 1889 3680 1930 su-

388 1982 540 2050 giose
591 1982 952 2035 venerandum
1012 1981 1216 2035 Pascha
1273 1982 1655 2037 celebrabitur.
1713 1981 1866 2050 Quod
1930 1990 1987 2037 et

394 2081 418 2110 ο
452 2071 677 2126 Romani
708 2073 853 2126 orbis
882 2074 1105 2140 piissimi
1151 2077 1504 2141 imperatores
1548 2083 1731 2128 sancta
1780 2073 1983 2127 dudum

389 2164 633 2221 instituta
683 2166 1067 2223 observatione
1104 2170 1431 2234 custodiunt,
1485 2168 1578 2238 qui
1626 2169 1678 2222 in
1724 2168 1985 2223 honorem

391 2256 691 2313 Daminieaz
744 2259 1016 2313 Passionis
1059 2270 1111 2313 et
1164 2259 1598 2316 Resurrectionis
1645 2261 1983 2316 altitudinem

390 2366 503 2406 sum
548 2351 826 2418 potestatis
877 2352 1159 2421 inclinant,
1189 2361 1245 2406 et
1272 2354 1720 2407 constitutionum
1766 2368 1983 2407 suarum

391 2444 676 2499 severitate
707 2445 935 2506 mollita,
969 2445 1259 2499 multarum
1286 2450 1568 2516 culparum
1592 2462 1713 2499 reos
1733 2442 1761 2483 ἀ
1786 2445 1989 2501 faciunt

393 2536 660 2600 relaxari;
694 2544 751 2588 ut
779 2537 831 2589 iu
861 2536 1072 2597 diebus.
1101 2537 1295 2605 quibus
1338 2536 1571 2591 mundus
1616 2536 1854 2591 salvator
1887 2538 1987 2591 mi-

391 2628 664 2683 seratione
696 2628 894 2694 divina,
926 2638 949 2665 ο
977 2631 1140 2683 etiam
1180 2630 1417 2698 ipsorum
1446 2644 1698 2697 supernae
1732 2630 1989 2685 bonitatis

392 2718 649 2772 imitatrix
693 2719 765 2773 sit
811 2719 1109 2772 aemulanda
1156 2720 1466 2774 clementia.
1500 2720 1779 2775 Imitentur
1828 2721 1989 2792 igitur

391 2810 687 2866 Chrisuani
738 2813 921 2882 populi
972 2814 1241 2883 principes
1271 2829 1422 2879 suos,
1455 2824 1507 2869 et
1540 2815 1609 2870 ad
1638 2815 1988 2871 domesticam

390 2904 777 2975 indulgentiam
826 2906 991 2975 regiis
1023 2907 1317 2961 incitentur
1356 2907 1642 2977 exemplis.
1679 2907 1796 2963 Non
1843 2908 1985 2963 enim

390 2997 626 3065 privatas
650 2997 798 3065 leges
822 2996 906 3051 fas
928 3008 1011 3051 est
1033 2998 1362 3052 austeriores
1395 3014 1516 3053 esse
1538 3016 1606 3068 qu
1629 3016 1697 3053 tm
1724 2999 1987 3068 publicas.

390 3085 761 3143 Reniittautur
787 3089 979 3157 culpas,
1015 3089 1219 3145 vincula
1252 3090 1555 3155 solvantur,
1584 3090 1867 3145 deleantur
1905 3091 1992 3145 of-

389 3177 577 3244 fensas,
610 3187 833 3248 pereant
873 3181 1105 3234 ultiones
1136 3199 1148 3234 :
1181 3191 1239 3236 ut
1283 3198 1434 3238 sacra
1482 3182 1745 3239 festivitas
1784 3200 1878 3251 per
1907 3182 1990 3238 di-

2088 1979 2344 2044 hliinior,
2380 1979 2494 2046 ipse
2518 1991 2731 2045 quoque
2780 1974 2831 2028 iii
2871 1989 2933 2029 ea
2974 1974 3280 2040 reperiatur
3325 1972 3587 2025 ornatior.
3616 1968 3677 2025 Si

2089 2076 2237 2129 enim
2291 2070 2614 2125 rationabile
2642 2079 2697 2124 et
2728 2067 3124 2136 quodammodo
3175 2064 3483 2135 religiosum
3530 2062 3678 2118 vide-

2088 2174 2176 2219 tur
2198 2180 2299 2234 per
2325 2161 2467 2217 diem
2498 2163 2688 2216 festum
2714 2162 2765 2214 in
2790 2163 2984 2213 vestitu
3016 2157 3267 2212 nitidiore
3301 2156 3535 2224 prodire,
3560 2152 3591 2190 δ
3620 2162 3679 2210 et

2089 2259 2272 2314 habitu
2326 2259 2573 2325 corporis
2629 2255 2952 2309 hilaritatem
3008 2252 3204 2307 mentis
3257 2251 3585 2318 ostendere;
3631 2250 3679 2311 si

2089 2350 2262 2421 ipsam
2312 2363 2528 2419 quoque
2574 2346 2833 2402 orationis
2891 2346 3108 2400 domum
3167 2344 3516 2414 propensiore
3547 2353 3679 2396 tunc

2088 2457 2219 2498 cura
2251 2449 2305 2497 et
2326 2441 2593 2509 ampliore
2620 2441 2787 2503 cultu,
2821 2450 3074 2508 quantum
3098 2452 3408 2506 p0ssumus,
3437 2445 3676 2491 adorna-

2089 2552 2235 2602 mus,
2283 2551 2461 2591 nonne
2510 2535 2729 2605 dignum
2758 2542 2841 2589 est
2880 2534 3135 2588 utanima
3161 2532 3468 2588 Christiana
3494 2572 3510 2594 ,
3556 2546 3682 2598 quae

2092 2646 2280 2687 verum
2310 2630 2597 2699 vivumque
2643 2628 2737 2683 Dei
2787 2628 3047 2697 templum
3089 2636 3193 2695 est,
3241 2628 3477 2697 speciem
3523 2639 3679 2680 suam

2092 2723 2385 2795 prudenter
2409 2732 2658 2788 exornet,
2691 2729 2746 2775 et
2772 2720 3160 2788 redemptionis
3190 2734 3301 2774 sua:
3337 2717 3683 2773 celebratum

2091 2824 2509 2880 sacramentum,
2563 2813 2711 2867 omni
2737 2812 3228 2882 circumspectione
3257 2820 3561 2882 praecaveat
3612 2824 3684 2864 ne

2094 2910 2199 2965 ulla
2247 2923 2365 2963 eam
2420 2908 2631 2963 macula
2684 2906 2985 2977 iniquitatis
3028 2905 3275 2987 oﬂ'uscet,
3320 2914 3412 2959 aut
3450 2902 3685 2973 duplicis

2092 3004 2273 3058 cordis
2306 3017 2436 3071 ruga
2464 3001 2795 3055 dedecoret?
2818 2999 2949 3053 Nam
2974 3000 3100 3070 quid
3125 2997 3346 3067 prodest
3374 2993 3683 3051 honestatis

2091 3093 2319 3149 formam
2352 3094 2649 3165 praeferens
2694 3092 2871 3149 cultus
2900 3092 3159 3156 exterior,
3207 3092 3251 3145 si
3284 3090 3541 3145 interiora
3582 3087 3684 3143 ho-

2094 3187 2256 3241 minis
2312 3187 2611 3254 aliquorum
2672 3180 2974 3239 sordeauti
3012 3182 3465 3239 contaminatione
3520 3177 3686 3235 vitio—

393 3270 567 3324 vinam
610 3280 771 3341 atque
812 3270 1105 3327 humanam
1153 3271 1171 3311 ι
1205 3275 1451 3344 gratiam,
1485 3290 1675 3330 omnes
1716 3276 1985 3342 lietantes,
2020 3260 2065 3324 C
2099 3276 2257 3333 rum?
2282 3277 2468 3333 Omnia
2496 3277 2659 3344 igitur
2678 3292 2798 3344 qua:
2826 3277 2988 3329 animi
3013 3276 3297 3341 puritatem
3322 3284 3376 3328 et
3400 3270 3684 3342 speculum

394 3377 587 3417 omnes
633 3363 826 3418 habeat
873 3367 1189 3422 innocentes
1225 3384 1239 3422 :
1280 3382 1372 3436 per
1415 3367 1699 3421 Dominum
1746 3380 1987 3425 nostrum

389 3453 572 3509 Jesum
612 3454 910 3521 Christum,
953 3460 1196 3528 quicum
1242 3460 1399 3515 Patre
1450 3472 1500 3515 et
1554 3461 1756 3529 Spiritu
1802 3471 1988 3518 sancto

390 3547 525 3602 vivit
553 3557 608 3603 et
636 3558 826 3618 regnat
865 3548 1011 3607 Deus
1042 3566 1138 3622 per
1174 3552 1381 3607 inﬁnita
1409 3554 1606 3609 saeuis
1640 3556 1984 3611 saeculorum.

392 3639 585 3695 Amen.

464 3962 491 3993 ι
520 3952 636 4025 Duo
659 3965 789 4025 mss.
808 3952 1070 4025 ᾆξαι-ἱ,
1100 3968 1203 4007 non
1224 3954 1401 4007 distat.
1422 3954 1553 4010 Dein
1586 3970 1684 4025 pro
1714 3958 1848 4013 idem
1873 3966 1972 4023 est,

392 4024 666 4093 exemplar
694 4022 844 4078 Pauli
890 4022 1062 4091 Diac.,
1094 4039 1197 4078 non
1238 4026 1471 4092 dissidet,
1514 4022 1652 4082 unus
1699 4029 1850 4097 Vat.,
1877 4022 1981 4085 non

393 4098 551 4150 deest.

462 4165 490 4205 δ
522 4164 662 4222 Editi
716 4173 840 4239 ante
883 4164 1108 4239 Questi.,
1154 4164 1383 4239 insignia
1425 4183 1581 4233 aperti
1634 4185 1984 4239 coronarunt;

393 4252 534 4293 unus
563 4240 680 4293 Vat.
710 4246 766 4309 et
797 4227 1115 4309 Padiliilmf,
1148 4227 1374 4309 insignia
1404 4227 1672 4294 virtutum.

469 4320 490 4347 ε
524 4309 669 4364 Licet
702 4307 947 4361 Romam:
978 4303 1131 4363 Urbis
1163 4309 1231 4361 sit
1250 4303 1324 4365 viii
1357 4312 1565 4365 duobus
1595 4313 1753 4365 Ctidtl.
1778 4311 1837 4368 S.
1873 4311 1975 4369 Pe-

394 4380 486 4443 tri,
515 4381 685 4449 iisque
732 4378 982 4432 conciliat
1026 4382 1075 4431 iii
1122 4395 1250 4435 voce
1280 4378 1385 4435 Urb
1406 4400 1430 4434 s
1452 4384 1571 4435 cod.
1603 4383 1853 4441 Venetus.
1885 4400 1980 4439 es-

392 4464 629 4519 pungere
661 4463 838 4502 tamen
857 4451 1148 4524 indomitis
1179 4452 1460 4505 lectionem
1497 4456 1788 4520 vulgatam,
1815 4470 1977 4524 quam

395 4517 683 4589 praeietuut
716 4537 815 4572 ius.
847 4517 1028 4574 Casin.
1068 4520 1279 4590 collect.
1320 4525 1364 4586 l,
1398 4534 1451 4577 et
1481 4517 1642 4577 codd.
1677 4517 1849 4577 η’ἰιιηῖ
1881 4542 1979 4590 po-

397 4588 683 4645 steriorum
728 4591 943 4643 collect.
968 4591 1021 4661 ὃ,
1054 4588 1089 4642 4
1128 4603 1181 4644 et
1222 4591 1285 4656 5;
1315 4610 1434 4645 nam
1497 4595 1713 4648 Romtnt’
1767 4588 1978 4661 quidem

397 4661 558 4737 orbis,
593 4676 697 4737 non
732 4670 908 4737 autvm
963 4660 1403 4737 RoquugUrhis
1434 4665 1766 4730 imperatores
1788 4660 1982 4737 appel-

398 4734 496 4786 lari
556 4733 751 4784 soli-iit.
781 4731 959 4784 Cotli-x
994 4731 1155 4785 eiitiii
1200 4731 1431 4787 Venetus
1461 4750 1581 4788 cum
1618 4731 1842 4795 habeat.
1869 4731 1978 4791 Ro-

398 4804 558 4867 mani,
596 4800 749 4856 Utbt‘s
800 4816 894 4870 pro
937 4801 1088 4855 Orbis
1133 4818 1411 4872 perperam
1453 4788 1980 4871 selipllltti‘ittilii‘gl.
2015 4788 2063 4847 D

396 4874 525 4928 Mss.
558 4874 773 4926 cttllecl.
811 4872 847 4925 ‘2
874 4873 1027 4925 aliter
1061 4876 1255 4925 habent
1288 4893 1299 4925 :
1338 4876 1486 4940 Quod
1502 4887 1547 4928 et
1582 4878 1816 4931 Romana
1849 4876 1983 4934 Urbs

397 4954 443 4997 et
466 4945 693 5017 piissimi
720 4944 1117 5017 imperatores...
1148 4947 1460 4999 custodiunt.
1496 4948 1563 5000 At
1594 4963 1826 5017 ενψιθιιδ
1853 4964 1983 5005 con-

395 5025 576 5089 textus
598 5014 727 5089 solis
756 5014 1463 5089 imperatoribusconvenit.
1492 5020 1619 5071 Dein
1654 5014 1782 5073 mss.
1817 5019 1979 5089 Ven.,

395 5083 576 5138 Casm.
610 5084 823 5137 collect.
855 5086 873 5136 Ι
906 5094 961 5137 et
986 5086 1072 5136 alii
1097 5086 1306 5141 eollect.
1339 5086 1394 5149 2,
1429 5099 1606 5141 sancta
1659 5091 1858 5143 dudum
1902 5083 1983 5145 in;

397 5158 577 5208 stttuta
622 5155 948 5217 custodiunt;
979 5156 1066 5207 ubi
1109 5172 1228 5210 etiiii
1276 5172 1612 5215 act-ii~:ittvus
1652 5162 1981 5219 antecedens

394 5225 534 5302 quud
562 5226 739 5302 ΔίιΙίιιιιι
784 5230 1139 5302 accusativum
1172 5240 1345 5281 sancta
1374 5231 1607 5283 instituta
1650 5244 1888 5302 reSpii.tt,
1925 5236 1981 5289 in

398 5297 520 5350 cod.
553 5296 735 5350 Casio.
768 5297 1049 5363 posteriori
1093 5312 1251 5351 manu
1291 5304 1631 5355 emendatum
1678 5296 1793 5364 fuit.
1835 5296 1987 5359 insti-

398 5370 626 5440 tutione;
658 5367 743 5421 cui
776 5369 985 5440 lectioni
1016 5366 1188 5420 ttlﬁnis
1220 5379 1302 5423 est
1357 5370 1457 5423 alia
1501 5376 1740 5440 vulgata,
1769 5384 1823 5428 et
1854 5390 1988 5431 noti-

400 5439 666 5491 iiullnrutn
699 5437 881 5499 cotld.,
910 5450 1086 5490 sancta
1110 5442 1387 5508 antiquitus
1426 5437 1769 5497 observatione
1810 5459 1985 5500 custo-

401 5509 567 5560 diunt.
620 5509 931 5564 Leotioiiein
989 5524 1116 5562 vero
1155 5509 1381 5563 duoruiu
1423 5514 1583 5566 codd.
1619 5518 1675 5567 S.
1709 5517 1851 5570 Petri
1910 5518 1987 5572 uti

401 5579 680 5651 meliorem
704 5580 869 5634 textui
900 5581 1258 5651 inseruituus;
1290 5597 1353 5635 ex
1378 5585 1570 5651 quibus
1601 5588 1761 5639 etiam
1785 5587 1986 5643 deinde

401 5650 737 5729 at'ripsitiius,
767 5652 821 5705 in
840 5653 1096 5729 ttoiiorem
1117 5648 1409 5729 Qamintcm
1426 5652 1694 5709 Passionis
1714 5670 1760 5729 et
1787 5656 1985 5712 Resur-

402 5723 672 5774 rectioui's.
703 5723 757 5775 In
788 5725 947 5776 editis
976 5732 1098 5776 ante
1126 5726 1328 5790 Quesn.
1363 5724 1570 5785 deerat.
1602 5737 1647 5780 et
1701 5728 1986 5783 Resurrec-

402 5791 597 5857 tionis;
617 5791 759 5858 apud
802 5794 943 5848 hunc
971 5808 1119 5860 vero,
1150 5810 1202 5847 in
1247 5795 1491 5849 honorem
1522 5795 1785 5853 Passionis
1810 5815 1857 5853 et
1886 5800 1986 5855 lie-

401 5862 729 5921 surrectionis
776 5860 994 5933 Christi,
1046 5864 1183 5920 sicut
1227 5876 1279 5920 et
1318 5866 1368 5919 iii
1417 5884 1513 5921 ins.
1572 5867 1772 5923 Veneto
1831 5888 1984 5941 repe-

2106 3373 2306 3426 mentis
2345 3370 2427 3423 ob.
2456 3372 2684 3431 ubtlant.
2726 3368 3082 3436 abstergenda
3135 3366 3323 3422 sedulo
3370 3374 3427 3420 et
3449 3364 3682 3432 quadam

2094 3464 2410 3520 elimatione
2442 3462 2456 3514 i
2496 3463 2769 3517 reddenda
2800 3471 2925 3515 sunt
2952 3461 3206 3517 clariora.
3229 3459 3509 3516 Scrttteiur
3535 3458 3687 3527 quis-

2091 3572 2195 3625 que
2225 3556 2608 3611 conscientiam
2650 3572 2825 3617 suam.
2855 3572 3021 3622 seque
3081 3564 3206 3609 ante
3243 3569 3302 3609 se
3333 3563 3529 3609 statuat
3558 3565 3689 3622 pro-

2093 3651 2197 3719 prii
2218 3665 2449 3707 ceusura
2485 3649 2695 3721 iudicii.
2732 3648 2940 3718 Videat,
2972 3651 3018 3705 si
3049 3648 3107 3705 iii
3132 3658 3344 3706 secreto
3387 3646 3569 3706 cordis
3597 3648 3685 3707 sui

2086 3961 2281 4017 rimus.

2158 4029 2185 4070 ἀ
2218 4032 2641 4106 Editiones_cum
2688 4034 3228 4106 quibusdamicodd"
3260 4036 3567 4106 praecipiunt
3594 4053 3679 4093 re.

2087 4102 2281 4159 laxari.
2341 4105 2452 4159 Duo
2503 4102 2839 4160 Lectioiiaria
2903 4106 2959 4163 S.
3012 4105 3154 4161 Petri
3214 4102 3321 4161 non
3377 4102 3683 4164 deserenda

2087 4175 2439 4230 credidimus.
2460 4175 2657 4231 Confer
2682 4178 2779 4231 hac
2808 4177 2877 4233 de
2899 4195 2955 4231 re
2972 4178 3405 4233 observationem
3436 4180 3489 4233 in
3508 4193 3682 4234 serm.

2085 4244 2179 4369 :5,
2214 4249 2355 4303 inter
2382 4251 2793 4303 observationes
2828 4261 2947 4318 post
2992 4251 3348 4319 appendicem
3387 4250 3686 4321 subjicien-

2129 4336 2207 4369 as.

2129 4336 2207 4371 JS.

2163 4397 2187 4425 ο
2216 4387 2272 4443 In
2304 4389 2494 4463 iisdem
2536 4389 2593 4445 S.
2630 4389 2772 4463 Petri
2799 4403 2924 4444 mss.
2961 4403 3011 4446 ei
3057 4392 3108 4445 iii
3142 4390 3371 4457 Veneto,
3404 4392 3557 4446 etiam
3598 4393 3686 4463 ip-

2090 4474 2262 4533 sorum
2296 4462 2359 4513 sit
2383 4462 2681 4514 honorando
2698 4462 2983 4515 clementia.
3004 4465 3027 4515 Ι
3038 4466 3278 4515 mitentur
3292 4478 3434 4532 ergo.
3454 4462 3491 4512 ν
3503 4462 3689 4533 ulgata

2092 4529 2275 4593 teetio,
2328 4548 2444 4597 ιμΜθ
2494 4544 2575 4583 est
2623 4537 2783 4585 etiam
2836 4536 3229 4602 quatiiplurtuin
3276 4529 3691 4601 codteomfse-

2089 4603 2379 4669 quentibus
2408 4602 2576 4665 magis
2607 4607 2874 4661 congruit.

2166 4668 2186 4708 τ
2222 4671 2313 4726 Sic
2342 4688 2405 4727 es
2452 4688 2580 4726 inss.
2608 4672 2667 4728 S.
2705 4674 2869 4729 Petri.
2900 4673 3243 4738 Ouesnellus,
3279 4674 3687 4743 miserationem,

2090 4744 2233 4811 quod
2267 4750 2317 4796 in
2352 4760 2453 4796 ius.
2490 4743 2612 4797 Vat.
2656 4745 2871 4799 colle-et.
2901 4748 2934 4803 5
2983 4748 3222 4815 reperire
3273 4746 3441 4800 licuit.
3486 4746 3689 4802 Cirteri

2090 4815 2216 4887 editi
2276 4826 2326 4887 et
2389 4815 2595 4885 aliquot
2638 4816 2841 4884 codd.,
2892 4818 3287 4887 benignitatem;
3339 4832 3477 4872 unus
3535 4816 3690 4884 νειμ,

2092 4886 2434 4940 clementiam.

2163 4963 2189 5001 κ
2225 4956 2561 5011 Aiustoritate
2593 4958 2945 5023 plurimorum
2976 4968 3031 5013 et
3066 4961 3336 5026 potiorum
3384 4956 3545 5014 codd.
3592 4972 3689 5011 re-

2092 5030 2405 5081 vocaviiuus
2458 5029 2771 5085 adverbium
2817 5041 3009 5091 sancte,
3056 5046 3150 5096 pro
3201 5045 3307 5099 quo
3361 5028 3693 5096 Quesnellus

2093 5099 2373 5171 substituit
2414 5102 2579 5171 jtiste,
2629 5102 2701 5154 nti
2739 5100 2790 5153 in
2836 5104 3104 5170 aliquibus
3135 5101 3253 5154 διεὶς.
3286 5116 3417 5155 mss.
3468 5102 3689 5171 legitur.

2094 5167 2224 5223 l'ost
2256 5167 2511 5223 nonnulla
2546 5179 2666 5237 post
2697 5187 2891 5225 uouieti
2928 5167 3092 5225 corda
3126 5174 3283 5227 codd.
3316 5167 3543 5227 collect:
3576 5170 3609 5223 4
3634 5182 3694 5224 et

2094 5238 2128 5291 5
2158 5241 2346 5295 delent
2374 5256 2570 5296 nostra.

2099 5306 2345 5433 “2.000
2373 5312 2533 5367 codd.
2566 5320 2624 5368 et
2648 5311 2924 5380 exemplar
2969 5311 3122 5368 Pauli
3153 5312 3329 5380 Diac.,
3357 5322 3403 5368 et
3430 5310 3697 5382 corporali

2200 5398 2299 5433 ιτα.

2135 5397 2299 5436 aoitu.

2176 5449 2193 5487 ί
2227 5454 2339 5517 AL,
2371 5453 2692 5524 contagione.
2738 5453 3090 5522 Quasnauus
3127 5454 3184 5510 in
3226 5453 3489 5524 margine.
3519 5481 3590 5524 έ-
3623 5448 3700 5508 Et

2098 5523 2259 5590 paulo
2291 5533 2411 5591 post
2452 5523 2570 5593 pro,
2599 5526 2912 5592 elimaii’one,
2946 5534 3058 5583 tres
3087 5542 3218 5583 mss.
3260 5523 3475 5582 Ttiiiaii.
3499 5523 3568 5579 ab
3598 5537 3703 5579 eo-

2099 5593 2222 5648 dem
2255 5595 2473 5661 laudati,
2509 5596 2877 5651 diminutione.

2173 5666 2190 5713 t
2232 5665 2392 5733 Editi,
2431 5667 2662 5720 radenda
2700 5678 2837 5722 sunt.
2867 5666 3160 5736 Scrutetur,
3190 5678 3299 5723 etc.
3350 5662 3703 5720 Prtetulimus

2098 5734 2382 5791 lectionem
2434 5737 2633 5793 codicis
2679 5736 2738 5795 S.
2782 5739 2943 5795 Petri.
2998 5734 3230 5795 Dein'in
3291 5736 3491 5794 Homil.
3542 5737 3705 5795 Pauli

2099 5805 2245 5865 Diae.
2262 5848 2279 5873 ,
2314 5818 2468 5878 atque
2492 5821 2611 5865 ante
2635 5827 2691 5867 se
2716 5825 2909 5872 statuat
2932 5821 3137 5891 proprii
3185 5826 3457 5881 emeram
3475 5810 3709 5886 iudicii.
