3994 6354
319 406 421 468 973

1744 408 1975 466 SERMO
2012 409 2171 469 XLII.

3471 418 3585 484 ιη

318 522 487 585 illsm,
522 530 685 589 quam
707 516 956 573 Christus
1005 517 1097 574 dat
1139 517 1321 591 (toan.
1372 534 1483 585 xiv,
1529 520 1647 587 27),
1699 520 1902 575 invenit
1931 528 1973 583 Α
2008 523 2220 590 invitat,
2244 532 2301 579 et
2327 525 2658 596 diligentiam
2679 526 2837 583 nobis
2858 529 3195 599 s‘propositat
3214 531 3586 603 castigationis

318 627 523 683 pacem,
554 610 603 667 si
652 612 975 667 desiderium
1006 612 1224 677 spiritus
1274 612 1415 666 nulla
1457 615 1894 683 concupiscentia

314 707 489 762 carnis
520 704 822 775 impugnat,
847 703 890 757 si
925 704 1147 758 humilia
1179 720 1285 759 non
1316 703 1539 772 spernit,
1573 707 1617 760 si
1644 707 1746 759 alta
1782 722 1888 761 non

313 800 537 868 appetit,
566 799 611 852 si
643 800 824 867 iniquo
864 812 971 852 non
1002 798 1300 852 delectatur
1329 800 1480 853 lucro
1502 840 1518 864 ,
1558 800 1602 853 si
1637 800 1894 857 immode-

314 902 428 947 rato
456 905 643 947 rerum
674 905 893 945 suarum
918 905 1023 944 non
1048 891 1570 961 gaudetaugutento,
1595 894 1639 946 si
1662 891 1714 947 dt
1735 897 1895 963 mque

314 985 493 1040 aliena
524 984 783 1038 felicitate
812 996 919 1037 non
948 984 1143 1050 uritur,
1171 994 1264 1037 aut
1296 984 1495 1040 inimici
1538 985 1754 1042 miseria
1785 1001 1891 1041 non

311 1076 543 1132 letatur.
580 1075 795 1130 Etcum
825 1078 1009 1128 harum
1069 1076 1530 1143 perturbationum
1576 1076 1707 1130 nihil
1756 1078 1806 1131 in
1834 1091 1894 1134 se

311 1166 447 1221 forte
478 1168 761 1237 repererit.
785 1167 998 1222 sincero
1024 1175 1051 1204 ι
1086 1166 1352 1238 d:squirat
1380 1176 1628 1224 examine
1654 1170 1892 1239 qualium

312 1260 700 1331 cogitationum
752 1260 937 1327 specie
992 1260 1389 1329 frequentetut;
1422 1276 1471 1315 et
1520 1273 1696 1316 utrum
1730 1264 1894 1320 nullis

312 1354 611 1408 vanitatutn
636 1352 956 1422 imaginibus
978 1355 1303 1421 acquiescat,
1338 1356 1421 1407 vel
1456 1370 1613 1425 quam
1640 1359 1749 1409 cito
1780 1357 1894 1412 atti-

312 1460 456 1500 mum
484 1444 557 1500 ab
603 1445 669 1500 iis
708 1460 829 1514 qufe
869 1446 1034 1498 noxie
1063 1444 1411 1499 blandiuntur
1643 1448 1889 1504 abducat.

311 1537 439 1593 Nam
474 1538 637 1594 nullis
656 1538 922 1593 illecebris
961 1540 1307 1606 commoveri,
1343 1540 1501 1593 nullis
1532 1540 1557 1576 δ
1586 1541 1895 1609 cupiditati-

315 1631 411 1685 bus
442 1630 675 1695 titillari,
705 1646 811 1685 non
840 1641 921 1684 est
952 1630 1107 1685 istius
1145 1631 1269 1684 vita:
1294 1673 1309 1695 ,
1360 1646 1480 1702 qua:
1526 1642 1631 1687 tota
1670 1635 1894 1691 tentatio

312 1734 393 1780 est
422 1723 571 1793 (Job.
606 1739 700 1790 vn,
735 1724 811 1792 l),
840 1732 896 1779 et
923 1739 1027 1794 qua
1068 1725 1317 1778 nimirum
1348 1725 1602 1789 vincitur,
1635 1728 1721 1795 qui
1755 1729 1893 1783 vinci

311 1817 376 1868 ab
397 1815 592 1868 eadem
622 1829 727 1868 non
759 1826 992 1869 veretur.
1036 1815 1336 1883 Superbum
1372 1826 1455 1870 est
1494 1817 1635 1871 enitn
1667 1818 1734 1873 de
1784 1833 1889 1873 non

1998 614 2207 671 indicit.
2256 620 2468 685 Quanto
2498 618 2639 672 enittt
2672 620 2908 676 sanctius
2951 622 3179 693 quisque
3229 623 3326 677 hos
3355 626 3469 682 dies
3496 627 3581 682 in-

1998 710 2245 763 venietur
2298 712 2511 777 egisse,
2549 720 2698 765 tanto
2747 712 3059 782 probabitur
3110 715 3313 771 Pascha
3368 717 3581 776 Domini

1999 799 2303 869 religiosius
2339 802 2654 858 hottorasse.

2066 891 2197 947 Car.
2231 891 2318 945 Ill.
2338 920 2409 933 —
2431 892 2487 946 In
2516 892 2704 947 diebus
2732 893 2892 961 igitur
2916 903 3226 953 sanctorum
3249 896 3577 967 ieiuniorum

1997 984 2213 1055 pietatis
2234 999 2423 1056 opera,
2450 986 2646 1056 quibus
2674 1001 2890 1056 semper
2917 989 3238 1045 studendum
3281 1000 3387 1058 est,
3422 993 3580 1068 155

1996 1078 2359 1134 abundantius
2384 1092 2742 1149 exsequamur
2766 1097 2779 1134 :
2812 1078 3171 1137 Misericordss
3201 1083 3360 1138 simus
3379 1086 3448 1137 ad
3468 1100 3578 1139 om—

1998 1191 2109 1238 nes,
2144 1176 2364 1229 maxime
2389 1184 2555 1228 autem
2576 1174 2644 1226 ad
2665 1173 2964 1228 domesticos
2987 1175 3107 1241 ﬁdei
3129 1174 3327 1246 (Galat.
3354 1193 3425 1243 vt,
3456 1176 3576 1245 10):

1997 1277 2057 1322 ttt
2087 1268 2137 1322 in
2163 1266 2296 1335 ipsis
2321 1282 2535 1337 quoque
2564 1268 3040 1340 eleemt-synarum
3087 1268 3574 1333 distributionibus,

1995 1359 2290 1415 bonitatem
2314 1360 2489 1415 Patris
2515 1361 2634 1414 caeli
2654 1360 2753 1415 stis
2785 1362 3056 1414 imitemur
3078 1404 3091 1425 ,
3124 1360 3211 1431 qui
3239 1361 3398 1413 solent
3426 1375 3578 1415 suum

1996 1454 2123 1506 oriri
2158 1452 2280 1521 facit
2307 1468 2457 1523 super
2485 1451 2641 1506 bonos
2666 1462 2716 1505 et
2742 1452 2935 1516 malos,
2967 1461 3017 1505 et
3054 1452 3191 1522 pluit
3236 1466 3386 1523 super
3403 1454 3576 1522 justas

1997 1553 2044 1599 et
2086 1546 2307 1615 injustas
2351 1543 2564 1617 (Matth.
2600 1560 2655 1613 v,
2702 1544 2813 1614 65).
2864 1543 3119 1610 Quamvis
3163 1558 3294 1613 ergo
3340 1542 3577 1597 ﬁdelium

1997 1637 2271 1707 praecipue
2292 1637 2364 1690 sit
2386 1636 2689 1705 adiuvanda
2722 1648 3025 1705 paupertas,
3073 1638 3236 1691 etiam
3263 1635 3339 1689 illi
3366 1645 3573 1699 tamen,

1997 1729 2085 1798 qui
2113 1729 2347 1783 nondum
2395 1728 2743 1797 Evangeliuttt
2797 1738 3122 1795 receperunt
3141 1769 3155 1789 ,
3184 1728 3236 1781 in
3266 1742 3362 1780 suo
3392 1727 3575 1781 labore

1997 1819 2290 1875 miserandi
2318 1828 2475 1872 sunt:
2508 1819 2633 1887 quia
2655 1820 2705 1871 in
2723 1819 2973 1874 omnibus
2996 1815 3026 1856 δ
3045 1818 3348 1873 hominibus
3369 1826 3575 1873 natura:

312 1907 572 1976 peccandi
594 1906 849 1962 facilitate
884 1916 1236 1977 praesumere,
1267 1923 1389 1963 cum
1420 1907 1521 1963 huc
1554 1911 1724 1979 ipsum
1758 1926 1894 1980 prat-
1928 1918 1972 1978 3
2000 1919 2085 1967 est
2108 1910 2373 1979 diligenda
2396 1910 2726 1975 communio,
2756 1925 2876 1980 quae
2907 1924 3002 1963 nos
3027 1911 3189 1965 etiam
3221 1912 3285 1963 iis
3313 1909 3575 1979 benignos

311 2001 610 2068 sumpsisse
642 2012 923 2068 peccatum
962 2002 1054 2066 sit,
1084 2000 1298 2056 dicente
1338 2000 1495 2056 beato
1521 2001 1729 2058 Joanne
1756 2020 1891 2073 apo.

308 2096 446 2149 Stolo
469 2112 482 2147 :
510 2093 572 2150 Si
602 2093 910 2157 dixerimus,
932 2096 1053 2164 quia
1075 2105 1338 2167 peccatum
1374 2112 1475 2150 non
1496 2094 1763 2167 habemus,
1801 2114 1894 2153 nos

308 2189 444 2257 ipsos
472 2186 788 2253 seducimus,
822 2196 871 2242 et
900 2187 1087 2242 veritas
1116 2188 1171 2240 in
1201 2188 1347 2243 nobis
1395 2205 1499 2243 non
1541 2197 1614 2245 est
1650 2190 1695 2259 (l
1734 2189 1891 2249 Joan.

308 2292 347 2344 r,
380 2278 460 2346 8).

376 2367 513 2425 Car.
547 2369 615 2425 ll.
646 2400 716 2411 -
745 2368 915 2425 Nemo
937 2369 1095 2439 igitur
1116 2384 1176 2425 se
1204 2369 1376 2439 fallat,
1409 2369 1768 2440 dilectissimi,
1792 2392 1890 2431 ne-

308 2477 396 2518 mo
427 2472 451 2501 °
490 2476 551 2518 se
578 2463 849 2532 decipiat;
883 2477 1056 2533 neque
1086 2464 1155 2517 ita
1197 2463 1476 2535 quisquam
1511 2465 1578 2521 de
1609 2468 1788 2523 cordis
1809 2472 1891 2525 sui

309 2556 549 2625 puritate
575 2555 833 2622 conﬁdat,
864 2563 923 2609 ut
949 2564 1096 2625 putet
1120 2572 1180 2611 se
1222 2558 1384 2612 nullis
1414 2560 1769 2617 tentatiouum
1802 2579 1893 2633 pe-

305 2647 496 2703 riculis
552 2646 874 2716 subiacere;
917 2663 1036 2703 cum
1096 2648 1319 2718 pervigil
1377 2650 1469 2706 ille
1520 2661 1751 2709 tentator
1798 2672 1893 2713 eos

312 2741 619 2797 acrioribus
660 2741 835 2809 pulset
860 2740 1091 2806 insidiis,
1123 2757 1258 2810 quos
1288 2745 1523 2801 maxime
1552 2747 1744 2803 viderit
1768 2750 1892 2805 abs-

306 2833 483 2888 tinere
507 2847 538 2886 a
567 2835 822 2902 peccatis.
877 2830 1008 2887 Nam
1049 2850 1080 2889 a
1107 2850 1212 2904 quo
1241 2834 1394 2892 dolos
1423 2852 1549 2893 suos
1581 2841 1888 2910 contineat,

305 2928 395 2997 qui
429 2931 608 2997 ipsum
636 2942 850 2996 quoque
878 2926 905 2963 ά
949 2927 1228 2981 Dominum
1260 2931 1554 2996 maiestatis
1601 2948 1763 2988 ausus
1810 2946 1895 2992 est

306 3019 623 3074 calliditatis
652 3035 763 3072 sua:
795 3018 982 3075 fraude
1034 3024 1283 3078 tentare?
1328 3022 1547 3079 Viderat
1590 3028 1893 3092 superbiam

304 3128 460 3167 suam
517 3112 774 3178 bztptizati
823 3114 1031 3169 Domini
1077 3116 1202 3171 Jesu
1255 3116 1555 3172 humilitate
1591 3120 1891 3189 calcatum;

306 3206 652 3259 intellexerat
695 3213 718 3242 °
757 3205 1106 3275 quadraginta
1161 3208 1368 3263 dierum
1416 3209 1622 3280 ieiunio
1678 3228 1891 3270 omnem

1996 2004 2159 2058 debet
2190 2001 2430 2067 efﬁcere,
2459 2001 2549 2070 qui
2580 2002 2735 2056 nobis
2754 2016 3090 2072 quacumque
3120 2012 3244 2055 sunt
3270 2000 3576 2057 conditione

1995 2095 2245 2166 subiecti,
2275 2096 2513 2150 maxime
2541 2096 2587 2149 si
2618 2095 2805 2149 eadem
2834 2097 3001 2163 gratia
3026 2094 3136 2163 iam
3181 2096 3376 2161 renati,
3404 2105 3455 2149 et
3482 2107 3577 2150 eo-

1994 2190 2117 2244 dem
2150 2188 2427 2257 sanguinis
2465 2186 2668 2242 Christi
2717 2187 2891 2257 pretio
2938 2195 3063 2241 sunt
3091 2186 3372 2255 redempti.
3404 2185 3574 2241 Simul

1996 2281 2139 2336 enim
2180 2289 2233 2335 et
2258 2295 2380 2334 cum
2412 2280 2527 2334 istis
2553 2278 2834 2344 habemus,
2875 2278 3019 2349 quod
3057 2278 3123 2333 ad
3166 2277 3450 2348 imaginem
3479 2278 3576 2334 Dei

1993 2374 2193 2429 conditi
2221 2388 2428 2439 sumus,
2461 2388 2562 2429 nec
2586 2374 2788 2429 carnali
2826 2373 3034 2442 origine
3062 2390 3089 2424 a
3119 2372 3305 2438 nobis,
3342 2388 3441 2428 nec
3464 2371 3575 2442 spi-

1996 2466 2139 2522 ritali
2186 2467 2464 2520 nativitate
2488 2464 2649 2520 divisi
2679 2474 2822 2519 sunt.
2850 2465 3050 2520 Eodem
3096 2463 3298 2532 Spiritu
3338 2461 3576 2519 sanctiﬁ-

1996 2573 2205 2622 camur,
2235 2542 2422 2612 eadem
2468 2556 2573 2611 fide
2618 2556 2867 2622 vivimus,
2906 2555 2973 2610 ad
3018 2555 3208 2611 eadem
3236 2562 3572 2610 sacramenta

1996 2650 2389 2705 concurrimus.
2439 2651 2556 2707 Non
2586 2658 2869 2720 spernatur
2913 2648 3028 2704 haec
3085 2647 3280 2712 unitas,
3327 2662 3425 2702 nec
3454 2647 3574 2702 vilis

1996 2741 2155 2798 nobis
2196 2743 2267 2797 sit
2312 2752 2455 2797 tanta
2501 2740 2836 2804 communio;
2869 2741 2964 2793 sed
2992 2739 3096 2793 hoc
3134 2738 3303 2807 ipsum
3333 2750 3431 2791 nos
3475 2749 3574 2806 per

1996 2836 2175 2889 omnia
2208 2833 2366 2889 faciat
2394 2834 2653 2897 mitiores,
2680 2832 2821 2902 quod
2852 2846 3041 2886 eorum
3067 2830 3263 2884 utimur
3284 2829 3573 2894 subiectio-

1998 2941 2086 2991 ne,
2134 2941 2256 2980 cum
2285 2926 2477 2993 quibus
2507 2925 2597 2980 utti
2631 2926 2853 2978 Domino
2896 2924 3084 2978 eadem
3114 2922 3426 2990 subiicintur
3455 2936 3574 2976 ser-

1998 3018 2185 3073 vitute.
2221 3019 2276 3074 Si
2305 3021 2395 3088 qui
2422 3034 2551 3087 ergo
2576 3018 2765 3072 borum
2810 3018 3145 3086 graviurihus
3170 3014 3416 3070 dominus
3444 3028 3573 3070 suos

1997 3109 2270 3165 oﬂeudete
2314 3110 2550 3176 delictis,
2602 3108 2985 3178 indulgentiam
3019 3122 3159 3160 nunc
3190 3109 3241 3158 in
3267 3106 3459 3160 die-bus
3490 3122 3572 3161 re-

1996 3202 2390 3257 conciliationis
2435 3202 2716 3270 :tccipiant.
2752 3200 2971 3255 Auferat
3013 3200 3286 3254 miseratio
3316 3198 3574 3253 severita-

308 3296 662 3365 cupiditatem
713 3297 894 3351 carnis
940 3298 1210 3352 exclusam
1230 3340 1245 3363 ,
1278 3310 1331 3354 et
1362 3310 1539 3357 tamen
1568 3319 1674 3357 ηοη
1702 3304 1894 3377 ἀθερθ.
1918 3306 1964 3367 C
2000 3303 2129 3358 tem,
2160 3303 2215 3349 et
2242 3295 2396 3348 venia
2428 3293 2605 3348 deleat
2649 3294 2928 3347 ultionem.
2975 3291 3190 3347 Nullum
3223 3293 3465 3345 custodia
3489 3300 3570 3345 te.

307 3393 447 3445 ravit
472 3393 540 3444 de
567 3390 776 3444 artibus
801 3404 914 3445 suae
958 3392 1177 3448 malitia:
1226 3395 1486 3463 spiritalis
1535 3399 1886 3465 improbitas:

310 3490 628 3549 tantumque
656 3482 759 3537 sibi
804 3481 873 3536 de
923 3492 1124 3537 naturae
1156 3498 1354 3541 nostra:
1385 3490 1737 3547 mutabilitate
1770 3509 1890 3562 pro-

306 3574 475 3635 misit,
505 3583 566 3628 ut
606 3588 764 3642 quem
796 3590 980 3628 verum
1008 3577 1384 3645 experiebatur
1410 3579 1713 3647 hominem,
1750 3601 1888 3653 pra:-

310 3676 552 3722 sumeret
588 3681 745 3735 posse
768 3666 881 3719 ﬁeri
915 3678 1267 3736 peccatorem.
1298 3670 1356 3726 Si
1388 3687 1516 3743 ergo
1540 3678 1609 3727 ab
1647 3675 1764 3743 ipso
1791 3676 1891 3732 Do-

310 3764 456 3817 mino
514 3772 573 3817 et
634 3762 913 3819 Salvatore
977 3773 1162 3819 nostro
1226 3769 1602 3837 deceptiottutn
1672 3784 1890 3826 suarum

311 3857 559 3913 diabolus
590 3873 695 3910 non
730 3861 1001 3912 revocavit
1027 3857 1265 3924 insidias,
1292 3870 1494 3929 quanto
1522 3863 1690 3933 magis
1728 3863 1892 3934 fragi-

310 3947 513 4003 litatem
542 3961 785 4002 nostram
804 3948 1120 4019 impugnare
1149 3948 1169 3988 ί
1199 3961 1510 4022 pratsumet,
1539 3970 1672 4024 quos
1696 3956 1891 4012 exinde

312 4042 723 4096 vehementiore
773 4042 896 4092 odio
920 4053 975 4094 et
1022 4042 1215 4096 invidia
1248 4044 1475 4099 saeviore
1520 4048 1889 4115 persequitur,

307 4147 369 4188 ex
398 4149 509 4203 qun
542 4132 592 4187 ei
625 4132 679 4185 in
711 4132 974 4200 baptismo
1024 4134 1467 4196 renuntiaVimus,
1502 4148 1553 4189 et
1594 4136 1662 4193 ab
1692 4136 1777 4192 illa
1806 4138 1891 4193 cui

309 4225 695 4280 dominantur
713 4226 939 4292 Origine,
973 4225 1025 4278 in
1058 4241 1245 4279 novatn
1279 4237 1577 4282 creaturam
1600 4229 1776 4282 divina
1808 4245 1893 4284 re-

310 4315 662 4382 generatinne
707 4314 1091 4369 transivimus!
1145 4315 1299 4373 Unde
1339 4319 1464 4382 quia
1508 4318 1633 4373 dum
1680 4321 1891 4376 mortali

309 4419 468 4459 carne
493 4403 915 4467 οἰτουιιιάιιηιυτ,
948 4420 1051 4457 non
1094 4405 1291 4461 desinit
1338 4407 1495 4462 nobis
1541 4410 1709 4463 hostis
1748 4411 1895 4466 anti—

312 4510 446 4564 quus
497 4498 724 4562 laqueus
780 4497 981 4563 peccati
1027 4497 1224 4564 ubique
1265 4499 1628 4565 praetendere,
1670 4510 1725 4556 et
1768 4511 1895 4559 tunc

311 4587 545 4642 maxime
564 4590 827 4639 adversus
845 4588 1042 4641 Christi
1076 4590 1312 4643 membra
1341 4591 1552 4657 saevire,
1582 4596 1794 4662 quando
1824 4599 1893 4652 ab

312 4680 389 4733 eis
420 4692 545 4733 sunt
588 4685 880 4733 Sﬂl‘l'alllll'a
909 4681 1227 4735 celebranda
1271 4674 1547 4753 mysteria,
1581 4694 1770 4743 merito
1799 4692 1894 4745 do-
1922 4686 1975 4747 D

312 4774 481 4827 urina
508 4775 742 4841 Spiritus
774 4772 944 4826 sancti
974 4778 1073 4829 hac
1093 4776 1397 4831 eruditiOue
1426 4777 1617 4834 imbuit
1641 4785 1893 4851 pupulum

314 4860 722 4925 Christianum,
762 4874 819 4917 ut
870 4866 935 4919 ad
988 4866 1238 4934 pischttle
1293 4867 1488 4923 fcslnm
1545 4875 1896 4947 quadraginta

316 4954 522 5008 dictum
548 4972 609 5012 se
636 4960 968 5011 continentia
1004 4970 1350 5027 pra'pnrarel.
1377 4962 1539 5033 Cuius
1566 4968 1896 5035 puriﬁcatio-

314 5044 400 5098 nis
427 5046 569 5101 ratio
602 5049 713 5116 iam
748 5062 848 5101 nos
873 5048 939 5101 ad
981 5050 1377 5105 obseruantiam
1410 5069 1521 5109 sua:
1568 5059 1896 5118 salubritatis

389 5241 416 5271 ι
452 5230 590 5311 Cod.
624 5231 782 5311 Pauli
822 5231 967 5311 Diae.
997 5231 1166 5295 addit,
1195 5236 1384 5311 cordis,
1404 5246 1470 5311 et
1498 5254 1595 5311 pro
1624 5242 1892 5311 disquirat,

317 5302 460 5379 idem
492 5304 616 5358 cod.
643 5315 699 5357 et
717 5303 855 5357 alius
881 5302 1013 5358 Bon.
1048 5319 1111 5359 ac
1138 5309 1305 5374 prima
1350 5302 1515 5365 editio
1544 5302 1744 5367 habent
1763 5355 1778 5379 ,
1812 5302 1892 5370 di:

314 5375 520 5427 sentiat.

385 5442 416 5481 δ
450 5443 505 5498 ιη
549 5444 739 5497 eodem
789 5443 937 5497 Pauli
972 5444 1118 5499 Diae.
1171 5449 1453 5514 exemplo,
1509 5454 1895 5510 tentationibus.

320 5512 477 5576 »μῑιη
501 5514 717 5595 nimium
751 5531 847 5578 pro
875 5518 1118 5595 nimirum
1146 5520 1198 5571 in
1232 5512 1341 5595 uno
1362 5512 1482 5595 Val.
1533 5522 1743 5595 Postea,
1777 5541 1897 5595 pec-

320 5592 571 5655 cassent,
609 5601 705 5644 pro
726 5598 988 5655 peccatum
1018 5592 1102 5647 sit,
1129 5591 1266 5653 apud
1299 5592 1516 5644 Paulum
1548 5592 1693 5650 Dtac.

394 5664 418 5693 ο
442 5651 575 5738 God.
606 5656 665 5711 S.
696 5651 1072 5738 Pet-ri‘tnserit,
1096 5651 1188 5712 ita.
1222 5661 1344 5715 Mox
1380 5677 1477 5732 pro
1505 5666 1685 5718 viderit
1710 5668 1762 5725 in
1791 5668 1901 5738 pri-

324 5738 407 5778 ma
438 5728 674 5782 editione
705 5727 931 5781 habetur
952 5728 1104 5782 ridet.

325 5794 548 5922 tu;
593 5798 653 5855 S.
701 5797 886 5866 Petri,
937 5795 1215 5858 Dominum
1265 5806 1541 5876 majestatis
1585 5823 1682 5862 sua
1710 5808 1896 5877 fraude

1996 3397 2141 3453 neat,
2172 3388 2373 3443 nullum
2401 3403 2589 3442 carcer
2614 3387 2883 3441 includat:
2913 3388 3162 3455 quoniam
3211 3386 3354 3441 Deus
3392 3395 3574 3440 noster

1994 3478 2417 3534 misericordiam
2482 3494 2632 3533 suam
2687 3478 2785 3534 hac
2834 3478 3141 3533 conditione
3197 3477 3466 3547 promisit,
3517 3484 3578 3531 ut

1994 3570 2315 3625 remittenda
2346 3570 2448 3624 sibi
2482 3569 2527 3623 is
2576 3580 2757 3623 nosset
2785 3579 2998 3638 peccata
3033 3569 3264 3637 propria,
3294 3568 3383 3636 qui
3413 3568 3576 3623 remi-

1994 3662 2157 3716 sisset
2185 3659 2359 3715 aliena
2389 3660 2603 3729 (Matth.
2636 3676 2787 3725 xvttt,
2827 3660 2940 3729 '55).
2980 3658 3381 3715 Dissensiunum
3408 3667 3576 3716 mate-

1996 3752 2130 3818 ries,
2180 3749 2540 3817 dilectissimi,
2569 3760 2623 3804 et
2653 3749 3050 3804 inimicitiarum
3090 3750 3263 3804 aculei
3292 3764 3577 3805 conteran-

1995 3850 2102 3898 tur.
2127 3842 2355 3899 Cessent
2395 3843 2550 3909 odia,
2582 3842 2833 3898 deﬁciant
2870 3842 3169 3897 simultates
3192 3883 3207 3905 ,
3232 3842 3285 3896 itt
3316 3844 3571 3897 unitatem

1993 3935 2297 3992 dilectionis
2321 3936 2499 3990 omnia
2527 3934 2725 3991 Christi
2760 3938 2999 3989 membra
3029 3936 3352 3990 coitveniant
3379 3954 3392 3988 :
3426 3933 3578 3990 Beati

1993 4027 2136 4084 enim
2163 4026 2390 4099 paciﬁci,
2422 4030 2663 4096 quoniam
2685 4029 2781 4096 ﬁlii
2813 4027 2905 4083 Dei
2938 4029 3247 4081 vocabuntur
3268 4026 3482 4100 (Matth.
3517 4041 3570 4090 ν,

1994 4119 2084 4189 9);
2116 4134 2217 4173 uec
2246 4120 2421 4173 solum
2454 4118 2568 4181 ﬁlii,
2603 4119 2695 4173 sed
2742 4121 2903 4171 etiam
2950 4117 3229 4181 Itaaredes,
3281 4116 3574 4171 contendes

1995 4226 2164 4265 autem
2207 4210 2399 4267 Christi
2429 4213 2607 4281 (Rom.
2649 4228 2768 4279 vttt,
2804 4212 2910 4281 l7),
2960 4208 2977 4248 ί
3009 4211 3101 4281 qui
3150 4209 3280 4264 vivit
3305 4221 3360 4264 et
3389 4218 3578 4279 regnat

1997 4306 2051 4360 in
2080 4305 2273 4359 swcula
2304 4306 2640 4361 swculorutn.
2671 4310 2860 4358 Anien.

2423 4436 2655 4492 διωιο
2686 4436 2819 4491 XLII
2853 4435 2959 4508 [Αι.
2992 4434 3149 4507 xu].

2455 4528 2532 4583 De
2568 4530 2974 4599 Quadragmma
3002 4527 3109 4582 IV.

2000 4642 2273 4702 SYN°P<N.
2312 4644 2443 4699 —-l.
2482 4643 2941 4713 Qvtadragesimam
2968 4643 3253 4714 purgandis
3281 4644 3573 4714 animarum

2071 4716 2307 4769 saidihus
2334 4718 2607 4769 salubriter
2633 4731 2737 4768 esse
2782 4713 3086 4767 institutum.
3117 4743 3187 4755 —
3226 4713 3287 4766 ll.
3332 4713 3583 4769 Omnibus

2070 4786 2336 4839 virtutibus
2358 4787 2675 4855 studendith
2702 4790 2794 4837 hoc
2819 4796 3061 4855 tempore,
3096 4800 3210 4855 quia
3236 4800 3301 4839 ea:
3327 4782 3584 4839 voluntate

2070 4867 2373 4925 pensantur.
2403 4886 2473 4897 —
2509 4856 2595 4909 Ill.
2632 4854 2713 4910 Ex
2742 4858 2857 4921 ipsa
2895 4854 3082 4926 pietate
3112 4854 3368 4926 insidiari
3405 4855 3585 4926 diabo-

2071 4924 2390 4999 lum;cujus
2425 4926 2582 4998 156
2611 4924 2946 4999 tentatioituirt
2987 4942 3107 4995 ergit
3142 4924 3413 4999 Christum
3453 4925 3581 4999 ordo

2070 5008 2119 5050 ct
2149 4998 2279 5049 ratio
2298 4995 2648 5063 'ea'plt—caniur.
2676 5026 2746 5038 —-
2777 4996 2867 5066 IV.
2904 4999 2977 5049 De
3004 5013 3238 5066 pert-crsu
3272 4995 3586 5050 Manichea-

2069 5083 2186 5120 rum
2212 5069 2535 5122 abstinentia.
2566 5095 2638 5108 -—
2660 5066 2726 5123 γ.
2758 5065 2984 5122 Eosdem
3007 5065 3077 5121 in
3107 5070 3348 5121 honorem
3371 5067 3495 5120 solis
3534 5074 3583 5121 et

2085 5255 2108 5282 ο
2132 5246 2267 5300 Cod.
2297 5247 2356 5300 S.
2392 5245 2557 5306 Petri,
2581 5246 2927 5315 quadraginta
2966 5244 3169 5299 dierum
3192 5245 3355 5311 spatio
3382 5258 3592 5315 omnem

2001 5332 2126 5370 conc
2163 5318 2461 5387 piscentiam
2526 5332 2695 5369 carnis
2747 5313 3029 5370 eictasam.
3087 5316 3371 5384 Exemplar
3431 5313 3592 5372 Pauli

2002 5386 2382 5457 Diac.pariter
2413 5388 2565 5440 habet
2600 5388 3082 5457 concupiscentiam.

2080 5455 2100 5495 τ
2134 5458 2318 5512 hleltor
2347 5458 2459 5511 haec
2489 5458 2647 5512 lectin
2675 5454 2860 5526 pruinae
2887 5457 3138 5511 editionis
3166 5464 3222 5511 et
3251 5454 3458 5525 aliquot
3483 5469 3583 5512 co-

2003 5528 2203 5592 dicum,
2237 5545 2395 5597 quant
2433 5529 2977 5599 vulgat-,prwsumit.
3093 5597 3101 5599 Α
3197 5595 3208 5599 _
3279 5596 3289 5599 Α
3624 5544 3625 5547 ‘

2076 5607 2102 5670 β
2133 5595 2268 5654 Tres
2295 5600 2461 5655 nostri
2491 5595 2674 5657 codd..
2693 5595 2956 5670 propositi
2978 5595 3337 5667 castigatioris.
3475 5665 3510 5670 η
3539 5665 3553 5670 _
3632 5620 3653 5635 ~

2078 5666 2108 5707 ιι
2134 5671 2265 5734 Vox,
2298 5672 2607 5737 hominibus,
2640 5665 2816 5725 addita
2856 5683 2923 5723 ex
2951 5665 3149 5723 nostris
3175 5681 3308 5723 mss.
3342 5674 3399 5723 et
3424 5665 3589 5728 editis

2010 5746 2134 5796 ante
2160 5741 2531 5808 Quesnellum.

2082 5810 2096 5849 ί
2132 5812 2268 5868 Cod.
2298 5813 2353 5869 S.
2386 5814 2533 5870 Petri
2556 5811 2704 5870 addit
2729 5809 2942 5867 Domini
2980 5811 3160 5872 nostri.
