3994 6354
418 413 531 474 9.75

1561 412 1618 469 S.
1658 408 1905 467 LEONIS
1944 409 2152 468 MAGNI
2194 411 2555 471 SERMONES

3564 417 3677 482 276

489 527 627 608 (ante
660 525 786 608 .dis.
811 522 1106 606 Dominica.
1133 528 1181 603 et
1226 522 1357 608 [cria
1389 522 1619 608 secunda
1657 523 1899 608 jejunare
1918 563 1931 587 ,
1961 538 1996 577 a
2019 522 2074 585 Α
2100 524 2483 589 substantiam,
2537 524 2748 580 animus
2769 566 2785 593 ,
2832 540 2988 594 quem
3016 527 3117 583 sub
3162 527 3257 585 Dei
3296 527 3675 601 gubernaculis

556 596 882 666 rticipations
923 594 1188 667 sanguinis
1229 592 1419 649 Christi
1449 592 1730 667 abstinere,
1773 604 1876 667 etc.
1914 622 1990 636 —

514 666 576 749 [Ι.
612 663 700 723 Uti
733 682 825 740 per
849 682 1003 743 opera
1019 663 1266 719 uirtutum
1308 666 1655 729 sanctiﬁcatur
1684 663 1989 749 Quadrage-

486 752 637 792 sima.

483 890 613 947 Cn.
641 889 685 945 l.
714 914 790 931 —
818 887 1211 946 Prmdicaturus
1234 890 1387 947 vobis
1409 932 1425 957 ,
1449 889 1809 960 dilectissimi,
1841 900 1870 931 ι
1902 906 1990 948 sa-

404 1002 495 1039 cra
507 984 773 1039 tissimum
797 983 1197 1054 maximumque
1222 981 1502 1053 jejunium,
1526 998 1634 1053 quo
1661 985 1837 1054 aptius
1866 992 1989 1041 utar

405 1079 667 1147 exordio,
716 1092 875 1150 quam
904 1087 965 1133 ut
993 1078 1174 1133 verbis
1206 1077 1482 1148 Apostoli,
1523 1078 1575 1133 in
1609 1093 1716 1148 quo
1739 1076 1987 1136 Christus

409 1172 753 1241 loquebatur,’
778 1172 1029 1241 incipiam
1052 1209 1070 1237 ,
1118 1169 1434 1240 dicamque,
1459 1170 1601 1241 quod
1630 1170 1826 1227 lectum
1853 1180 1936 1226 est
1966 1186 1982 1225 :

409 1264 543 1321 Ecce
569 1280 704 1319 nunc
743 1271 942 1336 scrupus
961 1260 1300 1335 acceptabils,
1344 1277 1457 1316 ecce
1500 1277 1639 1316 nunc
1664 1261 1772 1316 dies
1804 1262 1986 1316 salutis

407 1356 473 1426 (ll
504 1352 625 1410 Cor.
664 1370 754 1420 γι,
784 1353 883 1426 2)?
925 1353 1181 1420 Quamvis
1216 1352 1358 1407 enim
1400 1351 1545 1407 nulla
1588 1352 1699 1407 sint
1743 1361 1982 1421 tempora

404 1463 524 1520 quae
567 1446 764 1505 divinis
819 1462 930 1503 non
957 1446 1066 1501 sint
1093 1446 1247 1515 plena
1290 1443 1635 1511 muneribus,
1673 1452 1729 1501 et
1771 1460 1986 1515 semper

405 1540 562 1595 nobis
601 1539 669 1594 ad
695 1536 1121 1594 misericordiam
1152 1536 1248 1591 Del
1280 1549 1377 1606 per
1402 1536 1569 1606 ipsius
1594 1536 1820 1606 gratiam
1850 1551 1988 1607 prae-

405 1638 578 1687 stetur
605 1644 879 1700 accessus,
907 1644 1051 1685 nunc
1075 1639 1259 1683 tamen
1285 1627 1527 1683 omnium
1557 1638 1769 1684 mentes
1791 1628 1985 1698 majori

404 1723 583 1778 studio
609 1722 676 1777 ad
702 1720 969 1792 spiritales
1019 1720 1296 1791 profectus
1330 1721 1574 1785 moveri,
1628 1729 1684 1777 et
1732 1721 1984 1791 ampliori

403 1814 592 1870 ﬁducia
622 1822 837 1885 oportet
858 1813 1106 1881 animari,
1140 1812 1355 1884 quando
1373 1812 1441 1869 ad
1470 1813 1718 1869 universa
1760 1814 1982 1884 pietatis

2093 619 2437 672 constitutum
2466 620 2706 689 corporis
2728 620 2810 674 sui
2837 621 2995 677 decet
3020 638 3141 678 esse
3166 635 3461 690 rectorem,
3495 627 3671 685 domi-

2092 711 2323 765 nationis
2339 726 2449 767 sum
2462 714 2699 767 obtineat
2721 714 3031 783 dignitatem
3049 736 3061 769 :
3077 727 3135 771 ut
3157 719 3356 772 nemini
3372 719 3560 776 dantes
3586 720 3670 779 ul-

2094 802 2197 857 lam
2216 803 2568 859 oifensionem
2586 847 2599 871 ,
2625 804 3106 875 vituperationibus
3136 809 3535 878 obloquentium
3559 828 3671 869 non

2092 897 2259 953 simus
2284 897 2523 952 obnoxii.
2558 898 2894 968 Digna‘enim
2937 899 3003 953 ab
3034 898 3335 953 inﬁdelibus
3372 902 3668 970 reprehen-

2092 990 2243 1045 sione
2262 1005 2565 1060 carpemnr,
2594 1000 2648 1045 et
2680 1000 2863 1045 nostro
2891 991 3017 1045 vitio
3048 993 3237 1061 lingua:
3281 993 3457 1063 impiae
3501 995 3553 1049 in
3585 996 3666 1050 in-

2085 1082 2280 1152 juriam
2311 1097 2370 1138 se
2399 1082 2677 1151 religionis
2706 1084 2987 1137 armahunt
3007 1127 3021 1150 ,
3051 1085 3207 1156 157
3231 1085 3273 1139 si
3308 1084 3666 1155 ieiunantium

2088 1193 2269 1233 mores
2296 1192 2323 1230 a
2359 1177 2588 1247 puritate
2626 1177 2876 1247 perfecta:
2916 1180 3257 1234 continentia:
3283 1179 3662 1250 discreparint.

2085 1271 2203 1327 Non
2225 1272 2367 1327 enim
2395 1275 2447 1326 in
2477 1272 2591 1327 sola
2645 1272 2964 1327 abstinentia
3000 1271 3103 1327 cibi
3134 1280 3239 1325 stat
3259 1272 3426 1326 nostri
3451 1288 3665 1329 summa

2083 1365 2297 1435 ieiunii,
2328 1374 2419 1419 aut
2445 1366 2715 1421 fructuose
2740 1366 2950 1435 corpori
2979 1380 3101 1420 esca
3127 1364 3480 1432 subtrahitur,
3500 1363 3526 1402 ἀ
3559 1366 3664 1422 nisi

2086 1470 2239 1511 mens
2274 1456 2343 1512 ab
2372 1456 2649 1527 iniquitate
2687 1465 2969 1513 revocetur
2994 1464 3048 1512 et
3080 1456 3149 1511 ab
3182 1456 3665 1513 obtrectationibus

2084 1547 2267 1617 lingua
2289 1548 2626 1603 cohibeatur.
2661 1546 2754 1603 Sic
2776 1562 2905 1618 ergo
2931 1548 3086 1603 nobis
3116 1548 3308 1603 edendi
3340 1556 3425 1603 est
3452 1548 3479 1579 ⁸
3500 1549 3665 1605 casti-

2085 1640 2259 1709 ganda
2290 1640 2533 1703 libertas,
2567 1650 2624 1694 ut
2650 1644 2810 1695 etiam
2835 1642 2952 1696 alite
2982 1642 3299 1711 cupiditates
3327 1642 3515 1698 eadem
3543 1644 3664 1713 iege

2086 1729 2385 1786 frenentur.
2422 1732 2846 1787 Mansuetudinis
2873 1742 2925 1787 et
2953 1734 3245 1803 patientiae,
3275 1734 3420 1803 pacis
3443 1744 3495 1790 et
3516 1743 3663 1792 tran-

2086 1822 2361 1892 quillitatis
2389 1822 2492 1878 hoc
2532 1832 2742 1893 tempus
2773 1833 2854 1879 est
2889 1841 2903 1881 :
2934 1824 2986 1879 in
3017 1841 3123 1895 quo
3163 1827 3375 1882 exclusa
3420 1828 3659 1884 omnium

402 1908 597 1974 ofﬁcia,
624 1908 768 1964 illius
791 1921 886 1964 nos
915 1906 1045 1973 diei,
1078 1908 1133 1961 in
1152 1922 1260 1977 Quo
1281 1906 1543 1977 redempti
1566 1922 1771 1974 sumus.
1794 1922 1982 1963 ηοω·
2010 1909 2059 1970 Β
2086 1914 2540 1968 contaminatione
2567 1915 2838 1979 vitiorum,
2866 1919 3186 1985 perpetuitas
3212 1918 3365 1974 nobis
3398 1929 3481 1973 est
3510 1918 3533 1958 ί
3571 1934 3661 1976 ac-

401 2012 497 2055 sus
525 1999 717 2053 invitat
748 2016 763 2052 :
794 2007 853 2053 ut
873 1998 1145 2053 excellens
1170 2011 1333 2066 super
1358 1998 1537 2052 omnia
1571 1998 1836 2066 passionis
1874 1997 1979 2052 Do-

402 2092 614 2146 minicze
669 2102 1062 2145 sacramentum
1110 2089 1403 2159 purificatis
1450 2096 1508 2146 et
1552 2092 1870 2160 corporibus
1925 2097 1983 2146 et

400 2184 593 2238 animis
620 2185 978 2239 celebremus.
1012 2182 1321 2239 Debebatur
1347 2184 1563 2252 quidem
1594 2187 1757 2240 tantis
1780 2195 1980 2257 myste-

400 2277 497 2331 riis
519 2275 591 2331 ita
624 2276 961 2333 incessabiiis
988 2276 1206 2331 devotio
1234 2285 1291 2330 et
1315 2279 1621 2331 continuata
1649 2278 1974 2349 reverentia,

401 2375 461 2423 ut
496 2368 631 2422 tales
659 2382 1100 2438 permaneremus
1125 2366 1180 2421 in
1206 2377 1495 2437 conspectu
1524 2368 1637 2435 Dei,
1670 2370 1853 2437 quales
1879 2384 1977 2424 nos

402 2457 460 2514 in
488 2458 608 2529 ipso
634 2460 873 2530 paschali
906 2461 1042 2514 festo
1071 2459 1290 2530 dignum
1321 2471 1405 2515 est
1436 2459 1682 2515 inveniri.
1716 2460 1823 2516 Sed
1853 2463 1976 2530 quia

398 2551 518 2609 hac
542 2552 797 2609 fortitudo
811 2568 1099 2622 paucorum
1118 2562 1222 2620 est,
1246 2553 1438 2609 etdum
1456 2532 1635 2608 citi-nis
1655 2552 1683 2593 δ
1697 2554 1977 2625 fragilitati

396 2645 666 2699 austerior
690 2645 1030 2700 observantia
1070 2646 1364 2711 relaxatur,
1408 2644 1642 2714 dumque
1679 2660 1774 2714 per
1798 2647 1976 2704 varias

397 2738 637 2793 actiones
667 2738 793 2793 vitae
840 2738 998 2808 huius
1023 2738 1331 2794 sollicitudo
1360 2739 1713 2806 distenditur,
1754 2754 1976 2795 necesse

395 2841 481 2890 est
503 2833 571 2889 de
606 2834 880 2889 mundano
913 2836 1133 2905 pulvere
1181 2835 1342 2890 etiam
1374 2834 1622 2905 religiosa
1664 2833 1826 2889 corda
1858 2847 1976 2887 sor-

394 2926 646 2996 deseere;
676 2943 866 2999 magna
892 2928 1093 2985 divinas
1127 2928 1479 2984 institutionis
1512 2928 1825 2983 salubritate
1852 2940 1977 2997 pro-

396 3017 569 3073 visum
614 3027 721 3085 est,
770 3028 830 3074 ut
868 3020 936 3074 ad
978 3020 1329 3089 reparandam
1378 3020 1634 3075 mentium
1685 3020 1974 3089 puritatem

395 3109 747 3181 quadraginta
774 3111 927 3166 nobis
952 3112 1161 3166 dierum
1201 3112 1515 3167 exercitatio
1543 3110 1873 3175 mederetur,
1916 3109 1973 3165 in

395 3200 588 3271 quibus
617 3202 844 3257 aliorum
878 3212 1177 3273 temporum
1204 3205 1389 3273 culpas
1415 3210 1473 3258 et
1498 3204 1584 3271 pia
1612 3216 1774 3271 opera
1821 3200 1971 3257 redi-

395 3300 627 3358 merent,
657 3301 715 3349 et
736 3292 941 3364 ieiunia
978 3303 1126 3349 casta
1154 3294 1538 3366 decoquerent.

465 3384 596 3442 Cu.
628 3385 693 3443 ll.
732 3416 804 3431 -
852 3387 1148 3461 Ingressuri
1203 3389 1397 3461 igitur‘,
1444 3387 1813 3455 dilectissimi,
1852 3386 1970 3444 dies

394 3483 651 3553 mysticos
682 3492 709 3523 ο
732 3491 787 3538 et
812 3483 1137 3553 ieiuniorum
1163 3484 1414 3540 remediis
1444 3492 1807 3549 consecratos,
1832 3498 1971 3552 prie-

394 3575 564 3644 ceptis
615 3576 925 3646 apostolicis
952 3578 1173 3634 obedire
1200 3592 1480 3646 curemus,
1513 3579 1843 3632 emundantes
1875 3592 1970 3631 nos

392 3665 458 3722 ab
476 3670 615 3724 omni
648 3671 1035 3741 inquinamento
1052 3673 1223 3725 carnis
1240 3688 1301 3725 ac
1312 3672 1524 3741 spiritus
1538 3671 1604 3745 (ll
1620 3670 1742 3725 Cor.
1766 3684 1859 3735 vti,
1877 3666 1967 3740 l):

392 3769 455 3816 ut
480 3762 752 3834 castigatis
770 3763 1235 3820 colluctationibus
1250 3779 1372 3835 quae
1385 3770 1513 3821 sunt
1532 3765 1669 3820 inter
1688 3771 1968 3832 utramque

1999 3279 2046 3344 C

467 3989 497 4019 ⁸
526 3980 677 4037 Unus
695 3994 799 4037 ms.
822 3980 883 4037 S.
908 3978 1076 4047 Petri,
1107 3977 1508 4033 sacratissimum
1546 3974 1967 4048 Quadragesima

416 4052 669 4106 eiunium.
1374 4054 1379 4061 ‘

384 4070 669 4125 Jejuntum.

464 4121 491 4161 δ
517 4122 606 4178 Sic
631 4122 826 4177 melius
844 4135 909 4175 ex
928 4134 1059 4175 mss.
1077 4119 1137 4175 S.
1152 4119 1296 4174 Petri
1318 4126 1371 4173 et
1390 4126 1622 4192 quatuor
1638 4114 1757 4171 aliis
1782 4114 1965 4184 codd.,

395 4206 554 4269 quam
590 4194 640 4247 in
678 4192 1265 4269 vulgatisufragilitate;
1402 4258 1511 4269 ____
1653 4258 1683 4269 λ,
1766 4255 1779 4269 ,
1842 4255 1854 4267 _
1917 4255 1930 4268 ,

469 4261 595 4338 t{Ita
626 4278 755 4338 mss.
777 4257 892 4316 duo
928 4257 1091 4317 Cori).
1131 4272 1185 4314 et
1221 4257 1536 4338 ch._Bibl.
1578 4257 1967 4338 antiquissimi,

393 4342 454 4388 ut
482 4333 619 4387 infra
668 4334 943 4397 dicemus,
990 4346 1222 4399 quorum
1272 4328 1556 4385 verborum
1588 4328 1703 4382 loco
1755 4328 1870 4381 haec
1915 4328 1970 4383 in

394 4404 542 4473 vulg.
572 4404 701 4459 edit.
726 4403 975 4471 leguntur
998 4420 1012 4457 :
1039 4401 1103 4455 Et
1127 4400 1459 4471 puriﬁcandis
1482 4400 1662 4473 animis
1690 4408 1841 4473 atque
1856 4414 1972 4452 cor-

392 4469 606 4541 poribus
647 4469 897 4528 sacratius
947 4469 1238 4537 institutos;
1268 4487 1384 4541 quae
1430 4473 1489 4541 in,
1530 4471 1744 4525 illorum
1791 4469 1969 4523 locum

399 4544 681 4598 substitute
713 4559 834 4598 esse
866 4543 1116 4597 existimo
1144 4543 1212 4595 ab
1240 4540 1304 4594 iis
1349 4542 1439 4609 qui
1478 4540 1621 4594 hunc
1664 4553 1969 4593 sermonem

397 4613 467 4668 ad
492 4614 651 4667 aliam
676 4616 1067 4667 solemnitatem
1093 4608 1586 4675 accommo’darunt,
1614 4624 1718 4663 non
1748 4608 1969 4663 totidem

391 4683 601 4740 dierum
639 4683 857 4751 ieiuniis
885 4694 1276 4743 consecratam.
1306 4681 1508 4751 Qussa.
1536 4679 1759 4751 —_Haec
1786 4695 1971 4751 emen-

389 4753 536 4809 datio
563 4748 912 4808 confirmatur
939 4753 1099 4807 etiatn
1140 4750 1492 4806 Lectionariis
1524 4751 1583 4807 S.
1614 4749 1755 4804 Petri
1786 4757 1839 4802 et
1864 4748 1965 4802 Pa-

2082 2006 2341 2075 quirenda
2374 2007 2649 2063 virtutum.
2684 2006 2835 2061 Nunc
2865 2009 3069 2076 piarum
3101 2011 3357 2064 mentium
3400 2009 3661 2067 fortitudo

2081 2098 2284 2152 donare
2311 2098 2519 2165 culpas,
2565 2098 2835 2167 negligere
2871 2100 3261 2165 contumelias,
3309 2111 3361 2156 et
3413 2102 3659 2159 oblivisci

2080 2197 2355 2243 assuescat
2385 2188 2622 2256 injurias.
2656 2188 2806 2243 Nunc
2839 2189 3011 2244 fidelis
3030 2194 3239 2245 animus
3262 2206 3354 2259 per
3376 2207 3520 2247 arma
3542 2195 3660 2262 ius-

2081 2282 2209 2336 tilia:
2231 2298 2261 2337 a
2285 2282 2490 2337 dextris
2517 2294 2574 2335 se
2600 2290 2848 2335 exerceat
2869 2290 2923 2336 et
2952 2282 3185 2338 sinistris
3212 2284 3277 2356 (ll
3307 2285 3425 2338 Cor.
3450 2302 3523 2354 vi,
3554 2286 3609 2355 7)
3640 2303 3653 2339 :

2078 2384 2138 2430 ut
2152 2376 2479 2446 pergloriam
2500 2384 2553 2429 et
2569 2377 2974 2447 ignobilitatem,
2992 2393 3089 2447 per
3108 2379 3377 2435 infamiam
3392 2393 3444 2436 et
3461 2382 3657 2437 bonam

2080 2472 2295 2529 famam,
2311 2483 2554 2523 securam
2571 2471 2955 2525 conscientiam
2975 2483 3417 2543 constantemque
3433 2476 3661 2543 prohita«

2078 2570 2185 2617 tem
2208 2562 2497 2617 neclaudes
2522 2561 2726 2627 inflent,
2752 2578 2849 2617 nec
2871 2566 3156 2632 opprobria
3174 2565 3484 2636 defatigent.
3505 2568 3653 2623 Reli-

2076 2653 2347 2723 giosorum
2369 2653 2629 2708 modestia
2650 2670 2755 2708 non
2773 2656 2839 2709 sit
2869 2664 3079 2721 maesta,
3105 2657 3199 2711 sed
3223 2670 3435 2724 sancta;
3458 2674 3557 2714 nec
3579 2661 3659 2715 in-

2079 2745 2359 2801 veniantur
2382 2748 2431 2799 in
2470 2748 2549 2801 eis
2574 2746 2801 2802 ullarum
2833 2764 3105 2804 murmura
3135 2752 3473 2819 querelarum
3493 2796 3507 2819 ,
3541 2756 3658 2824 qui-

2076 2838 2178 2894 bus
2218 2855 2507 2909 numquam
2530 2841 2723 2896 desunt
2768 2853 3073 2898 sanctorum
3101 2844 3293 2900 solatia
3318 2848 3653 2917 gaudiorum.

2075 2928 2191 2985 Non
2233 2931 2480 2986 timeatur
2508 2931 2649 2987 inter
2691 2945 2855 3002 Opera
2898 2933 3277 2990 misericordia:
3320 2946 3655 2995 terrenarum

2076 3021 2358 3076 diminutio
2402 3022 2733 3078 facultatum.
2779 3025 3006 3093 Semper
3041 3019 3192 3081 dives
3238 3036 3319 3082 est
3352 3029 3658 3087 Christiana

2075 3124 2382 3182 paupertas,
2416 3116 2539 3184 quia
2569 3115 2689 3183 plus
2715 3124 2795 3169 est
2821 3115 2961 3185 quod
2993 3116 3151 3173 habet
3178 3134 3335 3188 quain
3364 3121 3504 3190 quod
3551 3138 3658 3177 non

2075 3206 2257 3262 habet.
2283 3216 2310 3256 ι
2338 3205 2449 3263 Nec
2476 3220 2627 3276 pavet
2651 3209 2703 3263 in
2722 3208 2825 3263 isto
2851 3210 3050 3265 mundo
3068 3210 3355 3281 indigentia
3382 3214 3651 3283 laborare,

2076 3299 2165 3354 cui
2191 3300 2443 3354 donatum
2473 3308 2558 3355 est
2595 3299 2931 3379 in'omnium
2976 3316 3155 3356 rerum
3206 3302 3432 3359 Domino
3477 3309 3660 3363 omnia

2075 3391 2371 3461 possidere.
2399 3391 2762 3460 Operantibus
2788 3407 2915 3461 ergo
2941 3408 3060 3463 qum
3094 3394 3232 3448 bona
3258 3405 3411 3458 sunt,
3438 3412 3544 3451 non
3574 3406 3661 3452 est

2075 3484 2297 3538 omnino
2342 3484 2684 3537 metuendum
2733 3500 2801 3539 ne
2826 3485 2903 3540 eis
2928 3486 3064 3540 desit
3099 3484 3324 3541 facultas
3360 3490 3656 3559 operandi;

2074 3589 2195 3630 cum
2218 3583 2273 3629 et
2296 3573 2349 3628 in
2378 3574 2587 3629 duobus
2614 3570 2643 3612 ιι
2673 3576 2906 3629 nummis
2943 3578 3266 3647 evangelicae
3300 3579 3443 3636 illius
3478 3579 3659 3636 vidua:

2072 3671 2143 3724 sit
2191 3668 2525 3738 magniﬁcata
2555 3668 2770 3724 devotio
2797 3668 2949 3739 (Luc.
3002 3685 3113 3734 ut,
3158 3669 3241 3743 2),
3268 3682 3325 3729 et
3348 3687 3449 3742 pro
3486 3672 3661 3728 calice

2072 3775 2226 3831 aquas
2255 3759 2463 3831 frigidae
2492 3762 2770 3831 praemium
2813 3762 3007 3817 habeat
3033 3762 3192 3835 158
3224 3766 3455 3834 gratuita
3489 3765 3658 3835 largi-

2070 3986 2214 4029 nunc
2260 3973 2455 4043 legitur
2500 3973 2553 4027 in
2600 3972 2823 4027 sabbato
2870 3981 2996 4029 ante
3036 3974 3262 4043 primam
3310 3976 3647 4033 Dominicam

2070 4044 2525 4113 Quadragesimat,
2557 4044 2626 4097 ita
2645 4044 2806 4099 etiam
2836 4060 2932 4114 per
2949 4060 3011 4100 ea
3043 4056 3285 4113 tempora
3311 4049 3498 4103 eodem
3528 4050 3660 4104 sab-

2071 4116 2195 4187 bato
2223 4115 2530 4187 legebatur;
2560 4116 2702 4170 unde
2728 4117 2782 4169 in
2812 4116 3023 4185 vulgato
3052 4116 3359 4181 Gelasiano,
3393 4121 3479 4173 cui
3501 4135 3660 4187 quan-

2071 4186 2194 4240 dam
2222 4184 2582 4240 additamenta
2627 4184 2992 4251 accessernnt,
3044 4188 3340 4243 collocatur
3373 4184 3563 4245 feria'7
3598 4191 3656 4246 in

2072 4255 2546 4327 Quinquagesima.
2592 4256 2725 4311 Hinc
2769 4268 2945 4311 autem
2992 4257 3234 4312 fortassis
3288 4259 3446 4315 leutio
3492 4259 3659 4327 huius

2074 4326 2317 4398 collectae
2357 4327 2453 4381 fuit
2480 4327 2696 4398 inserta,
2726 4330 2957 4381 sermoni
2989 4328 3251 4393 Leonino,
3275 4331 3363 4398 qui
3395 4332 3475 4385 vel
3517 4326 3655 4385 olim

2073 4396 2350 4471 legebatur
2387 4401 2457 4471 in,
2477 4400 2646 4466 prima
2678 4397 2949 4452 Dominica
2983 4396 3434 4471 Quadragesimat,
3462 4416 3659 4471 quem-

2074 4468 2359 4523 admodum
2390 4468 2549 4523 etiam
2583 4482 2725 4523 nunc
2750 4484 2870 4523 cum
2902 4468 3091 4523 eadem
3132 4470 3359 4525 lectione
3393 4468 3655 4527 recitatur

2072 4537 2127 4591 in
2156 4538 2699 4609 secundornocturno.
2731 4538 2872 4605 Mox,
2908 4541 3171 4607 prwceptis
3200 4542 3513 4609 apostolicis,
3550 4557 3651 4607 pro

2071 4609 2341 4676 priet-aptis
2372 4608 2627 4676 Apostoli,
2658 4624 2723 4663 ex
2749 4610 2995 4663 omnibus
3018 4610 3215 4664 nostris
3236 4608 3401 4666 7codd.
3431 4628 3500 4668 ex
3540 4611 3653 4665 Ho-

2071 4679 2187 4732 mil.
2221 4677 2373 4733 Pauli
2418 4677 2567 4734 Diac.
2610 4689 2662 4734 et
2693 4680 2963 4734 nonnullis
3003 4682 3331 4736 e'titionibus
3374 4682 3655 4739 revocavi-

2071 4762 2209 4804 mus.

1379 4792 1583 4876 έίωξέί
1607 4792 1963 4874 vetustiorum
1989 4792 2046 4855 Β
2130 4792 2326 4874 δ’ττίει
2352 4834 2484 4873 mss.
2512 4818 2868 4887 Lectionaria,
2904 4821 3000 4874 nisi
3030 4824 3250 4877 animus.

388 4894 789 4949 collectionum.
816 4893 998 4948 Lectio
1025 4902 1203 4947 autem
1230 4891 1447 4961 reiecta,
1482 4904 1602 4958 quae
1631 4902 1714 4945 est
1744 4889 1960 4961 ingmss.
2020 4898 2025 4903 ‘

388 4962 771 5020 collectiouum
815 4964 1194 5031 posteriorum,
1241 4959 1341 5018 nec
1370 4977 1475 5015 non
1503 4964 1555 5016 in
1586 4961 1784 5016 Homil.
1810 4959 1961 5017 Pauli

388 5033 539 5090 Diae.
564 5035 740 5091 aliena
768 5034 836 5089 ab
857 5036 959 5088 hoc
976 5034 1094 5088 loco
1116 5033 1201 5089 vel
1230 5048 1301 5089 ex
1326 5046 1393 5088 eo
1420 5032 1779 5103 cognoscitur,
1818 5032 1959 5101 quod

388 5106 579 5159 eadem
601 5103 863 5160 sententia
889 5103 1111 5158 totidem
1144 5104 1256 5172 fere
1292 5102 1473 5157 verbis
1498 5102 1766 5172 expressa
1789 5106 1957 5172 perti-

389 5184 483 5229 net
510 5175 573 5229 ad
598 5190 761 5231 serm.
792 5175 882 5237 78,
910 5174 977 5228 de
998 5173 1202 5243 jejunio
1229 5171 1597 5240 Pentecostes,
1639 5187 1759 5241 cap.
1786 5171 1836 5238 ἰ,
1864 5173 1959 5230 ubi

389 5245 650 5318 aptiusde
664 5244 782 5315 ipso
788 5246 1011 5318 jejunio,
1030 5242 1133 5297 non
1151 5257 1286 5318 vero
1297 5243 1365 5299 de
1377 5244 1551 5318 diebus
1569 5244 1795 5318 mysticis
1824 5242 1959 5299 dici-

388 5323 511 5371 tur:
544 5314 803 5372 Solerime'
819 5314 1104 5387 jejunium,
1150 5314 1287 5383 quod
1337 5316 1522 5387 animis
1561 5315 1957 5387 corporibusque

387 5388 635 5441 curandis
658 5384 931 5442 salubriter
952 5386 1261 5456 institutum,
1280 5396 1413 5453 etc.,
1438 5386 1513 5439 uti
1527 5384 1736 5456 pariter
1761 5385 1956 5456 legitur

380 5456 439 5511 in
466 5460 690 5513 collecta
718 5456 1074 5528 antiquissimi
1120 5454 1541 5528 Sacramentarii
1585 5454 1913 5528 Veronensis
1934 5496 1950 5521 ,

382 5542 510 5600 quae
528 5529 750 5600 quidem
778 5524 990 5600 jejunio
1020 5528 1206 5581 mensis
1236 5524 1342 5600 IV,
1386 5525 1583 5581 ibidem
1632 5526 1915 5600 ascribitur
1935 5568 1951 5594 ,

385 5596 642 5653 nimirum
681 5596 887 5671 jejunio
909 5597 1277 5671 Pentecostes.
1302 5598 1436 5671 _Cum
1478 5611 1608 5671 vero
1638 5596 1750 5671 iam
1780 5597 1901 5671 inde
1925 5614 1956 5652 a

383 5666 717 5737 temporibus
736 5666 923 5726 Caroli
946 5668 1120 5737 Magni
1168 5666 1640 5737 Quadragesimam
1668 5669 1954 5737 incoepisse

380 5740 570 5811 a_feria
607 5741 641 5796 4
669 5740 919 5796 Cinerum
950 5739 1194 5811 pluribus
1239 5740 1577 5811 documentis
1608 5738 1826 5811 liqueat,
1852 5738 1953 5793 sub

382 5809 435 5865 id
469 5810 606 5864 forte
636 5816 847 5880 tempus
896 5808 1011 5866 haec
1057 5812 1279 5867 collecta
1308 5826 1338 5866 a
1366 5810 1568 5879 ieiunio
1612 5808 1953 5880 Pentecostes

384 5885 640 5939 translata
682 5879 781 5938 iuit
822 5886 889 5939 ad
916 5886 1351 5952 Quadragesimae
1374 5881 1676 5949 jejunium;
1710 5892 1767 5935 et
1792 5879 1951 5935 sicuti

2140 4899 2166 4929 ο
2190 4890 2279 4946 Sic
2297 4890 2549 4960 duomss.
2578 4889 2849 4956 Quesnelli
2877 4901 2930 4945 et
2954 4892 3173 4946 totidem
3204 4893 3371 4947 nostri
3398 4890 3647 4960 S.Petri,

2062 4959 2264 5031 aliique
2289 4959 2529 5015 melioris
2559 4968 2719 5015 notae.
2764 4963 2907 5017 Editi
2945 4975 3066 5017 cum
3093 4963 3250 5018 codd.
3283 4959 3645 5031 posteriorum

2062 5032 2471 5096 collectionum.
2503 5033 2837 5087 moderanda.
2877 5033 2935 5088 In
2964 5032 3305 5089 Lectionario
3332 5033 3513 5089 Patav.
3547 5046 3725 5090 an?“

2062 5101 2208 5171 tiqua
2234 5112 2290 5158 et
2317 5117 2443 5175 vera
2472 5103 2630 5157 lectio
2652 5112 2893 5175 retenta;
2922 5112 2975 5156 at
3002 5113 3252 5175 corrupta
3272 5106 3646 5175 cognoscitur,

2060 5179 2123 5242 ut
2168 5188 2305 5227 nova
2332 5173 2681 5242 reciperetur.
2724 5173 2815 5230 Sic
2840 5176 2980 5229 enim
3013 5173 3100 5229 hic
3131 5173 3278 5229 locus
3304 5173 3635 5232 exhibeturi

2062 5241 2265 5315 Edendi
2287 5241 2669 5315 castigandique
2693 5243 3003 5298 moderanda
3033 5244 3257 5299 libertas.

2135 5312 2155 5352 ί
2183 5312 2275 5370 Sic
2304 5312 2472 5385 magis
2502 5312 2701 5382 placuit
2724 5328 2789 5370 ex
2816 5316 3165 5370 Lectionariis
3189 5317 3244 5370 S.
3274 5314 3443 5385 Retri,
3473 5314 3638 5370 Padi-

2059 5383 2240 5453 liron.,
2268 5383 2474 5457 Patav.,
2506 5394 2612 5439 etc.
2636 5385 2690 5457 in
2715 5386 2959 5457 vulgatis,
2985 5384 3277 5439 obtinenda.
3304 5384 3359 5439 ln
3383 5400 3487 5441 uno
3513 5385 3633 5440 Vat.

2056 5465 2113 5512 et
2140 5458 2310 5520 prima
2337 5455 2592 5519 editione,
2626 5455 2961 5510 observanda.
3192 5472 3193 5477 η

2127 5536 2154 5599 ς
2180 5524 2554 5599 Qod._i’atav.,
2572 5542 2664 5599 nec
2684 5527 2889 5599 poterit.
2920 5525 3236 5599 Padilirpuq
3261 5541 3352 5579 nec
3378 5526 3561 5595 potuit.

2129 5594 2155 5633 ¹¹
2181 5597 2377 5651 Homil.
2410 5596 2559 5650 Pauli
2591 5594 2761 5662 Dia'c.,
2813 5596 3044 5649 minutis.
3085 5596 3203 5649 Mox
3237 5594 3635 5667 ipro,'ntagniﬁ-

2056 5678 2191 5734 cata,
2220 5668 2362 5737 quod
2390 5668 2613 5737 legimus
2639 5669 2693 5723 in
2724 5670 2919 5722 nostris
2946 5665 3320 5737 Lectionariis,
3364 5665 3633 5722 editiante

2055 5740 2428 5864 erasaellum,
2471 5736 2705 5793 laudata.
2755 5738 2941 5794 Solum
2980 5736 3296 5801 Padiliron.,
3328 5738 3491 5809 magis
3520 5738 3633 5793 tau-
