3994 6354
294 349 399 407 ’τι

1761 343 1997 404 SERMO
2034 344 2177 403 XLII

3474 343 3584 406 818

292 460 369 515 tio
398 454 617 530 (latth.
653 473 711 524 x,
740 457 857 532 42).
886 458 963 514 Ex
985 457 1267 515 affectibus
1304 458 1445 513 enim
1483 458 1691 528 piorum
1731 458 1887 514 beni-
1915 460 1969 521 Α
1994 461 2110 529 ejus
2141 468 2290 517 esset
2313 457 2640 516 conditionis
2667 438 2826 529 cujus
2849 466 2933 516 est
2962 459 3224 530 corporis.
3274 457 3457 514 Primo
3483 458 3582 514 ita-

290 549 513 620 gnitatis
552 565 813 606 mensura
862 559 1105 617 taxatur;
1134 558 1185 605 et
1231 566 1518 620 numquam
1551 566 1673 605 eum
1718 552 1884 606 mise-

289 634 441 698 rendi
469 642 714 698 efﬁcacia
735 644 960 706 deserit,
984 644 1036 697 in
1060 658 1165 711 quo
1189 642 1556 697 misericordia
1582 644 1696 714 ipsa
1728 650 1753 682 ι
1776 659 1883 700 non

288 738 492 794 deficit.
524 739 759 809 Experta
812 749 895 794 est
947 739 1049 794 hoc
1077 741 1236 794 vidua
1282 750 1463 794 sancta
1522 740 1588 795 de
1634 741 1877 809 Sarepta,

284 844 405 898 qua
436 830 601 885 beato
640 830 774 886 Elite
808 832 860 886 in
899 840 1140 901 tempore
1163 831 1342 899 famis,
1371 834 1529 887 unius
1555 833 1659 886 diei
1680 832 1878 900 cibum,

285 938 444 989 quem
472 924 649 978 solum
682 923 939 990 habebat,
965 927 1210 995 apposuit
1244 922 1333 995 (lli
1360 924 1492 996 Reg.
1523 941 1653 992 xvtt,
1684 925 1798 998 1‘2),
1827 934 1882 983 et

284 1016 565 1084 prophetae
594 1014 622 1054 δ
656 1017 891 1072 esuriem
924 1016 1231 1072 necessitati
1261 1032 1373 1072 sum
1406 1018 1733 1088 praeferens,
1761 1018 1883 1072 exi-

281 1118 443 1177 gnum
478 1105 669 1163 farinae
700 1117 755 1162 et
780 1110 1030 1178 pusillum
1059 1110 1161 1164 olei
1194 1110 1570 1181 incunctanter
1600 1111 1875 1181 expendit.

280 1196 383 1252 Sed
410 1213 525 1252 non
550 1197 723 1253 defuit
751 1198 799 1253 ei
822 1199 963 1269 quod
989 1199 1219 1256 ﬁdeliter
1254 1201 1520 1271 erogavit,
1554 1212 1608 1257 et
1639 1204 1691 1257 in
1733 1202 1877 1258 vasis

281 1289 363 1359 pia
390 1287 658 1345 eﬂ'usione
686 1292 947 1358 vacuatis,
980 1291 1102 1346 fons
1131 1308 1284 1347 novae
1314 1305 1335 1332 ε
1360 1278 1629 1349 facultatis
1654 1302 1877 1351 exortus

278 1392 359 1438 est
388 1400 401 1436 :
426 1392 486 1437 ut
507 1385 709 1459 sanctis
728 1385 915 1439 usibus
942 1401 1047 1440 non
1068 1386 1405 1444 minueretur
1418 1389 1536 1459 ejus
1558 1388 1877 1445 substantia

278 1475 582 1547 plenitudo,
616 1479 769 1548 cujus
792 1495 898 1534 non
929 1478 1105 1535 fuerat
1136 1482 1418 1536 formidata
1451 1482 1704 1538 defectio.

274 1558 275 1561 “
345 1567 479 1624 αλιι.
506 1568 595 1624 lli.
618 1601 690 1611 —
710 1568 805 1626 His
826 1582 1001 1627 autem
1028 1572 1242 1642 studiis,
1274 1574 1628 1641 dilectissimi,
1661 1574 1727 1629 ad
1744 1589 1866 1645 quat

279 1673 376 1715 vos
401 1661 714 1717 voluntarie
756 1662 1077 1718 confidimus
1122 1673 1474 1734 praeparatos,
1507 1661 1535 1701 «ι
1567 1680 1673 1720 ηοη
1700 1666 1872 1720 ambi-

281 1755 413 1824 gatis
442 1752 747 1825 diabolum,
780 1756 872 1824 qui
920 1758 1158 1811 omnium
1191 1756 1450 1812 virtutum
1494 1766 1578 1814 est
1619 1758 1874 1813 adversa-

1990 560 2094 623 que
2116 553 2242 608 dolo
2273 564 2544 608 scrutatus
2573 560 2657 607 est
2677 568 2745 607 an
2771 556 2887 622 ipse
2930 560 3073 607 esset
3106 561 3131 599 κ
3159 550 3579 609 substantiarum

1987 656 2220 712 creator,
2242 648 2330 716 qui
2358 660 2538 701 rerum
2562 661 2940 715 corporearum
2974 653 3153 714 posset
3180 644 3209 682 ιι
3238 646 3289 698 in
3318 661 3450 715 quas
3466 645 3579 702 vel-

1988 735 2060 791 let
2090 748 2298 792 mutare
2328 747 2581 803 naturas;
2614 739 2875 803 secundo,
2903 752 2967 791 an
3000 738 3101 792 sub
3131 738 3377 791 humanae
3399 738 3577 793 carnis

1986 833 2167 901 specie
2202 833 2461 887 Divinltas
2483 834 2801 889 obumbrata
2827 842 3119 903 tegeretur,
3144 832 3231 888 cui
3253 831 3411 887 facile
3434 838 3578 889 esset

1983 924 2226 993 pervium
2269 924 2374 978 sibi
2426 940 2605 980 aerem
2638 925 2834 993 facere,
2881 935 2936 981 et
2972 936 3181 981 terrena
3226 941 3323 995 per
3347 940 3575 981 vacuum

1985 1015 2225 1071 membra
2256 1016 2475 1072 librare.
2507 1017 2615 1073 Sed
2642 1034 2762 1072 cum
2796 1019 2871 1073 illi
2898 1019 3156 1074 Dominus
3175 1019 3435 1089 justitiam
3461 1033 3575 1073 ma-

1983 1110 2173 1165 luisset
2202 1126 2476 1181 opponere
2509 1112 2622 1166 veri
2653 1111 2906 1178 hominis,
2942 1127 3103 1181 quam
3138 1113 3432 1181 potentiam
3460 1127 3572 1167 ma-

1980 1202 2236 1259 nifestare
2283 1203 2529 1269 Deitatis,
2572 1202 2638 1257 ad
2685 1204 2786 1259 hoc
2832 1201 3098 1257 convertit
3143 1203 3320 1258 tertia
3370 1202 3572 1258 fraudis

1978 1293 2274 1365 ingenium,
2299 1303 2363 1351 ut
2388 1310 2508 1351 eum
2539 1296 2591 1350 in
2614 1310 2721 1365 quo
2742 1295 2937 1349 divinae
2961 1294 3246 1363 potestatis
3273 1296 3425 1364 signa
3451 1308 3570 1349 ces-

1979 1397 2251 1455 saverant,
2282 1390 2590 1444 dominandi
2620 1390 2916 1457 cupiditate
2948 1394 3206 1456 tentaret,
3240 1394 3297 1443 et
3320 1388 3384 1442 ad
3408 1402 3570 1443 vene-

1978 1480 2237 1537 rationem
2270 1482 2353 1545 sui
2380 1496 2541 1552 regna
2565 1481 2749 1536 mundi
2776 1480 3089 1551 pollicendo
3116 1480 3443 1536 traduceret.
3459 1477 3568 1534 Sed

1976 1571 2320 1641 prudentiam
2351 1572 2547 1628 diaboli
2580 1573 2795 1629 stultam
2838 1572 2965 1628 fecit
2994 1572 3262 1644 sapientia
3292 1572 3429 1627 Dei:
3457 1568 3475 1609 ί
3507 1577 3568 1626 ut

1977 1665 2241 1733 superbus
2265 1662 2437 1720 hostis
2458 1666 2524 1720 de
2562 1680 2629 1721 eo
2664 1666 2805 1735 quod
2831 1665 3099 1734 quondam
3146 1666 3407 1735 ligaverat
3434 1664 3568 1733 liga-

1976 1768 2147 1825 retur,
2183 1772 2281 1812 nec
2306 1773 2428 1811 eum
2455 1764 2722 1813 metueret
2744 1758 3013 1827 persequi,
3043 1771 3199 1825 quem
3229 1770 3330 1826 pro
3362 1754 3565 1809 mundo

278 1844 408 1910 rius,
440 1845 688 1903 invidere
722 1856 745 1884 ο
772 1855 827 1903 et
862 1848 928 1903 ad
969 1849 1071 1904 hoc
1115 1854 1223 1905 vim
1269 1866 1382 1906 sua:
1414 1852 1760 1923 malignitatis
1793 1868 1879 1907 ar-
1909 1850 1959 1912 B
1984 1850 2269 1919 oportebat
2298 1850 2487 1905 occidi.

278 1952 448 2003 mare,
498 1947 555 1993 ut
588 1940 773 2009 pietati
803 1941 1024 2011 laqueos
1054 1942 1120 1997 de
1161 1943 1274 2013 ipsa
1309 1944 1508 2013 pietate
1554 1944 1872 2015 praetendat,

277 2040 327 2084 et
353 2044 491 2099 quos
517 2047 627 2085 non
658 2034 894 2100 potuerit
925 2034 1160 2102 dejicere
1186 2050 1282 2102 per
1308 2036 1681 2103 diffidentiam,
1711 2050 1876 2093 cone-

282 2128 367 2175 tur
398 2137 664 2191 superare
693 2140 788 2193 per
815 2125 1062 2194 gloriam.
1111 2126 1356 2181 Vicinum
1407 2137 1493 2184 est
1521 2128 1663 2183 enim
1712 2128 1872 2186 rectis

277 2217 582 2271 actionibus
629 2219 898 2288 superbiae
928 2220 1152 2286 malum,
1200 2231 1253 2275 et
1282 2220 1347 2275 de
1380 2222 1622 2291 proximo
1661 2238 1875 2293 semper

276 2307 566 2363 virtutibus
615 2310 898 2365 insidiatur
940 2312 1138 2366 elatio:
1170 2313 1291 2383 quia
1319 2313 1536 2369 difﬁcile
1562 2324 1642 2371 est
1669 2324 1727 2371 ut
1754 2317 1872 2371 lau-

276 2398 531 2454 dabiliter
554 2401 826 2455 viventem
862 2404 977 2456 laus
1002 2404 1231 2459 humana
1262 2421 1366 2459 non
1395 2408 1588 2476 capiat,
1641 2409 1766 2474 nisi,
1814 2416 1875 2462 ut

274 2493 542 2562 scriptum
575 2502 678 2559 est,
711 2496 798 2562 qui
843 2496 1117 2566 gloriatur,
1150 2499 1203 2550 in
1253 2499 1466 2552 Dontino
1513 2502 1761 2571 glorietur
1805 2502 1875 2574 (ll

275 2581 393 2639 Cor.
428 2601 488 2651 ι,
538 2586 653 2655 i7).
685 2586 851 2657 Cujus
882 2605 1009 2645 vero
1038 2591 1128 2645 ille
1167 2591 1337 2647 hostis
1375 2596 1734 2663 nequissimus
1765 2612 1873 2653 non

274 2678 472 2733 audeat
526 2680 840 2751 impugnare
889 2684 1264 2751 propositum?
1303 2686 1456 2755 cujus
1506 2704 1612 2741 non
1664 2696 1880 2759 appetat

276 2768 485 2826 violare
512 2772 822 2840 jejunium?
848 2775 1060 2842 quando
1086 2776 1353 2830 versutias
1374 2792 1515 2841 suas,
1546 2779 1681 2833 sicut
1704 2795 1840 2834 evan
1860 2809 1873 2818 -

277 2860 442 2930 gelica
478 2861 716 2918 lectione
762 2865 1083 2932 patefactum
1137 2876 1240 2934 est,
1275 2882 1373 2923 nec
1428 2869 1494 2923 ab
1522 2870 1637 2939 ipso
1688 2872 1874 2927 mundi

281 2950 565 3009 Salvatore
596 2956 895 3010 continuit?
924 2957 1305 3026 Expavescens
1337 2961 1479 3014 enim
1530 2962 1580 3015 in
1614 2961 1704 3017 illo
1745 2977 1875 3033 qua-

279 3042 525 3118 draginta
595 3048 803 3105 dierum
854 3050 1198 3121 noctiumque
1237 3051 1501 3123 jejunium
1530 3098 1544 3121 ,
1591 3055 1875 3124 explorare

284 3135 305 3175 ί
345 3138 703 3194 callidissime
732 3141 901 3196 voluit
926 3149 1103 3197 utrttm
1134 3142 1275 3199 hanc
1309 3146 1466 3217 159
1488 3146 1872 3204 continentiam

2048 1941 2179 1997 Car.
2212 1942 2302 1997 iV.
2337 1972 2407 1984 —
2437 1942 2605 2010 liuius
2631 1941 2793 2012 igitur
2813 1940 3108 1997 adversarii
3135 1940 3314 2006 dolos,
3346 1952 3451 1995 non
3468 1952 3564 1994 so-

1976 2035 2083 2091 lum
2112 2036 2163 2090 in
2199 2036 2468 2092 illecebris
2497 2036 2659 2107 gulae,
2692 2035 2788 2090 sed
2820 2036 2979 2090 etiam
3008 2036 3061 2088 in
3097 2032 3369 2103 proposito
3390 2032 3563 2088 absti-

1976 2129 2177 2184 nentim
2206 2141 2513 2183 caveamus.
2562 2129 2663 2195 Qui
2706 2128 2848 2181 enim
2897 2125 3056 2181 scivit
3102 2124 3337 2179 humano
3378 2122 3564 2193 generi

1976 2232 2204 2275 mortem
2238 2217 2437 2275 inferre
2462 2233 2557 2290 per
2585 2220 2787 2287 cibum,
2828 2217 2974 2273 novit
3012 2226 3067 2273 et
3120 2230 3217 2287 per
3246 2216 3418 2285 ipsum
3465 2229 3565 2269 no-

1975 2328 2098 2369 cere
2124 2312 2416 2383 jejunium;
2453 2313 2467 2364 l
2506 2320 2562 2368 et
2590 2312 2655 2366 ad
2696 2311 3020 2367 contrariam
3053 2308 3320 2373 fraudem,
3349 2304 3565 2361 famulis

1976 2406 2174 2459 utendo
2204 2403 2530 2468 Manichaeis,
2560 2402 2699 2459 sicut
2723 2403 2937 2473 impulit
2966 2400 3250 2457 interdicta
3282 2400 3560 2467 praesumi,

1977 2498 2050 2552 ita
2084 2497 2273 2553 suadet
2296 2512 2551 2551 concessa
2584 2496 2763 2551 vitari.
2786 2495 2943 2551 Utilis
2974 2492 3187 2563 quidem
3214 2500 3298 2548 est
3324 2486 3355 2529 ι
3378 2488 3568 2544 obser-

1975 2591 2180 2657 vantia,
2212 2604 2331 2658 quae
2358 2603 2519 2657 parco
2549 2597 2761 2643 assueta
2791 2588 2958 2654 victu,
2991 2586 3309 2641 deliciarum
3345 2580 3567 2639 cohibet

1976 2682 2305 2752 appetitum;
2330 2682 2422 2735 sed
2444 2695 2525 2733 vae
2556 2680 2771 2734 illorum
2798 2678 3057 2749 dogmati,
3085 2676 3224 2747 apud
3243 2688 3380 2747 quos
3399 2672 3567 2730 etiam

1972 2771 2269 2844 jej’unando
2300 2773 2457 2844 160
2482 2770 2762 2841 peccatur!
2799 2771 3062 2825 Damnant
3102 2769 3249 2825 enim
3287 2775 3567 2824 creatura-

1976 2882 2094 2922 rum
2123 2863 2146 2904 ι
2181 2875 2400 2920 naturas
2439 2865 2491 2919 in
2519 2862 2793 2919 Creatoris
2819 2862 3094 2932 injuriam,
3127 2866 3183 2916 et
3207 2853 3565 2916 contaminari

1976 2958 2198 3013 edentes
2228 2964 2478 3011 asserunt
2500 2955 2566 3009 iis
2594 2969 2823 3025 quorum
2864 2966 2971 3009 non
3021 2953 3207 3018 Deum,
3238 2950 3333 3006 sed
3361 2948 3568 3004 diabo—'

1979 3054 2087 3108 lum
2118 3051 2455 3108 conditorem
2481 3063 2603 3105 esse
2625 3048 2917 3114 deﬁniunt;
2948 3059 3074 3102 cum
3103 3057 3325 3114 prorsus
3352 3050 3397 3082 ιη
3416 3041 3565 3097 nulla

1979 3147 2047 3201 sit
2092 3144 2389 3200 substantia
2418 3142 2577 3207 mala,
2622 3156 2725 3197 nec
2754 3140 2923 3211 ipsius
2948 3137 3076 3193 mali
3098 3138 3168 3191 sit
3196 3136 3304 3192 ulla
3350 3142 3563 3190 natura.

281 3228 535 3286 donatam
562 3230 789 3288 haberet
816 3248 881 3288 an
910 3236 1184 3304 propriam
1210 3252 1224 3290 :
1257 3216 1448 3290 utnon
1482 3246 1748 3293 metueret
1778 3239 1872 3295 de-
1898 3216 1945 3281 ο
1976 3240 2168 3297 Omnia
2196 3238 2339 3293 enim
2370 3238 2506 3291 bona
2531 3236 2707 3291 bonus
2735 3242 2926 3289 auctor
2951 3230 3207 3298 instituit,
3238 3237 3294 3285 et
3322 3242 3461 3284 unus
3481 3229 3567 3282 est

279 3325 590 3394 captionum
636 3339 855 3381 suarum
904 3340 1067 3395 opera
1108 3328 1467 3393 resolvenda,
1523 3330 1570 3383 si
1623 3328 1869 3387 Christus

354 3508 382 3537 ι
415 3497 599 3575 Prima
627 3497 816 3575 editio,
844 3516 946 3555 non
963 3500 1336 3575 gefecitxDein
1371 3505 1499 3559 editi
1526 3514 1649 3561 ante
1676 3505 1877 3575 Quesn.

282 3577 338 3626 et
362 3571 579 3644 quidam
611 3570 770 3625 codd.
804 3580 927 3625 eum
951 3570 1157 3644 ﬂamil.
1185 3574 1335 3628 Pauli
1372 3576 1540 3641 Diac.,
1574 3570 1730 3631 vidua
1758 3576 1878 3644 illa,

283 3654 380 3722 pro
403 3642 562 3695 vidua
592 3652 789 3709 sancta,
821 3642 965 3712 quod
996 3645 1049 3699 in
1098 3644 1285 3700 iisdem
1328 3644 1683 3702 Lectionariis
1729 3642 1881 3705 inve;

285 3726 483 3766 nimus.

355 3779 385 3821 δ
410 3782 505 3838 Sic
529 3783 776 3852 plerique
807 3785 976 3838 nostri
1004 3784 1161 3839 codd.
1196 3792 1249 3839 et
1274 3784 1403 3840 editi
1450 3797 1575 3842 ante
1619 3786 1877 3853 Quesnel-

284 3852 416 3920 ium,
444 3854 587 3922 apud
606 3869 767 3922 quem
791 3870 910 3911 cum
941 3870 1041 3909 ms.
1073 3858 1258 3913 Patav.
1286 3866 1341 3909 et
1366 3856 1611 3923 Padilir.,
1629 3852 1875 3916 inediam.

284 3923 511 3998 Quidam
555 3923 714 3979 codd.
762 3927 1119 3993 posteriorum
1162 3927 1376 3982 collect.
1424 3942 1519 3998 pro
1564 3930 1880 3985 necessitatis

286 4012 391 4051 sua
406 3994 623 4071 habent
646 3998 963 4071 necessitatis
990 4015 1095 4071 suta
1121 4000 1391 4071 angustiae.

358 4076 379 4105 ο
406 4065 754 4139 Praeferenda
780 4069 891 4121 visa
920 4078 1002 4123 est
1041 4065 1209 4123 lectio'
1232 4070 1596 4135 probatiorum
1646 4070 1881 4139 quinque

292 4146 603 4208 nostrorum
636 4137 908 4204 codicum,
933 4155 1051 4208 quae
1082 4142 1205 4193 item
1233 4152 1310 4194 εει
1332 4139 1558 4194 duorum
1581 4137 1876 4206 Quesnelli.

291 4205 582 4262 Facultatis
614 4224 717 4263 vox
773 4209 912 4279 apud
952 4205 1179 4265 Latinos
1226 4212 1455 4265 sumitur
1498 4205 1880 4279 pro’ubertate

291 4287 345 4351 et
369 4279 724 4351 abundantia,
747 4295 906 4351 quam
936 4280 1072 4335 forte
1111 4280 1327 4351 quidam
1358 4282 1557 4335 librarii
1587 4297 1692 4335 non
1725 4284 1880 4350 plane

290 4348 1074 4422 intelligentes,substituerunt
1102 4348 1368 4419 ubertatis,
1395 4352 1539 4422 quod
1570 4356 1624 4407 ln
1652 4348 1775 4408 aliis
1796 4369 1880 4409 co-

289 4419 499 4491 dicibus
527 4430 583 4475 et
604 4421 761 4475 editis
792 4422 1005 4491 legitur.

352 4488 379 4528 (ι
396 4490 695 4545 Nonnulla:
723 4488 989 4546 editiones
1010 4503 1135 4547 ante
1162 4491 1619 4558 Quesnellianam,
1644 4509 1746 4546 non
1766 4510 1878 4547 am-

295 4562 533 4633 ﬁgimus.
566 4562 702 4619 Cod.
731 4562 943 4628 Patav.,
976 4580 1076 4615 non
1109 4564 1389 4632 ambigitis.
1441 4564 1586 4631 Mox,
1617 4565 1880 4617 diabolum

289 4634 519 4758 lomniulm
550 4634 793 4757 visi-tutum
837 4633 1189 4688 aduersarium
1227 4642 1311 4688 est
1341 4633 1391 4687 in
1420 4649 1551 4689 mss.
1596 4635 1740 4691 Vatt.
1769 4636 1881 4690 col-

312 4714 412 4758 ect.
504 4713 560 4758 et
621 4742 635 4756 .

312 4714 412 4758 ect.
442 4713 477 4758 4
504 4713 560 4758 et
583 4713 635 4757 5.

360 4783 382 4809 ο
408 4773 553 4845 Cod.
578 4773 787 4845 Patav,
825 4780 871 4828 et
909 4773 970 4827 ob
994 4789 1117 4845 sum
1143 4773 1477 4845 malignitatis
1517 4776 1744 4829 studium
1791 4792 1879 4830 ar-

294 4844 436 4896 mari.
463 4845 562 4918 Ms.
590 4843 906 4918 Padiliron.,
931 4844 1071 4918 ethad
1097 4843 1192 4898 hoc
1221 4843 1326 4918 sum
1355 4847 1691 4918 malignitatis
1731 4863 1879 4902 arma

292 4930 494 4980 parare.
526 4914 1097 4986 Quesnellusgstudium
1124 4916 1301 4984 posuit
1330 4934 1423 4982 pro
1454 4914 1588 4982 vim;
1611 4932 1770 4986 quam
1785 4933 1878 4972 vo.

294 4998 404 5063 cem
452 5000 519 5040 ex
568 4986 779 5040 caeteris
808 4984 969 5040 editis
1007 4994 1062 5041 et
1106 4987 1421 5043 melioribus
1456 4984 1879 5043 coddfrevoca-

294 5066 482 5109 vlmus.

364 5122 383 5197 ἰ
437 5124 529 5181 Sic
556 5140 621 5197 ex
648 5124 807 5197 codd.
838 5123 1098 5197 S.Petri,
1133 5127 1429 5185 Padiliron.
1462 5136 1516 5183 et
1546 5126 1730 5184 PataV.
1763 5130 1872 5197 AL,

294 5196 493 5251 callide.
551 5193 718 5250 Paulo
763 5205 893 5267 post
916 5195 969 5249 in
1015 5195 1176 5251 editis
1224 5210 1348 5253 ante
1379 5198 1605 5267 Quesn.,
1636 5193 1878 5255 solvenda

295 5280 385 5335 pro
409 5267 727 5338 resoluenda,
757 5266 900 5337 quod
931 5268 1100 5323 nostri
1129 5283 1259 5323 mss.
1294 5266 1616 5338 approbant.

360 5338 539 5405 9Cod.
576 5336 787 5405 Patav.,
817 5337 1251 5392 substantivarum
1278 5336 1452 5394 rerum
1480 5348 1698 5395 creator.

360 5403 602 5481 [Prima
644 5403 812 5464 editio
855 5410 1243 5481 etmseBoni.)
1289 5410 1343 5464 in
1378 5427 1479 5481 quo
1524 5410 1692 5466 vellet.
1739 5410 1872 5466 Alite

295 5478 579 5553 editiones,
596 5481 663 5553 _in
692 5494 804 5549 qua
826 5478 1008 5553 uellet;
1046 5480 1153 5553 duo
1186 5480 1334 5547 νει,
1366 5478 1420 5534 in
1450 5482 1621 5553 quod;
1659 5481 1869 5548 Patav.,

298 5550 348 5605 in
392 5552 535 5620 quid.
586 5549 981 5621 Congruentior
1026 5551 1141 5607 visa
1170 5561 1253 5607 est
1282 5549 1697 5607 lectiu'duorum
1739 5567 1871 5607 mss.

295 5622 347 5677 S.
380 5622 570 5693 Petri”
596 5621 717 5677 cod.
753 5621 1047 5677 Padiliron.
1098 5632 1153 5678 et
1193 5622 1519 5693 exemplaris
1568 5622 1717 5677 Pauli
1748 5622 1874 5677 Dia-

296 5693 434 5747 coni.
468 5691 634 5748 Paulo
664 5703 814 5763 post,
850 5695 902 5746 in
933 5694 1105 5749 tribus
1145 5691 1529 5759 Lectionariis,
1564 5705 1609 5747 et
1649 5703 1873 5747 terrenos

296 5774 428 5818 srtsts
462 5781 550 5831 per
579 5766 731 5818 inane
758 5764 963 5817 librare.

366 5834 381 5872 ί
419 5835 561 5890 Editi
607 5843 732 5891 ante
777 5836 980 5902 Queen.
1029 5845 1083 5891 et
1133 5835 1328 5891 Homil.
1362 5832 1515 5891 Pauli
1542 5833 1718 5902 Diac.,
1751 5852 1873 5893 cum

1902 4809 1959 4872 Β

1977 3332 2350 3386 universarum
2383 3342 2562 3383 rerum
2594 3333 2823 3392 creator,
2854 3324 2945 3397 qui
2971 3322 3094 3396 fecit
3138 3319 3323 3377 colum
3364 3326 3419 3376 st
3458 3327 3567 3374 ter-

1985 3507 2188 3577 aliquot
2240 3506 2423 3574 codd.,
2472 3513 2530 3559 ut
2572 3502 2814 3575 superbus
2858 3502 3017 3556 hostis
3063 3498 3321 3555 hominem
3359 3497 3561 3568 uidens,

1982 3594 2131 3649 quem
2159 3577 2439 3647 aliquando
2485 3581 2813 3649 superaverat
2832 3615 2846 3638 ,
2881 3588 2983 3649 non
3031 3578 3275 3649 Miseret
3304 3586 3421 3649 eum
3451 3586 3567 3641 per-

1982 3640 2145 3717 sequi,
2178 3640 2327 3718 quem
2354 3665 2446 3719 pro
2469 3640 2705 3719 omnibus
2737 3647 3001 3719 oportebat
3029 3643 3217 3719 occidi.
3252 3640 3567 3719 Lectionem

1982 3737 2010 3772 a
2053 3711 2361 3787 'Quesnello'
2396 3718 2668 3772 inductam
2694 3711 3054 3787 _auctoritate
3120 3714 3348 3767 duorum
3402 3711 3561 3766 codd.

1984 3784 2203 3860 optima:
2250 3798 2389 3844 notae
2416 3788 2661 3860 Corbret
2692 3785 2827 3860 Reg.
2860 3784 3216 3860 retiuuimus,_
3252 3796 3563 3860 cum‘con:

1982 3851 2229 3915 ﬁrmetur
2275 3862 2439 3915 etiam
2488 3851 2787 3927 potioribus
2838 3858 3038 3927 nostris
3080 3853 3239 3927 codd.
3288 3852 3347 3908 S.
3390 3851 3560 3927 Petri,

1984 3931 2304 3995 Padiliron.,
2353 3925 2537 3985 Patav.
2585 3938 2638 3983 et
2688 3943 2815 3982 mss.
2866 3926 3201 3995 ϐοηθεῖτε,
3255 3940 3320 3995 ex
3372 3925 3564 3995 quibus

1983 4003 2233 4057 omnibus
2282 3993 2375 4069 pro
2422 4000 2614 4056 mundo
2660 3999 2992 4066 scripsimus,
3043 3994 3137 4050 ubi
3178 3994 3321 4064 apud
3355 3993 3561 4059 Quesn.

1980 4090 2072 4145 pro
2104 4073 2338 4127 omnibus
2367 4074 2576 4145 legitur.

2055 4145 2070 4195 t
2112 4145 2287 4212 Aliqui
2340 4134 2497 4200 codd.
2550 4140 2912 4212 posteriorum
2962 4134 3176 4212 collect.
3230 4134 3564 4212 cum_editi_s

1983 4226 2106 4269 ante
2136 4204 2360 4278 Que~n.,
2380 4226 2425 4267 et
2456 4213 2525 4266 ad
2554 4204 2823 4265 contraria:
2845 4208 3042 4276 fraudis
3071 4204 3343 4278 eiectum,
3354 4205 3565 4278 famulis

1981 4273 2177 4337 utenda
2216 4273 2539 4347 Manichwis,
2589 4283 2721 4334 sicut
2764 4273 2854 4351 per
2881 4285 3161 4351 serpentem
3190 4273 3367 4329 intulit
3402 4277 3565 4351 inter:-

1983 4356 2121 4408 dicta
2154 4355 2411 4421 prazsumi,
2459 4346 2533 4405 ita
2564 4367 2650 4419 per
2695 4346 3105 4421 fantemsuadet
3116 4361 3365 4421 concessa
3385 4346 3561 4400 vitari.

1982 4416 2323 4479 Praetulimus
2374 4416 2659 4479 lectionem
2691 4416 2847 4489 quam
2878 4418 3197 4486 Quesnellus
3226 4416 3399 4489 e_suis
3425 4431 3559 4473 mss.

1982 4496 2276 4556 substituit,
2298 4496 2493 4563 quippe
2521 4508 2678 4563 quam
2711 4487 3406 4563 cohaerenteminvenimus
3438 4503 3562 4563 cum

1984 4567 2181 4621 nostris
2213 4556 2475 4631 superiori
2524 4556 2867 4618 annotatione
2897 4559 3154 4623 laudatis;
3193 4573 3296 4631 qua
3329 4556 3564 4631 lectione

1982 4639 2120 4691 sicut
2167 4628 2576 4706 expungendum
2628 4633 2743 4701 fuit,
2793 4649 2882 4701 per
2924 4639 3229 4706 serpentem,
3279 4628 3351 4682 ita
3401 4629 3561 4706 etiam

1982 4700 2393 4778 expungendum
2439 4716 2575 4778 erat,
2627 4700 2966 4778 perfamem,
3009 4700 3152 4769 quod
3195 4700 3565 4778 tamenHQuef

1985 4768 2191 4833 snéllus
2236 4779 2483 4842 retinuit;
2523 4768 2675 4831 deest
2720 4768 2899 4828 autem
2954 4774 3007 4826 in
3032 4768 3248 4827 nostris
3290 4768 3477 4835 codd.,
3508 4776 3565 4824 et

1986 4850 2199 4917 abipso
2229 4863 2389 4904 sensu
2421 4850 2632 4901 videtur
2660 4845 2887 4917 excludi.

2055 4909 2319 4980 k'Editi.
2390 4918 2714 4973 abstinentia.
2783 4911 3062 4969 Maluimus
3116 4909 3436 4966 obseruantia
3498 4924 3565 4965 ex

1987 4990 2187 5046 nostris
2237 4988 2455 5057 optimae
2486 4998 2626 5043 not-.e
2669 4986 3061 5057 Lectionariis,_
3092 4995 3216 5039 cum
3262 4982 3567 5057 presertim

1985 5059 2103 5116 haec
2136 5075 2243 5115 vox
2272 5052 2370 5130 pro
2389 5060 2594 5131 jejunio
2630 5052 3275 5131 sunipta_apud_i..eonem
3306 5052 3567 5131 frequen-

1987 5139 2070 5186 ter
2096 5122 2368 5197 occurrat,
2389 5122 2477 5184 ἰιῐί
2505 5144 2571 5183 ex
2612 5122 2774 5183 serm'.
2804 5122 2977 5196 the.
3013 5125 3068 5193 1,
3099 5140 3263 5181 serm.
3295 5122 3390 5197 t9,
3412 5122 3478 5177 ’c.
3509 5122 3563 5197 ξ,

1986 5215 2152 5256 serm.
2202 5202 2290 5267 7i,
2338 5190 2389 5257 ὁ.
2443 5202 2495 5269 1,
2530 5214 2695 5258 serm.
2728 5199 2815 5260 75,
2847 5190 2897 5255 c.
2931 5200 2985 5269 i_.
3017 5190 3073 5253 et
3099 5210 3264 5269 term.
3303 5194 3405 5269 86,
3428 5209 3478 5247 c.
3507 5190 3561 5259 3,

1986 5238 2897 5326 "aiiiiiiidiéiui'taébb'tié
3018 5238 3332 5334 attinnt-itote
3366 5238 3563 5321 sacra:

1986 5344 2219 5398 mentarii
2255 5341 2585 5407 Veronensis,
2630 5358 2747 5408 pag.
2781 5341 2871 5397 89.
2904 5341 2960 5395 in
2992 5341 3092 5393 hoc
3134 5337 3253 5406 ipso
3283 5349 3560 5408 sermone,

1980 5428 2031 5468 c.
2059 5415 2113 5475 5.
2145 5414 2213 5468 de
2242 5405 2809 5483 Manichteisjdicitur,
2855 5412 2943 5483 qui
2981 5425 3076 5463 sua
3119 5405 3343 5462 maxime
3389 5405 3565 5483 obser-

1979 5485 2149 5538 vantia
2166 5483 2489 5553 polluuntur.
2520 5482 2646 5539 Mox
2673 5485 2725 5539 in
2754 5474 2937 5538 Patav.
2970 5493 3073 5535 ms.
3105 5492 3206 5549 pro
3225 5490 3381 5548 parce
3402 5474 3565 5531 habe-

1980 5564 2065 5609 tur
2090 5569 2265 5609 υανυο.

2058 5572 2350 5680 λριαιὲυῗιῖεε.
2397 5622 2457 5682 S.
2510 5624 2654 5680 Petri
2678 5666 2691 5687 ,
2741 5622 3027 5678 Padiliron.
3061 5626 3116 5673 et
3142 5614 3328 5671 Patsv.
3361 5614 3568 5671 Homil.‘

1984 5697 2131 5751 Pauli
2185 5695 2357 5761 Diac.,
2412 5706 2633 5750 creatam
2682 5704 2935 5747 naturam.
2986 5688 3169 5755 Editi,
3209 5696 3565 5743 creaturarum

1982 5777 2237 5821 naturam.

2053 5847 2092 5874 ¹¹
2123 5838 2259 5893 Cod.
2291 5838 2504 5904 Patav.,
2526 5838 2721 5889 nullum
2747 5834 2810 5886 sit
2839 5831 3137 5887 substantia
3158 5827 3375 5888 nulum.
