3994 6354
562 375 672 431 283

1694 355 1752 410 S.
1792 348 2039 407 LEONIS
2079 345 2290 401 MAGNI
2332 345 2709 401 SERMONES,

3718 341 3815 402 281

561 480 750 554 judicii
780 492 968 537 errore
1009 475 1258 548 superior
1295 480 1377 529 est
1425 471 1744 541 plerumque
1790 463 1955 535 iniqui
1993 472 2152 516 causa
2180 458 2235 520 Δ
2259 458 2404 525 Quos
2434 457 2697 511 charitate
2722 454 2901 510 debita
2928 467 3357 521 commonemus,
3391 461 3450 507 ut
3476 466 3581 511 non
3606 451 3721 509 ideo
3745 456 3814 511 si-

565 591 726 647 quam
755 575 923 646 justi,
952 573 1185 628 vicinum
1222 569 1384 625 nimis
1411 576 1571 635 atque
1607 564 1917 633 contiguum
1948 568 2025 615 est
2051 603 2064 627 ,
2094 562 2151 611 ut

564 670 732 727 etiam
753 683 978 739 magnos
1005 668 1214 720 animos
1245 664 1347 718 ista
1379 669 1404 698 ἰ
1427 660 1740 715 concutiant
1768 667 1823 713 et
1859 658 1914 711 in
1935 650 2151 724 aliquod

570 766 777 820 illicita:
798 756 1126 817 causationis
1148 769 1389 809 murmur
1412 752 1708 823 impellant.
1732 748 2006 819 Siquidem
2034 745 2150 801 istis

570 848 925 908 varietatibus
954 849 1113 904 etiam
1145 842 1637 901 excellentissimus
1684 842 1943 911 propheta
1984 836 2153 893 David

568 956 745 1012 usque
766 940 831 996 ad
857 939 1153 1011 periculum
1176 952 1238 993 se
1263 936 1539 992 turbatum
1563 934 1876 1004 proﬁtetur,
1903 941 1958 987 et
1981 929 2111 985 dicit
2136 946 2151 982 :

572 1034 628 1091 ll!
633 1035 678 1090 ei
704 1038 872 1089 autem
893 1047 1020 1104 pene
1055 1032 1180 1084 moti
1200 1040 1320 1085 sunt
1343 1029 1515 1098 pedes,
1541 1043 1665 1098 pene
1689 1018 1840 1091 effusi
1870 1033 1987 1077 sunt
2016 1037 2157 1094 gres-

569 1145 658 1185 sus
688 1129 806 1192 mei,
833 1128 959 1198 quia
976 1125 1137 1181 celaui
1158 1126 1212 1178 in
1243 1122 1613 1194 peccatoribus,
1644 1135 1817 1190 pacem
1836 1126 2159 1187 peccatorum

571 1220 749 1275 uidens
779 1216 953 1291 (Psal.
978 1232 1150 1286 Lxxu,
1172 1217 1254 1285 2).
1284 1215 1438 1270 Unde
1468 1215 1591 1284 quia
1620 1225 1907 1282 paucorum
1938 1218 2023 1263 est
2046 1214 2157 1262 tam

575 1311 751 1367 solida
770 1309 1055 1375 fortitudo,
1077 1318 1135 1363 ut
1150 1308 1297 1362 nulla
1318 1305 1737 1375 inaequalitatum
1756 1300 2159 1372 perturbatione

579 1403 907 1473 quatiantur,
940 1408 997 1454 et
1026 1400 1225 1453 multos
1254 1396 1489 1451 ﬁdelium
1528 1410 1635 1449 non
1673 1394 1899 1448 adversa
1931 1398 2157 1456 tantum,

579 1493 676 1549 sed
704 1494 864 1547 etiam
890 1490 1129 1546 secunda
1157 1496 1528 1555 corrumpant,
1563 1484 1816 1539 sanandis
1846 1482 2163 1538 vulneribus

582 1589 778 1657 quibus
809 1589 1038 1642 humana
1072 1585 1356 1639 inﬁrmitas
1385 1585 1680 1649 sauciatur,
1704 1582 1935 1651 diligens
1962 1590 2045 1638 est
2071 1581 2164 1636 ad-

583 1681 813 1736 hibenda
841 1681 1071 1735 curatio.
1102 1679 1227 1735 Ideo
1254 1679 1397 1732 enim
1422 1678 1489 1732 de
1511 1677 1763 1746 periculis
1788 1676 1978 1746 quibus
2010 1690 2165 1728 mun-

580 1773 682 1829 dus
716 1772 803 1827 hic
832 1772 1023 1842 plenus
1051 1781 1132 1827 est
1160 1769 1402 1840 quaedam
1430 1768 1673 1823 breviter
1702 1768 1967 1838 percurri,
2000 1774 2061 1821 ut
2083 1765 2167 1819 di-

582 1873 743 1922 cente
772 1864 1047 1934 Scriptura
1093 1880 1105 1915 :

586 1975 694 2021 cor,
722 1967 807 2011 aut
829 1958 1076 2010 mundum
1094 1972 1147 2010 se
1182 1971 1289 2009 esse
1321 1972 1352 2007 a
1377 1962 1581 2023 peccato
1609 1951 1792 2021 (Prov.
1824 1966 1915 2018 xx,
1945 1950 2035 2017 9)?
2063 1966 2174 2004 om-

587 2067 685 2107 nes
721 2052 823 2106 sibi
864 2050 1165 2116 intelligant
1204 2048 1525 2103 delictorum
1563 2044 1952 2114 indulgentiam
1987 2052 2041 2098 et
2080 2059 2169 2097 re-

588 2144 885 2213 parationis
913 2142 1277 2197 necessariam
1303 2154 1423 2194 esse
1448 2138 1788 2193 medicinam.

659 2234 788 2290 CAP.
821 2234 909 2292 111.
931 2263 1002 2276 --
1022 2234 1249 2300 Quando
1278 2243 1456 2286 autem
1488 2230 1864 2300 opportunius,
1896 2226 2174 2283 dilectissi-

588 2329 682 2397 mi,
717 2329 781 2382 ad
812 2329 1046 2383 remedia
1072 2329 1253 2383 divina
1281 2326 1309 2364 δ
1336 2326 1694 2388 decurrimus,
1721 2339 1877 2393 quam
1910 2338 2030 2376 cum
2059 2321 2173 2388 ipsa

588 2420 747 2475 nobis
793 2428 1132 2474 sacramenta
1184 2416 1569 2486 redemptionis
1614 2426 1815 2468 nostra:
1873 2423 2176 2481 temporum

590 2510 710 2580 lege
742 2510 1080 2565 referuntur?
1110 2509 1242 2575 Quae
1278 2518 1336 2561 ut
1373 2508 1584 2576 dignius
1620 2506 1957 2561 celebremus
1981 2545 1995 2569 ,
2035 2504 2179 2557 salu-

591 2602 828 2658 berrime
871 2617 967 2656 nos
1014 2602 1366 2674 quadraginta
1412 2601 1620 2654 dierum
1657 2599 1859 2667 jejunio
1907 2611 2176 2666 prmpare-

595 2708 734 2747 mus.
767 2694 880 2747 Non
913 2694 1056 2749 enim
1095 2694 1131 2747 ii
1170 2702 1373 2746 tantum
1411 2692 1497 2760 qui
1530 2706 1627 2760 per
1653 2690 1841 2743 mortis
1867 2688 2065 2743 Chrisd
2095 2703 2179 2743 re-

591 2786 1051 2855 surrectionisque
1110 2786 1264 2856 165
1319 2784 1637 2854 mysterium
1683 2784 1733 2836 in
1775 2798 1969 2837 novam
2017 2783 2181 2836 vitam

592 2878 862 2947 baptismo
893 2888 1019 2933 sunt
1050 2889 1070 2917 ο
1102 2888 1460 2946 rcgetterattte
1487 2877 1720 2943 venturi,
1755 2876 1848 2930 sed
1882 2876 2041 2929 etiam
2071 2890 2183 2927 0m-

598 2986 695 3026 nes
750 2971 934 3041 populi
987 2979 1328 3037 renatorum,
1381 2969 1586 3024 utiliter
1636 2968 1740 3023 sibi
1786 2976 1842 3022 et
1881 2966 2182 3022 necessarie

602 3062 919 3131 prmsidiu
954 3063 1115 3131 hujus
1148 3062 1598 3116 sanctiﬁcationis
1646 3069 1957 3114 assumunt:
1997 3058 2097 3123 illi,
2126 3066 2185 3113 ut

600 3168 721 3224 qum
772 3154 1008 3209 nondum
1056 3153 1293 3217 habent,
1349 3153 1648 3221 accipiant;
1691 3152 1805 3217 iSIi,
1865 3160 1923 3205 ut
1964 3161 2183 3219 accepta

2254 552 2421 605 himet
2449 549 2814 613 blandiantur,
2845 548 2968 619 quia
3013 547 3168 603 nobis
3204 544 3550 609 conscientias
3594 544 3816 615 singulo-

2254 661 2369 700 rum
2400 655 2585 715 patere
2612 659 2721 698 non
2746 648 2999 712 possunt,
3021 656 3144 696 cum
3171 643 3357 696 oculos
3386 639 3486 695 Dei
3512 638 3667 697 simul
3709 643 3819 696 uni-

2254 752 2408 792 versa
2442 737 2735 799 cernentis,
2780 748 2887 789 non
2919 732 3097 787 abdita
3138 734 3403 798 locorum,
3433 744 3538 784 non
3572 731 3821 798 parietum

2257 838 2408 899 septa
2433 828 2741 891 secludant;
2769 840 2865 879 nec
2884 824 3057 877 solum
3081 825 3128 878 ei
3156 833 3272 877 acta
3296 832 3350 877 et
3372 822 3625 891 cogitata,
3650 836 3822 877 verum

2258 934 2314 977 et
2333 921 2533 990 agenda
2557 928 2612 973 et
2634 918 2917 988 cogitanda
2941 917 3046 971 sint
3067 917 3300 986 cognita.
3323 912 3431 969 Ista
3460 929 3586 983 ergo
3614 915 3823 970 scientia

2261 1014 2454 1070 summi
2478 1012 2695 1081 judicis,
2723 1011 2827 1065 iste
2858 1020 2938 1065 est
2965 1010 3279 1065 tremendus
3306 1016 3579 1077 aspectus,
3612 1007 3696 1061 cui
3727 1022 3827 1077 per-

2258 1108 2403 1163 vium
2436 1116 2517 1161 est
2544 1121 2700 1160 omne
2722 1104 2972 1171 solidum,
3005 1114 3057 1159 et
3085 1113 3330 1173 apertum
3360 1104 3826 1181 omnesecret’um;

2260 1202 2346 1258 cui
2369 1200 2594 1256 obscura
2617 1202 2838 1264 clarent,
2871 1208 3015 1255 muta
3033 1198 3385 1268 respondent,
3417 1197 3686 1253 silentium
3705 1212 3828 1253 con-

2264 1294 2466 1359 ﬁtetur,
2497 1300 2553 1348 et
2582 1294 2697 1347 sine
2721 1307 2851 1345 voce
2881 1306 3034 1346 mens
3054 1290 3310 1360 loquitur.
3338 1288 3509 1343 Nemo
3534 1290 3832 1357 patientiam

2264 1385 2521 1442 bonitatis
2570 1385 2665 1439 Dei
2699 1384 2877 1453 (Rom.
2922 1398 2981 1449 ιι,
3010 1382 3064 1454 ι)
3114 1382 3179 1437 de
3230 1388 3571 1450 peccatorum
3625 1394 3834 1436 suorum

2265 1480 2585 1551 impunitate
2605 1485 2949 1542 contemnat;
2985 1491 3083 1531 nec
3119 1475 3243 1531 ideo
3269 1474 3419 1529 illum
3470 1474 3701 1528 aestimet
3736 1488 3836 1530 non

2265 1574 2553 1639 oﬁ‘ensum,
2601 1572 2726 1643 quia
2767 1570 2996 1627 necdum
3050 1578 3135 1625 est
3178 1576 3434 1637 expertus
3477 1567 3694 1631 iratum.
3729 1566 3835 1623 Non

2268 1677 2394 1721 sunt
2419 1665 2594 1733 longa:
2617 1664 2741 1716 vita:
2772 1660 3013 1715 mortalis
3054 1659 3308 1723 induciae,
3344 1671 3449 1725 nec
3488 1655 3736 1711 diuturna
3764 1666 3840 1712 est

2268 1759 2486 1814 licentia
2518 1755 2884 1825 insipientium
2918 1751 2939 1792 ί
2966 1753 3302 1808 voluntatum
3323 1752 3379 1808 in
3409 1759 3734 1806 internarum
3756 1750 3841 1805 do-

1155 1838 1280 1927 Quis
1326 1861 1631 1933 gloriabitur
1658 1869 1856 1912 castum
1894 1874 1949 1911 se
1986 1856 2171 1913 habere
2198 1838 2247 1900 Β
2275 1853 2443 1907 iorem
2474 1850 2764 1905 transitura
2791 1863 3097 1919 plenarum,
3120 1847 3165 1902 si
3189 1846 3315 1902 dum
3342 1845 3563 1915 iustitia:
3586 1841 3844 1903 sententia

2273 1943 2642 2013 suspenditur,
2678 1941 3009 2007 paenitentiae
3032 1939 3297 1995 medicina
3330 1954 3433 1993 non
3456 1938 3736 2009 qumritur.

2342 2038 2470 2092 (In.
2504 2035 2592 2089 IV.
2617 2063 2686 2075 —
2712 2032 3092 2103 Conlugiamus
3120 2032 3278 2102 igitur
3299 2031 3363 2085 ad
3388 2039 3713 2100 praesentem
3741 2030 3847 2085 ubi-

2272 2142 2377 2196 que
2411 2127 2568 2198 166
2598 2124 3020 2179 misericordiam
3050 2122 3172 2189 Dei,
3205 2131 3259 2180 et
3290 2131 3347 2177 ut
3377 2132 3622 2178 sanctum
3655 2119 3848 2179 Pascha

2274 2219 2487 2273 Domini
2513 2218 2669 2286 digna
2700 2216 3037 2270 observantia
3062 2214 3388 2277 celebretur,
3408 2223 3432 2262 8
3463 2222 3850 2281 cunctorumse

2277 2311 2516 2367 ﬁdelium
2538 2310 2698 2364 corda
2720 2309 3074 2364 sanctiﬁcent.
3104 2309 3345 2367 Mitescat
3368 2308 3593 2373 saevitia,
3621 2320 3852 2361 mansue-

2276 2412 2391 2457 scat
2420 2400 2718 2467 iracundia,
2754 2400 3031 2455 remittant
3058 2399 3160 2454 sibi
3189 2412 3378 2453 omnes
3412 2397 3596 2466 culpas
3638 2396 3853 2453 invicem

2278 2509 2421 2560 suas,
2455 2509 2553 2549 nec
2574 2502 2793 2549 exactor
2824 2492 2892 2547 sit
2920 2491 3193 2555 vindictae,
3224 2490 3317 2561 qui
3340 2490 3535 2559 petitor
3562 2498 3651 2544 est
3674 2490 3853 2545 venire.

2280 2589 2531 2644 Dicentes
2560 2588 2701 2642 enim
2748 2602 2760 2639 :
2800 2583 3013 2637 Dimitte
3041 2584 3185 2637 nobis
3220 2583 3388 2637 debita
3426 2591 3627 2651 nostra,
3670 2580 3794 2635 sicut
3814 2587 3857 2634 et

2281 2698 2373 2735 nos
2404 2680 2709 2734 dimittimus
2732 2677 3040 2731 debitoribus
3065 2675 3252 2730 nostris
3277 2672 3491 2744 (Matth.
3515 2687 3593 2737 γι,
3624 2670 3747 2744 12);
3772 2672 3859 2728 du-

2282 2772 2508 2828 rissimis
2548 2784 2648 2825 nos
2678 2769 2906 2824 vinculis
2934 2768 3221 2836 illigamus,
3254 2766 3355 2819 nisi
3382 2766 3523 2834 quod
3550 2766 3854 2833 proﬁtemur

2284 2864 2622 2932 impleamus.
2674 2859 2829 2917 Unde
2870 2860 2916 2913 si
2960 2858 3217 2912 orationis
3255 2856 3414 2925 hujus
3445 2855 3861 2911 sacratissimum

2288 2966 2495 3027 pactum
2542 2969 2648 3009 non
2687 2962 2795 3007 tota
2828 2952 2912 3005 sui
2950 2950 3259 3007 conditione
3293 2955 3564 3003 servatum
3593 2954 3701 3014 est,
3734 2960 3864 3009 nunc

2288 3050 2476 3103 saltem
2508 3045 2888 3102 conscientiam
2919 3058 3069 3098 suam
3092 3041 3457 3110 unusquisque
3484 3047 3796 3109 cognoscat,
3817 3046 3866 3093 et

2291 3141 2477 3194 alienis
2518 3136 2843 3207 ignoscendo
2882 3132 3115 3198 delictis,
3148 3130 3490 3188 abolitionem
3523 3144 3745 3184 suorum
3775 3128 3865 3184 ob-

603 3244 933 3301 custodiant.
964 3246 1186 3300 Dicente
1237 3210 1483 3314 namque
1510 3244 1773 3313 Apostolo
1800 3261 1812 3295 :
1845 3244 1941 3308 Qui
1973 3251 2073 3296 stat
2097 3210 2185 3295 'vi-
2211 3210 2256 3273 Ο
2291 3235 2455 3289 tineat
2499 3242 2859 3302 peccatorum.
2886 3225 2915 3265 ιι
2963 3227 3186 3283 Dicente
3227 3236 3460 3292 namque
3505 3222 3740 3277 Domino
3770 3238 3781 3272 :
3815 3219 3869 3276 Si

600 3339 718 3399 deat
746 3357 809 3396 ne
837 3342 986 3396 cadat
1016 3339 1057 3410 (l
1078 3339 1199 3395 Cor.
1228 3356 1286 3405 x,
1315 3340 1423 3409 12),
1458 3354 1617 3393 nemo
1644 3348 1727 3393 est
1759 3346 1901 3391 tanta
1933 3336 2186 3390 ﬁrmitate

602 3434 878 3500 suffultus,
914 3442 971 3487 ut
998 3434 1067 3488 de
1095 3433 1387 3487 stabilitate
1418 3447 1513 3486 sua
1540 3431 1737 3486 debeat
1776 3444 1895 3485 esse
1940 3442 2183 3483 securus.

606 3527 832 3583 Utamur
863 3525 1045 3595 igitur,
1068 3524 1425 3590 dilectissimi,
1454 3523 1793 3577 saluberrimi
1816 3519 2077 3589 temporis
2098 3534 2189 3573 ve-

607 3618 943 3676 nerabilibus
972 3618 1253 3684 institutis,
1284 3626 1339 3671 et
1369 3614 1686 3670 sollicitiore
1717 3629 1847 3668 cura
1871 3612 2051 3667 cordis
2090 3626 2190 3666 no-

609 3714 705 3769 5tri
736 3708 762 3749 δ
790 3711 1007 3781 specula
1036 3722 1325 3780 tergamus.
1357 3707 1762 3773 Quantumlibet
1791 3706 1933 3760 enim
1966 3712 2114 3759 caste
2139 3710 2194 3757 et

608 3805 789 3859 sobrie
840 3804 1081 3858 mortalis
1114 3803 1229 3857 hate
1281 3801 1390 3855 vita
1436 3800 1686 3864 ducatur,
1738 3797 1971 3867 quodam
2014 3806 2193 3850 tamen

611 3895 831 3965 pulvere
862 3903 1093 3949 terrena:
1144 3892 1572 3947 conversationis
1602 3892 1927 3959 aspergitur,
1968 3897 2023 3942 et
2053 3887 2195 3942 nitor

615 3986 874 4042 mentium
914 3986 979 4039 ad
1014 3984 1109 4042 Dei
1150 3985 1439 4054 imaginem
1491 3983 1831 4037 conditarum
1896 3995 2003 4035 non
2052 3981 2121 4034 ita
2163 3995 2195 4035 a

616 4078 762 4134 fumo
803 4077 968 4131 totius
1013 4076 1266 4131 vanitatis
1316 4075 1523 4129 alienus
1568 4084 1672 4139 est,
1728 4080 1783 4127 ut
1829 4074 1973 4127 nulla
2026 4073 2198 4142 possit

615 4173 775 4229 sorde
806 4171 1029 4235 fuscari,
1053 4178 1108 4225 et
1137 4185 1243 4223 non
1267 4183 1482 4238 semper
1511 4168 1748 4236 indigeat
1777 4165 2025 4235 expoliri.
2046 4164 2200 4232 Quod

617 4268 659 4323 si
685 4265 845 4321 etiam
867 4262 1193 4317 cautissimis
1220 4262 1416 4315 animis
1450 4260 1816 4314 necessarium
1850 4269 1952 4323 est,
2001 4268 2201 4327 quanto

616 4358 723 4413 illis
752 4356 982 4425 amplius
1008 4361 1093 4408 est
1126 4352 1511 4423 expetendum,
1564 4352 1654 4419 qui
1707 4360 1816 4405 tota
1845 4359 1866 4385 ο
1916 4347 2028 4403 fere
2076 4350 2203 4403 anni

618 4450 785 4519 spatia
807 4458 899 4502 aut
920 4449 1166 4503 securius
1188 4456 1280 4501 aut
1306 4445 1447 4501 forte
1470 4443 2205 4514 negligentiustransicrunt?

698 4656 723 4685 ι
754 4644 1039 4713 Exemplar
1064 4641 1213 4697 Pauli
1244 4640 1416 4701 Diac.,
1447 4641 1715 4713 concitent.

695 4717 723 4756 ι’
753 4714 896 4771 Editi
921 4712 1044 4769 ante
1071 4714 1295 4779 Quesn.,
1323 4712 1653 4763 rerurrimus.

704 4798 728 4826 ο
756 4787 834 4842 Ita
862 4800 1046 4840 omnes
1084 4775 1254 4837 nostri
1285 4798 1343 4835 crt
1372 4783 1442 4838 id.
1474 4791 1528 4834 et
1557 4779 1818 4833 editiones
1856 4775 2047 4831 Leonis
2082 4786 2205 4830 ante

627 4860 859 4928 Quesn.,
887 4872 983 4909 nec
1012 4868 1118 4909 non
1148 4854 1418 4928 exemplar
1450 4850 1593 4928 Pauli
1611 4849 1966 4928 _D_i_ac.S_olum
1996 4848 2047 4901 in
2074 4862 2205 4901 mss.

633 4920 691 4987 ἕ.
721 4920 887 4992 Petri,
929 4924 1255 4994 regenerandi
1286 4924 1499 4985 venturi,
1534 4921 1625 4975 ubi
1656 4920 1991 4974 librariorum
2022 4932 2208 4994 errore

630 4988 885 5066 scriptum
916 4988 1158 5065 apparet,
1186 4994 1535 5066 regenerandi,
1570 5006 1669 5060 pro
1696 4997 2042 5061 regeneraute.
2072 4988 2210 5066 illnc

635 5061 812 5126 autem
848 5061 1257 5121 torte—manavit
1278 5075 1333 5117 ut
1362 5065 1447 5117 alii
1479 5077 1831 5117 amanuenses
1863 5061 2211 5127 transcripse-

636 5143 741 5198 rint
767 5138 932 5194 solam
958 5151 1163 5201 vocem,
1190 5134 1543 5207 regenerandi,
1570 5133 1769 5207 omissa
1799 5131 1899 5185 alia
1938 5145 2066 5184 voce
2096 5146 2212 5182 cen-

640 5210 763 5277 turi,
791 5208 932 5279 quod
960 5200 1191 5279 append.
1218 5200 1367 5279 A'ug.
1385 5216 1439 5260 et
1459 5200 1789 5279 _Quésnellu_s
1813 5217 2117 5279 suscepere.

708 5270 976 5347 d'V'ulgati
997 5270 1163 5343 male,
1196 5270 1422 5347 piac'ula.
1459 5270 1515 5329 In
1547 5271 2041 5347 melioribus_codd.
2064 5280 2128 5347 Aet
2160 5270 2213 5325 in

642 5369 765 5423 app.
791 5342 951 5423 Aug"
974 5359 1031 5403 ut
1053 5349 1102 5402 in
1123 5342 1294 5423 prima
1321 5347 1572 5423 editione,
1598 5355 1647 5400 et
1687 5346 1823 5423 apud
1846 5342 2214 5423 Questiellunt,

642 5414 900 5494 specula;
928 5414 1227 5494 et_opt_ime
1254 5418 1465 5485 quidem
1496 5438 1507 5468 ε
1539 5432 1657 5494 nam
1689 5415 1745 5471 S.
1776 5415 2015 5494 pontifex
2049 5414 2217 5481 loqui-

647 5486 731 5551 tur
746 5494 815 5549 de
830 5486 1155 5547 censcientia
1171 5489 1432 5556 justorum
1457 5487 1708 5558 gravibus
1729 5486 1959 5558 peccatis
1973 5494 2217 5558 experte,

646 5580 765 5636 qum
793 5571 1065 5636 tamquam
1104 5559 1376 5636 speculum
1418 5556 1602 5614 sedqu
1644 5556 1897 5636 tergenda
1930 5565 2017 5636 est
2057 5556 2218 5636 etiam

648 5623 679 5693 a-
712 5623 1235 5707 pulvere-culparum
1278 5630 1559 5693 leviorum,
1608 5644 1674 5682 ne
1714 5623 1762 5680 in
1796 5628 2040 5695 graviora
2070 5623 2219 5678 deci-

650 5707 1095 5843 dag‘buesnellus
1124 5789 1245 5831 cum
1268 5772 1515 5840 exemplo
1538 5768 1688 5843 Pauli
1718 5769 1891 5843 Di_ac.,
1911 5766 2057 5843 _App.
2086 5768 2221 5843 Aug.

653 5856 712 5908 et
733 5838 1090 5909 codJeneto,
1126 5861 1225 5900 nec
1254 5860 1355 5900 non
1383 5838 1509 5898 ut‘ss.
1536 5841 1745 5896 collect.
1771 5838 1803 5890 l
1828 5848 1879 5893 et
1910 5838 1959 5901 5,
1997 5851 2090 5903 pro
2116 5840 2224 5901 fere

2290 3325 2581 3379 dimiseritis
2612 3320 2899 3375 hominibus
2937 3330 3143 3389 peccata
3171 3331 3373 3380 eorum,
3418 3314 3645 3368 dimittet
3673 3325 3717 3367 ct
3747 3311 3870 3365 vobis

2294 3420 2451 3473 Pater
2479 3430 2657 3481 vester,
2682 3417 2768 3485 qui
2794 3416 2845 3467 in
2874 3413 3011 3466 caelis
3038 3422 3134 3478 est,
3160 3412 3347 3465 delicta
3374 3416 3540 3462 uestra
3559 3405 3781 3478 (Matth.
3801 3418 3870 3468 γι,

2289 3502 2383 3567 ii;
2423 3514 2579 3569 xvnt,
2607 3501 2705 3567 55;
2743 3500 2869 3555 Luc.
2894 3516 2965 3568 vt,
2992 3500 3121 3574 37):
3167 3518 3273 3557 non
3317 3503 3474 3573 longe
3513 3512 3599 3559 est
3643 3505 3710 3559 ab
3749 3521 3870 3559 uno-

2298 3607 2511 3663 quoque
2554 3592 2694 3663 quod
2737 3592 2936 3661 poscit,
2983 3608 3105 3647 cum
3144 3592 3211 3649 de
3249 3594 3577 3663 benignitate
3622 3595 3869 3665 supplicis

2292 3686 2563 3740 sententia
2587 3687 2813 3755 pendeat
2833 3687 3116 3755 judicantis
3134 3708 3145 3740 :
3166 3689 3254 3756 qui
3279 3689 3635 3743 humanarum
3662 3704 3870 3756 precum

2302 3780 2608 3834 misericors
2637 3789 2686 3833 et
2714 3779 2888 3849 justus
2919 3780 3151 3845 auditor,
3194 3781 3433 3850 aequitati
3459 3797 3567 3837 sum
3599 3782 3671 3836 de
3700 3791 3872 3836 nostra

2293 3869 2507 3927 lenitate
2534 3871 2879 3940 praescripsit,
2909 3882 2963 3925 ut
2985 3888 3091 3926 non
3116 3873 3336 3927 haberet
3363 3875 3415 3927 in
3440 3887 3535 3928 eos
3558 3872 3653 3942 jus
3678 3872 3870 3929 severi-

2295 3966 2439 4029 tatis,
2462 3982 2597 4035 quos
2621 3982 2725 4019 non
2752 3966 3042 4021 invenisset
3062 3968 3285 4035 cupidos
3309 3968 3542 4022 ultionis.
3568 3966 3874 4022 Clementes

2295 4066 2471 4112 autem
2498 4067 2549 4111 et
2572 4057 2727 4111 mites
2750 4058 2958 4112 animos
2986 4059 3143 4113 etiam
3175 4060 3396 4130 largitas
3421 4060 3594 4114 decet.
3632 4061 3771 4115 Nihil
3798 4068 3874 4114 est

2293 4151 2434 4204 enim
2459 4150 2670 4219 dignius
2692 4164 2851 4219 quam
2876 4158 2933 4204 ut
2960 4150 3121 4205 homo
3148 4152 3217 4205 sit
3245 4152 3327 4205 sui
3358 4151 3590 4207 auctoris
3624 4152 3874 4219 imitator,

2292 4254 2348 4300 et
2389 4245 2679 4301 secundum
2725 4246 2941 4300 modum
2993 4246 3224 4315 propriae
3264 4246 3556 4312 facultatis,
3601 4247 3774 4301 divini
3816 4246 3877 4300 sit

2295 4336 2474 4407 operis
2507 4343 2810 4391 exsecutor.
2855 4336 2987 4390 Nam
3017 4351 3137 4391 cum
3167 4337 3381 4391 aluntur
3409 4339 3749 4403 eSurientes,
3792 4351 3879 4391 ved

2296 4429 2531 4483 stiuntur
2558 4430 2705 4489 nudi,
2732 4427 2983 4483 fovemur
3007 4429 3228 4497 inﬁrmi,
3254 4446 3434 4484 nonne
3463 4430 3762 4485 iauxilium
3790 4429 3879 4485 Dei

2225 4636 2278 4696 ι)
2299 4614 2455 4696 habet
2480 4613 2793 4696 particulam
2820 4612 3226 4696 forte,_eamqu_e
3252 4611 3395 4696 delet
3422 4620 3548 4696 ante
3566 4611 3880 4696 adver‘bipm

2298 4684 2659 4755 negligentius.
2696 4680 2873 4736 Prima
2904 4682 3070 4736 editio
3098 4683 3310 4737 collect.
3344 4680 3377 4733 3
3406 4681 3701 4755 utrobique
3729 4680 3883 4755 habet

2303 4751 2451 4818 forte;
2510 4755 2853 4807 Commodior
2896 4765 2978 4807 est
3021 4762 3334 4807 cmterarum
3381 4752 3679 4806 editionum
3728 4751 3883 4805 lectio

2302 4826 2467 4880 textui
2492 4827 2712 4887 inserta,
2735 4827 2817 4877 cui
2842 4826 3132 4878 concinunt
3154 4838 3283 4878 mss.
3305 4823 3360 4879 S.
3380 4822 3543 4877 Petri.
3562 4827 3702 4893 App.
3719 4823 3879 4890 Aug.,

2301 4901 2653 4965 transegerunt
2682 4910 2779 4964 pro
2812 4896 3142 4965 transierunt.

2376 4964 2395 5003 ί
2421 4962 2511 5020 Sic
2538 4982 2599 5020 ex
2628 4962 2834 5020 duobus
2860 4980 2989 5019 mss.
3017 4964 3073 5020 S.
3100 4964 3241 5019 Petri
3269 4972 3322 5019 et
3348 4964 3527 5018 homil.
3549 4963 3701 5016 Pauli
3733 4962 3882 5015 Diac.

2301 5038 2723 5091 emendavimus.
2748 5037 2858 5099 AL,
2876 5037 3216 5106 voluptatum.
3240 5034 3422 5089 Codex
3442 5034 3561 5089 Vat.
3580 5035 3799 5088 collect.
3821 5032 3881 5095 4,

2304 5106 2511 5161 licentia
2536 5108 2905 5177 insipientium,
2934 5105 3024 5159 aut
3050 5105 3268 5159 dulcedo
3296 5106 3635 5177 voluptatum.

2377 5186 2401 5225 8
2426 5179 2504 5234 lta
2534 5174 2861 5233 restituimus
2883 5192 2947 5231 ex
2970 5178 3219 5232 omnibus
3240 5178 3438 5232 nostris
3465 5176 3627 5230 codd.
3652 5183 3709 5229 et
3732 5174 3887 5227 editis

2307 5258 2429 5305 ante
2455 5250 2835 5318 Quesnellum,
2878 5249 2965 5316 qui
3008 5248 3237 5316 praetulit
3278 5247 3559 5301 lectionem
3600 5244 3885 5318 appentliri

2308 5322 2443 5390 Aug.
2473 5317 2808 5376 Communem
2828 5360 2840 5382 ,
2872 5328 3173 5371 cunctorum
3197 5318 3425 5388 ﬁdelium
3458 5318 3614 5369 corda
3647 5317 3888 5378 sancti/t-

2307 5402 2502 5450 centur,

2378 5460 2408 5500 h
2435 5465 2562 5518 Mss.
2606 5461 2663 5518 S.
2702 5463 2877 5525 Petri,
2922 5460 3123 5513 dicente
3163 5458 3428 5526 discipulis
3473 5457 3715 5512 Domino.
3768 5455 3891 5507 Post

2310 5550 2496 5603 pauca,
2530 5549 2625 5602 pro
2651 5534 2877 5601 a'quitati
2908 5546 3031 5595 sum,
3063 5531 3275 5599 quidam
3306 5528 3459 5583 codd.
3493 5527 3693 5582 habent
3727 5527 3888 5594 requi-

2310 5608 2559 5676 tatt'sisua:
2584 5605 2832 5676 regulam.

2388 5675 2402 5713 ί
2435 5666 2735 5733 ιεοιίυιῖιιι.
2777 5673 2964 5727 Venet.
2998 5672 3054 5728 S.
3088 5670 3279 5734 Marci,
3326 5670 3520 5724 auxilio
3561 5666 3659 5722 Dei
3702 5681 3889 5720 munus

2313 5748 2472 5817 (forte
2500 5744 2699 5815 manus)
2726 5743 2962 5811 expletur
2988 5742 3225 5796 ministri.
