3994 6354
615 366 720 424 S87

1730 360 1787 417 S.
1828 359 2080 416 LEONIS
2120 358 2333 416 MAGNI
2385 359 2770 417 SERMUNES.
3765 378 3854 441 ω

616 490 836 541 meatur
862 481 1210 537 fundamenta
1233 478 1469 534 virtutis.
1524 475 1590 530 Et
1615 475 1738 529 ideo
1770 474 1999 530 infirma:
2029 474 2207 530 carnis
2235 478 2288 538 Α
2313 475 2530 529 sibimet
2569 474 2624 529 in
2659 475 2920 529 unitatem
2952 474 3205 531 studeant
3233 475 3420 535 redire
3442 484 3735 542 concordiae.
3760 490 3853 550 Νι.

550 636 551 641 η
618 577 718 634 ista
734 576 933 632 sullicit
952 574 1233 643 aegritudo,
1251 587 1369 641 quae
1389 584 1532 637 saepe
1560 584 1863 623 mensuram
1890 572 2207 623 voluntaria:

619 671 928 726 alllictionis
947 668 1179 726 excedit,
1203 675 1411 720 tantum
1436 674 1492 717 ut
1516 679 1667 717 mens
1692 662 1858 718 oflicii
1879 665 1961 719 sui
1988 664 2211 732 impleat

546 824 549 829 ,
622 774 821 835 partes,
856 774 912 819 et
935 776 1054 829 quae
1081 775 1337 828 corporea
1369 760 1673 828 epulatione
1701 774 1803 811 non
1842 761 2032 822 utitur,
2062 758 2209 814 nulla

556 883 571 920 ι
622 857 902 927 iniquitate
932 864 1201 923 pascatur.
1237 851 1663 907 Rationabilibus
1692 862 1872 906 autem
1902 852 2211 920 sanctisque

618 948 837 1021 jejuniis
863 945 1007 1002 nulla
1032 944 1219 1001 utilius
1247 960 1403 1012 qua'n
1430 944 1898 1017 eleem0synartim
1931 960 2093 1011 opera
2121 958 2213 998 co-

624 1042 1160 1112 pulantur,quze-uno
1182 1038 1564 1093 misericordiae
1592 1038 1805 1091 nomine
1833 1036 1992 1108 169
2017 1036 2213 1091 multas

624 1131 925 1187 laudabiles
940 1129 1150 1200 pietatis
1164 1129 1440 1184 continent
1461 1129 1724 1194 actiones,
1741 1139 1797 1181 ut
1819 1129 2056 1181 oumium
2076 1126 2212 1181 lide-

626 1222 755 1278 lium
806 1238 961 1291 pares
1005 1222 1168 1275 animi
1198 1235 1319 1276 esse
1366 1223 1574 1290 possint
1610 1221 1771 1275 etiam
1812 1218 1952 1275 inter
1982 1220 2215 1287 impares

630 1314 931 1372 facultates.
981 1312 1210 1369 Dilectio
1255 1313 1397 1367 enim
1428 1327 1548 1381 qua;
1580 1312 1739 1367 simul
1768 1311 1879 1365 Deo
1907 1311 2216 1381 hominique

629 1406 879 1469 debetur,
902 1404 1063 1460 nullis
1083 1419 1334 1467 umquam
1359 1415 1385 1441 ι
1413 1404 1484 1457 ita
1506 1402 1797 1473 impeditur
1815 1402 2130 1469 obstaculis,
2157 1410 2219 1458 ut

634 1513 741 1554 non
793 1498 843 1552 ei
884 1511 1099 1564 semper
1138 1495 1276 1549 bene
1320 1495 1455 1551 velle
1496 1495 1565 1550 sit
1614 1494 1865 1551 liberum.
1906 1494 2218 1550 Dicentibus

634 1591 831 1661 quippe
853 1588 1055 1659 angelis
1082 1603 1097 1643 :
1124 1584 1307 1643 Gloria
1327 1587 1380 1641 in
1404 1586 1617 1642 excelsis
1642 1587 1773 1653 Deo,
1806 1588 1926 1642 etin
1957 1597 2094 1642 terra
2115 1602 2220 1659 pax

635 1680 923 1738 hominibus
962 1680 1109 1735 bona
1148 1680 1426 1735 voluntatis
1452 1678 1607 1753 (Luc.
1638 1694 1696 1745 ιι,
1728 1678 1839 1752 N),
1894 1695 2000 1734 non
2044 1680 2219 1734 solum

637 1773 833 1829 virtute
877 1772 1290 1837 benevolentiae,
1336 1773 1432 1828 sed
1472 1774 1633 1829 etiam
1672 1772 1821 1843 pacis
1858 1773 2001 1828 bono
2033 1773 2222 1829 beatus

639 1867 891 1935 efﬁcitur,
937 1869 1259 1937 quicumque
1301 1866 1420 1921 aliis
1457 1881 1791 1937 quacumque
1821 1865 2037 1919 miseria
2068 1864 2219 1919 labo-
2250 1871 2302 1933 Β

640 1960 882 2016 rantibus
902 1958 1164 2015 cbaritate
1188 1957 1216 1997 δ
1245 1959 1589 2026 compatitur.
1615 1958 1902 2013 Latissima
1925 1958 2070 2012 enim
2098 1966 2225 2013 sunt

640 2067 802 2122 opera
832 2052 1067 2121 pietatis,
1098 2066 1217 2120 quae
1249 2052 1364 2121 ipsa
1395 2052 1473 2105 sui
1507 2050 1767 2105 varietate
1798 2050 1849 2104 id
1878 2048 2018 2105 veris
2042 2048 2225 2103 conie-

642 2154 767 2201 runt
789 2143 1132 2213 Christianis,
1183 2152 1240 2198 ut
1270 2144 1323 2197 in
1353 2142 1730 2197 diStributione
1758 2141 2223 2211 eleemosynarum

642 2252 749 2293 non
776 2238 947 2291 solum
965 2235 1161 2290 divites
1183 2246 1238 2289 et
1256 2235 1611 2300 abundantes,
1634 2233 1727 2289 sed
1747 2234 1906 2288 etiam
1926 2233 2223 2288 mediocres

641 2342 696 2388 et
719 2346 1003 2401 pauperes,
1026 2345 1152 2386 suas
1181 2329 1410 2383 habeant
1435 2328 1741 2398 portiones;
1769 2335 1824 2381 et
1846 2325 1939 2395 qui
1966 2323 2225 2395 largitatis

644 2434 769 2480 sunt
792 2425 998 2479 virihus
1021 2423 1335 2492 inaequales,
1370 2421 1566 2475 mentis
1592 2428 1770 2473 tamen
1802 2417 2087 2473 ali‘ertione
2118 2418 2227 2472 sint

643 2517 867 2573 similes.
900 2515 1030 2570 Nam
1071 2530 1190 2569 cum
1222 2514 1323 2569 sub
1359 2512 1529 2568 oculis
1561 2511 1771 2566 Domini
1800 2512 1951 2565 multi
1979 2511 2032 2565 in
2062 2524 2225 2580 gazo-

644 2608 894 2682 phylacio
922 2623 989 2664 ex
1033 2608 1305 2678 opulentia
1347 2621 1444 2661 sua
1480 2606 1646 2660 multa
1688 2603 2017 2668 conferrent,
2065 2601 2228 2657 vidua

643 2701 884 2772 quaedam
928 2701 1060 2754 duos
1106 2698 1289 2754 intulit
1331 2712 1577 2753 nummos
1620 2696 1771 2765 (Luc.
1801 2712 1918 2763 ιιι,
1946 2696 2011 2760 2;
2056 2694 2226 2750 Marc.

642 2810 782 2861 nu,
809 2792 925 2865 42),
955 2804 1008 2848 et
1034 2792 1122 2846 tali
1146 2791 1273 2847 Jesu
1294 2791 1487 2845 Christi
1518 2791 1826 2845 testimonio
1850 2791 2045 2842 meruit
2069 2802 2228 2841 coro-

644 2890 783 2958 nari,
827 2901 884 2945 ut
920 2889 974 2944 in
1014 2896 1123 2942 tam
1152 2902 1315 2957 parvo
1345 2886 1583 2940 muneris
1614 2884 1772 2939 modo
1800 2884 2040 2938 omnium
2073 2881 2231 2937 fuerit

644 2986 920 3043 collationi
953 2995 975 3024 ε
1009 2984 1164 3052 digna
1192 2981 1428 3051 praferri
1459 2998 1469 3032 :
1500 2978 1624 3049 quia
1659 2981 1796 3033 inter
1822 2993 2010 3045 magna
2044 2992 2230 3031 eorum

647 3078 811 3143 dona,
841 3075 1034 3146 quibus
1063 3075 1228 3128 nmlta
1260 3071 1585 3134 residebant,
1635 3070 1776 3124 illius
1818 3070 1959 3138 quod
1990 3067 2089 3123 fuit
2118 3067 2233 3123 exi-

644 3185 830 3240 guum,
879 3166 979 3221 fuit
1007 3174 1197 3221 totum.
1228 3165 1283 3221 Si
1321 3179 1449 3219 vero
1478 3164 1671 3231 aliquis
1712 3174 1870 3217 tanta:
1903 3164 2233 3231 paupertatis

2317 566 2441 619 mini
2472 566 2666 618 malum
2695 582 2791 636 pro
2814 566 2949 618 malo
2968 566 3235 620 reddentes
3256 610 3272 638 ,
3322 579 3375 621 et
3410 571 3642 630 donantes
3666 578 3849 639 inuicem

2317 658 2478 726 vobis,
2507 659 2636 711 sicut
2669 655 2906 712 Christus
2928 658 3130 713 donavit
3153 661 3298 715 nobis
3327 662 3499 734 (Rom.
3524 682 3618 734 an,
3647 669 3746 741 17),
3771 676 3853 732 hu.

2317 764 2501 803 manas
2530 749 2836 804 inimicitias
2866 764 2997 817 pace
3025 752 3244 817 delete;
3288 763 3341 808 et
3368 754 3414 810 si
3441 757 3525 826 qui
3560 758 3623 814 de
3662 765 3856 825 subditis

2322 844 2480 915 170
2501 844 2693 900 vestris
2717 850 3057 901 autclaustra
3077 846 3361 915 custodia,
3386 861 3473 905 aut
3502 852 3696 909 vincula
3722 867 3744 895 ο
3766 875 3857 916 me-

2318 946 2563 1003 ruerunt,
2600 936 3024 992 misericorditer
3054 939 3365 994 relaxentur
3396 957 3410 994 :
3440 951 3497 995 ut
3528 945 3612 1013 qui
3629 948 3859 1015 quotidia-

2318 1044 2403 1083 nae
2426 1029 2776 1100 indulgentiae
2814 1030 3068 1085 remediis
3098 1031 3435 1099 indigemus,
3468 1048 3571 1088 nou
3610 1036 3859 1097 dillicuher

2318 1127 2558 1194 peccatis
2586 1125 2928 1194 ignoscamus
2951 1124 3166 1181 alienis.
3208 1124 3463 1180 Dicentes
3500 1128 3637 1182 enim
3680 1131 3739 1184 ad
3776 1133 3857 1188 Do-

2318 1217 2524 1271 minum
2554 1216 2766 1271 Patrem
2796 1227 3077 1272 nostrum:
3111 1216 3323 1272 Dimitte
3346 1218 3485 1271 nobis
3509 1219 3665 1273 debita
3693 1233 3857 1291 nostra,

2318 1309 2453 1361 sicut
2491 1316 2538 1361 et
2577 1324 2668 1362 nos
2692 1308 3002 1362 dimittimus
3024 1306 3340 1362 debitoribus
3364 1310 3546 1363 nostris
3570 1310 3587 1379 (
3610 1311 3779 1368 Matth.
3803 1331 3862 1381 τι,

2324 1394 2437 1469 12),
2469 1398 2831 1453 certissimum
2857 1408 2942 1453 est
2980 1399 3123 1469 quod
3159 1414 3283 1455 cum
3311 1400 3536 1455 aliorum
3563 1401 3757 1460 delictis
3792 1422 3865 1463 ve—

2328 1489 2473 1544 niam
2499 1490 2804 1555 tribuimus,
2831 1490 2986 1544 nobis
3012 1491 3247 1546 divinam
3279 1491 3614 1547 clementiam
3637 1510 3867 1565 praepara.

2324 1596 2462 1637 mus.
2510 1581 2532 1619 ί
2585 1580 2688 1637 Per
2734 1581 3020 1637 Dominum
3068 1594 3312 1638 nostrum
3359 1583 3539 1640 Jesum
3588 1584 3867 1656 Christum,

2324 1674 2413 1744 qui
2449 1688 2572 1730 cum
2619 1675 2778 1730 Patre
2807 1686 2862 1731 et
2902 1675 3104 1745 Spiritu
3146 1686 3335 1733 sancto
3378 1677 3513 1733 vivit
3554 1686 3607 1735 et
3632 1690 3800 1749 regnat
3822 1682 3867 1738 in

2324 1767 2523 1824 smcula
2554 1768 2895 1825 saeculorum.
2926 1767 3122 1823 Amen.

2739 1882 2970 1940 SERMO
2999 1881 3139 1938 XLV
3176 1882 3285 1956 [Αι.
3318 1882 3526 1954 XLIV].

2783 1973 2864 2028 De
2887 1974 3291 2045 Quadragesima
3322 1971 3461 2031 VU.

2328 2066 2602 2125 SINOPSIS.
2633 2095 2705 2108 —
2730 2066 2773 2121 l.
2808 2064 3030 2132 Omnes,
3070 2067 3174 2121 sive
3206 2067 3414 2136 justas,
3456 2067 3557 2121 sive
3605 2077 3870 2137 peccatores,

2397 2141 2499 2211 sive
2519 2138 2936 2211 catechumenos,
2982 2137 3420 2211 pararepomino
3441 2138 3576 2211 uiam
3604 2137 3767 2211 debere
3804 2155 3877 2211 per

2403 2208 2883 2279 Quadragesimam.
2924 2207 2995 2279 e4
3032 2208 3094 2263 ll.
3142 2207 3515 2264 Misericordia
3551 2217 3595 2261 et
3621 2207 3877 2265 ueritati'ad

2398 2280 2732 2333 imitationem
2758 2278 2875 2345 Dei,
2896 2278 3019 2348 fidei
3043 2289 3090 2332 et
3112 2281 3350 2333 charitati
3376 2278 3658 2332 instandum
3681 2282 3878 2344 Quadra-

2399 2351 2607 2423 g_esimte
2644 2358 2888 2423 tempore.
2920 2376 2991 2391 -—
3019 2350 3107 2423 ill.
3140 2350 3341 2423 Christo
3374 2351 3626 2423 impendi,
3660 2355 3782 2419 quod
3804 2368 3879 2423 pro

2404 2419 2608 2478 Christo
2632 2419 2904 2487 prabetur.
2927 2450 2999 2461 --
3019 2421 3109 2475 ιν.
3140 2419 3390 2477 Omnium
3416 2419 3650 2476 virtutum
3676 2419 3879 2477 exercitio

2409 2492 2810 2546 incumbendum
2840 2490 2937 2546 hoc
2958 2501 3206 2564 tempore.

2402 2606 2531 2663 Car.
2549 2605 2591 2663 Ι.
2605 2606 2884 2677 —Virtus,
2899 2606 3256 2674 dilectissimi,
3273 2615 3329 2662 et
3350 2606 3612 2677 sapientia
3635 2605 3747 2661 ﬁdei
3758 2606 3881 2663 Chri-

2332 2702 2545 2765 stianae,
2588 2716 2743 2755 amor
2772 2700 2862 2755 Dei
2892 2709 3004 2769 est,
3032 2710 3087 2755 et
3128 2716 3279 2756 amor
3306 2700 3574 2769 proximi;
3615 2714 3775 2770 neque
3796 2698 3882 2755 ullo

2332 2805 2483 2851 caret
2528 2795 2743 2866 pietatis
2769 2794 2977 2860 ollicio,
3023 2795 3111 2849 cui
3138 2794 3383 2850 studium
3422 2803 3505 2849 est
3530 2794 3700 2849 colere
3736 2792 3883 2848 Domi-

2333 2904 2460 2943 num
2484 2929 2500 2953 ,
2531 2898 2584 2944 et
2606 2888 2797 2957 juvare
2826 2901 3169 2943 conservum.
3214 2887 3423 2943 Harum
3473 2895 3644 2942 autem
3686 2885 3883 2940 affectio-

2334 2996 2462 3034 nunt
2504 2980 2699 3049 duplex
2744 2980 2924 3033 unitas
2955 2977 3105 3034 omni
3131 2978 3349 3047 quidem
3397 2986 3481 3033 est
3508 2990 3734 3041 tempore
3758 2991 3880 3031 exeo

2333 3070 2527 3135 cenda,
2560 3080 2614 3125 et
2639 3070 2981 3137 prolicienter
3000 3070 3265 3139 augenda,
3294 3070 3396 3124 sed
3423 3083 3562 3124 nunc
3585 3066 3885 3122 incrementis

2336 3163 2692 3232 amplioribus
2718 3163 2991 3217 dilatauda
3018 3203 3033 3229 ,
3082 3172 3142 3218 ut
3169 3163 3527 3234 quadraginta
3556 3162 3747 3218 dierum
3769 3159 3887 3230 jeju-

645 3268 947 3316 coarctatur
973 3258 1256 3327 angustiis,
1286 3268 1343 3311 ut
1371 3271 1469 3311 nec
1493 3256 1559 3311 ad
1589 3255 1694 3310 duo
1722 3271 1827 3309 aera
1859 3254 2005 3321 inepi
2030 3257 2230 3323 impar-
2260 3257 2307 3321 C
2337 3259 2484 3312 nium
2504 3301 2519 3325 ,
2550 3258 2694 3327 quod
2742 3257 2864 3311 festi
2894 3257 3165 3327 paschalis
3196 3266 3279 3312 est
3325 3257 3607 3327 praevium,
3637 3264 3662 3304 s
3698 3254 3885 3310 interio-

648 3350 824 3407 tienda
855 3348 1103 3411 sufficiat,
1134 3348 1292 3403 habet
1322 3347 1373 3400 in
1405 3348 1684 3415 praeceptis
1716 3345 1924 3400 Domini
1956 3344 2100 3403 unde
2128 3345 2232 3399 im-

646 3447 788 3516 pleat
824 3447 978 3499 bona:
1009 3442 1301 3499 voluntatis
1324 3440 1582 3496 ofﬁcium.
1612 3440 1887 3505 Siquidem
1917 3440 2005 3509 qui
2032 3436 2232 3492 sitienti

648 3540 867 3611 pauperi
899 3537 1118 3593 calicem
1147 3551 1297 3606 aqum
1329 3535 1533 3602 frigidm
1566 3533 1899 3596 ministrarit,
1930 3532 2233 3587 mercedem

646 3640 731 3689 est
753 3632 833 3684 sui
865 3632 1041 3701 operis
1070 3630 1359 3698 adepturus
1384 3625 1600 3698 (Matth.
1633 3642 1687 3691 ι,
1721 3624 1811 3696 62)
1846 3642 1858 3677 :
1892 3632 2035 3678 tanta
2063 3624 2235 3679 servis

646 3724 759 3779 suis
773 3724 1002 3778 Domino
1020 3721 1082 3773 ad
1104 3719 1454 3773 obtinendum
1481 3733 1700 3787 regnum
1720 3731 1873 3770 suum
1900 3722 2235 3786 prmparante

647 3814 988 3885 Compendia,
1017 3822 1076 3867 ut
1101 3814 1263 3866 etiam
1293 3810 1536 3878 prmbitio
1563 3824 1734 3879 aquas,
1760 3810 1913 3877 cujus
1952 3823 2079 3863 usus
2113 3824 2236 3878 gra-

650 3907 813 3964 tuitus
831 3915 991 3974 atque
1011 3902 1313 3959 communis
1336 3912 1439 3965 est,
1464 3902 1685 3970 praemio
1704 3916 1805 3956 non
1833 3912 2061 3955 careret.
2082 3900 2233 3966 Quod

650 4015 720 4055 ne
743 4000 847 4053 ulla
875 3997 1255 4053 intercluderet
1272 3995 1667 4058 dil'llcultas,de
1692 4011 1824 4063 aqua
1853 3994 2039 4065 frug-du
2063 3995 2232 4049 forma

649 4106 733 4148 est
758 4096 1030 4164 prepositsi
1057 4094 1272 4162 pietatis
1299 4107 1313 4145 ι
1342 4105 1409 4144 ne
1440 4100 1645 4158 putaret
1677 4105 1734 4142 se
1765 4090 2014 4145 mercede
2036 4090 2236 4142 caritu-

650 4201 794 4251 rum,
826 4189 912 4240 cui
943 4184 1013 4239 de
1040 4182 1393 4239 calefactioue
1425 4190 1580 4250 potus
1613 4183 1874 4251 lignorum
1904 4180 2234 4248 impendium

650 4276 930 4332 defuisset.
982 4275 1057 4329 De
1088 4289 1194 4344 quo
1223 4283 1399 4328 tamen
1428 4273 1595 4326 calice
1624 4287 1731 4324 non
1761 4272 1952 4325 frustra
1982 4271 2238 4326 admonet

653 4370 915 4425 Dominus
941 4379 997 4423 ut
1036 4368 1088 4422 in
1115 4367 1331 4422 nomine
1374 4367 1540 4435 ipsius
1574 4367 1874 4433 praebeatur
1902 4383 1913 4418 :
1945 4365 2066 4434 quia
2098 4366 2232 4429 haec,

653 4476 776 4533 quae
798 4476 891 4531 per
914 4477 973 4514 se
998 4470 1123 4514 sunt
1146 4461 1291 4522 vilia,
1323 4458 1452 4512 fides
1477 4458 1642 4512 el’lieit
1675 4458 1927 4526 pretiosa,
1952 4467 2005 4508 et
2030 4473 2150 4523 qua:
2170 4458 2237 4513 ab

656 4553 961 4607 inﬁdelibus
989 4554 1381 4615 ministrantur,
1413 4550 1512 4604 etsi
1545 4549 1739 4601 fuerint
1771 4559 1986 4617 smnptu
2020 4563 2233 4619 magna,

657 4647 801 4699 omni
832 4655 1007 4699 tamen
1032 4643 1415 4713 justilicatinne
1440 4651 1568 4695 stitit
1593 4656 1781 4695 vacua.

727 4738 857 4793 Car.
908 4737 993 4792 Ill.
1042 4766 1112 4776 —
1147 4735 1481 4788 Celebruluri
1524 4735 1683 4803 igitur
1732 4732 1934 4787 Pascha
1980 4731 2232 4795 Domini,

660 4828 1014 4887 dilectissimi,
1048 4826 1117 4880 ita
1152 4840 1245 4879 vos
1284 4825 1485 4879 sanctis
1528 4834 1781 4877 exercete
1804 4822 2052 4892 jejuuiis.
2082 4832 2144 4877 ut
2167 4824 2236 4878 ab

658 4922 909 4978 omnibus
940 4919 1429 4990 perturbationibus
1454 4918 1603 4973 liberi
1633 4920 1697 4970 ad
1719 4919 1849 4971 festa
1876 4917 2237 4972 sacratissima

659 5015 910 5070 veniatis.
939 5014 1219 5079 Superbia».
1257 5014 1495 5082 spiritus,
1528 5013 1595 5067 de
1623 5028 1729 5081 quo
1761 5020 1886 5066 sunt
1912 5012 2093 5066 Omnia
2123 5022 2236 5065 orta

661 5120 879 5180 peccata
904 5149 920 5173 ,
953 5107 1270 5162 humilitatis
1297 5121 1482 5161 amore
1519 5107 1784 5174 pellatur;
1815 5117 1867 5161 et
1892 5109 1978 5175 qui
2010 5106 2241 5162 elatione

662 5208 989 5267 tumuerant,
1018 5198 1425 5253 mansuetudine
1464 5200 1797 5265 mitigcntur.
1844 5199 2081 5267 Quorum
2116 5215 2243 5255 vero

663 5295 871 5349 animos
916 5292 1093 5364 aliqua
1140 5292 1479 5363 exasperavit
1522 5291 1788 5361 offensio,
1841 5289 1869 5329 ἀ
1912 5293 2245 5351 reconciliati

740 5512 763 5539 ι
811 5500 1133 5555 Partirulam
1173 5500 1246 5553 ita
1289 5499 1589 5555 addidimus
1639 5515 1705 5555 ex
1751 5501 1956 5557 duobus
2005 5516 2136 5557 mss.
2184 5502 2243 5558 S.

592 5557 618 5669 β
950 5572 1069 5627 Vat.
1113 5574 1325 5627 collect.
1361 5574 1393 5626 6
1429 5584 1482 5627 et
1521 5573 1586 5637 5,
1636 5587 1804 5640 eaque
1846 5575 1960 5642 ipso
1989 5557 2245 5630 contextu

666 5653 1015 5770 exigiiirmss.
1040 5713 1247 5769 collect.
1280 5713 1332 5777 ι,
1372 5714 1641 5783 capulatur
1673 5721 1717 5766 et
1740 5716 2063 5785 compatitur.

743 5796 766 5824 ⁸
794 5785 883 5839 Sic
902 5801 969 5840 ex
999 5801 1128 5839 mss.
1155 5786 1210 5841 S.
1236 5785 1400 5840 Petri.
1432 5787 1541 5849 AL,
1572 5786 1845 5851 condigna.

740 5851 769 5892 ⁸
798 5855 870 5910 Ita
900 5870 1016 5911 cum
1048 5856 1244 5924 Quesu.
1278 5858 1381 5912 duo
1421 5858 1582 5911 codd.
1625 5855 1681 5911 S.
1716 5858 1876 5912 l’etri.
1922 5857 2027 5922 AL,
2074 5873 2245 5913 recon-

2338 3365 2451 3406 rem
2497 3351 2675 3405 cordis
2702 3350 2942 3405 auditum
2972 3350 3118 3405 illius
3148 3349 3293 3404 vocis
3335 3350 3510 3404 instar
3551 3356 3775 3414 moveat,
3806 3359 3890 3416 qua

2339 3442 2516 3497 verbis
2561 3442 2709 3496 Isaia:
2765 3442 3038 3511 prophetae
3082 3440 3315 3497 Joannes
3371 3440 3605 3511 Baptista
3659 3437 3888 3494 dicebat:

2339 3533 2534 3589 Parate
2566 3536 2703 3588 viam
2730 3533 2963 3598 Domini,
2995 3543 3159 3587 rectas
3186 3535 3338 3603 facite
3369 3534 3572 3590 semitas
3614 3536 3718 3605 ejus
3756 3528 3887 3601 (lsai.

2340 3645 2431 3693 ιι,
2463 3630 2537 3693 5;
2569 3626 2759 3681 Matth.
2786 3643 2869 3693 ιιι,
2901 3629 2980 3697 ὅ).
3012 3627 3141 3683 Sive
3164 3632 3309 3683 enim
3336 3628 3486 3683 illam
3516 3637 3711 3696 partem
3742 3620 3893 3693 populi

2337 3722 2638 3790 cogitemus
2665 3735 2783 3789 quae
2829 3719 3031 3775 dudum
3061 3724 3355 3774 certamina
3412 3716 3699 3788 evangelici
3740 3715 3894 3784 agouis

2335 3815 2602 3886 ingressa,
2641 3830 2735 3883 per
2779 3814 3037 3883 spiritalis
3082 3813 3240 3868 stadii
3291 3829 3513 3869 cursum
3567 3811 3894 3867 indesinenter

2339 3908 2513 3963 tendit
2537 3908 2602 3962 ad
2632 3909 2856 3975 palmam
2882 3924 2898 3972 ;
2924 3909 3039 3962 sive
3066 3907 3214 3963 illam
3245 3924 3367 3976 quae
3398 3905 3670 3962 letbalium
3709 3900 3892 3959 conscia

2340 4013 2707 4072 peccatorum,
2737 4017 2831 4071 per
2863 4001 3320 4057 reconciliationis
3343 4001 3601 4056 auxilium
3629 3992 3895 4054 festinatad

2338 4097 2547 4148 Veniam
2574 4110 2592 4161 ;
2622 4096 2734 4150 sive
2775 4095 2919 4149 illam
2951 4111 3071 4165 qum
3097 4096 3265 4150 sancti
3294 4096 3533 4164 Spiritus
3572 4088 3897 4165 regenerauds

2339 4185 2680 4253 bnptismate,
2714 4194 2981 4240 vetustate
3029 4187 3196 4240 Adam
3242 4188 3400 4251 exui,
3446 4196 3503 4241 et
3543 4183 3733 4239 Christi
3772 4180 3894 4249 cupit

2339 4282 2579 4335 novitate
2622 4280 2827 4340 vestiri.
2876 4291 3000 4349 apte
3048 4288 3101 4335 et
3149 4281 3354 4335 utiliter
3406 4280 3653 4334 omnibus
3690 4276 3892 4331 dicitur'

2341 4369 2536 4425 Parate
2573 4373 2706 4425 viam
2733 4370 2966 4438 Domini,
3001 4381 3167 4425 rectas
3205 4373 3359 4442 facite
3399 4372 3604 4426 semitas
3638 4370 3757 4441 ejus.
3791 4367 3898 4432 Qua

2340 4476 2516 4519 autem
2541 4467 2642 4520 vite
2662 4465 2898 4531 Domini,
2927 4480 3114 4534 qumve
3138 4466 3247 4518 sint
3276 4468 3509 4530 semitae,
3533 4462 3763 4532 ejusdem
3785 4471 3899 4527 pra:-

2342 4558 2599 4611 diCatoris
2630 4558 3002 4611 cohortatione
3034 4556 3304 4610 discamus
3330 4597 3344 4621 ,
3393 4558 3483 4627 qtti
3533 4555 3721 4609 divinae
3747 4549 3901 4619 gratiae

2262 4649 2503 4717 Dopera
2550 4661 2603 4705 et
2649 4651 2789 4703 dona
2835 4650 3173 4716 promittens,
3222 4648 3529 4703 futurarum
3558 4641 3898 4700 commutatio.

2344 4760 2472 4798 num
2507 4744 2785 4798 reserabat
2813 4742 3036 4798 effectus
3062 4786 3077 4809 ,
3106 4742 3307 4797 addens
3337 4741 3661 4795 sententiam
3705 4733 3901 4806 prophe-

2346 4835 2433 4889 tici
2465 4838 2750 4894 sermonis,
2790 4835 2943 4906 171
2976 4844 3030 4887 et
3058 4834 3243 4888 dicens
3272 4850 3284 4886 :
3333 4831 3514 4886 Omnis
3563 4830 3707 4885 vallis
3749 4821 3905 4890 imple-

2345 4927 2503 4997 bitur,
2536 4938 2580 4981 et
2620 4928 2783 4981 omnis
2822 4943 2967 4980 mons
3003 4936 3050 4981 et
3078 4927 3222 4980 collis
3259 4924 3661 4990 humiliabitur;
3701 4929 3745 4973 et
3781 4922 3907 4972 erunt

2348 5038 2507 5091 prava
2565 5022 2617 5074 in
2669 5023 2884 5086 directa,
2934 5029 2983 5075 et
3022 5037 3204 5086 aspera
3234 5021 3421 5073 invias
3451 5020 3635 5086 planas
3683 5012 3805 5084 (lsa.
3831 5021 3905 5070 Xl-i

2347 5112 2429 5184 ι).
2479 5113 2647 5168 Vallis
2691 5114 2871 5184 itaque
2918 5114 3381 5168 mansuetudinem
3434 5110 3729 5170 humilium,
3776 5113 3908 5158 mons

2350 5216 2402 5261 et
2443 5207 2596 5260 collis
2641 5207 2925 5261 elationem
2973 5205 3173 5261 indicat
3216 5203 3594 5269 superborum.
3645 5195 3747 5255 Sed
3775 5192 3918 5263 quia.

2352 5298 2491 5353 sicut
2517 5298 2726 5354 Veritas
2755 5298 2920 5367 dicit,
2948 5299 3037 5368 qui
3067 5314 3119 5352 se
3143 5296 3406 5362 humiliat,
3433 5291 3757 5353 excitabitur,
3776 5295 3819 5340 et
3837 5281 3909 5352 qui

2351 5506 2630 5561 ciliatione.

2428 5578 2651 5649 fPrima
2673 5577 2858 5637 editio,
2890 5580 3184 5649 meruerint.
3255 5646 3284 5649 _
3384 5646 3393 5649 _
3776 5637 3805 5649 ..

2427 5646 2446 5684 τ
2490 5648 2561 5701 Ita
2611 5649 2716 5702 duo
2765 5649 3098 5703 Lectionuria
3148 5648 3204 5702 S.
3255 5646 3395 5701 Petri
3447 5644 3645 5706 aliique
3698 5637 3911 5698 codices.

2354 5717 2518 5777 Edili.
2543 5718 2647 5773 Per
2671 5716 2931 5773 Christum
2958 5719 3235 5773 Dominum
3253 5728 3503 5772 nostrum.
3532 5715 3710 5770 Amen.

2423 5798 2453 5840 tt
2484 5791 2610 5845 Mss.
2637 5789 2697 5846 S.
2727 5790 2891 5857 Petri,
2924 5792 3162 5847 interiore
3182 5790 3354 5845 cordis
3383 5788 3586 5842 auditu.
