3994 6354
184 408 289 471 isti
316 452 320 454 γ

1612 417 1841 473 SERMO
1880 416 2036 474 XLV.

3351 412 3455 476 990

176 550 231 586 se
259 534 499 600 micat,
532 532 883 587 hunu‘liabi'tur
910 531 1071 602 (Luc.
1106 546 1213 598 xiv,
1255 532 1315 586 tl
1345 547 1360 597 ;
1388 541 1433 584 et
1461 546 1624 597 xvm,
1656 530 1778 601 H);
1808 533 1859 594 Α
1887 529 2298 601 promerendum
2354 538 2407 588 et
2466 528 2752 588 Videndum
2824 532 2990 589 Deum
3046 534 3250 603 puritas
3302 548 3454 591 meti-

179 622 384 676 nierito
421 637 445 660 ·
474 634 531 680 et
553 624 778 678 vallibus
818 624 1150 691 adimpletio,
1183 635 1236 678 et
1274 624 1544 677 montibus
1566 632 1648 678 est
1677 640 1773 679 an—

174 716 456 769 niintiatia
480 716 759 784 depressio
792 733 807 771 :
838 729 892 770 ut
920 728 975 771 et
1005 718 1160 783 plana
1192 716 1325 769 nihil
1350 717 1694 781 oll’ensionis,
1721 726 1776 771 et

176 806 397 861 directa
451 810 583 862 nihil
621 809 849 863 habeant
880 811 1172 877 pravitatis.
1211 809 1462 876 Quamvis
1510 815 1651 863 enim
1683 826 1775 863 an-

170 911 332 967 gusta
353 911 407 952 et
434 904 601 953 ardua
629 901 693 953 sit
722 900 822 963 uia,
854 917 968 969 qua:
996 902 1133 954 ducit
1153 904 1219 952 ad
1240 903 1394 953 vitam
1422 899 1642 970 (Matth.
1676 915 1772 966 νη,

174 990 299 1061 14),
330 1009 448 1046 non
480 1003 653 1047 tamen
681 993 734 1046 in
764 1007 825 1046 ea
851 992 1135 1047 diiﬁculter
1155 992 1371 1057 incedit,
1396 1010 1551 1060 quem
1579 994 1773 1047 veritas

171 1088 481 1140 conﬁrmat
500 1097 555 1141 et
582 1086 790 1155 pietas;
827 1101 927 1140 nec
959 1097 1106 1140 caret
1131 1086 1484 1141 delectatione
1522 1087 1769 1156 gradien-

170 1175 259 1240 di,
292 1178 458 1247 cujus
498 1179 603 1233 iter
630 1177 793 1234 efﬁcit
817 1179 1069 1236 virtutum
1103 1190 1251 1249 petra
1280 1180 1536 1248 solidum,
1561 1196 1664 1235 non
1690 1180 1773 1235 vi-

176 1268 389 1323 tiorum
416 1285 580 1326 arena
606 1270 939 1325 succiduum.

249 1361 386 1416 Cu».
424 1362 492 1417 ll.
519 1392 590 1403 —
614 1363 809 1418 Verum
858 1373 915 1418 ut
954 1363 1166 1434 plenius
1204 1365 1515 1420 noverimus
1544 1380 1641 1436 per
1678 1379 1771 1420 cu-

170 1454 427 1522 iusmodi
458 1459 572 1510 vias
596 1456 752 1512 nobis
780 1458 853 1511 sit
890 1459 954 1512 ad
984 1456 1079 1512 Dei
1124 1460 1381 1525 promissa
1422 1457 1768 1525 tendendum,

170 1547 473 1602 audiamus
516 1548 679 1603 David
728 1548 1046 1618 prOphetam
1076 1550 1199 1619 quid
1228 1551 1418 1603 doceat
1451 1567 1464 1603 :
1514 1548 1772 1604 Universa:

169 1640 277 1693 sic
320 1638 568 1707 Domini,
614 1642 961 1695 misericordia
1005 1650 1054 1695 et
1102 1643 1283 1697 ueritas
1328 1640 1443 1712 (Ps.
1484 1641 1769 1711 xxiv,10).‘

168 1730 378 1786 Farina
451 1735 611 1803 igitur
663 1735 1087 1790 coiiversationis
1131 1734 1366 1789 ﬁdelium
1419 1736 1486 1790 ab
1523 1736 1769 1804 exemplo

167 1825 328 1879 venit
354 1841 588 1894 Operum
619 1828 959 1894 divinorum;
1008 1839 1062 1883 et
1101 1829 1294 1883 merito
1340 1829 1481 1883 Deus
1526 1828 1771 1883 imitatio-

1881 623 1950 676 tis
1990 622 2270 689 attollitur,
2321 639 2387 678 ne
2434 638 2598 679 onere
2641 638 2888 679 curarum
2936 624 3232 680 carnalium
3274 625 3454 695 deprio

1879 725 2073 769 matur.
2126 714 2254 767 Nam
2289 715 2376 783 qui
2408 715 2523 769 ait:
2557 713 2682 771 Sine
2720 717 2822 784 fide
2869 717 3183 782 impossibile
3226 726 3299 771 est
3339 718 3454 787 pla-

1878 822 1988 859 cere
2018 804 2128 859 Deo
2154 806 2338 877 (Ilebr.
2362 822 2435 870 iv,
2456 807 2543 875 6);
2569 808 2707 861 idem
2738 808 2864 862 dicit
2892 826 2904 861 :
2933 808 3231 864 Sihubuero
3254 823 3455 865 omnem

1877 896 2053 965 ﬁdem,
2086 898 2158 949 ita
2187 907 2243 950 ut
2266 906 2458 951 montes
2487 898 2811 968 transferam,
2836 899 3127 954 charitatein
3154 912 3321 955 autem
3348 917 3455 959 non

1876 989 2109 1055 habeant,
2148 989 2278 1043 nihil
2313 1007 2425 1043 sum
2466 989 2507 1062 (I
2534 988 2655 1046 Cor.
2683 1006 2792 1059 xitt,
2834 993 2911 1061 ‘2).
2942 991 3092 1048 Unde
3121 1001 3148 1041 Β
3188 1002 3245 1048 υι
3268 1007 3449 1050 sacra-

1876 1092 2178 1135 mentorum
2226 1083 2550 1148 paschalinm
2582 1082 2757 1136 divina
2792 1088 3041 1155 mysteria
3069 1085 3229 1153 digno
3271 1087 3448 1142 susci-

1876 1173 2089 1240 piantur
2115 1170 2318 1237 ol‘ﬁcio,
2349 1172 2456 1225 duo
2483 1175 2617 1235 huic,
2661 1171 2713 1225 iii
2742 1176 2934 1241 quibus
2962 1176 3197 1229 omnium
3246 1192 3449 1244 proice-

1876 1272 2088 1335 ptorum
2134 1265 2377 1319 doctrina
2423 1275 2714 1330 concurrit,
2762 1267 3061 1323 studiosius
3106 1278 3451 1339 appetantur,

1873 1356 2067 1425 quibus
2114 1356 2306 1426 singuli
2354 1358 2549 1425 quique
2597 1355 2835 1411 ﬁdelium
2883 1366 2937 1412 et
2976 1358 3299 1415 sacrilicium
3342 1360 3452 1417 Deo

1874 1448 2173 1504 efﬁciantur
2207 1460 2255 1504 et
2301 1452 2577 1519 templum.
2646 1451 2810 1505 lnstet
2860 1451 2999 1507 ﬁdes
3052 1467 3269 1522 sperare
3311 1453 3453 1524 quod

1873 1548 2073 1612 credit;
2105 1546 2267 1601 instet
2287 1546 2520 1601 Charitas
2546 1547 2838 1617 proiiitiare
2853 1549 2993 1615 quod
3012 1547 3223 1618 diligit:
3247 1558 3454 1603 utrum-

1872 1655 1976 1708 que
2004 1642 2231 1695 amantis
2260 1649 2360 1705 est,
2394 1651 2676 1708 utrumque
2703 1641 2994 1695 credentis.
3035 1642 3099 1695 Et
3124 1642 3210 1697 cui
3250 1641 3449 1698 intelli-

1873 1734 2065 1800 gentim
2093 1731 2120 1769 ιι
2152 1736 2500 1788 concessione
2521 1734 2854 1801 subjiciinur,
2889 1735 3059 1787 eidem
3091 1734 3305 1803 pietatis
3331 1734 3453 1791 imi-

1875 1825 2073 1877 taiione
2107 1824 2414 1894 iungamur.
2446 1824 2562 1880 Vox
2606 1824 2697 1878 Dei
2737 1835 2819 1879 est
2857 1846 2869 1880 :
2902 1824 3083 1880 Sancti
3107 1834 3283 1892 estote,
3326 1829 3451 1896 quia

166 1932 300 1969 nem
330 1918 424 1971 sui
467 1920 536 1971 ab
565 1918 641 1974 eis
670 1920 834 1989 exigit
864 1934 994 1985 quas
1020 1919 1085 1973 ad
1117 1919 1403 1987 imaginem
1435 1932 1487 1975 et
1520 1920 1768 1974 siiiiilitii-
1801 1920 1848 1980 B
1873 1934 1963 1988 ego
1987 1930 2190 1973 sanctus
2218 1937 2327 1973 sum
2352 1917 2493 1982 (Leti.
2525 1934 2633 1984 xix,
2663 1918 2698 1971 ἓ
2723 1929 2769 1973 et
2793 1934 2879 1984 xx,
2909 1919 3005 1984 7);
3037 1927 3091 1974 et
3117 1933 3220 1974 viix
3246 1918 3453 1974 Domini

164 2006 359 2063 dinem
391 2023 550 2064 suam
582 2011 724 2065 fecit.
757 2011 917 2081 Cujus
953 2016 1135 2083 utique
1163 2013 1352 2082 gloria:
1381 2014 1636 2079 dignitate
1662 2030 1769 2069 non

162 2099 339 2155 aliter.
384 2103 658 2171 potiemur
684 2120 841 2172 quam
872 2105 917 2158 si
950 2108 1000 2158 in
1032 2107 1184 2159 nobis
1213 2114 1269 2159 et
1298 2105 1664 2160 misericordia
1691 2106 1772 2162 in-

163 2198 429 2247 veniatur
455 2204 507 2247 et
538 2196 751 2249 Veritas.
784 2195 888 2249 Per
911 2212 1029 2264 quin
1054 2196 1192 2250 enini
1224 2195 1289 2249 ad
1318 2197 1606 2251 salvanilos
1647 2196 1768 2253 Sal-

162 2295 329 2338 vator
357 2284 610 2354 advenit,
643 2285 670 2323 δ
707 2302 802 2355 per
831 2288 947 2342 haec
975 2286 1041 2343 ad
1080 2288 1373 2342 salvanteiii
1415 2287 1610 2343 debent
1640 2303 1767 2358 pro-

163 2391 371 2443 pertire
423 2379 613 2432 salvati
644 2394 659 2432 :
702 2388 762 2432 ut
802 2393 903 2433 nos
930 2390 984 2434 et
1022 2379 1388 2435 misericordia
1422 2380 1515 2434 Dei
1560 2380 1772 2435 miseri-

159 2470 396 2534 cordes,
431 2481 485 2524 et
512 2473 713 2525 veritas
744 2470 903 2526 faciat
948 2487 1067 2528 esse
1108 2486 1345 2528 veraces.
1394 2472 1547 2529 Sicut
1590 2475 1770 2543 itaque

161 2576 265 2628 per
290 2562 451 2615 viam
479 2562 718 2617 veritatis
750 2577 900 2619 mens
939 2564 1106 2633 justa,
1138 2564 1210 2619 ita
1259 2580 1354 2635 per
1393 2566 1531 2619 viam
1562 2567 1773 2620 miseri-

158 2652 368 2705 tos-dia:
403 2651 650 2706 ambulat
680 2667 834 2708 mens
876 2652 1121 2723 benigna.
1163 2653 1271 2711 Nec
1308 2666 1487 2710 tamen
1518 2670 1769 2724 umquam

158 2742 362 2795 itinera
423 2742 530 2797 ista
583 2753 605 2781 °
655 2743 823 2798 divisa
873 2755 1027 2810 sunt,
1073 2748 1224 2815 quasi
1267 2746 1458 2801 horum
1504 2746 1769 2803 bonorum

156 2835 382 2904 sit-gula
441 2835 673 2891 diversis
722 2838 1025 2892 tramitibus
1068 2846 1405 2909 expetantur,
1446 2850 1500 2894 et
1526 2840 1669 2894 aliud
1698 2839 1771 2894 sit

156 2926 553 2981 misericordia
608 2942 885 2997 crescere,
931 2926 959 2965 ἀ
1010 2930 1155 2984 aliud
1199 2930 1427 2986 veritate
1481 2931 1766 3001 proﬁcere.

156 3015 281 3071 lion
329 3028 431 3073 est
471 3018 801 3087 misericors,
834 3020 1078 3076 veritatis
1115 3021 1361 3087 alienus;
1410 3036 1511 3077 nec
1545 3023 1771 3093 justitize

158 3126 340 3181 capax
369 3123 481 3177 est,
516 3122 541 3149 ε
575 3113 784 3182 pietatis
806 3122 1114 3169 extraneas.
1144 3114 1341 3169 Neutra
1361 3117 1555 3169 virtute
1579 3117 1763 3183 utitur,

158 3204 256 3272 qui
283 3218 403 3257 non
435 3214 663 3273 utraque
687 3205 908 3259 ditatur.
960 3204 1207 3261 Charitas
1237 3206 1401 3261 robur
1436 3206 1579 3273 ﬁdei,
1632 3208 1769 3264 ﬁdes

158 3294 444 3349 fortitudo
470 3304 559 3350 est
594 3296 889 3351 charitatis.
944 3297 1010 3351 Et
1057 3305 1184 3353 tunc
1228 3314 1415 3354 verum
1461 3315 1655 3355 nomen
1699 3315 1764 3357 ac
1790 3292 1837 3356 C

158 3400 328 3439 val-ns
358 3397 454 3441 est
491 3386 699 3441 fructus
741 3389 1020 3442 ambarum
1045 3429 1060 3455 ,
1092 3404 1216 3444 cum
1252 3390 1559 3447 insolubilis
1586 3401 1765 3449 manet

160 3480 461 3549 utriusque
512 3481 797 3535 connexio.
857 3480 957 3537 Ubi
1005 3482 1148 3537 enim
1190 3498 1295 3537 non
1335 3484 1493 3538 simul
1544 3484 1762 3550 iuerint,

158 3574 327 3627 simul
358 3574 595 3641 desunt,
618 3574 741 3644 quia
772 3574 998 3630 invicem
1027 3575 1129 3630 sibi
1156 3585 1211 3631 et
1234 3575 1487 3647 juvamen
1506 3586 1561 3632 et
1584 3579 1763 3634 lumen

160 3677 309 3733 sunt,
345 3667 536 3722 donec
557 3666 877 3723 desiderium
908 3668 1241 3724 credulitatis
1270 3672 1488 3741 impleat
1512 3687 1764 3729 remune-

160 3760 308 3813 ratio
334 3758 598 3822 visionis,
621 3768 678 3814 et
703 3759 1213 3816 incommutabiliter
1254 3762 1494 3818 videatur
1531 3774 1587 3819 et
1615 3780 1765 3822 ame-

162 3862 273 3916 ω,
304 3851 465 3919 quod
511 3866 658 3905 nunc
692 3861 749 3907 et
786 3853 904 3907 sine
937 3852 1041 3908 ﬁde
1072 3856 1227 3927 172
1265 3870 1370 3909 non
1406 3856 1665 3927 diligitur,
1711 3866 1767 3914 et

163 3942 187 3983 ί
218 3948 345 4002 sine
368 3944 677 4003 dilectione
705 3961 810 4001 non
836 3947 1095 4003 creditur.
1127 3947 1258 4017 Quia
1291 3964 1443 4018 ergo,
1472 3950 1767 4021 sicutApo-
1788 3936 1803 3949 “

156 4040 338 4091 notus
369 4040 477 4106 ait,
516 4038 575 4090 in
615 4036 814 4093 Christo
850 4035 976 4092 Iesu
1014 4056 1177 4112 neque
1203 4042 1525 4096 circumcisio
1568 4044 1766 4114 aliquid

157 4129 317 4197 eda,
346 4147 524 4202 neque
546 4132 874 4198 praeputium,
897 4134 987 4187 sed
1015 4133 1165 4201 ﬁdes,
1193 4150 1307 4203 quae
1329 4151 1419 4206 per
1447 4135 1765 4190 dilectionem

156 4236 419 4294 φασιν
466 4223 676 4295 (Galat.
715 4240 769 4289 ν,
806 4225 886 4295 6),
934 4226 1096 4281 simul
1140 4238 1299 4297 atque
1338 4228 1665 4297 coniunctim
1707 4236 1765 4284 et

155 4318 421 4374 charitati
451 4322 769 4373 studeamus
807 4326 864 4372 et
899 4318 1043 4373 ﬁdei.
1097 4320 1192 4375 llic
1235 4327 1321 4374 est
1352 4322 1495 4375 enim
1543 4323 1760 4391 quidam

154 4411 590 4468 efﬁcacissimus
633 4414 968 4483 geminarum
1018 4414 1220 4468 alarum
1263 4416 1492 4481 volatus,
1541 4430 1648 4486 quo
1692 4418 1759 4472 ad

1874 2025 1957 2069 est
1986 2030 1999 2065 :
2033 2012 2203 2064 Esmie
2228 2010 2597 2076 misericordes,
2641 2011 2773 2064 sicut
2802 2018 2847 2064 et
2879 2008 3036 2065 Pater
3064 2016 3225 2064 vester
3248 2009 3446 2065 miseri-

1874 2123 1987 2161 cors
2007 2116 2081 2158 est
2104 2103 2252 2174 (Luc.
2284 2118 2357 2171 Vt,
2383 2101 2497 2173 56).

1944 2198 2073 2255 Car.
2087 2198 2259 2253 lll.--
2278 2201 2351 2251 Ac
2367 2213 2433 2250 ne
2456 2195 2758 2251 dubitemus
2775 2195 2887 2251 Deo
2904 2194 3062 2251 tribui
3090 2196 3230 2267 quod
3249 2196 3453 2267 impen-

1873 2293 2015 2348 ditur
2062 2290 2349 2361 indigenti,
2404 2289 2801 2358 dispensatores
2846 2290 3306 2361 eleemusyuaruin
3333 2306 3453 2362 qua:

1872 2386 2197 2440 Commercia
2238 2385 2419 2438 ineant
2462 2384 2775 2449 audiamus,
2818 2384 3041 2438 Domino
3081 2384 3292 2440 dicente
3334 2399 3455 2455 qua

1873 2477 2047 2531 futura
2076 2480 2145 2531 sit
2166 2476 2354 2545 judicii
2398 2477 2479 2530 siii
2514 2476 2707 2540 loriiia,
2738 2491 2861 2531 cuin
2902 2478 3042 2531 dicet
3073 2478 3139 2533 ad
3177 2477 3453 2534 dexteram

1880 2567 1897 2606 ί
1929 2566 2243 2623 collocatis:
2298 2564 2496 2631 Venite,
2532 2566 2777 2620 benedicti
2814 2564 2988 2621 Patris
3028 2568 3155 2633 mei,
3202 2567 3454 2638 possidete

1872 2668 2105 2731 paratum
2142 2657 2281 2712 vobis
2322 2674 2533 2729 regnum
2567 2675 2599 2712 a
2626 2661 2981 2712 constitutione
3010 2658 3208 2712 mundi.
3247 2657 3453 2713 Esurivi

1872 2754 2026 2814 enim,
2067 2760 2114 2805 et
2151 2750 2357 2804 dedistis
2401 2748 2527 2802 mihi
2555 2749 2884 2803 manducare.
2921 2749 3069 2805 Sitiui
3091 2795 3105 2819 ,
3152 2759 3199 2805 et
3239 2750 3453 2805 dedistis

1873 2843 1998 2897 mihi
2023 2842 2204 2897 bibere.
2240 2842 2549 2912 Peregrinus
2572 2857 2732 2905 erant,
2768 2852 2813 2895 et
2838 2843 3112 2913 collegistis
3134 2857 3234 2897 me.
3265 2841 3452 2898 Nudus

1873 2951 2043 3001 eram,
2088 2942 2135 2986 et
2174 2933 2505 3003 cooperuistis
2542 2947 2639 2986 me.
2683 2930 2956 3002 Inﬁrmus,
2994 2944 3038 2987 et
3084 2934 3321 2988 uisitastis
3350 2948 3448 2990 me.

1872 3023 1941 3080 In
1987 3040 2183 3079 carcere
2240 3039 2407 3089 eram,
2459 3031 2508 3077 et
2565 3024 2770 3078 uenistis
2816 3026 2884 3079 ad
2932 3040 3008 3078 ine
3056 3023 3288 3097 (Matth.
3317 3040 3449 3093 xxv,

1871 3117 2079 3190 54-56).
2103 3118 2473 3185 Quaerentibus
2501 3129 2678 3173 autem
2705 3117 2861 3188 juSiis
2888 3119 3103 3187 quando
3143 3120 3158 3170 i
3209 3128 3300 3174 aut
3321 3133 3454 3190 qua-

1872 3213 1994 3268 liter
2022 3212 2295 3284 potuerint
2322 3211 2424 3266 ista
2456 3211 2782 3283 dependere,
2807 3212 3142 3283 respondens
3173 3214 3284 3269 Rex
3313 3213 3453 3269 dicet

1870 3310 1979 3365 illis
2015 3326 2030 3362 :
2076 3307 2260 3374 Amen,
2291 3324 2439 3362 auten
2465 3308 2580 3361 dico
2609 3308 2768 3373 vobis,
2802 3310 3047 3376 quamdiu
3074 3310 3261 3378 fecistis
3290 3306 3318 3347 ¹ι
3346 3310 3452 3366 litzc

1872 3404 1965 3456 uni
1985 3417 2048 3456 ea:
2071 3401 2294 3455 minimis
2314 3400 2561 3469 fratribus
2603 3402 2747 3466 meis,
2773 3400 2897 3454 mihi
2917 3401 3106 3472 fecistis
3130 3399 3317 3473 (lbid.,
3336 3401 3449 3474 40).

1872 3492 2008 3561 Quid
2050 3493 2151 3549 hoc
2194 3508 2359 3564 opere
2406 3493 2771 3547 fructuosius?
2809 3494 2935 3563 quid
2982 3494 3081 3548 hac
3122 3494 3453 3553 humanitate

1878 3581 1897 3622 ι
1933 3586 2176 3641 felicius?
2198 3602 2313 3656 qua:
2337 3587 2518 3655 utique
2548 3585 2703 3638 laude
2727 3600 2822 3638 sua
2841 3586 3131 3640 fraudaiida
3155 3602 3259 3641 non
3282 3595 3447 3655 esset,

1871 3675 1920 3731 si
1947 3687 2166 3747 propter
2192 3678 2363 3747 ipsam
2392 3686 2595 3731 naturae
2619 3680 3049 3733 communionem
3076 3680 3313 3748 juvando
3348 3680 3450 3738 lio-

1872 3772 2003 3825 mini
2042 3771 2110 3825 ab
2142 3770 2356 3825 homine
2402 3778 2443 3807 ¹²³
2483 3779 2843 3839 praestaretur.
2882 3769 2992 3826 Sed
3020 3774 3143 3841 quia
3170 3774 3311 3843 quod
3339 3789 3450 3833 non

1869 3880 1938 3921 ex
1964 3865 2087 3919 ﬁdei
2121 3865 2274 3937 173
2305 3866 2543 3933 procedit
2572 3864 2736 3931 fonte,
2765 3865 2830 3917 ad
2862 3868 3078 3934 praemia
3109 3877 3309 3923 aeterna
3337 3881 3445 3926 non

1869 3957 2144 4026 pervenit;
2187 3958 2290 4010 alia
2322 3964 2404 4010 est
2434 3954 2675 4010 conditio
2720 3969 2943 4024 cperum
2984 3958 3314 4025 cmlestiuin,
3344 3960 3447 4017 alia

1870 4057 2221 4103 terrenorum.
2266 4046 2526 4102 Miindiiia
2560 4046 2926 4101 benevolentia
2960 4048 3010 4102 in
3035 4048 3098 4103 iis
3123 4064 3258 4119 quos
3287 4049 3435 4119 adju.

1868 4149 1976 4205 Vat,
2024 4139 2184 4192 habet
2210 4138 2405 4203 linem;
2436 4136 2737 4191 Christiana
2780 4141 2948 4206 pietas
2977 4139 3030 4192 in
3068 4157 3222 4195 suum
3255 4143 3447 4200 transit

1869 4243 2174 4294 auctorem;
2199 4231 2322 4282 dum
2352 4228 2404 4281 in
2435 4229 2607 4296 ipsum
2634 4237 2659 4263 η
2686 4228 2913 4283 dicimur
2944 4231 3175 4300 benigni,
3200 4248 3355 4303 quem
3383 4234 3440 4291 lt.

1869 4324 2022 4377 nobis
2049 4322 2367 4378 conﬁtemur
2393 4323 2625 4389 operari,
2656 4322 2866 4377 dicente
2889 4325 3139 4377 DOmino:
3165 4326 3255 4380 Sic
3277 4327 3444 4381 luceat

1868 4417 2040 4471 lumen
2067 4426 2287 4470 uestrum
2324 4432 2497 4469 coram
2521 4414 2842 4483 hominibus,
2878 4425 2931 4469 ut
2956 4418 3157 4472 videant
3182 4435 3338 4491 opera
3360 4437 3443 4479 ve.

226 4561 247 4587 ι
278 4550 362 4605 lta
394 4565 464 4605 ex
494 4553 696 4604 nmlris
718 4550 872 4603 codd.
892 4558 1050 4619 atque
1072 4551 1228 4606 editis
1252 4551 1754 4622 anieQuesnellum,
1782 4556 1835 4617 D
1861 4554 2071 4609 demus.

155 4624 290 4690 apud
325 4638 527 4688 quem.
560 4631 606 4674 et
635 4622 781 4674 vallis
806 4622 1101 4691 adimpletio
1123 4633 1167 4673 et
1201 4626 1405 4675 montis.

226 4692 255 4729 δ
280 4693 626 4759 ansut-lhis
656 4708 774 4747 enm
806 4692 1079 4749 Βιτητευιίιι
1108 4693 1311 4747 addidit
1340 4704 1407 4747 et.
1457 4693 1757 4750 Delevimus

151 4779 221 4819 ex
264 4766 500 4836 arietis
545 4765 705 4819 editis
748 4765 1047 4833 ito-trisque
1082 4768 1243 4821 codd.
1292 4765 1415 4821 Mox
1451 4781 1547 4836 pro
1574 4767 1758 4820 saluati

153 4840 325 4903 prima
362 4834 543 4888 «ditio
576 4837 734 4887 habet
760 4836 1012 4891 salvandi.

228 4918 250 4944 ε
294 4908 401 4959 Sic
437 4920 562 4980 cum
589 4906 791 4971 Quesn.
820 4909 926 4960 duo
953 4906 1109 4962 codd.
1141 4908 1199 4962 S.
1239 4907 1379 4963 Petri
1428 4917 1484 4964 et
1528 4918 1758 4980 quatuor

154 4974 270 5029 Vat.
314 4981 435 5036 AL,
468 4977 667 5029 diversa
690 4990 827 5030 sunt.

224 5046 252 5083 ἀ
280 5049 444 5101 Ιιόιιὶ
467 5048 555 5099 hic
584 5057 831 5116 rupetunt
856 5058 925 5101 et.
959 5048 1266 5104 Delevimus
1283 5052 1600 5105 auctoritate
1622 5049 1755 5106 duo-

154 5133 270 5172 m
296 5120 474 5171 codd.
516 5117 637 5170 Vat.

228 5199 250 5225 ι
297 5189 404 5244 Sic
446 5203 681 5257 quinque
730 5189 893 5243 nostri
932 5204 1060 5246 mss.
1112 5205 1232 5244 cum
1282 5192 1587 5258 Quesnello.
1637 5192 1751 5259 AL,

154 5262 420 5313 ueritatis.
460 5259 604 5325 Mox,
640 5275 727 5312 nec
752 5272 964 5330 utraque
984 5263 1167 5316 uirtute
1191 5278 1464 5331 perperam
1492 5263 1757 5319 habebant

154 5335 439 5402 editiones
468 5330 763 5397 Qiiesnello
792 5333 1087 5387 anteriores
1128 5347 1247 5386 ciiiii
1292 5330 1564 5402 pleri~que
1589 5335 1748 5389 Codd.

158 5399 240 5462 Is,
273 5402 431 5455 forte
465 5417 630 5453 sensu
678 5405 956 5475 exigente,
1003 5399 1309 5457 emendavit
1350 5420 1443 5457 nec
1473 5399 1748 5475 alterutra,

156 5476 296 5537 quod
336 5484 529 5524 tamen
564 5478 614 5524 in
647 5472 791 5525 nullo
820 5489 918 5526 uis.
966 5489 1286 5540 reperimus.
1322 5475 1513 5529 Verani
1566 5472 1748 5530 lectio;

156 5555 279 5594 nera
312 5556 508 5595 neutra
538 5544 728 5597 obtulit
756 5542 1124 5599 Lectionarius
1154 5546 1288 5600 liber
1324 5561 1426 5600 ins.
1464 5548 1752 5603 Patavinus

153 5610 213 5665 5.
238 5612 370 5666 Just
398 5629 503 5667 me.

230 5680 252 5719 ί
284 5686 470 5752 Hujus
506 5683 917 5754 propo~itionis,
941 5687 1051 5740 sine
1078 5685 1351 5740 dlectione
1381 5704 1480 5741 non
1505 5688 1748 5752 creditur,

154 5765 387 5825 sensum
420 5770 487 5809 ex
517 5756 684 5824 ipsius
716 5757 907 5810 Lienis
947 5773 1126 5812 iiienie
1172 5762 1500 5825 pl'tlpOSlllllll
1548 5775 1611 5813 cx
1663 5775 1751 5812 tio-

300 5827 783 5897 obscrvationibus
798 5827 1034 5897 colliges,
1050 5832 1134 5881 tibi
1163 5824 1325 5883 etiam
1349 5842 1563 5885 aiiiioiai
1574 5836 1747 5885 ionem

157 5890 246 5951 ie
272 5911 305 5949 α
333 5894 641 5965 Quesnello
666 5890 956 5962 subiectam
986 5890 1352 5959 describemus
1380 5916 1536 5967 atque
1553 5919 1747 5971 expen-
1769 5897 1781 5916 ”

1933 4625 2303 4701 sPariiculam
2332 4635 2407 4690 ut,
2438 4642 2557 4697 quin
2594 4626 2779 4683 deerat
2820 4627 2870 4701 in
2915 4627 3073 4684 editis
3112 4639 3237 4688 ante
3264 4632 3439 4701 Ones-

1861 4699 2059 4776 nellu‘su
2082 4740 2096 4762 ,
2132 4699 2198 4776 ab
2239 4703 2336 4751 hoc
2367 4701 2786 4776 ilUltflllADl‘a'ﬁXH
2822 4700 3079 4776 liiit_voci
3126 4699 3302 4776 ligno,
3335 4707 3437 4764 hoc

1859 4766 1977 4821 loeti
2003 4769 2322 4822 iiisi'riiiiiiits
2353 4784 2417 4822 i-x
2441 4766 2647 4821 duiiliiis
2678 4787 2803 4824 tiiss.
2831 4771 2883 4825 S.
2918 4771 3079 4825 Petri.

1931 4837 1960 4874 ιι
2000 4839 2346 4907 ριινεηνιιιιε,
2374 4842 2719 4899 consensione.
2757 4845 3178 4912 repugnantibus
3213 4862 3318 4901 non
3347 4864 3435 4905 so-
3462 4876 3465 4877 ν

1861 4909 1967 4962 liiin
2002 4912 2357 4963 uitii-rioiiiiiis
2401 4914 2588 4975 editis,
2621 4913 2711 4965 μού
2749 4909 2910 4965 etiaiii
2950 4917 3197 4968 oiniiihus
3234 4923 3434 4977 nostris

1858 4984 2016 5036 codd.
2054 4981 2413 5051 lnlelligeniia:
2438 4999 2539 5035 non
2570 4986 2852 5049 consensio,
2870 5000 2988 5052 que
3011 4986 3265 5042 inliiotati
3289 5006 3438 5047 com-

1860 5066 2014 5120 petit,
2041 5058 2131 5104 si-d
2165 5057 2417 5105 concessio
2446 5056 2493 5104 iu
2526 5055 2786 5108 cessionis
2814 5055 3256 5117 Sigoilii'aiimiein
3292 5074 3436 5116 recte

1858 5124 2124 5176 tribuitur.
2171 5128 2243 5176 uti
2283 5126 2420 5187 apud
2453 5123 2764 5190 Aposioluui
2806 5148 2818 5179 :
2865 5123 3188 5195 Captivaiites
3232 5130 3429 5187 intelle-

1857 5203 1992 5247 ctum
2022 5196 2075 5246 in
2101 5194 2390 5262 obsequium
2422 5196 2561 5262 ﬁdei.

1934 5273 1951 5301 ι
2010 5265 2180 5325 Ειιιιί.
2213 5268 2541 5319 collocandis.
2595 5265 2783 5321 Melius
2821 5281 2888 5322 ex
2925 5282 3054 5322 mss.
3093 5267 3153 5324 S.
3193 5267 3340 5327 Petri
3379 5280 3435 5328 et

1855 5334 1958 5388 alio
1992 5336 2110 5389 Vat.
2140 5336 2353 5391 eoilect.
2379 5341 2429 5393 5.
2459 5337 2736 5389 collocatis.

1888 5406 1944 5529 .Ιὶ
1986 5406 2080 5459 Aut
2113 5423 2209 5476 pro
2246 5418 2291 5461 et
2332 5408 2498 5477 magis
2538 5410 2734 5477 placuit
2769 5423 2833 5463 ex
2872 5411 3041 5466 tritus
3060 5412 3261 5470 nostris
3284 5412 3430 5470 codi-

1888 5492 1903 5529 Ι
1928 5493 2024 5529 ius.

1855 5491 2024 5531 Cllllls.

1925 5546 1952 5585 κ
1985 5548 2297 5602 Addidimns
2322 5548 2428 5604 haec
2451 5566 2517 5605 ex
2541 5566 2667 5605 mss.
2700 5550 2757 5607 S.
2792 5549 2955 5608 Petri.

1929 5617 1948 5656 1
1981 5622 2211 5693 Quidam
2234 5622 2359 5674 editi
2392 5633 2516 5677 ante
2542 5626 2769 5691 Quesii.,
2798 5624 3022 5693 facilius.

1922 5698 1961 5727 ιιι
1990 5691 2064 5765 Ita
2086 5707 2148 5745 es
2182 5691 2389 5746 duobus
2417 5712 2548 5749 mss.
2582 5698 2636 5749 ὃ.
2665 5691 2825 5749 Petri.
2854 5698 2963 5754 AL.
2986 5695 3312 5765 preberetitr.
3445 5755 3449 5759 ,

1923 5768 1952 5797 ¹³
1978 5763 2088 5831 Al,
2127 5766 2397 5832 dicamur;
2438 5775 2495 5822 et
2540 5766 2664 5822 dein
2715 5781 2812 5838 pro
2856 5763 3177 5841 confitentur,
3218 5768 3317 5839 aL,
3345 5768 3427 5842 fa-

1852 5840 2035 5890 temur.
