3994 6354
601 342 699 401 291

1702 338 1758 392 S.
1798 334 2040 389 LEUNlS
2077 330 2291 388 MAGNI
2330 328 2712 386 IERMONES.

3754 331 3841 389 102

602 462 706 506 stra
736 453 895 518 bona,
927 458 974 505 et
1012 449 1334 521 magniﬁcent
1359 448 1571 501 Patrem
1599 458 1817 502 vestrum
1842 448 1929 517 qui
1960 447 2014 500 in
2044 440 2179 500 uelis
2207 451 2263 509 Α
2356 441 2706 521 elemosynis,
2735 440 2829 521 sed
2854 446 2901 521 et
2928 438 3241 521 offensarum
3285 439 3581 493 remissione
3606 441 3838 513 jejunium

603 553 675 599 est
698 540 913 617 (Matth.
946 558 1000 608 v,
1038 542 1154 613 16).

670 638 802 693 Car.
834 636 922 692 lV.
944 663 1015 675 —
1040 633 1223 691 Gaude
1255 634 1435 704 igitur,
1478 647 1633 689 mens
1677 632 1935 699 fidelium,
1967 640 2023 687 et
2067 632 2183 701 glo-

600 731 736 786 riam
767 740 908 784 tuam
940 730 992 782 in
1022 726 1139 796 ejus
1156 726 1326 796 gloria
1347 725 1439 795 qui
1454 726 1505 780 in
1522 734 1572 779 te
1586 733 1839 795 operatur
1861 738 2180 795 agnoscens,

600 824 669 879 de
712 823 827 892 ipsa
880 820 1119 892 paschali
1152 828 1175 855 ι
1208 818 1498 875 festivitate
1528 817 1791 874 fervesce.
1826 818 1995 873 Debiti
2038 817 2181 872 enim

601 918 677 973 tui
706 927 809 980 est,
844 924 902 970 ut
931 915 978 970 ei
1013 916 1101 983 qui
1140 929 1238 985 pro
1273 913 1523 968 omnibus
1554 928 1740 983 passus
1770 920 1854 968 est
1884 923 2066 983 parata
2112 912 2185 964 sis

599 1009 835 1076 compati
878 1026 892 1060 :
931 1007 1183 1077 quoniam
1243 1007 1323 1076 pia
1380 1009 1485 1059 vita
1534 1015 1839 1059 sanctorum
1894 1018 2185 1073 numquam

600 1096 774 1155 aliena
806 1108 889 1154 est
916 1101 1087 1154 crucis
1118 1096 1341 1165 Christi,
1373 1098 1499 1152 dum
1527 1096 1873 1152 continentiae
1899 1096 2065 1149 clavis
2094 1094 2187 1148 de-

601 1194 800 1249 sideria
831 1194 1009 1247 carnis
1035 1192 1273 1263 contigit,
1304 1200 1357 1246 et
1388 1206 1675 1260 corporeas
1722 1191 2040 1259 cupiditates
2078 1189 2186 1242 vir-

604 1293 718 1341 tute
748 1274 981 1354 Spiritus
1020 1285 1069 1338 in
1119 1298 1178 1338 se
1220 1284 1510 1337 habitantis
1548 1282 1818 1336 interlictt.
1854 1280 2078 1335 Difficile
2104 1286 2189 1334 est

603 1394 924 1451 quemquam
954 1377 1006 1432 in
1036 1391 1094 1431 se
1125 1392 1232 1431 non
1275 1375 1475 1429 habere
1506 1375 1644 1443 quod
1677 1372 1927 1443 perimat.
1961 1371 2186 1424 Exstin-

605 1471 813 1543 guenda
860 1480 943 1525 est
993 1468 1267 1523 iracundia
1296 1508 1311 1531 ,
1365 1464 1735 1520 mortificanda
1782 1473 1865 1517 est
1894 1462 2184 1532 superbia,

605 1563 930 1620 destruenda
982 1560 1217 1625 luxuria,
1272 1558 1424 1613 radix
1480 1572 1697 1626 quoque
1745 1555 1982 1609 avaritiae
2030 1553 2187 1607 altius

604 1654 976 1727 persequenda
997 1661 1113 1708 est:
1140 1662 1192 1706 ut
1214 1651 1454 1706 omnium
1482 1650 1743 1703 malorum
1772 1660 1992 1717 germen
2016 1644 2186 1699 excidi

605 1747 799 1814 valeat,
825 1747 869 1801 si
899 1760 1082 1800 eorum
1118 1743 1350 1813 potuerit
1400 1742 1572 1796 fomes
1620 1739 1797 1795 evelli.
1842 1738 1977 1793 Cum
2007 1746 2185 1790 autem

2356 523 2401 567 et
2426 510 2711 567 orationem
2734 512 3000 580 fructuosa
3031 510 3197 564 reddi.

2355 624 2484 679 Car.
2518 625 2558 677 Ι.
2584 650 2651 666 --
2681 622 2986 677 Devotionis
3013 619 3231 693 quidem
3259 629 3473 687 vestras,
3508 619 3840 697 dilectissimi,

2286 721 2534 776 novimus
2563 719 2705 773 hunc
2731 732 2852 774 esse
2882 717 3173 783 fervorem,
3216 726 3274 771 ut
3326 713 3348 754 ί
3399 717 3451 770 in
3478 715 3709 786 ieiuniis,
3741 736 3844 791 quas

2286 811 2499 867 Domini
2536 810 2739 865 Pascha
2789 818 3162 877 praecurrunt,
3197 808 3352 863 multi
3400 816 3614 864 nostros
3663 826 3847 881 praeve-

2288 903 2447 957 niatis
2478 902 2744 956 hortatus.
2774 899 2880 956 Sed
2924 901 3045 970 quia
3084 899 3283 954 utilitas
3315 907 3341 947 ε
3366 901 3705 956 continentiae
3753 921 3848 964 non

2286 994 2461 1049 solum
2483 994 2659 1047 carnis
2683 993 3039 1061 castigationi,
3062 1006 3247 1045 verum
3275 998 3435 1046 etiam
3463 992 3660 1047 mentis
3684 1008 3847 1053 neces-

2288 1090 2427 1140 saria
2451 1096 2532 1140 est
2561 1086 2796 1153 puritati,
2830 1085 3227 1139 observantiam
3254 1092 3487 1138 vestram
3517 1084 3596 1139 sic
3624 1088 3847 1154 cupimus

2288 1191 2410 1232 esse
2440 1176 2750 1245 perfectam,
2784 1186 2840 1229 ut
2864 1172 2895 1213 ιι
2923 1177 3063 1231 sicut
3102 1192 3130 1230 a
3163 1170 3447 1231 desideriis
3476 1177 3657 1231 carnis
3677 1181 3852 1237 recidi-

2290 1270 2359 1324 tis
2388 1271 2713 1336 voluptates,
2760 1280 2833 1323 .ta
2869 1270 2935 1323 ab
2968 1269 3132 1323 animi
3174 1269 3423 1323 sensibus
3451 1270 3744 1327 excludatis
3780 1287 3854 1328 er-

2290 1377 2461 1416 rores.
2496 1362 2627 1415 Nam
2672 1362 2909 1432 paschali
2945 1362 3099 1427 festo,
3134 1360 3148 1399 ί
3187 1362 3239 1416 in
3270 1377 3377 1431 quo
3402 1364 3577 1416 omnia
3601 1365 3852 1433 religionis

2291 1463 2489 1507 nostrae
2526 1461 2859 1506 Sacramenta
2887 1461 3231 1515 concurrunt,
3273 1454 3316 1507 is
3349 1467 3472 1508 vera
3493 1463 3549 1508 et
3568 1458 3853 1513 rationabili

2290 1542 2665 1613 purificatione
2696 1560 2754 1598 se
2782 1554 3065 1613 praeparat,
3099 1546 3249 1613 cujus
3280 1560 3372 1599 cor
3394 1547 3538 1601 nulla
3560 1546 3855 1605 inﬁdelitate

2292 1635 2570 1706 polluitur.
2604 1637 2823 1689 Dicente
2852 1637 2995 1689 enim
3038 1636 3297 1704 Apostolo
3329 1650 3344 1689 :
3377 1637 3539 1690 Omne
3588 1638 3725 1707 quod
3768 1657 3857 1694 non

2291 1737 2364 1779 est
2390 1742 2451 1779 ex
2482 1726 2600 1792 fide,
2627 1736 2885 1795 peccatum
2910 1734 2984 1778 est
3017 1725 3197 1797 (Rom.
3217 1727 3458 1796 xxv,23),
3483 1727 3689 1782 inutilia
3718 1741 3858 1786 erunt

605 1842 709 1897 hac
753 1838 1025 1909 diligentia
1054 1836 1420 1892 indesinenter
1452 1836 1523 1889 sit
1566 1836 1778 1888 animus
1809 1830 2139 1887 excolendus
2168 1870 2185 1897 ,

2297 1830 2344 1873 ct
2367 1834 2498 1873 vana
2523 1835 2706 1873 eorum
2728 1821 2927 1888 jejuuia
2957 1835 3092 1889 quos
3113 1822 3455 1877 illusionibus
3477 1822 3591 1877 suis
3613 1825 3859 1882 mendacii

609 1940 665 1989 et
710 1931 964 1987 utendum
1010 1931 1079 1984 ita
1113 1926 1182 1982 sit
1212 1940 1460 1995 corpore,
1494 1934 1551 1979 ut
1576 1926 1772 1980 rectori
1813 1938 1912 1977 suo
1940 1937 2189 1977 necessa-

606 2026 747 2081 rium
769 2024 1004 2094 prmbeat
1022 2031 1207 2075 natura
1228 2019 1448 2073 inferior
1466 2019 1944 2085 famulatum,nunc
1958 2017 2189 2070 maxime

606 2117 777 2172 frenis
803 2116 1146 2170 continentiae
1168 2127 1294 2166 caro
1317 2112 1647 2165 moderanda
1679 2119 1781 2175 est,
1842 2117 1895 2163 et
1934 2106 2187 2175 quidquid

606 2208 924 2265 sublimibus
950 2204 1232 2260 desideriis
1246 2204 1446 2265 obviat,
1465 2200 1874 2272 amputandum.
1893 2201 2026 2255 Dum
2046 2200 2187 2254 enim

606 2298 856 2371 congruis
885 2297 1342 2369 purilicationihus
1369 2294 1437 2349 ad
1464 2295 1843 2350 celebrandum
1865 2292 2065 2347 Pascha
2084 2290 2192 2346 Do-

607 2388 753 2449 mini
772 2388 994 2461 utraque
1026 2388 1328 2443 substantia
1356 2393 1711 2456 praeparatur,
1740 2383 2012 2454 profutura
2044 2386 2186 2437 omni

607 2478 853 2554 tempore
890 2479 1224 2538 consuetudo
1272 2481 1525 2534 nutritur.
1578 2479 1779 2534 Severe
1839 2480 1891 2531 in
1948 2477 2191 2531 subditos

607 2575 638 2619 1³
669 2577 892 2647 imperia
924 2576 1314 2640 detumescent,
1355 2581 1532 2627 cesset
1580 2571 1810 2626 vindicta
1859 2572 2086 2642 peccati,
2135 2580 2189 2623 et

613 2680 637 2709 ε
668 2662 757 2725 rei
777 2662 1058 2723 criminum
1096 2667 1160 2721 ad
1194 2666 1292 2721 hos
1318 2666 1432 2720 dies
1462 2666 1774 2735 pervenisse
1804 2679 1863 2719 se
1900 2663 2187 2734 gaudeant,

605 2764 662 2819 in
680 2762 874 2834 quibus
901 2760 928 2800 ἀ
958 2763 1058 2817 sub
1089 2762 1286 2817 sanctis
1309 2760 1518 2831 piisque
1546 2757 1879 2830 principibus
1901 2761 2061 2813 etiam
2090 2772 2191 2827 pu-

605 2858 868 2915 blicarum
898 2858 1183 2912 austeritas
1208 2856 1500 2911 remittitur
1546 2854 1828 2910 ultionum.
1858 2854 2190 2910 Aboleantur

606 2950 750 3015 odia,
773 2950 1021 3006 deficiant
1048 2949 1371 3014 simultates,
1392 2949 1537 3017 pacis
1559 2956 1615 3003 et
1635 2947 2024 3002 benevolentiae
2049 2947 2190 3000 mul-

608 3043 879 3113 tiplicetur
911 3053 931 3078 θ
961 3039 1204 3105 affectus,
1234 3052 1285 3095 et
1314 3039 1403 3109 qui
1434 3028 1609 3109 potuit
1635 3038 1837 3093 malitia
1865 3038 2055 3107 pollui,
2079 3048 2191 3090 stu-

607 3134 733 3190 deat
761 3133 1087 3203 benignitate
1140 3132 1374 3201 purgari.
1426 3131 1687 3197 Quoniam
1733 3128 1990 3200 judicium
2048 3130 2187 3195 Dei,

2291 1922 2441 1983 pater
2472 1911 2484 1962 i
2524 1912 2722 1980 decipit
2752 1912 2931 1981 (Joan.
2961 1928 3073 1977 vm,
3114 1914 3241 1984 Η),
3282 1925 3332 1970 et
3362 1930 3488 1970 vera
3518 1917 3715 1971 Christi
3745 1934 3860 1975 caro

2296 2018 2401 2059 non
2434 2005 2626 2073 paScit.
2656 2002 2805 2059 Sicut
2834 2018 2965 2073 ergo
2991 2004 3188 2061 divinis
3215 2008 3479 2061 mandatis
3509 2022 3758 2078 sameque
3776 2011 3862 2064 do-

2293 2098 2479 2150 etrina:
2512 2106 2624 2150 toto
2650 2097 2813 2150 corde
2840 2096 3203 2152 famulandum
3233 2106 3334 2165 est,
3369 2100 3439 2153 ita
3470 2100 3618 2154 omni
3649 2103 3862 2171 pruden-

2293 2187 2364 2241 tia
2394 2187 2460 2242 ab
2493 2189 2670 2257 impiis
2712 2196 2797 2242 est
2834 2188 3082 2243 sensibus
3119 2189 3517 2245 abstinendum.
3556 2190 3709 2245 Tunc
3732 2194 3860 2249 enim

2290 2274 2317 2315 ιι
2356 2291 2507 2333 mens
2536 2289 2777 2331 sanctum
2821 2282 2931 2347 agit
2959 2286 3115 2345 atque
3155 2279 3395 2347 spiritale
3424 2280 3714 2349 jejunium,
3752 2296 3859 2338 cum

2290 2375 2496 2427 erroris
2533 2372 2682 2426 cibos
2712 2383 2871 2438 atque
2902 2386 3102 2427 venena
3126 2373 3308 2441 abiicit
3332 2373 3609 2439 falsitatis;
3644 2390 3757 2445 qua:
3778 2378 3863 2431 do-

2291 2465 2439 2520 losus
2464 2480 2525 2518 ac
2557 2474 2807 2520 versutus
2845 2465 3091 2519 inimicus
3130 2479 3272 2519 nunc
3312 2466 3623 2521 insidiOsius
3662 2468 3859 2538 ingerit,

2291 2560 2507 2627 quando
2556 2561 2671 2629 ipso
2709 2559 3029 2613 veneranda;
3086 2559 3391 2614 festivitatis
3430 2574 3657 2613 recursu
3702 2563 3862 2619 omnis

2292 2648 2531 2704 Ecclesia
2570 2651 2635 2704 ad
2676 2649 3020 2719 intelligenda
3053 2646 3380 2705 salutis’suae
3417 2652 3676 2721 mysteria
3714 2667 3865 2722 gene-

2290 2741 2482 2795 raliter
2513 2739 2531 2779 ι
2567 2750 2963 2797 comtnonetur.
2994 2741 3045 2796 Is
3069 2743 3209 2796 enim
3243 2744 3663 2798 resurrectionis
3682 2742 3866 2800 Christi

2292 2845 2452 2885 verus
2484 2832 2764 2887 confessor
2785 2843 2836 2886 et
2861 2832 3037 2887 cultor
3066 2842 3170 2897 est,
3195 2836 3283 2902 qui
3314 2844 3367 2887 et
3391 2832 3459 2887 de
3488 2834 3744 2901 passione
3762 2836 3867 2904 ejus

2294 2937 2399 2977 non
2432 2923 2795 2988 confunditur,
2829 2933 2882 2978 et
2908 2922 2976 2977 de
3000 2937 3259 2992 corporea
3296 2923 3571 2979 uativitate
3602 2940 3712 2980 non
3741 2924 3865 2979 falli-

2295 3022 2403 3069 tur.
2436 3013 2567 3068 Nam
2603 3015 2817 3085 quidam
2865 3007 3246 3069 erubescentes
3301 3014 3653 3087 Evangelium
3705 3018 3867 3073 crucis

2294 3105 2517 3173 Christi,
2574 3115 2630 3159 ut
2680 3106 2961 3161 audentius
3023 3116 3348 3161 evacuarent
3408 3119 3719 3178 susceptum
3782 3121 3870 3177 pro

607 3227 751 3283 sicut
777 3225 1073 3279 immitibus
1117 3225 1436 3291 vehemens,
1481 3224 1553 3277 ita
1603 3222 1708 3278 erit
1751 3219 2189 3275 misericordibus

2297 3197 2477 3253 mundi
2516 3198 2889 3266 redemptione
2919 3198 3238 3267 supplicium
3259 3238 3275 3264 ,
3310 3198 3480 3266 ipsam
3524 3214 3673 3255 vera:
3706 3200 3871 3255 carnis

607 3316 847 3373 clemens
866 3332 889 3383 ;'
906 3324 959 3371 et
980 3310 1213 3371 detrusis
1235 3315 1288 3369 in
1312 3314 1487 3384 ignem
1512 3314 1771 3383 gehennae
1792 3320 2011 3381 propter
2030 3311 2191 3365 inhu-

606 3408 919 3469 manitatem
947 3404 1181 3463 sinistris
1209 3449 1225 3475 ,
1252 3406 1473 3462 dextros
1499 3406 1962 3476 eleemosynarum
1998 3404 2195 3473 pietate

605 3500 852 3559 laudatos
882 3486 1095 3575 (Matth.
1124 3515 1250 3567 xxv,
1281 3498 1373 3569 '54,
1406 3498 1527 3571 42),
1555 3509 1756 3555 aeterna
1788 3496 2020 3554 caelestis
2041 3494 2203 3571 regni}

608 3597 893 3655 beatitudo
938 3596 1214 3669 suscipiet.
1266 3598 1368 3652 Per
1412 3595 1699 3651 Dominum
1732 3605 1972 3651 nostrum
2011 3586 2205 3650 Jesum‘

608 3691 907 3763 Christum,
936 3694 1029 3764 qui
1067 3710 1189 3749 cum
1219 3691 1377 3749 Patre
1405 3702 1460 3748 et
1490 3691 1689 3762 Spiritu
1738 3700 1927 3747 sancto
1970 3690 2100 3747 vivit
2138 3699 2195 3746 et

609 3794 801 3856 regnat
821 3780 875 3841 in
902 3784 1096 3841 saecula
1124 3770 1467 3841 saeculorum.
1501 3786 1693 3839 Amen.

902 3925 1061 3999 ιη
1091 3925 1321 3983 SERMO
1354 3924 1518 3981 XLVI
1550 3922 1671 3996 [Αι.
1706 3922 1891 3998 XLV].

1041 4018 1120 4073 De
1158 4018 1560 4089 Quadragesima
1595 4014 1762 4069 γιιι.

610 4110 879 4172 Snoests.
910 4140 982 4154 -
1008 4110 1053 4166 ι.
1098 4110 1218 4165 Νοη
1249 4112 1416 4165 solum
1444 4110 1585 4175 uitia,
1636 4108 1725 4161 sed
1769 4118 1815 4162 et
1864 4125 2061 4165 errores
2089 4126 2194 4166 esse

681 4182 1036 4252 repellendos;
1116 4182 1435 4248 eminamque
1482 4178 1859 4250 agnoscendum
1906 4182 1959 4235 in
1991 4180 2199 4247 Christo

682 4262 943 4306 naturam.
974 4284 1045 4296 —
1166 4250 1233 4306 In
1264 4251 1495 4305 omnibus
1524 4250 1805 4304 actionibus
1842 4251 2029 4306 Christi
2054 4255 2194 4306 varia

682 4250 943 4309 naturam.
974 4284 1045 4296 —
1071 4250 1134 4307 ῘΙ.
1166 4250 1233 4306 In
1264 4251 1495 4305 omnibus
1524 4250 1805 4304 actionibus
1842 4251 2029 4307 Christi
2054 4255 2194 4307 varia

682 4326 877 4381 elucere
906 4327 1168 4391 utriusque
1196 4333 1394 4378 naturae
1421 4324 1719 4377 testimonia.
1747 4351 1819 4361 —
1843 4322 1931 4378 Ill.
1966 4322 2093 4390 Quae
2131 4326 2195 4377 de

683 4396 887 4454 Clu-isto
909 4399 1172 4452 incarnato
1198 4397 1300 4451 sint
1330 4395 1604 4450 credenda.
1633 4422 1705 4434 —-
1724 4392 1814 4449 1V.
1864 4394 1986 4449 Non
2030 4397 2193 4450 solum

2292 3290 2349 3345 in
2383 3290 2608 3343 Domino
2638 3303 2907 3358 negavere
2946 3296 3187 3344 naturam
3213 3330 3228 3357 ,
3260 3302 3366 3344 non
3396 3290 3756 3361 intelligente:
3779 3292 3871 3345 im-

2294 3384 2602 3453 passihilem
2652 3383 2741 3437 Dei
2784 3382 2944 3437 Verbi
2989 3391 3150 3453 atque
3194 3382 3696 3439 incommutabilem
3727 3382 3869 3456 175

2296 3476 2585 3541 Deitatem,
2616 3483 2655 3511 ιιι
2689 3478 2757 3528 ita
2792 3474 3099 3531 inclinatam
3133 3474 3200 3528 ad
3233 3477 3520 3530 humanam
3551 3475 3803 3545 salutem,
3823 3485 3873 3530 ut

2296 3576 2351 3623 et
2382 3577 2632 3637 potenter
2659 3562 2874 3635 propria
2908 3582 3015 3621 non
3044 3567 3346 3633 amitteret,
3375 3577 3431 3622 et
3459 3568 3874 3625 misericorditer

2295 3670 2482 3715 nostra
2513 3660 2835 3729 susciperet.
2887 3658 3123 3727 Duplicis
3162 3660 3341 3731 itaque
3367 3662 3418 3713 in
3450 3658 3678 3717 Christo
3701 3662 3875 3716 forma

2296 3766 2401 3805 una
2434 3765 2663 3821 persona
2691 3760 2805 3817 est,
2839 3759 2894 3806 et
2918 3750 3085 3805 Filius
3107 3749 3227 3815 Dei,
3260 3749 3510 3821 idemque
3538 3750 3688 3807 ﬁlius
3714 3750 3854 3807 homi

2295 3843 2403 3909 nis,
2438 3858 2573 3896 unus
2603 3852 2687 3897 est
2720 3842 3015 3908 Dominus,
3062 3841 3428 3897 conditionem
3458 3844 3717 3899 servilem
3757 3856 3879 3899 cou-

2295 3935 2416 3990 silio
2447 3937 2664 4004 pietatis
2684 3937 2975 4005 recipiens,
3010 3940 3039 3970 υ
3066 3950 3173 3990 non
3202 3934 3323 4005 lege
3339 3934 3687 3991 necessitatis
3713 3938 3882 3991 incur-

2295 4041 2425 4083 rens
2455 4044 2469 4081 :
2503 4028 2626 4097 quia
2655 4036 2921 4096 potestate
2956 4025 3131 4081 factus
3176 4035 3259 4082 est
3304 4024 3557 4093 humilis,
3614 4036 3874 4099 potestate

2298 4116 2597 4187 passibilis,
2656 4126 2919 4188 potestate
2947 4118 3222 4185 mortalis;
3279 4126 3341 4172 ut
3386 4117 3454 4174 ad
3494 4116 3880 4173 destruendum

2299 4210 2503 4280 peccati
2529 4210 2825 4279 mortisque
2867 4209 3224 4271 dominatum.
3254 4216 3311 4263 et
3340 4221 3510 4276 poenae
3539 4221 3721 4278 capax
3747 4214 3886 4263 esset

2299 4305 2600 4359 substantia
2628 4305 2982 4373 inﬁrmitatis,
3004 4313 3063 4361 et
3100 4302 3232 4358 nihil
3267 4303 3454 4374 glorias
3478 4317 3597 4360 sum
3637 4303 3885 4376 perderet

2300 4409 2491 4455 natura
2517 4400 2751 4455 virtutis.

684 4605 711 4635 ⁸
738 4594 861 4673 Ah,
881 4596 1219 4673 solemnitate.
1255 4595 1384 4651 Post
1427 4611 1593 4673 pauca
1628 4606 1746 4651 erat
1791 4598 1861 4673 in_
1891 4597 2048 4652 editis
2097 4615 2190 4673 pa-
2215 4603 2269 4664 D
2292 4601 2460 4671 quod;
2503 4602 2641 4673 apud
2676 4601 2905 4669 Quesn.,
2936 4618 3058 4670 quo.

610 4676 755 4735 ratus
786 4667 879 4723 sis.
920 4666 1259 4721 Praetulimus
1296 4678 1475 4737 parata
1512 4669 1610 4729 sis,
1654 4682 1758 4721 non
1786 4670 1955 4722 solum
1989 4683 2053 4722 ex
2091 4666 2191 4723 ali-

610 4749 742 4820 quot
767 4752 925 4805 mss.,
958 4737 1335 4792 verumetiam
1376 4741 1503 4808 quia
1530 4737 1717 4793 referri
1761 4739 1969 4793 videtur
2001 4739 2066 4792 ad
2116 4740 2192 4794 ie-

615 4823 877 4865 mxumum
904 4822 1100 4863 nomen
1129 4825 1291 4861 mens.

683 4877 712 4918 ¹³
742 4878 913 4937 Codd.
945 4878 1159 4933 collect.
1180 4879 1239 4943 4,
1271 4880 1485 4947 imperia
1513 4895 1613 4932 non
1641 4880 1761 4933 sint.

686 4959 710 4988 ο
739 4948 937 5006 Confer
1002 4949 1408 5005 observationes
1473 4959 1722 5017 nostras,
1772 4951 1858 5008 ubi
1915 4954 2191 5010 annotatio

614 5020 881 5088 Quesnelli
916 5019 1271 5077 describetur.

678 5089 1065 5174 flParticulam
1100 5092 1192 5147 sub
1241 5105 1337 5162 pro
1384 5108 1416 5145 a
1454 5106 1520 5147 ex
1566 5105 1699 5147 mss.
1749 5091 1810 5150 ε.
1860 5093 2005 5150 Petri
2034 5110 2189 5166 repo-

610 5176 836 5219 sunmus.

684 5242 709 5303 φ
737 5231 875 5303 Tres
909 5233 1081 5287 nostri
1108 5232 1266 5288 codd.
1299 5240 1356 5289 et
1383 5234 1552 5303 prima
1580 5233 1765 5297 editio.
1796 5233 2022 5303 effectus.

609 5373 654 5433 Ρ
686 5298 1060 5433 LParticulam
1118 5304 1173 5358 in
1225 5298 1530 5360 addidimus
1586 5321 1656 5361 ex
1703 5298 1913 5362 duobus
1953 5326 2082 5363 mss.
2128 5309 2189 5365 S.

655 5389 686 5430 e
741 5391 797 5429 t-

655 5375 797 5441 etsi-

683 5454 707 5493 ε
736 5444 826 5503 Sic
870 5460 991 5501 cum
1022 5444 1309 5514 Quesnello
1338 5461 1404 5500 ex
1432 5446 1620 5502 iisdem
1665 5446 1723 5503 S.
1758 5449 1899 5504 Petri
1945 5451 2103 5508 codd.
2135 5460 2192 5507 et

609 5515 819 5573 duobus
844 5516 963 5570 Vat.
996 5518 1106 5581 AL,
1139 5516 1477 5572 abstinentiae.

683 5586 713 5626 ³
752 5590 890 5645 Editi
921 5598 1047 5644 ante
1076 5589 1297 5656 Quesn.,
1338 5590 1471 5643 sicut
1501 5587 1763 5654 desiderii,
1795 5592 1877 5646 vel
1924 5593 2188 5647 desideriis

609 5661 779 5729 gemis
802 5662 1083 5716 rescinditis
1104 5664 1406 5729 voluptates.
1433 5661 1634 5714 Textus
1662 5662 1819 5717 lectio
1845 5672 1928 5718 est
1954 5666 2005 5718 in
2030 5666 2187 5719 codd.

610 5725 677 5793 ὃ.
698 5729 850 5795 Petri
878 5734 1006 5788 etin
1040 5732 1154 5788 Vat.
1186 5725 1401 5787 collect.
1430 5732 1481 5786 5.

690 5794 825 5861 ιιιά
852 5802 958 5862 duo
994 5820 1122 5863 mss.
1146 5804 1204 5862 S.
1229 5802 1392 5861 Petri.
1442 5804 1585 5862 Editi
1617 5813 1674 5862 et
1710 5803 1877 5872 aliqui
1923 5803 2108 5869 codd..
2138 5807 2193 5861 in

2372 4672 2385 4742 Ξ
2425 4672 2572 4727 Unus
2597 4688 2699 4726 ms.
2732 4673 2789 4729 S.
2827 4673 2971 4727 Petri
3001 4682 3055 4727 et
3080 4672 3199 4727 Vat.
3224 4672 3438 4727 collect.
3464 4674 3520 4735 ι,
3550 4673 3780 4742 decepit.

2364 4740 2391 4780 ¹ι
2426 4744 2621 4799 Vocem
2664 4761 2828 4809 mens,
2861 4759 2981 4813 quae
3022 4744 3071 4797 in
3112 4743 3404 4809 Quesnello
3425 4742 3601 4809 deest,
3627 4740 3699 4799 ex
3727 4749 3886 4799 caete-

2293 4814 2367 4869 ris
2394 4814 2552 4869 editis
2583 4816 2884 4883 nostrisque
2914 4813 3072 4867 codd.
3118 4816 3507 4867 remeavimus.

2372 4883 2389 4922 ι
2423 4885 2514 4940 Sic
2544 4886 2746 4952 Quesn.
2792 4882 2915 4939 eum
2942 4884 3177 4938 editione
3202 4884 3463 4954 Autuerp.
3495 4898 3585 4939 an.
3622 4882 3789 4950 i585,
3832 4891 3882 4937 et

2294 4956 2540 5028 plerique
2566 4956 2737 5028 nostri
2764 4954 2921 5010 codd.
2941 4955 3067 5028 _Al.i,
3092 4964 3450 5028 commovetur.

2362 5036 2403 5064 ω
2428 5028 2604 5081 Prima
2629 5027 2815 5089 editio,
2845 5029 2915 5079 ita
2931 5026 3231 5081 inclinatam
3250 5026 3320 5079 ad
3344 5024 3621 5079 humanam
3644 5033 3881 5079 naturam

2291 5109 2339 5153 et
2366 5100 2434 5150 ad
2466 5101 2577 5168 ejus
2601 5100 2836 5151 salutem.
2869 5095 3004 5151 Aliae
3035 5096 3299 5151 editiones
3325 5106 3447 5150 ante
3469 5095 3707 5168 Qucum,
3737 5095 3814 5148 ita
3832 5108 3883 5148 se

2290 5167 2623 5223 inclinantem
2659 5171 2725 5222 ad
2755 5168 3037 5238 humanam
3063 5177 3303 5238 naturam
3332 5176 3377 5219 et
3408 5167 3475 5220 ad
3505 5167 3618 5238 ejus
3638 5167 3879 5220 salutem.

2290 5240 2609 5307 Quesnellus
2632 5282 2649 5305 ,
2692 5241 2767 5293 ita
2806 5236 3108 5291 inclinatam
3150 5236 3218 5290 ad
3272 5236 3554 5291 humanam
3586 5248 3836 5291 naturam
3866 5275 3879 5297 ,

2292 5312 2509 5365 omissis
2547 5321 2592 5364 et
2626 5312 2693 5363 ad
2718 5311 2829 5380 ejus
2855 5310 3072 5380 salutem
3096 5327 3115 5377 ;
3155 5323 3278 5363 cum
3305 5318 3488 5380 tamen
3512 5307 3704 5362 salutis
3732 5319 3881 5361 men—

2292 5381 2368 5436 tio
2392 5380 2722 5451 potissimum
2740 5378 2987 5449 exigatur
3006 5379 3075 5433 ab
3096 5378 3554 5451 antecedentibus,
3589 5386 3883 5451 susceptum

2331 5444 2407 5505 ro'
2447 5452 2626 5507 mundi
2680 5444 3026 5519 reduiptione
3088 5449 3429 5518 supplicium,
3484 5444 3551 5504 ad
3613 5462 3743 5519 qum
3798 5444 3883 5501 hic

2293 5518 2467 5647 ἔθυιεν
2488 5524 2747 5578 refertur.
2790 5518 2973 5576 secuti
2998 5535 3187 5575 sumus
3214 5521 3543 5591 exemplaria
3572 5520 3631 5574 S.
3660 5518 3812 5573 Petri
3835 5526 3886 5569 et

2334 5612 2398 5646 U0
2478 5608 2549 5647 ill.

2334 5612 2398 5646 UO
2438 5608 2549 5647 Vili.

2295 5682 2315 5791 ἱ
2365 5675 2392 5700 ιι
2420 5664 2492 5719 lta
2534 5664 2735 5734 Quesn.
2791 5679 2916 5721 cum
2974 5677 3091 5719 uno
3136 5677 3239 5719 ms.
3288 5661 3349 5719 S.
3399 5661 3567 5721 Petri.
3616 5659 3753 5727 ΔΙ..
3795 5671 3885 5712 nec

2314 5751 2473 5791 eccm.

2314 5751 2473 5807 egent.

3700 5912 3799 5922 -~.-
