3994 6354
1617 352 1844 409 SERMO
1881 348 2083 407 XLVII.

3398 354 3511 414 29d

308 465 443 524 Cu.
471 467 539 525 il.
563 497 632 511 —
653 467 787 524 Cum
819 469 1017 539 itaque,
1048 469 1382 525 dilectissimi
1409 511 1421 535 ,
1465 470 1705 540 legentes
1736 472 1819 524 vel
1848 474 1900 533 Α
1924 468 2150 534 ChriSti,
2183 471 2504 527 inconcusso
2528 442 2994 529 cordeservantes
3022 473 3090 527 ab
3116 473 3364 530 omnibus
3392 472 3504 547 hg-

231 558 527 617 audientes
557 560 901 631 Evangelium
928 603 943 627 ,
989 561 1235 632 quaedam
1265 562 1317 615 in
1362 562 1587 617 Domino
1634 570 1821 619 nostro

230 648 366 705 ἔθευ
394 650 607 708 Christo
635 654 963 724 cognoscitis
1012 654 1254 722 subjeCIa
1308 655 1539 725 injuriis,
1573 657 1818 725 quaedam

231 741 506 799 iﬁustrata
538 745 834 811 miraculis,
866 745 937 799 ita
972 753 1030 799 ut
1068 745 1121 799 in
1164 746 1353 801 eodem
1394 763 1538 802 nunc
1586 749 1819 803 humana

228 844 558 905 appareant,
597 850 735 890 nunc
762 835 944 890 divina
975 837 1397 905 resplendeant;
1459 839 1627 893 nolite
1665 840 1819 909 quid-

228 938 398 993 quam
430 927 613 981 horum
642 926 911 982 ascribere
936 926 1186 993 falsitati,
1220 938 1488 998 tamquam
1520 930 1571 983 in
1603 930 1817 984 Christo

224 1028 323 1068 aut
344 1017 465 1071 sola
495 1018 564 1071 sit
582 1018 902 1085 humanitas,
921 1027 1014 1072 aut
1034 1019 1147 1073 sola
1172 1020 1465 1085 Divinitas;
1489 1020 1584 1075 sed
1607 1030 1817 1075 utroru-

224 1120 337 1173 que
384 1106 615 1163 ﬁdeliter
653 1108 881 1175 credite,
919 1119 1203 1180 utrumque
1232 1110 1513 1166 humiliter
1541 1113 1765 1166 adorate
1799 1130 1811 1165 :

221 1209 289 1252 ut
315 1201 371 1253 in
410 1203 610 1257 unitate
642 1202 794 1257 Verbi
821 1216 874 1258 et
905 1204 1085 1257 carnis
1110 1218 1213 1257 non
1247 1206 1317 1258 sit
1346 1205 1451 1259 ulla
1477 1206 1690 1272 divisio,
1717 1222 1815 1261 nec

222 1291 353 1358 quia
386 1294 665 1350 manifesta
696 1295 918 1349 fuerunt
943 1297 994 1350 in
1016 1296 1143 1352 Jesu
1170 1298 1320 1367 signa
1342 1298 1542 1365 divina,
1580 1299 1609 1353 τ.
1633 1303 1710 1354 lsa
1739 1302 1815 1354 vi-

220 1384 469 1441 deantur
504 1387 819 1442 documenta
850 1404 1131 1458 corporea.
1171 1390 1305 1446 Vera
1355 1400 1409 1446 et
1448 1394 1664 1461 coniosa
1692 1404 1815 1449 sunt

222 1486 251 1512 ³
286 1477 338 1531 in
377 1480 501 1548 ipso
543 1481 815 1550 utriusque
864 1484 1167 1536 testimonia
1218 1493 1459 1548 natum,
1502 1486 1565 1539 ad
1608 1485 1710 1540 hoc
1745 1503 1811 1541 ex

218 1569 397 1625 divini
432 1572 635 1628 consilii
662 1574 949 1629 altitudine
998 1579 1370 1633 concurrentia
1394 1621 1408 1642 ,
1441 1590 1495 1632 ιιι
1532 1580 1704 1635 Verbo
1734 1581 1813 1635 in-

214 1661 469 1717 violabili
498 1679 601 1718 non
627 1676 877 1733 separato
904 1682 933 1720 a
961 1682 1121 1721 carne
1162 1670 1397 1737 passibili
1430 1673 1697 1741 particeps
1721 1689 1815 1742 per

215 1754 411 1808 omnia
446 1753 770 1826 intelligatur
796 1767 851 1811 et
897 1760 1075 1813 Deitas
1113 1762 1312 1821 carnis.
1340 1772 1391 1815 et
1413 1777 1539 1817 caro
1573 1764 1808 1819 Deitatis.

1924 563 2214 616 reticorum
2241 562 2479 632 jejunate
2509 565 2828 634 mendaciis,
2854 574 2906 619 et
2933 566 3004 619 ita
3024 564 3176 619 vobis
3201 565 3510 657 misericors-1

1923 653 2025 708 dia:
2054 669 2214 723 opera
2240 654 2442 710 credite
2469 656 2769 725 profutura,
2801 658 2874 712 ita
2906 657 3173 713 fructuosa
3206 653 3509 712 habendam"

1921 747 2275 800 continentiae
2300 748 2611 817 puritatem,
2652 750 2697 804 si
2736 760 2945 805 mentes
2973 759 3167 805 vestrae
3193 748 3337 804 nulla
3377 765 3503 819 pra-

1921 851 2108 891 varum
2136 838 2450 907 opinionum
2495 841 2952 897 contaminatione
2986 840 3312 911 sorduerint.
3352 840 3507 913 Abii-

1920 929 2025 984 citc
2053 945 2217 985 exosa
2246 931 2471 986 Domino
2503 942 2524 968 ε
2548 934 2823 1001 sapientiae
2852 934 3136 990 mundana:
3162 945 3499 1006 argumenta,

1920 1035 2018 1090 per
2046 1037 2204 1092 quam
2236 1038 2392 1077 nemo
2422 1024 2487 1077 ad
2511 1024 2870 1094 cognitionem
2903 1027 3150 1081 veritatis
3180 1026 3351 1105 potuit
3374 1020 3501 1095 per-

1918 1115 2125 1181 venire,
2158 1126 2209 1169 ct
2237 1115 2339 1170 hoc
2368 1116 2530 1171 ﬁxum
2565 1116 2756 1172 habete
2800 1120 2855 1173 in
2895 1120 3097 1184 animo,
3141 1118 3283 1190 quod
3322 1118 3502 1174 dicitis

1918 1206 1972 1260 in
2006 1207 2282 1276 Syuibolo.
2315 1208 2532 1267 Credite
2574 1216 3065 1283 consempitcrnum
3113 1213 3254 1269 Patri
3305 1214 3500 1269 Filium

1918 1297 2033 1363 Dei,
2068 1314 2161 1367 per
2184 1316 2344 1371 quem
2378 1304 2512 1359 facta
2546 1314 2674 1360 sunt
2702 1306 2879 1361 omnia
2904 1345 2921 1373 ,
2953 1316 3007 1361 et
3033 1307 3149 1362 sine
3177 1322 3281 1376 quo
3306 1305 3501 1361 factum

1917 1390 2154 1446 estnihil
2183 1394 2425 1463 (loanJ,
2453 1397 2533 1466 3),
2580 1398 2874 1454 secundum
2922 1414 3138 1453 carnem
3186 1412 3400 1470 quoque
3449 1400 3501 1451 in

1916 1480 2025 1537 ﬁne
2054 1496 2348 1554 temporum
2378 1502 2712 1558 generatum.
2740 1490 2959 1546 Credite
2990 1492 3130 1546 hunc
3153 1490 3506 1562 corporaliter

1916 1576 2255 1644 cruciﬁxum,
2288 1591 2582 1648 mortuum,
2629 1585 2940 1638 suscitatum
2979 1592 3034 1638 et
3068 1598 3233 1653 super
3264 1582 3504 1637 altitudi-

1914 1678 2012 1720 nes
2056 1668 2355 1723 caelestium
2407 1673 2833 1729 dominationum
2882 1676 3166 1743 elevatum,
3221 1676 3273 1730 in
3328 1675 3502 1731 Patris

1916 1755 2137 1812 dextera
2157 1762 2531 1831 constitutum,
2550 1766 2616 1819 ad
2637 1766 2986 1834 judicandum
3008 1769 3156 1824 vivos
3183 1780 3236 1825 et
3262 1778 3499 1825 mortuos

214 1844 379 1900 Mens
416 1847 579 1916 igitur
622 1847 959 1915 Christiana,
1000 1852 1153 1919 fugax
1195 1853 1499 1919 mendacii,
1547 1856 1806 1920 discipula
1841 1853 1885 1912 B
1914 1848 1966 1902 in
1999 1851 2185 1906 eadem
2213 1869 2396 1919 carne,
2438 1872 2539 1924 qua
2571 1860 2835 1925 ascendit,
2864 1869 3168 1914 venturum.
3211 1861 3320 1915 lloc
3354 1858 3499 1916 enim

212 1936 495 2003 veritatis,
516 1939 826 2009 evangelica
857 1949 1008 1995 utere
1038 1942 1263 1995 fidenter
1292 1942 1532 2005 historia,
1558 1954 1610 1999 et
1639 1944 1665 1982 δ
1691 1963 1810 2015 quae

212 2029 519 2085 visibiliter
545 2042 666 2085 sunt
689 2045 836 2102 gesta
871 2049 966 2102 per
1006 2035 1290 2089 Dominum
1320 2077 1334 2099 ,
1380 2046 1648 2105 tamquam
1699 2040 1810 2106 ipsa

212 2134 344 2175 cum
374 2122 639 2189 apostolis
668 2134 949 2194 aggregula
971 2166 985 2188 ,
1032 2142 1171 2179 nunc
1216 2128 1443 2190 spiritali
1478 2130 1759 2185 intellectu
1792 2174 1807 2197 ,

215 2225 371 2267 nunc
384 2226 648 2280 corporeo
668 2214 914 2270 discerne
941 2227 1253 2285 conspectu.
1272 2218 1343 2271 Da
1360 2219 1565 2274 homini
1584 2223 1723 2290 quod
1744 2224 1810 2277 de

212 2304 458 2359 muliere
481 2319 617 2377 puer
642 2309 909 2374 nascitur;
943 2320 963 2346 ο
996 2312 1060 2362 da
1096 2310 1205 2365 Deo
1248 2313 1387 2379 quod
1422 2329 1521 2367 nec
1548 2328 1810 2384 conceptu

208 2394 445 2451 [editur
463 2397 736 2467 virginitas
763 2408 1028 2467 materna,
1052 2417 1149 2458 nec
1175 2415 1350 2472 partu.
1383 2405 1631 2460 Formam
1668 2410 1810 2463 servi

204 2485 531 2541 obvolutam
569 2491 776 2558 pannis,
802 2491 1073 2559 iacentem
1124 2496 1177 2547 in
1224 2498 1485 2565 praesepio
1524 2514 1805 2567 cOgnosce;

200 2578 308 2633 sed
338 2580 715 2636 annuntiatam
755 2584 823 2636 ab
852 2586 1078 2654 angelis,
1103 2585 1426 2642 declaratam
1458 2589 1526 2643 ab
1566 2592 1807 2647 elemen-

202 2669 301 2735 tis,
332 2669 618 2726 adoratam
645 2688 677 2728 a
705 2676 874 2744 magis
904 2675 1133 2731 formam
1154 2676 1368 2732 Domini
1391 2681 1670 2736 conlitere.
1702 2683 1810 2736 ilu-

198 2775 444 2816 mum
474 2764 733 2835 intellige,
770 2768 909 2837 quod
939 2784 1044 2822 non
1082 2768 1379 2825 declinavit
1406 2776 1647 2843 nuptiale
1676 2791 1809 2830 con-

197 2852 453 2920 vivium;
483 2856 724 2912 divinum
756 2860 1015 2929 approba,
1046 2864 1186 2931 quod
1218 2879 1413 2932 aquam
1445 2870 1709 2922 convertit
1755 2872 1808 2924 in

199 2946 405 3003 vinum
440 2947 619 3021 (Joan.
650 2967 708 3017 ιι,
741 2951 818 3023 9).
851 2952 1044 3008 Nostra
1079 2954 1174 3010 tibi
1203 2956 1509 3012 innotescat
1544 2961 1758 3016 allectio
1791 3003 1805 3025 ,

202 3054 339 3095 cum
373 3053 593 3099 mortuo
620 3046 797 3102 amico
825 3046 982 3102 ﬂetus
1011 3048 1375 3119 impenditur;
1404 3050 1582 3107 divina
1614 3064 1806 3123 poten-

198 3134 281 3188 tia
337 3137 659 3203 sentiatur,
713 3153 834 3193 cum
892 3140 1032 3194 idem
1074 3150 1193 3210 post
1233 3144 1641 3209 quatriduaoam
1689 3146 1802 3215 jam

1915 1942 2181 1998 universis
2213 1946 2460 2002 ﬁdelibus
2506 1951 2800 2017 Apostolus
2831 1953 3123 2021 praedicat,
3163 1954 3349 2009 dicens
3378 1972 3391 2007 :
3438 1954 3498 2029 Si

1914 2038 2305 2092 consum-existis
2332 2056 2446 2093 cum
2483 2040 2705 2108 Christo,
2737 2059 2851 2114 qua:
2887 2060 3093 2098 sursum
3129 2054 3247 2123 sunt
3270 2049 3495 2115 quaerite,

1914 2128 2000 2181 ubi
2029 2129 2259 2184 Christus
2290 2141 2363 2186 est
2393 2134 2445 2186 in
2474 2135 2682 2190 dextera
2728 2134 2825 2191 Dei
2877 2138 3094 2200 sedens;
3136 2155 3250 2207 quc
3294 2156 3498 2195 sursum

1913 2234 2029 2274 sunt
2061 2226 2241 2291 sapite,
2277 2243 2377 2279 non
2400 2244 2516 2297 qua:
2542 2247 2684 2301 super
2724 2239 2933 2284 terram.
2962 2230 3020 2284 Μ
3026 2232 3161 2285 ortui
3196 2233 3327 2287 enim
3353 2235 3492 2301 estis,

1911 2323 1960 2366 et
1986 2315 2087 2367 vita
2115 2327 2281 2370 vestra
2312 2318 2608 2374 abscondita
2631 2332 2703 2377 est
2733 2339 2846 2376 cum
2877 2321 3079 2378 Christo
3114 2325 3165 2379 in
3206 2324 3333 2379 Deo.
3371 2324 3496 2379 Cum

1913 2407 2047 2459 enim
2095 2407 2333 2463 Christus
2379 2415 2673 2483 apparuerit
2707 2415 2811 2469 rita
2858 2428 3041 2484 vestra,
3072 2428 3190 2471 tunc
3219 2429 3263 2472 et
3291 2434 3375 2473 uos
3403 2435 3496 2488 ap-

1912 2498 2157 2565 parebitis
2184 2517 2299 2553 cum
2323 2502 2433 2571 ipso
2456 2504 2509 2557 in
2532 2502 2698 2575 gloria
2731 2506 2953 2576 (Coloss.
2983 2523 3060 2569 tu,
3094 2507 3245 2580 1-4).

1930 2652 1939 2663 ν
1984 2589 2110 2644 CAP.
2143 2589 2233 2647 IV.
2262 2622 2333 2632 —
2364 2594 2635 2651 Habentes
2681 2612 2810 2666 ergo
2840 2638 2855 2663 ,
2897 2599 3230 2677 dilectissimi
3258 2640 3272 2667 ,
3334 2611 3494 2656 tantae

1911 2682 2287 2748 promissionis
2333 2686 2602 2756 ﬁduciam,
2649 2697 2824 2744 estote
2854 2706 2957 2745 non
3000 2693 3172 2746 solum
3218 2708 3351 2771 spe,
3398 2694 3494 2749 sed

1909 2772 2070 2826 etiam
2128 2778 2537 2834 conversatione
2600 2781 2872 2836 caelestes.
2940 2782 3008 2838 Et
3053 2785 3301 2856 quamvis
3345 2789 3490 2841 omni

1909 2871 2152 2933 tempore
2183 2868 2504 2925 studendum
2550 2872 2621 2926 sit
2669 2874 3081 2930 sanctiﬁcationi
3127 2886 3181 2931 et
3215 2880 3408 2932 mentis
3438 2887 3492 2933 ct

1907 2972 1951 3012 ct
1976 2962 2168 3028 rporis,
2202 2977 2342 3017 nunc
2375 2972 2550 3019 tamen
2576 2965 2627 3019 in
2659 2967 2774 3021 istis
2802 2968 3149 3039 quadraginta
3180 2969 3385 3025 dierum
3406 2970 3490 3039 je-

1902 3050 2100 3118 juniis,
2133 3055 2535 3113 sollicitioribus
2561 3074 2657 3114 vos
2695 3062 2906 3130 pietatis
2952 3065 3204 3134 operibus
3232 3066 3489 3136 expolite,

1907 3159 2012 3197 non
2046 3147 2217 3201 solum
2248 3149 2300 3203 in
2333 3151 2725 3208 distribuendis
2755 3155 3136 3229 eleemosyuis,
3172 3173 3290 3228 qua:
3334 3160 3486 3231 177

196 3223 438 3280 fetido:
483 3230 834 3297 sepulturam,
887 3231 1005 3286 solo
1053 3234 1199 3288 vocis
1232 3235 1458 3305 imperio
1501 3237 1797 3297 viviﬁcatus
1827 3232 1873 3296 C
1903 3251 2155 3305 magnum
2181 3239 2378 3296 habent
2422 3241 2440 3279 τ
2484 3244 2876 3301 emendationis
2907 3247 3176 3316 ell'ectum,
3206 3249 3299 3304 sed
3325 3251 3485 3305 etiam

195 3315 448 3388 digitm-
469 3318 651 3391 (Idan.
683 3336 759 3388 xt,
783 3321 897 3391 39).
926 3323 1120 3379 Lutum
1146 3326 1212 3381 de
1230 3336 1390 3394 Sputo
1417 3338 1469 3383 et
1493 3339 1633 3384 terra
1659 3329 1796 3396 ﬁeri,

196 3410 469 3479 corporei
502 3410 603 3467 fuit
628 3414 811 3481 operis
839 3412 1017 3486 (Joan.
1056 3433 1131 3483 ix,
1160 3417 1252 3489 6);
1282 3420 1377 3474 sed
1419 3420 1568 3477 illinc
1606 3438 1797 3492 super-

192 3502 329 3557 lito!
377 3504 519 3560 caci
562 3506 747 3562 oculos
790 3508 1119 3577 illuminari,
1150 3527 1255 3566 non
1284 3512 1504 3569 dubium
1535 3525 1616 3570 est
1657 3516 1797 3573 illius

190 3593 375 3650 fuisse
406 3596 644 3663 virtuﬁs,
672 3613 795 3668 qua
819 3600 963 3668 quod
987 3602 1269 3671 principiis
1306 3613 1510 3660 naturae
1554 3623 1662 3662 non
1703 3609 1797 3663 de-

187 3683 395 3753 derat,
435 3688 595 3760 176
619 3690 686 3744 ad
723 3692 1212 3751 manifestationem
1253 3711 1366 3752 suae
1394 3699 1581 3768 gloriae
1618 3716 1795 3757 reser-

192 3788 384 3833 varat.
449 3779 581 3836 Veri
617 3793 701 3837 est
755 3782 989 3840 hominis
1045 3787 1410 3857 fatigationem
1480 3806 1793 3862 corpoream

186 3871 376 3925 somni
420 3872 603 3943 quiete
633 3874 873 3931 relevare
916 3876 1107 3949 (Marc.
1142 3894 1213 3944 ιν,
1246 3880 1375 3949 58);
1411 3883 1507 3939 sed
1551 3886 1663 3939 veri
1697 3884 1793 3942 Dei

187 3974 297 4029 at,
322 3966 446 4019 vim
473 3968 812 4024 saevientium
841 3971 1200 4040 procellarum
1246 3978 1502 4044 prtecepti
1550 3979 1789 4047 increpa-

184 4055 348 4112 tione
362 4068 741 4126 compescere.
755 4058 916 4115 Cibos
937 4065 1299 4121 esurientibus
1320 4081 1587 4136 apponere
1612 4069 1789 4137 (Joan.

182 4163 263 4215 π,
298 4151 433 4219 58),
463 4151 714 4207 humana:
762 4154 1104 4225 benignitatis
1148 4156 1173 4194 ἀ
1214 4170 1318 4224 est,
1364 4171 1418 4216 et
1457 4164 1674 4217 socialis
1710 4173 1793 4219 est

1900 3328 1956 3384 in
1997 3332 2337 3388 remittendis
2366 3335 2755 3393 offensionibus
2786 3349 2841 3393 et
2872 3350 3225 3419 peccatorum,
3251 3343 3486 3397 reatibus

1899 3421 2206 3477 relaxandis
2223 3442 2237 3479 :
2254 3433 2311 3479 ut
2325 3427 2562 3483 conditio
2580 3446 2741 3499 quam
2761 3431 2897 3487 inter
2912 3447 2972 3487 se
2988 3442 3041 3489 et
3058 3432 3326 3507 hominem
3343 3434 3483 3491 Deus

1898 3514 2099 3585 posuit,
2143 3530 2248 3571 non
2298 3520 2515 3573 resistat
2562 3523 2862 3579 orantibus.
2904 3526 3154 3582 Dicentes
3192 3529 3356 3593 enim,
3398 3544 3489 3601 se-p

1898 3606 2134 3661 cundum
2187 3609 2486 3665 doctrinam
2544 3613 2756 3670 Domini
2806 3634 2819 3669 :
2875 3616 3083 3672 Dimitte
3136 3618 3278 3673 nobis
3316 3616 3484 3675 debita

1898 3707 2096 3766 nostra,
2138 3700 2269 3755 sicut
2320 3712 2370 3755 at
2423 3721 2514 3759 nos
2574 3708 2879 3763 dimittimus
2929 3711 3235 3765 debitoribus
3297 3708 3481 3767 nostris

1898 3785 2114 3858 (Matth.
2147 3806 2221 3860 vr,
2254 3788 2379 3864 12),
2427 3794 2687 3851 debemus
2722 3805 2834 3852 toto
2859 3799 3021 3855 corde
3068 3800 3288 3870 implere
3338 3802 3485 3871 quod

1896 3875 2143 3933 dicimus.
2176 3880 2333 3937 Tunc
2357 3884 2499 3938 enim
2525 3886 2613 3940 ﬁet
2637 3889 2856 3943 omnino
2886 3891 3028 3960 quod
3058 3892 3109 3945 in
3144 3878 3477 3965 consequen-

1895 3970 2037 4025 tibus
2067 3973 2423 4042 postulamus,
2471 3985 2608 4032 utet
2637 3980 2688 4033 in
2730 3983 3077 4039 tentationem
3118 3986 3477 4059 noninduca-

1896 4076 2036 4126 πλυτ,
2080 4073 2134 4118 et
2165 4080 2193 4119 a
2236 4068 2392 4121 malis
2428 4071 2679 4125 omnibus
2710 4072 3005 4129 liberemur
3033 4090 3048 4129 :
3072 4090 3165 4144 per
3192 4076 3475 4133 Dominum

1894 4164 2136 4210 nostrum
2163 4157 2345 4212 Jesum
2375 4159 2668 4226 Christum,
2701 4166 2789 4234 qui
2829 4181 2947 4221 cum
2991 4166 3148 4223 Patre
3186 4158 3247 4225 et
3277 4170 3476 4239 Spiritu

178 4242 401 4307 animi;
425 4243 527 4298 sed
543 4247 778 4315 quinque
806 4248 1033 4317 panibus
1053 4259 1110 4305 et
1133 4250 1341 4308 duobus
1372 4255 1610 4321 piscibus
1637 4256 1792 4325 quin-
1893 4256 2081 4299 sancto
2112 4249 2241 4302 vivit
2269 4259 2322 4304 et
2348 4264 2535 4320 regnat
2572 4253 2624 4308 in
2653 4256 2848 4310 saecula
2873 4259 3213 4314 saeculorum.
3244 4261 3433 4317 Amen.

178 4348 295 4402 que
335 4334 524 4390 millia
552 4338 816 4404 virorum,
847 4342 1085 4411 exceptis
1106 4344 1425 4400 mulieribus
1453 4356 1506 4400 et
1534 4348 1790 4415 parvulis,

175 4429 424 4497 satiare,
459 4432 585 4510 quis
611 4446 808 4503 negare
842 4434 1037 4491 audeat
1068 4452 1201 4506 opus
1232 4453 1353 4493 esse
1384 4439 1646 4494 Deitatis?
1675 4456 1791 4510 qum

176 4506 622 4590 meper-antibus
646 4537 831 4580 secum
862 4540 1002 4580 verae
1046 4528 1230 4583 carnis
1266 4528 1480 4598 ofﬁciis,
1528 4540 1581 4586 et
1611 4534 1669 4587 se
1697 4533 1792 4586 ho-

172 4611 342 4675 lini,
382 4620 446 4667 et
474 4614 753 4669 hominem
776 4615 881 4671 sibi
921 4617 1099 4673 inesse
1124 4621 1458 4676 monstrabat
1486 4640 1496 4675 :
1522 4625 1647 4691 quia
1679 4640 1787 4679 non

1915 4645 2163 4703 iruorsrs.
2181 4679 2251 4690 -
2267 4649 2306 4703 l.

173 4704 347 4761 aliter
376 4706 438 4760 in
465 4705 703 4762 humana
751 4718 935 4764 natura
979 4712 1161 4767 sanari
1209 4723 1459 4781 poterant
1508 4718 1788 4787 originalis

171 4790 757 4866 vulnera‘vetustatis,
788 4802 889 4857 nisi
917 4803 984 4858 de
1010 4813 1162 4861 utero
1185 4805 1417 4878 Virginis
1442 4824 1660 4867 carnem
1684 4813 1788 4869 sibi

169 4900 517 4947 mente
541 4890 640 4946 Dei
673 4892 865 4964 Verbo,
905 4895 959 4951 in
988 4912 1093 4955 una
1123 4899 1420 4973 eademque
1449 4918 1677 4973 persona
1707 4905 1785 4962 si-

171 4985 294 5039 mul
324 4991 395 5039 et
416 4998 546 5040 caro
573 4995 887 5040 nasceretur
914 4996 969 5042 et
998 4988 1251 5045 Verbum.

242 5077 402 5133 Cu.
432 5076 526 5133 III;
554 5107 623 5119 ——
646 5078 813 5145 Hanc,
847 5074 1198 5150 dilectissimi,
1249 5085 1638 5145 incarnationis
1677 5088 1784 5146 Do-

172 5168 624 5237 ninicaﬁdem,
674 5186 769 5240 per
816 5186 975 5242 quam
1033 5182 1145 5230 tota
1181 5175 1424 5233 Ecclesia
1461 5193 1659 5250 corpus
1704 5190 1787 5238 est

2272 4402 2498 4460 SERMO
2540 4406 2859 4479 xnvuw.
2892 4410 3097 4484 XLVI].

2335 4524 2361 4563 ε
2394 4517 2467 4571 De
2499 4518 2904 4592 Quadragesima
2930 4521 3036 4577 ΙΧ.

2341 4650 2621 4725 Hajorum,
2641 4655 2699 4707 id
2720 4666 2813 4737 est,
2837 4660 3359 4737 quadragesimatium
3379 4668 3468 4737 je-

1954 4712 2471 4802 iuniorumtempore
2496 4742 2585 4795 per
2607 4712 2771 4781 crucis
2787 4712 3471 4802 fioieganiiiiii'aﬂii'c'aﬁe

1963 4791 2146 4878 festum
2175 4790 2973 4878 Christianosvprwpararia—ll.
3009 4802 3063 4856 Ν
3068 4822 3133 4878 ms
3161 4790 3325 4860 sciam
3351 4790 3469 4878 pro;

1964 4862 2168 4940 bitatent
2196 4862 2532 4940 servandam,'r
2558 4862 2646 4940 sed
2673 4878 2718 4922 et
2759 4872 2952 4940 ﬁdem;
2977 4877 3209 4930 maxime.
3232 4862 3362 4932 vero.
3379 4880 3468 4933 Di-

1962 4932 2187 5007 vinitatis
2231 4935 2658 5007 et_humanitatis
2698 4932 2769 4993 in.
2789 4932 3006 4999 Christo.
3042 4976 3111 4987 —
3135 4946 3223 5007 ιιι.
3264 4932 3472 5005 Miseri-

1961 5004 2139 5085 cordia
2161 5014 2212 5059 et
2246 5005 2558 5074 offensarum
2596 5012 2817 5068 maxime
2842 5017 3140 5073 remissione
3165 5004 3333 5075 Deum
3359 5004 3472 5093 pta-

1961 5089 2087 5128 cari.

1966 5184 2095 5242 Cn.
2124 5186 2167 5242 Ι.
2192 5218 2264 5230 -
2289 5189 2347 5244 In
2389 5191 2660 5263 omnibus,
2704 5194 3067 5270 dilectissimi,
3113 5203 3468 5262 solemnitati-

246 5341 277 5405 ξ
307 5332 468 5405 βάῑιί
493 5340 629 5405 ante
650 5332 852 5405 Quesn.
878 5344 934 5389 et
958 5350 1065 5389 non
1094 5336 1246 5405 pauci
1277 5353 1431 5404 mss.,
1465 5339 1519 5391 in
1554 5336 1779 5394 Christo.

242 5401 277 5441 δ
310 5402 404 5459 ιω
434 5419 561 5475 cum
599 5403 889 5471 Quesnello
926 5401 1140 5475 quidam
1176 5409 1344 5463 nostri
1399 5401 1555 5464 codd.
1610 5411 1777 5466 Ante-

170 5473 369 5529 ἤωδε
402 5474 692 5538 editioueS,
721 5491 836 5542 qua
860 5473 1075 5545 ﬁdeliter
1096 5488 1141 5529 et
1165 5479 1442 5535 risibiliter.
1465 5481 1641 5535 Editio
1670 5486 1779 5536 An-

174 5548 526 5628 fnerpietrsis
554 5561 643 5627 an.
863 5562 976 5613 qua
1010 5547 1231 5617 ﬁdeliter
1248 5558 1296 5603 et
1320 5552 1691 5620 universaliter,
1724 5561 1779 5607 et

168 5617 237 5671 ἢ
260 5618 549 5684 margine,
576 5617 860 5671 aisibilitar.
898 5650 901 5653 λ
1674 5617 1681 5620 ⁷

248 5687 581 5777 ξξξιέἐιοδ·
608 5688 835 5777 9.555.92-
867 5688 1129 5777 P9‘F‘».d“
1166 5689 1454 5777 νπθοοηλ,
1567 5763 1581 5777 .
1737 5767 1749 5777 .

248 5754 560 5837 ‘ycrbnm
603 5769 676 5837 es_t
722 5760 811 5837 _uti
872 5754 1197 5837 superﬂuum
1262 5765 1528 5819 omittitur
1565 5763 1621 5818 in
1662 5767 1780 5837 qui-

173 5824 424 5889 hIIdam
470 5847 606 5889 mss.
641 5830 774 5888 Dein
814 5824 1136 5898 onerantibus
1160 5849 1262 5903 pro
1287 5824 1779 5904 conpetentibus-est

1891 5346 1947 5397 in
1980 5346 2147 5411 prima
2175 5346 2431 5426 editione.
2868 5422 2873 5429 ἱ
3320 5416 3323 5419 .
3354 5410 3357 5417 .
3388 5408 3391 5411 .

1960 5422 1981 5449 ε
2013 5413 2069 5468 In
2100 5415 2257 5501 editis
2286 5429 2410 5501 ante
2449 5420 2649 5489 Quesn.
2690 5433 2743 5479 et
2771 5426 2975 5497 aliquot
3007 5444 3164 5498 mss.,
3186 5433 3463 5488 mundana:

1882 5497 2186 5677 Tigrim
2208 5499 2759 5632 οῒᾶῗηιῗειοιίοηιω
2784 5567 3197 5638 collectionum,
3211 5576 3462 5630 munda-

1907 5642 2057 5677 toms.

1907 5642 2057 5679 tonis.

1948 5706 1984 5772 >3
2010 5698 2069 5752 ln
2101 5700 2269 5772 prima
2295 5703 2530 5760 editione
2572 5718 2629 5763 et
2652 5723 2782 5763 mss.
2821 5690 3039 5771 collect.
3062 5714 3097 5767 5
3135 5715 3248 5770 hac
3274 5694 3459 5772 inseri;

1907 5770 1997 5849 ttio
2026 5770 2313 5850 prmﬁgitur
2344 5792 2358 5827 :
2392 5774 2466 5829 De
2492 5774 2649 5832 Festo
2674 5778 2917 5839 Paschati
2954 5770 3132 5847 Sermo
3156 5783 3212 5850 1,-
3232 5770 3301 5849 et
3314 5770 3461 5849 simi-

1906 5842 2004 5896 iter
2029 5842 2135 5898 duo
2170 5856 2452 5912 sequentes
2485 5864 2761 5906 sermones
2794 5851 2920 5906 dicti
2952 5844 3139 5911 Sermo
3170 5842 3239 5914 Π
3261 5842 3460 5927 οιΠῙ.
