3994 6354
1720 442 1777 497 S.
1816 438 2059 495 LEONIS
2095 439 2310 495 MAGNI
2346 438 2727 497 SERMONES.

3749 432 3853 499 εκ

591 565 693 622 bus
721 560 1046 619 Christianis
1073 572 1182 615 non
1226 558 1537 626 ignoramus
1565 551 1820 622 paschale
1860 566 2167 607 sacramen-
2194 554 2247 613 Α
2270 550 2647 621 cupiditatibus
2678 552 2851 606 noxiis
2881 550 3055 607 illects
3083 552 3372 616 consentit.
3416 551 3674 621 quoniam
3714 566 3848 611 con-

590 669 704 715 tum
733 672 853 715 esse
880 654 1230 727 pracipuum,
1255 649 1347 705 cui
1374 648 1641 717 condigne
1664 656 1718 703 et
1740 661 1976 717 congrue
2002 647 2171 701 susci-

590 752 785 820 piendo
815 750 975 805 totius
1007 746 1219 817 quidem
1269 758 1367 798 nos
1403 744 1662 812 temporis
1701 741 1943 796 instituta
1978 749 2003 778 ι
2034 755 2171 810 ιπε-

585 844 851 906 formant;
910 840 1005 894 sed
1056 838 1397 893 devotionem
1440 846 1677 891 nostrain
1737 843 2031 899 praesentes
2083 833 2171 889 vel

585 937 815 992 maxime
844 933 958 987 dies
982 932 1223 1002 exigunt,
1264 946 1400 997 quos
1432 930 1505 983 illi
1545 928 1933 984 sublimissimo
1972 928 2169 981 divinat

582 1026 972 1083 misericordia:
1001 1034 1343 1080 sacramento
1383 1025 1582 1077 scimus
1620 1037 1741 1076 esse
1778 1017 2081 1090 contiguos.
2111 1017 2169 1073 In

581 1123 773 1193 quibus
806 1122 998 1177 merito
1029 1136 1058 1174 a
1088 1119 1287 1174 sanctis
1312 1119 1574 1193 apostolis
1598 1133 1691 1186 per
1718 1115 2022 1170 duetrinam
2048 1113 2165 1184 Spi-

581 1213 723 1268 ritus
762 1212 934 1269 sancti
981 1212 1184 1281 majora
1230 1220 1354 1266 stitit
1404 1208 1647 1263 ordinata
1692 1206 1923 1275 jejuniu,
1968 1214 2027 1259 ut
2072 1219 2170 1275 per

581 1320 865 1363 commune
889 1304 1217 1361 consortium
1266 1302 1441 1357 crucis
1488 1301 1685 1355 Christi
1721 1302 1885 1355 etiam
1931 1313 2031 1352 nos
2067 1297 2166 1351 ali-

582 1400 706 1470 quid
733 1399 786 1455 in
830 1415 894 1455 eo
924 1396 1064 1467 quod
1096 1404 1313 1465 propter
1364 1410 1457 1448 nos
1486 1393 1649 1463 gessit
1691 1407 1997 1461 agerettius,
2029 1392 2168 1444 sicut

580 1492 868 1557 Apostolus
913 1491 989 1542 ait
1024 1505 1037 1541 :
1086 1486 1147 1543 Si
1185 1486 1545 1555 compatimur,
1581 1493 1626 1535 et
1665 1481 2167 1554 corigloriﬁcabinsur

579 1581 756 1654 (Rom.
806 1594 918 1647 viii,
956 1580 1051 1641 t7;
1082 1577 1121 1632 11
1154 1576 1288 1631 Tim.
1321 1593 1379 1645 ιι,
1419 1576 1527 1647 12).
1562 1578 1745 1629 (ἐειιτλ
1776 1588 1937 1643 atque
1976 1588 2163 1629 secura

579 1683 661 1730 est
686 1672 1014 1741 esSpectatio
1057 1670 1337 1739 promissae
1368 1668 1735 1729 beatitudinis,
1770 1667 1856 1721 ubi
1887 1679 1966 1721 est
2000 1665 2165 1735 parti-

576 1763 773 1835 cipatio
806 1763 1095 1819 Dominice
1140 1760 1423 1829 passionis.
1456 1758 1676 1812 bNemo
1726 1773 1831 1811 non
1872 1766 1977 1823 est,
2023 1756 2161 1812 dile-

576 1854 822 1920 ctissimi,
861 1855 945 1909 cui
976 1868 1069 1923 per
1095 1852 1462 1906 cenditiunem
1505 1850 1764 1916 temporis
1801 1849 1959 1920 178
1987 1849 2161 1903 socie-

2274 647 2511 702 tinentize
2542 647 2707 701 clavis
2751 654 2808 701 et
2844 645 2937 700 Dei
2980 648 3172 702 timore
3224 645 3571 715 transﬂgitur.
3607 646 3662 701 In
3711 646 3849 704 bono

2271 755 2398 811 ergo
2440 740 2714 809 proposito
2764 739 3071 795 constitutis
3124 741 3416 796 inimicitia:
3455 750 3481 787 ε
3511 740 3850 801 dissimilium

2271 834 2484 889 diabolo
2511 836 2797 903 instigante
2828 851 2932 889 non
2957 833 3169 903 desunt,
3201 844 3257 889 et
3296 835 3453 890 facile
3501 837 3551 889 in
3582 837 3700 889 odia
3735 851 3855 905 pro-

2272 939 2566 999 rumpunt,
2624 946 2851 1000 quurnm
2908 929 3135 998 improbi
3190 942 3369 985 mores
3422 928 3852 986 detestabiliores

2271 1021 2400 1077 fiunt
2430 1026 2832 1091 comparatione
2865 1036 3157 1078 rectorum.
3191 1020 3448 1090 ltiiqti‘itas
3492 1036 3614 1075 cum
3646 1020 3850 1090 justiti:

2199 1103 2209 1112 ’
2271 1132 2376 1169 non
2406 1114 2565 1168 habet
2598 1131 2805 1183 parent,
2837 1114 3249 1183 temperantiam
3281 1114 3396 1167 odit
3420 1114 3677 1177 ebrietas,
3709 1112 3853 1167 falsi-

2270 1210 2366 1264 tati
2394 1210 2533 1262 ntilla
2564 1218 2647 1264 est
2674 1226 2795 1264 cum
2836 1212 3060 1263 veritate
3089 1207 3379 1263 concordia
3406 1224 3420 1269 ;
3453 1222 3560 1262 non
3592 1217 3735 1260 amat
3763 1221 3852 1260 su-

2270 1302 2454 1371 perbia
2514 1302 3019 1369 mansuetudinem,
3079 1299 3371 1373 petulantia
3430 1299 3849 1365 verecundiam,

2270 1395 2495 1449 avaritia
2523 1394 2854 1461 largitatem:
2883 1404 2937 1449 et
2969 1407 3073 1447 tam
3103 1395 3407 1463 pertinaces
3432 1393 3591 1448 habet
3622 1392 3850 1447 diversi-

2271 1497 2351 1540 tas
2376 1491 2475 1542 ista
2518 1486 2819 1551 coiillictus,
2872 1498 2931 1543 tit
2962 1489 3173 1544 etiamsi
3208 1488 3446 1543 exterius
3478 1490 3847 1556 c0nqniescat,

2268 1581 2382 1650 ipsa
2442 1592 2617 1635 tamen
2671 1597 2876 1649 piorum
2920 1582 3164 1637 cordium
3218 1581 3504 1648 penetralia
3554 1582 3851 1647 inquietare

2268 1688 2374 1727 nun
2408 1673 2646 1739 desinat;
2674 1685 2731 1728 ut
2761 1690 2944 1728 verum
2971 1676 3040 1727 sit
3068 1675 3207 1740 quod
3238 1674 3323 1743 qui
3348 1672 3599 1727 voluerint
3626 1675 3677 1726 in
3701 1671 3853 1726 Chri-

2267 1777 2347 1820 sto
2370 1767 2449 1833 pie
2473 1766 2652 1831 vivere,
2677 1767 3075 1832 persecutionem
3103 1766 3435 1837 patiunturﬂl
3463 1763 3593 1819 Tim.
3620 1779 3701 1826 iit,
3730 1761 3848 1835 12);

2267 1867 2321 1912 et
2346 1874 2529 1913 verum
2569 1861 2635 1912 sit
2663 1859 2804 1925 quod
2838 1858 3015 1913 omnis
3058 1860 3173 1912 huic
3200 1858 3306 1912 vita
3340 1860 3566 1912 tciitatio
3590 1870 3667 1911 est
3703 1854 3847 1923 (Job.

576 1955 660 2001 tas
699 1945 859 2015 hujus
906 1945 1093 2014 gloria:
1136 1943 1450 2011 denegetur,
1496 1952 1766 2012 tamquam
1801 1941 2157 2008 tranquillitas

2268 1966 2360 2017 vit,
2398 1952 2472 2019 t).
2511 1952 2667 2023 179
2707 1950 2838 2020 Ipsis
2886 1951 3275 2019 experimentis
3325 1948 3441 2003 suis
3483 1946 3851 2017 unusquisque

576 2039 721 2105 pacis
769 2048 937 2089 vacua
986 2033 1057 2087 sit
1095 2034 1383 2087 occasione
1413 2031 1649 2086 virtutis.
1688 2029 1978 2097 Apostolus
2016 2029 2159 2084 enim

575 2126 851 2197 praedicat,
908 2123 1138 2178 dicens:
1176 2122 1363 2177 Omnes
1413 2124 1501 2193 qui
1551 2123 1634 2193 pie
1682 2121 1856 2174 volunt
1899 2122 2059 2174 vivere
2103 2122 2159 2175 in

574 2219 795 2287 Christo,
827 2221 1227 2293 persecutionem
1271 2219 1532 2289 patientur
1568 2217 1635 2288 (ll
1662 2214 1801 2270 Tim.
1832 2232 1910 2279 iii,
1946 2216 2069 2286 12);
2102 2224 2157 2270 et

572 2316 692 2372 ideo
716 2330 964 2379 NUIQUAI
992 2315 1143 2369 deest
1174 2314 1447 2369 tribulatio
1471 2313 1886 2383 persecutionis,
1927 2311 1975 2365 si
2005 2326 2161 2366 num-

572 2425 729 2480 quam
768 2411 911 2465 desit
938 2411 1277 2464 observantia
1320 2410 1561 2478 pietatis,
1599 2419 1621 2447 ο
1656 2409 1913 2463 Dominus
1947 2410 2061 2478 ipse
2102 2408 2157 2463 in

571 2503 1032 2559 exhortationibus
1080 2505 1191 2557 suis
1233 2503 1407 2557 dicit:
1442 2502 1539 2569 Qui
1581 2517 1683 2555 non
1732 2502 1917 2570 accipit
1955 2515 2159 2554 crucem

570 2612 732 2663 suam,
781 2604 829 2649 et
867 2598 1092 2663 sequitur
1128 2611 1227 2660 me,
1276 2610 1377 2647 non
1427 2603 1498 2647 est
1523 2609 1601 2647 me
1640 2593 1825 2662 dignus
1853 2590 2068 2663 (Matth.
2102 2608 2156 2660 ι,

568 2687 699 2757 38);
727 2701 829 2743 nec
852 2686 1100 2742 dubitare
1126 2685 1386 2741 debemus
1424 2684 1564 2739 banc
1610 2699 1799 2739 vocem
1828 2699 1935 2738 non
1984 2684 2156 2739 solum

568 2779 634 2834 ad
666 2778 960 2849 discipulos
990 2776 1215 2843 Christi,
1247 2778 1340 2833 sed
1371 2777 1437 2831 ad
1467 2787 1693 2831 cunctos
1726 2777 1932 2845 fideles,
1964 2784 2158 2831 totam-

568 2885 670 2941 que
703 2869 997 2925 Ecclesiam
1031 2869 1320 2939 pertinere,
1356 2884 1475 2937 quae
1505 2868 1741 2922 salutare
1790 2882 1944 2921 suum
1987 2868 2041 2921 in
2075 2866 2157 2922 liis

567 2962 657 3035 qui
683 2964 907 3019 aderant
939 2960 1317 3017 universaliter
1340 2962 1613 3016 audiebat.
1649 2960 1800 3017 Sicut
1830 2976 1959 3031 ergo
1990 2960 2156 3015 totius

570 3064 653 3112 est
680 3054 707 3091 ἀ
749 3056 1004 3125 temporis
1060 3054 1146 3124 pie
1190 3055 1393 3119 vivere,
1446 3055 1516 3108 ita
1558 3054 1719 3109 totius
1764 3063 1849 3109 est
1896 3053 2157 3121 temporis

570 3163 782 3204 crucem
819 3149 961 3203 terre
994 3162 1151 3214 :qute
1179 3156 1203 3185 ε
1232 3150 1423 3203 merito
1461 3149 1750 3217 unicuique
1798 3161 1892 3202 sua
1934 3146 2152 3216 dicitur,

572 3241 693 3313 quia
730 3241 963 3312 propriis
993 3240 1165 3296 modis
1208 3250 1367 3312 atque
1414 3242 1686 3295 mensuris
1723 3241 1792 3295 ab
1833 3256 2155 3312 unoquoque

2266 2042 2438 2096 ﬁdelis
2483 2052 2726 2109 edoctus,
2773 2042 2971 2097 Christi
3017 2056 3180 2098 cruce
3224 2050 3483 2106 armetur,
3532 2049 3591 2095 ut
3635 2037 3850 2095 Christo

2262 2128 2294 2169 ιι
2320 2134 2514 2203 dignus
2544 2133 2824 2188 habeatur.

2332 2224 2462 2279 CAP.
2494 2224 2557 2278 ll.
2597 2253 2653 2267 —
2684 2224 2785 2279 Per
2826 2224 2988 2279 istum
3030 2238 3164 2279 vero
3191 2238 3442 2293 agonem,
3480 2222 3847 2289 dilectissimi,

2262 2316 2328 2371 ad
2360 2319 2573 2384 praemia
2596 2325 2794 2371 aeterna
2824 2315 3191 2381 tendentibus,
3216 2318 3268 2371 in
3296 2331 3363 2371 eo
3390 2314 3624 2371 maxime
3641 2314 3847 2369 diaboli

2262 2411 2547 2467 insidiatur
2574 2410 2794 2473 astutia,
2836 2421 2894 2464 ut
2918 2425 3150 2479 quorum
3179 2422 3491 2479 pervertere
3533 2422 3637 2464 non
3671 2416 3853 2477 potest

2262 2504 2608 2575 probitatem,
2639 2505 2863 2559 subruat
2894 2504 3075 2559 ﬁdem.
3110 2502 3165 2558 In
3211 2503 3375 2558 aliam
3402 2503 3547 2557 enim
3590 2501 3853 2558 transfer-

2263 2603 2353 2649 tur
2374 2596 2539 2660 viam,
2568 2596 2808 2665 quisquis
2833 2611 2862 2648 a
2909 2594 3248 2651 confessione
3272 2593 3517 2649 veritatis
3540 2593 3850 2659 abducitur,

2264 2696 2515 2757 totusque
2535 2689 2651 2757 ejus
2671 2701 2863 2742 cursus
2881 2686 3155 2742 abscessio
3182 2695 3286 2753 est,
3309 2693 3366 2741 et
3388 2693 3536 2740 tanto
3560 2686 3664 2740 erit
3695 2685 3852 2739 morti

2262 2778 2507 2843 vicinior,
2563 2785 2767 2849 quanto
2822 2777 2980 2832 fuerit
3035 2793 3064 2831 ti
3117 2776 3385 2833 catholica
3422 2775 3586 2832 lluce
3630 2775 3850 2846 longin-

2262 2872 2440 2941 quior.
2469 2868 2623 2937 Quod
2664 2870 2823 2924 etiam
2877 2869 2931 2923 in
2978 2868 3164 2924 diebus
3207 2869 3406 2923 nostris
3437 2883 3531 2937 per
3571 2882 3731 2924 suam
3763 2884 3853 2939 ps-

2260 2962 2469 3016 tiuntur
2500 2959 2785 3028 incuriam,
2820 2960 2911 3031 qui
2941 2960 3011 3016 de
3039 2960 3228 3036 spiritu
3256 2961 3385 3015 olim
3412 2961 3676 3017 destructi
3705 2976 3854 3019 errr»

2260 3054 2336 3109 ris
2356 3053 2590 3123 olimque
2618 3054 2853 3108 damnati
2883 3063 3121 3109 veterem
3152 3053 3416 3109 insaniam
3459 3065 3850 3126 conceperunt,

2263 3145 2278 3195 i
2316 3145 2407 3215 qui
2436 3146 2709 3216 geminam
2754 3144 2807 3199 in
2848 3145 3064 3201 Christo
3102 3146 3304 3200 audent
3341 3162 3540 3216 negare
3576 3157 3850 3215 naturam,

2266 3247 2358 3291 aut
2390 3254 2498 3292 non
2529 3248 2776 3307 suscepta
2807 3238 2987 3294 carnis
3015 3239 3220 3294 scilicet
3248 3241 3496 3307 veritate,
3526 3252 3621 3298 aut
3648 3243 3709 3299 in
3738 3258 3855 3300 car-

572 3332 854 3390 toleratur.
889 3332 1064 3388 Unum
1110 3348 1304 3387 nomen
1344 3344 1426 3388 est
1466 3334 1885 3403 persecutionis,
1916 3334 2012 3388 sed
2050 3350 2157 3390 non
2185 3313 2231 3377 ο
2265 3345 2388 3386 nem
2418 3331 2626 3387 Deitate
2653 3346 2949 3397 conversa;
2974 3339 3032 3386 ut
3058 3343 3146 3385 aut
3171 3332 3465 3388 secundum
3492 3334 3852 3393 Manichzuin

570 3441 673 3481 una
693 3436 775 3482 est
794 3440 956 3480 causa
983 3424 1321 3492 certaminis,
1356 3434 1412 3479 et
1435 3424 1555 3495 plus
1585 3424 1901 3496 plerumque
1930 3427 2157 3495 periculi

569 3530 654 3578 eat
683 3520 734 3575 iit
766 3519 1082 3574 insidiatore
1109 3518 1325 3574 occulto
1368 3532 1528 3589 quam
1580 3517 1635 3574 in
1669 3518 1822 3575 hoste
1852 3520 2155 3576 maniteSIo.

568 3612 765 3668 Beatus
795 3610 897 3669 Job
926 3612 1316 3667 alternantibus
1346 3611 1498 3666 bonis
1536 3626 1600 3666 ac
1645 3613 1800 3666 malis
1847 3614 2028 3667 mundi
2058 3612 2159 3667 hu-

566 3704 656 3775 jus
695 3705 935 3760 eruditus
965 3704 1050 3770 pie
1082 3704 1454 3772 veraciterque
1483 3704 1695 3757 dicebat
1721 3720 1734 3758 :
1766 3702 1954 3757 Nonne
1994 3714 2158 3759 tenta-

568 3797 640 3849 tio
668 3804 742 3849 est
770 3796 873 3849 vita
912 3793 1132 3847 hominis
1178 3810 1333 3863 super
1373 3805 1564 3848 terram
1596 3794 1739 3866 (Job.
1785 3810 1879 3859 vti,
1912 3794 2000 3866 ηρ
2024 3811 2160 3866 quo-

567 3886 708 3942 niam
751 3900 856 3941 non
901 3887 1031 3939 solis
1075 3885 1350 3940 doloribus
1398 3888 1641 3956 corporis
1683 3895 1844 3956 atque
1880 3885 2157 3957 suppliciis

568 3981 741 4036 anima
768 3979 937 4035 tidelis
962 3980 1257 4048 impetitur,
1286 3994 1471 4034 verum
1501 3982 1663 4034 etiam
1690 3982 1835 4034 salva
1867 3981 2154 4035 incolumi-

568 4084 677 4131 tate
708 4074 1099 4137 membrorum,
1128 4075 1275 4143 gravi
1302 4074 1493 4129 morbo
1516 4082 1756 4143 urgetur,
1785 4074 1829 4129 si
1857 4076 2035 4129 carnis
2063 4090 2159 4129 vo-

568 4166 771 4241 luptate
796 4165 1054 4219 mollitur.
1084 4165 1191 4220 Sed
1221 4180 1342 4219 cum
1372 4178 1502 4218 caro
1526 4166 1860 4234 concupiscit
1889 4166 2154 4224 adversus

566 4259 838 4330 spiritum,
872 4254 891 4295 ί
923 4255 1140 4325 spiritus
1182 4266 1359 4310 autem
1391 4255 1651 4309 adversus
1697 4270 1935 4321 carnem,
1969 4260 2157 4325 praesi-

565 4351 653 4409 dio
695 4350 870 4405 crucis
918 4348 1118 4405 Christi
1173 4364 1327 4403 mens
1373 4348 1653 4403 rationalis
1699 4349 1982 4404 instruitur
2012 4367 2026 4403 :
2056 4366 2157 4407 nec

622 4492 661 4623 If
693 4483 767 4539 Ita
811 4499 932 4606 tium
961 4485 1251 4552 Quesnello
1289 4495 1495 4554 septem
1541 4488 1709 4540 nostri
1760 4486 1995 4542 codices.
2030 4488 2140 4555 AL,

646 4571 821 4607 orntau
853 4594 867 4608 .

564 4571 867 4609 retormant.

634 4600 867 4679 tI‘S'icw
899 4623 1105 4677 duobus
1137 4640 1269 4679 mss.
1296 4624 1352 4678 S.
1384 4624 1549 4678 Petri.
1579 4624 1715 4677 Editi
1747 4638 1870 4680 ante
1892 4628 2151 4693 Quesnel-
2180 4600 2234 4663 D

564 4695 672 4750 lum
722 4710 842 4748 cum
890 4696 1204 4763 quibusdam
1256 4710 1412 4757 mss.,
1451 4693 1620 4750 Nemo
1651 4705 1761 4756 est;
1804 4712 1903 4750 iste
1948 4707 2151 4765 autem,

566 4765 733 4818 Nemo
778 4765 913 4819 enim
953 4777 1049 4827 est.
1091 4768 1165 4819 uti
1207 4768 1256 4818 in
1312 4780 1419 4818 uno
1448 4768 1567 4817 ctitl.
1613 4766 1811 4818 Venutii
1855 4777 1909 4819 γι
1945 4771 2152 4823 duobus

563 4835 747 4889 Putav.
777 4836 834 4889 S.
871 4834 1107 4893 Aniciiii.
1132 4850 1183 4890 et
1216 4836 1275 4890 S.
1306 4835 1549 4899 dthlllld',
1585 4838 1669 4887 tibi
1702 4840 1834 4889 enim
1870 4840 2047 4893 minus
2075 4845 2153 4892 vi-

562 4908 715 4957 detur
757 4922 1075 4971 Congruens,
1108 4917 1161 4958 et
1186 4908 1318 4960 ltil‘le
1350 4924 1448 4957 non
1480 4907 1529 4958 iit
1567 4911 1701 4959 enim
1735 4921 1995 4962 mulatqu
2028 4911 2147 4965 [ιιιι.

562 4976 855 5030 Locutiniie
882 4992 1057 5030 autem
1100 4979 1238 5044 apud
1268 4976 1485 5030 Latinus
1516 4980 1694 5046 probas
1740 4988 1880 5033 nota:
1925 4998 2027 5033 tum
2072 4986 2151 5035 itt-

560 5046 847 5122 freqtteuti.
898 5065 1045 5100 nemo
1089 5064 1209 5102 cuin
1254 5050 1509 5122 negantis
1557 5052 1833 5116 piittculis
1877 5054 2145 5122 jungitur,

563 5132 680 5186 (ιιιίιι
714 5118 842 5170 nihil
869 5121 1151 5191 ol’liiiunt._
1178 5120 1271 5173 sed
1300 5135 1404 5173 vnit
1438 5122 1718 5174 Sententia:
1751 5118 2040 5191 adaugent,
2076 5118 2145 5178 ita

562 5199 621 5242 ut
650 5202 797 5240 nemo
829 5206 927 5240 non
964 5192 1100 5243 idem
1132 5188 1318 5243 fortius
1348 5191 1609 5256 signiﬁcet
1637 5207 1699 5244 ac
1728 5209 1891 5245 nemo.

637 5268 661 5295 ε
689 5259 963 5313 Ettitiones
1009 5262 1308 5315 anteriores
1358 5262 1583 5327 Quesii.,
1638 5263 1885 5316 Dominus
1921 5266 2053 5318 enim
2093 5268 2145 5319 in

562 5327 1022 5402 exhortationibus,
1048 5346 1346 5400 perperam.
1388 5331 1836 5388 Ettiendattonetu
1873 5337 2146 5402 Quesnelli

561 5413 797 5471 quinque
825 5400 994 5453 uosui
1021 5405 1180 5455 codd.
1214 5406 1465 5471 probant.

633 5469 659 5507 ἀ
689 5469 762 5544 ιιι.
794 5472 1111 5539 Quesnellus
1137 5484 1187 5526 et
1214 5469 1427 5539 quidam
1458 5476 1623 5529 nostri
1657 5491 1787 5529 mss.
1816 5477 1930 5542 AL,
1962 5493 2144 5544 carpo-

560 5542 653 5595 ris.
696 5542 871 5596 Prima
918 5544 1085 5597 eilitio
1111 5555 1271 5598 etiam
1310 5549 1361 5599 iii
1397 5548 1637 5602 secundo
1673 5560 1940 5603 commate
1981 5542 2145 5603 habet

563 5614 791 5682 carparis
825 5630 1029 5667 crucem
1058 5616 1213 5681 ferre.

637 5692 661 5719 °
691 5683 831 5759 Edtl_|
865 5702 1003 5759 ante
1043 5685 1269 5755 Qte,an
1321 5688 1498 5740 merito
1544 5688 1667 5755 ferri
1710 5689 1989 5759 uniruique
2018 5706 2140 5742 sua-

562 5753 963 5881 getiérlhlelior
992 5753 1262 5823 Quesiieili
1311 5761 1491 5823 lectio,
1535 5753 1652 5827 quin
1696 5760 1859 5815 eStiu
1903 5753 2136 5830 exempl.

612 5862 626 5877 .
700 5840 819 5879 cri.

612 5862 626 5877 .
657 5832 819 5879 Pctri.

641 5891 662 5933 ί
692 5893 874 5954 Secuti
899 5912 1085 5959 sumus
1113 5914 1304 5959 omnes
1334 5901 1638 5961 anteriores
1665 5900 1932 5961 editiones
1958 5911 2012 5961 et
2042 5916 2140 5960 no-

2268 3422 2413 3477 nulla
2447 3424 2565 3492 ejus
2594 3424 2663 3478 sit
2688 3424 3037 3489 resurrectio,
3068 3425 3225 3492 cujus
3250 3426 3394 3480 nulla
3418 3435 3504 3483 est
3530 3430 3739 3497 passio,
3766 3438 3853 3486 aut

2265 3514 2559 3569 secundum
2612 3514 2971 3585 Apollinarem
3004 3516 3118 3586 ipsa
3166 3518 3343 3573 Deitas
3379 3517 3535 3575 Verbi
3574 3519 3853 3577 mutabilis

2266 3606 2380 3676 ipsa
2406 3607 2477 3660 sit
2508 3607 2646 3661 facta
2680 3607 2967 3676 passibilis.
3009 3607 3121 3663 Hoc
3152 3621 3330 3665 autem
3360 3610 3583 3678 sentire,
3627 3612 3739 3670 hoc
3760 3628 3854 3669 au-

2266 3699 2416 3754 ribus
2466 3699 2787 3755 Christiante
2834 3701 3004 3772 plebis
3052 3702 3320 3771 ingerere,
3372 3704 3499 3772 quid
3547 3704 3702 3761 aliud
3748 3718 3851 3773 est,

2262 3808 2424 3864 quam
2469 3793 2587 3865 ipsa
2630 3790 2955 3865 religionisk
2982 3805 3185 3849 nostrae
3236 3795 3581 3853 fundamenta
3627 3800 3853 3857 convel-

2260 3885 2394 3953 lere,
2420 3887 2635 3957 etquod
2668 3901 2828 3942 verus
2856 3885 3025 3942 Filius
3062 3886 3177 3954 Dei,
3206 3902 3368 3944 verus
3401 3890 3470 3944 sit
3494 3889 3641 3946 illius
3674 3892 3853 3949 homi-

2263 3980 2367 4045 nis,
2399 3979 2712 4048 denegare?
2738 3978 2795 4032 lit
2828 3994 2933 4049 quo
2958 3980 3078 4035 solo
3097 3989 3181 4035 est
3202 3979 3423 4036 humani
3446 3984 3669 4051 generis
3697 3986 3855 4041 resti-

2264 4071 2398 4125 tutio
2429 4069 2715 4124 testiﬁcata
2741 4084 2833 4140 per
2861 4070 3057 4140 legem,
3090 4071 3358 4140 promissa
3398 4087 3493 4141 per
3522 4072 3851 4142 PrOphetss,

2263 4174 2318 4219 et
2371 4163 2622 4217 omnibus
2674 4161 2872 4217 veteris
2901 4162 3235 4217 Testamenti
3284 4161 3302 4200 ι
3352 4165 3849 4234 significationibus

2265 4256 2504 4309 nuntiata
2535 4272 2549 4308 :
2581 4263 2639 4309 ut
2671 4269 2920 4324 magnum
2951 4254 3079 4307 illud
3110 4262 3165 4308 et
3197 4256 3412 4308 saeculis
3438 4257 3703 4312 omnibus
3739 4273 3855 4329 pro~

2263 4349 2500 4403 futurum
2549 4347 2747 4401 divina:
2796 4345 3188 4400 misericordiae
3234 4359 3662 4416 sacramentum,
3710 4350 3853 4420 quod

2260 4497 2401 4542 stros
2430 4485 2664 4541 codices.
2709 4486 2935 4554 Quesn.,
2968 4497 3015 4540 et
3064 4486 3271 4557 spiritus
3313 4487 3562 4541 adversus
3599 4502 3850 4549 carnem.
3910 4482 3923 4527 Ὗ

2259 4568 2313 4612 et
2343 4574 2462 4610 mus
2494 4558 2693 4610 delevit
2720 4558 2927 4610 Christi.

2336 4638 2361 4675 s
2400 4631 2595 4681 Eurum
2628 4627 2829 4682 scilicet
2862 4629 2948 4697 qni
2997 4637 3123 4681 sunt
3163 4627 3451 4683 dissimiles
3481 4628 3754 4684 moribus.
3797 4630 3853 4687 In
3918 4684 3919 4691 η

2258 4700 2607 4767 sequentibus
2658 4714 2815 4767 piirrii
2864 4700 2989 4751 nihil
3028 4700 3376 4753 discessimus
3406 4715 3437 4752 a
3471 4702 3711 4756 leCiioue
3738 4703 3853 4757 edi-

2260 4781 2433 4822 lOl'tltlt
2465 4781 2589 4822 ante
2620 4771 2833 4835 Qttesne
2860 4774 2965 4822 Iuni
2995 4772 3309 4823 c0tilii'tttata
3355 4772 3603 4823 omnibus
3637 4774 3848 4827 nostris

2258 4842 2359 4893 ctitl
2384 4846 2535 4895 cilius
2571 4882 2584 4903 ,
2643 4858 2777 4906 «μισ».
2836 4842 2972 4893 inter
3025 4857 3142 4893 sunt
3203 4842 3441 4908 quinque
3497 4842 3847 4897 Lecti-maria

2256 4916 2473 4969 Otvlltltiﬁ
2504 4921 2665 4963 note.
2703 4912 2793 4964 Ille
2822 4923 2999 4964 autem
3052 4912 3188 4965 forte
3230 4913 3426 4965 clarius
3468 4916 3851 4978 etplicaturus

2255 4981 2452 5035 Lentus
2509 4990 2828 5034 senti-titiam
2888 4984 3037 5035 nullo
3088 4998 3188 5035 ins.
3241 4987 3470 5051 allegatii
3522 4985 3733 5051 edidit,
3794 4997 3847 5039 ut

2255 5052 2412 5118 [ai-ile
2458 5054 2508 5104 in
2561 5054 2678 5104 odia
2733 5063 3101 5123 prorumpunt;
3138 5066 3190 5108 et
3224 5070 3404 5123 postea
3438 5058 3713 5127 justuium
3747 5073 3846 5127 pro

2254 5139 2532 5175 fretorum.

2329 5195 2354 5265 ξι
2388 5194 2641 5261 Qua-dam
2672 5194 2937 5249 editi0nes
2962 5204 3009 5248 et
3044 5194 3162 5247 Vat.
3189 5196 3403 5249 collect.
3430 5196 3464 5249 3
3514 5196 3747 5265 dignior.

2330 5262 2346 5300 ί
2383 5274 2469 5318 διο
2497 5267 2817 5331 Que~nellus
2862 5282 2982 5318 cum
3031 5282 3257 5335 quatitur
3302 5266 3497 5320 iio~tris
3548 5262 3681 5321 mss.
3733 5268 3846 5330 AL,

2252 5335 2373 5403 ﬁde.
2407 5338 2571 5388 I’nnlti
2619 5346 2743 5390 ante
2773 5336 2987 5405 quidam
3033 5339 3191 5391 codd.
3224 5352 3318 5406 pro
3358 5339 3508 5391 morti
3536 5338 3747 5393 habent
3774 5349 3848 5392 te-

2251 5408 2439 5467 nebris,
2476 5407 2612 5459 forte
2645 5408 2859 5460 melius.

2324 5476 2338 5527 ἱ
2380 5478 2492 5530 Duo
2540 5477 2699 5531 codd.
2750 5478 2811 5532 S.
2859 5476 3002 5533 Petri
3050 5487 3106 5534 et
3149 5494 3285 5533 unus
3318 5478 3575 5544 Venetus,
3612 5495 3726 5548 qua
3752 5494 3848 5550 ge-

2248 5564 2463 5603 mtuam.

2322 5618 2345 5655 ι
2380 5620 2573 5671 Vocem
2626 5628 2851 5685 nostrai,
2903 5635 3060 5685 quam
3112 5620 3296 5674 οιιιίμίι
3336 5620 3706 5688 Quesnellus,
3756 5636 3851 5677 τε·
3898 5636 3899 5683 l

2247 5690 2519 5743 stituiititts
2576 5708 2643 5745 ex
2690 5692 2902 5745 ca-tcris
2959 5690 3281 5747 editionibus
3329 5698 3693 5761 omnibusque
3740 5705 3848 5748 no-
3896 5746 3897 5761 χ

2247 5764 2372 5814 Stris
2404 5761 2699 5815 codicibus.
3896 5766 3897 5781 ‘

2321 5828 2339 5869 ¹
2372 5833 2539 5887 Codd.
2567 5832 2816 5903 S._Petri,
2840 5834 3105 5902 mysteriis.

3920 4574 3921 4623 ι

3914 4852 3915 4911 l

3912 4956 3913 5009 l
