3994 6354
194 357 338 420 29⁷

1634 361 1869 421 SERMO
1907 362 2133 421 XLVﬂl.

3406 374 3514 431 ΞΜ

193 493 389 552 saepe
427 488 486 537 et
509 479 596 536 diu
626 479 801 537 fuerat
825 480 1226 551 'signiﬁcatum,
1273 480 1328 537 in
1359 481 1663 552 praestituto
1689 489 1827 536 tem-
1850 481 1907 540 Α
2003 479 2090 534 lV.
2117 476 2742 559 Misericordiaquemque
2765 482 2946 559 debere
2969 484 3373 559 misericordiam
3394 506 3515 559 pro-

195 590 370 642 pnre
414 591 520 630 non
551 574 890 631 dubitaretur
919 575 1223 645 impletum.
1256 575 1411 633 Unde
1439 576 1590 644 licet,
1624 593 1690 633 ex
1717 591 1826 648 quo

201 663 471 722 Verbum
511 684 627 722 raro
656 669 848 738 factum
892 678 964 723 est
994 667 1173 740 (Joan.
1199 684 1237 737 l,
1272 670 1386 739 14),
1426 671 1496 725 ita
1524 671 1578 726 in
1609 670 1825 727 Christo

195 755 317 811 Dei
350 767 525 831 atque
554 761 784 816 hominis
807 775 909 815 una
943 777 1169 830 persona
1193 762 1284 828 sit,
1308 771 1366 817 ut
1391 762 1445 818 in
1471 763 1632 818 nullis
1659 765 1826 820 actio-

195 850 401 907 nibus
433 864 455 890 ε
490 853 580 909 ﬁat
607 863 815 909 naturae
864 855 1141 925 utriusque
1183 853 1403 920 divisio;
1437 855 1617 912 studet
1643 866 1823 913 tamen

195 947 551 1016 evangelica
589 947 785 1003 veritas
824 949 997 1017 ipsum
1045 962 1203 1016 quem
1251 948 1345 1003 Dei
1388 948 1584 1005 Filium
1629 951 1824 1021 praedi-

195 1047 330 1104 cat,
364 1038 668 1107 smpissime
699 1038 868 1094 ﬁlium
901 1039 1133 1094 hominis
1167 1040 1404 1108 proﬁteri
1441 1060 1453 1094 :
1488 1051 1548 1096 ut
1576 1044 1822 1113 quamvis

195 1144 270 1182 ea
324 1146 462 1198 quae
493 1131 850 1196 disseruntur,
890 1131 992 1186 alia
1029 1131 1138 1186 sint
1165 1131 1530 1200 humanitatis,
1563 1134 1665 1188 alia
1699 1133 1822 1190 Dei—

198 1218 380 1284 tatis,
416 1222 519 1276 sub
541 1222 755 1277 nomine
781 1230 958 1277 tamen
993 1221 1085 1276 ﬁlii
1109 1221 1343 1279 hominis
1365 1235 1588 1295 utraque
1618 1241 1822 1283 memo-

195 1324 424 1368 rentur
453 1333 466 1367 ε
501 1330 566 1369 ne
597 1314 729 1371 ﬁdes
758 1316 1041 1371 Dominum
1080 1319 1264 1373 Jesum
1312 1317 1586 1376 Christum
1637 1331 1819 1378 uatum

193 1423 276 1461 ex
322 1409 503 1466 Maria
534 1411 769 1484 Virgine,
803 1415 968 1471 Deum
1005 1416 1163 1471 simul
1206 1426 1366 1486 atque
1397 1415 1670 1473 hominem
1695 1434 1818 1475 cre-

195 1502 436 1569 ditura,
476 1517 756 1563 cunctetur
815 1509 965 1565 fateri
1016 1521 1108 1566 aut
1159 1512 1210 1566 in
1254 1511 1364 1566 Deo
1412 1512 1816 1580 immanitatem,

197 1609 306 1650 aut
333 1598 404 1652 in
425 1598 642 1655 homine
673 1600 967 1668 Deitatem;
1001 1613 1056 1656 ut
1084 1611 1137 1658 et
1167 1603 1220 1657 in
1258 1602 1432 1658 Verbo
1459 1605 1690 1675 suscepti
1725 1605 1820 1659 ho-

205 1689 395 1745 minis
429 1706 554 1746 vera
584 1693 652 1746 sit
675 1691 704 1730 δ
734 1691 1029 1761 humilitas,
1078 1704 1134 1751 et
1178 1695 1232 1750 in
1277 1711 1445 1753 carne
1474 1697 1818 1767 suscipientis

209 1782 314 1836 Dei
355 1800 488 1840 vera
520 1786 789 1855 majestas.

2002 552 2203 629 mereri.
2225 581 2299 593 —
2326 551 2391 606 V.
2423 551 2790 625 Eleemosynas
2830 554 3032 609 abunde
3078 572 3188 611 esse
3223 551 3515 629 erogandae

2001 621 2097 676 hoc
2126 632 2373 694 tempore.

1997 755 2128 811 Cn.
2162 754 2205 810 Ι.
2233 755 2474 812 —lnter
2527 773 2748 828 omnes,
2798 760 3169 829 dilectissimi,
3220 763 3336 819 dies
3377 779 3517 835 quos

1926 846 2110 902 multis
2143 847 2317 902 modis
2346 847 2688 907 honorabiles
2734 851 2894 907 habet
2922 851 3226 909 Christiana
3271 855 3512 924 devotio,

1925 937 2102 994 nullus
2140 937 2168 976 τί
2221 950 2305 995 est
2354 942 2704 998 excellentior
2759 945 3046 1001 festivitate
3098 946 3364 1017 paschali',
3419 965 3515 1020 per

1923 1048 2085 1104 quam
2125 1035 2181 1089 in
2207 1034 2445 1090 Ecclesia
2475 1036 2570 1090 Dei
2597 1037 2968 1093 universarum
2998 1039 3400 1096 solemnitatem
3435 1043 3516 1097 di-

1923 1127 2097 1196 gnitas
2123 1136 2495 1184 consecratur.
2535 1129 2814 1198 Siquidem
2861 1129 3025 1186 etiam
3065 1132 3178 1201 ipsa
3211 1134 3416 1188 Domini
3450 1150 3514 1189 ex

1924 1227 2097 1275 matre
2121 1221 2399 1290 generatio
2423 1220 2546 1277 huic
2573 1232 2596 1260 °
2629 1231 2712 1278 est
2737 1223 2980 1293 impensa
3011 1235 3379 1292 sacramento;
3410 1241 3515 1281 nec

1922 1309 2026 1365 alia
2059 1311 2157 1366 fuit
2197 1312 2292 1367 Dei
2340 1312 2479 1368 Filio
2529 1329 2690 1368 causa
2739 1315 3015 1381 nascendi,
3067 1331 3224 1385 quam
3273 1327 3328 1370 ut
3367 1319 3514 1373 cruci

1933 1411 2115 1470 posset
2149 1403 2316 1474 affigi.
2344 1403 2400 1457 In
2430 1415 2584 1461 utero
2629 1407 2770 1461 enim
2807 1408 2959 1479 181
2994 1407 3230 1479 Virginis
3266 1419 3513 1475 suscepta

1922 1500 2007 1548 est
2033 1509 2160 1550 caro
2190 1496 2461 1562 mortalis;
2493 1498 2545 1550 in
2571 1511 2733 1553 carne
2764 1499 2978 1552 mortali
3000 1500 3266 1567 completa
3295 1510 3381 1555 est
3401 1501 3514 1555 dis-

1922 1584 2121 1652 positio
2160 1587 2471 1654 passionis;
2506 1587 2866 1656 effectumque
2908 1599 2990 1644 est
3032 1590 3287 1644 ineﬁ‘abili
3332 1592 3513 1645 consi-

1923 1675 1997 1730 lio
2028 1675 2414 1732 misericordias
2446 1679 2557 1744 Dei,
2592 1689 2652 1732 ut
2695 1690 2840 1734 esset
2869 1680 3028 1736 nobis
3057 1682 3379 1736 sacriﬁcium
3422 1699 3513 1739 re-

1923 1768 2269 1839 demptionis,
2320 1769 2546 1826 abolitio
2575 1772 2803 1840 peccati,
2851 1780 2907 1826 et
2952 1771 3017 1826 ad
3063 1783 3320 1828 aeternam
3347 1774 3514 1830 vitam

286 1875 438 1930 Cn.
461 1876 573 1932 -ιιι,
609 1907 681 1919 _
709 1879 855 1945 Hm,
907 1879 1238 1936 dilectissimi
1269 1923 1284 1948 ν
1339 1897 1436 1952 ρει.
1477 1883 1816 1939 occasionem
1851 1867 1897 1927 Β
1923 1860 2135 1916 initium
2165 1863 2500 1932 resurgendi.
2541 1861 2960 1918 Consideranles
2997 1872 3177 1918 autem
3206 1862 3227 1902 ί
3260 1864 3387 1934 quid
3418 1880 3515 1936 per

211 1969 504 2037 paschalis
568 1969 710 2038 festi,
755 1972 839 2027 cui
889 1973 1175 2041 puritatem
1221 1975 1462 2030 cordium
1513 1990 1819 2045 praeparare

211 2060 517 2127 debemus,
549 2061 613 2116 de
641 2064 1015 2120 incarnatione
1045 2064 1208 2120 Verbi
1246 2065 1625 2136 perstrinxisse
1668 2066 1820 2120 sufﬁ-

211 2155 356 2221 ciat,
413 2157 663 2225 quoniam
708 2157 996 2228 aliquoties
1048 2157 1174 2214 hinc
1222 2160 1512 2215 instructos
1563 2174 1660 2214 vos
1695 2175 1820 2216 esse

214 2248 580 2304 meministis.
612 2248 764 2304 Nunc
800 2249 1143 2307 devotionem
1169 2261 1405 2308 vestram
1450 2254 1519 2310 de
1548 2271 1634 2321 eo,
1675 2254 1818 2326 quod

214 2349 445 2408 tempus
478 2342 671 2410 poscit,
716 2344 873 2416 180
904 2345 1173 2401 admoneo
1217 2356 1275 2401 ut
1311 2356 1553 2403 sanctum
1583 2364 1644 2404 ac
1675 2351 1820 2404 salu-

214 2432 314 2485 bre
347 2432 619 2500 jejunium
662 2438 915 2505 Operibus
943 2439 1157 2508 pietatis
1191 2439 1415 2495 ornetis.
1450 2442 1516 2496 Et
1565 2443 1688 2513 quia
1722 2459 1818 2513 pro

216 2523 565 2594 indulgentia
597 2528 827 2584 maxime
855 2529 1210 2586 laborandum
1247 2542 1330 2587 est
1360 2533 1702 2603 delictorum,
1734 2536 1817 2590 in-

214 2616 587 2671 duliitabiletn
618 2620 769 2674 vobis
811 2621 1045 2677 divinam
1086 2624 1509 2680 misericordiam
1540 2629 1822 2697 promitta-

216 2712 309 2773 tis,
351 2713 404 2766 si
445 2710 546 2782 ipsi
593 2729 806 2787 quoque
835 2726 854 2754 ε
887 2716 1028 2774 circa
1079 2717 1328 2776 subditos
1365 2731 1570 2778 vestros
1601 2736 1816 2779 omnem

217 2805 492 2860 offensam
553 2811 934 2866 transtuleritis
977 2813 1044 2867 ad
1095 2815 1325 2871 veniam.
1377 2816 1622 2873 Placidos
1675 2820 1817 2874 enim

220 2908 397 2958 atque
433 2901 734 2956 concordes
783 2904 848 2956 ad
883 2913 1081 2959 tentant
1133 2906 1479 2965 festivitatem
1527 2911 1682 2966 decet
1724 2910 1818 2966 Dei

220 2991 463 3059 populos
530 2997 818 3050 convenire
857 3013 870 3049 :
914 3008 969 3052 ut
1023 3001 1288 3056 severitas
1343 3003 1601 3058 ultionum
1634 3045 1648 3069 ,
1702 3019 1820 3074 qua:

221 3101 376 3138 nunc
407 3087 568 3140 etiam
594 3089 644 3142 iu
676 3091 899 3158 publicis
929 3093 1146 3162 iudiciis
1177 3097 1473 3162 relaxatur,
1504 3100 1676 3156 multo
1709 3116 1821 3154 ma-

221 3176 306 3245 gis
343 3177 401 3230 in
423 3177 854 3236 Christianorum
878 3185 1129 3239 cordibus
1158 3189 1451 3259 mitigetur,
1475 3192 1596 3261 quia
1626 3192 1692 3247 ad
1717 3192 1820 3248 hoc

1922 1968 2136 2010 crucem
2163 1955 2380 2010 Domini
2403 1955 2594 2024 adepta
2620 1963 2704 2010 est
2729 1955 3055 2012 universitas
3077 1956 3285 2024 mundi,
3315 1971 3516 2027 cogno-

1922 2048 2124 2103 scimus
2164 2047 2231 2103 ad
2279 2047 2664 2104 celebrandum
2709 2049 2934 2104 Paschm
2979 2049 3126 2107 diem
3167 2051 3366 2107 merito
3413 2065 3514 2109 nos

1923 2141 2276 2212 quadraginta
2303 2143 2513 2196 dierum
2539 2142 2750 2213 jejunio
2782 2144 3097 2214 praeparari,
3125 2155 3185 2199 ut
3215 2145 3361 2217 digni
3384 2161 3514 2216 pos-

1922 2234 2094 2291 simus
2123 2235 2318 2291 divinis
2348 2236 2617 2293 interesse
2638 2239 2932 2309 mysteriis.
2968 2239 3087 2295 Non
3105 2241 3250 2296 enim
3273 2255 3515 2298 summos

1924 2335 2128 2383 tantum
2176 2330 2467 2398 antistites,
2518 2339 2612 2385 aut
2659 2331 2883 2386 secundi
2927 2333 3134 2389 ordinis
3176 2334 3510 2401 sacerdotes,

1923 2437 2023 2477 nec
2051 2423 2196 2477 solos
2239 2431 2702 2478 sacramentorum
2751 2425 3050 2488 ministros.
3082 2427 3178 2482 sed
3209 2441 3372 2483 omne
3393 2441 3514 2483 cor-

1922 2527 2022 2583 pus
2048 2513 2328 2579 Ecclesize,
2373 2515 2796 2584 universumque
2828 2515 3063 2572 ﬁdelium
3110 2534 3414 2587 numerum,
3443 2519 3514 2576 ab

1925 2606 2177 2661 omnibus
2205 2608 2754 2662 contaminationibus
2781 2618 2995 2677 oportet
3023 2623 3145 2665 esse
3175 2619 3460 2680 purgatum
3489 2649 3512 2678 ,

1923 2706 1983 2753 ut
2007 2699 2262 2767 templum
2304 2699 2419 2766 Dei,
2454 2700 2540 2754 cui
2574 2699 2978 2756 fundamentum
3019 2710 3102 2755 est
3130 2702 3246 2770 ipse
3269 2711 3293 2751 tt
3322 2702 3513 2758 funda-

1923 2798 2028 2855 tor,
2058 2790 2109 2843 in
2145 2789 2394 2844 omnibus
2434 2789 2700 2860 lapidibus
2740 2791 3066 2859 speciosum,
3106 2798 3161 2847 et
3188 2791 3240 2846 in
3277 2802 3386 2847 tota
3426 2794 3512 2850 sui

1923 2889 2074 2954 parte
2101 2884 2171 2936 sit
2207 2881 2464 2936 lucidum.
2503 2879 2637 2936 Nam
2668 2882 2713 2935 si
2759 2897 2944 2951 regum
2971 2881 3116 2937 cedes
3144 2892 3199 2936 et
3233 2882 3513 2939 sublimio-

1923 2992 2041 3032 rum
2073 2976 2320 3047 praetoria
2358 2983 2686 3046 potestatum
2717 2977 3073 3030 omniornatu
3115 2977 3513 3034 rationabiliter

1924 3070 2269 3134 excoluntur,
2311 3077 2370 3122 ut
2419 3068 2803 3124 excellentiora
2846 3065 2951 3122 sint
2999 3081 3186 3122 eorum
3234 3067 3515 3124 domicilia

1923 3175 2152 3231 quorum
2177 3159 2437 3230 ampliora
2476 3169 2601 3214 sunt
2645 3160 2859 3226 merita,
2891 3167 3093 3229 quanto
3137 3173 3302 3228 opere
3346 3160 3514 3216 aediﬁ-

223 3270 412 3337 potins
441 3271 642 3325 intenta
674 3272 836 3328 debet
869 3290 988 3331 esse
1030 3291 1155 3332 cura
1204 3250 1534 3346 sarietoruni,
1567 3298 1635 3338 ne
1680 3284 1819 3339 ullus
1847 3251 1892 3315 Ο
1922 3251 2176 3346 candum’
2232 3261 2432 3322 quanto
2488 3252 2831 3346 est_h°"°r,e
2882 3250 3247 3306 decorandum
3287 3253 3514 3309 Demus

224 3363 432 3432 algeat,
468 3379 538 3418 ne
570 3365 710 3419 ullus
747 3371 972 3436 esuriat,
1017 3387 1084 3425 ne
1113 3373 1233 3440 quis
1263 3373 1442 3444 inopia
1474 3376 1708 3444 deﬁciat,
1752 3392 1820 3433 ne

221 3457 349 3526 quis
402 3473 638 3515 maerore
685 3462 946 3530 tabescat,
984 3480 1051 3520 ne
1096 3465 1325 3537 aliquem
1373 3469 1579 3524 vincula
1627 3471 1823 3526 obstri-

224 3561 404 3632 etum,
445 3568 514 3606 ne
543 3553 777 3621 aliquem
817 3557 1012 3612 habeat
1040 3574 1224 3614 carcer
1253 3561 1538 3618 inclusum.
1568 3565 1824 3630 Quantae-

224 3641 359 3696 libet
390 3643 533 3697 enim
558 3644 792 3701 existant
826 3664 1002 3704 causae
1030 3650 1367 3722 offensionis,
1396 3655 1464 3709 ab
1493 3655 1710 3712 homine
1738 3668 1820 3713 ta-

227 3751 353 3789 men
393 3737 444 3788 in
493 3738 791 3806 hominem,
825 3756 928 3794 non
974 3751 1079 3796 tam
1109 3745 1288 3801 delicti
1323 3749 1630 3818 magnitudo
1660 3766 1822 3820 quam

228 3836 443 3881 naturae
467 3838 554 3883 est
583 3831 864 3900 cogitanda
893 3838 1245 3903 communio;
1287 3850 1343 3893 ut
1385 3840 1454 3895 de
1484 3840 1689 3910 judicio
1716 3859 1821 3913 quo

227 3919 461 3972 alterum
488 3919 715 3988 jndirat,
761 3924 1180 3982 misericordiam
1226 3929 1323 3985 Dei
1347 3931 1646 4001 judicantis
1685 3936 1824 3990 obti-

231 4020 373 4061 neat.
413 4008 564 4065 Beati
595 4015 728 4066 enim
751 4016 1124 4084 misericordes,
1155 4023 1396 4091 quoniam
1415 4024 1644 4096 ipsorum
1673 4028 1824 4081 mise-

229 4103 427 4155 rebitur
478 4104 620 4159 Deus
648 4106 860 4178 (Matth.
911 4127 963 4176 v,
1002 4112 1102 4182 7):
1133 4115 1225 4185 qui
1255 4117 1386 4172 vivit
1430 4128 1485 4176 et
1532 4132 1723 4193 regnat
1768 4124 1822 4180 in

228 4195 425 4249 saecula
454 4198 800 4255 seculorum.
827 4201 1022 4259 Amen.

591 4333 823 4391 saeuo
862 4337 1073 4396 XLVIII
1105 4341 1211 4413 [Αι.
1239 4343 1468 4418 vau].

716 4447 795 4503 De
823 4449 1225 4523 Quadragesima
1254 4454 1325 4510 Χ.

232 4558 604 4642 Sisors_ts.—
632 4562 673 4617 l.
705 4563 786 4647 Ad
832 4566 1074 4635 paschale
1114 4581 1512 4647 sacramentum,
1541 4577 1677 4647 quod
1717 4577 1822 4632 alia

1922 3346 2090 3416 ipsius
2138 3345 2530 3400 habitaculum!
2581 3344 2735 3412 Quod
2777 3345 2898 3400 licet
2944 3346 3184 3402 inchoari
3231 3355 3287 3402 et
3324 3347 3513 3417 perﬁci

1923 3438 2042 3495 sine
2085 3454 2184 3494 suo
2207 3449 2426 3495 auctore
2470 3453 2576 3493 non
2606 3440 2798 3508 possit,
2835 3438 2996 3494 habet
3022 3446 3200 3493 tamen
3231 3439 3299 3494 ab
3344 3439 3514 3494 aedili.

1923 3540 2080 3588 caute
2110 3533 2386 3600 donatum,
2423 3533 2667 3587 utetiam
2706 3532 2890 3588 labore
2926 3534 3144 3603 proprio
3178 3544 3384 3603 quaerat
3420 3549 3515 3590 au-

1923 3633 2222 3695 gmentum.
2255 3625 2386 3680 Viva
2415 3625 2557 3680 enim
2581 3625 3025 3694 rationabilisque
3047 3627 3304 3683 materies
3329 3627 3397 3682 ad
3420 3642 3518 3684 ex-

1925 3717 2276 3771 structionem
2307 3716 2490 3785 templi
2527 3715 2688 3783 hujus
2734 3717 3065 3783 assumitur;
3097 3713 3126 3753 h
3154 3727 3207 3772 et
3234 3732 3330 3788 per
3357 3718 3514 3788 spiri-

1927 3817 2040 3862 tum
2078 3808 2261 3877 gratiae
2305 3818 2363 3862 ut
2390 3807 2693 3862 voluntarie
2730 3807 2783 3862 in
2827 3823 2987 3863 unam
3036 3822 3348 3878 compagem
3383 3823 3516 3864 con-

1926 3910 2081 3970 gruat
2127 3901 2398 3955 incitatur.
2427 3899 2560 3967 Quae
2589 3900 2712 3954 ideo
2750 3900 2970 3967 dilecta,
3001 3900 3123 3956 ideo
3153 3901 3378 3968 quaesita
3405 3910 3515 3967 est,

1927 4000 1989 4047 ut
2015 4002 2070 4048 et
2101 3992 2213 4062 ipsa
2254 4008 2320 4048 ex
2355 4007 2461 4047 non
2489 4002 2769 4062 quaerente
2810 4007 3079 4061 quaerens,
3113 4001 3166 4047 et
3194 4007 3259 4047 ex
3300 4008 3408 4048 non
3435 3992 3516 4048 di-

1927 4085 2124 4156 ligente
2152 4085 2221 4139 sit
2264 4085 2514 4154 diligens,
2548 4085 2765 4141 dicente
2801 4086 2961 4141 beato
2986 4085 3192 4141 Joanne
3217 4087 3466 4156 apostolo
3498 4103 3515 4141 :

1927 4175 2044 4231 Nos
2088 4192 2207 4247 ergo
2245 4177 2522 4247 diligamus
2553 4178 2788 4242 invicem,
2820 4179 2944 4246 quia
2974 4176 3116 4232 Deus
3159 4181 3300 4249 prior
3333 4179 3518 4234 dilexit

1925 4284 2018 4322 nos
2046 4265 2267 4329 (lJoan.
2302 4282 2376 4332 IV,
2406 4268 2530 4336 ,19).
2569 4268 2701 4322 Cum
2743 4269 2902 4338 igitur
2928 4277 2983 4322 et
3023 4285 3209 4324 omnes
3257 4271 3417 4325 simul
3460 4280 3518 4328 et

1929 4361 2124 4432 singuli
2157 4361 2356 4430 quique
2382 4361 2619 4414 fidelium
2651 4376 2812 4414 unum
2841 4359 3092 4432 idemque
3123 4363 3217 4416 Dei
3255 4365 3518 4433 templum

1927 4453 2054 4520 sint,
2087 4453 2226 4508 sicut
2250 4452 2544 4523 perfectum
2576 4452 2754 4507 hocin
2795 4455 3082 4523 universis,
3116 4455 3186 4509 ita
3213 4455 3517 4526 perfectum

1927 4545 2091 4602 debet
2111 4559 2231 4602 esse
2251 4547 2303 4600 in
2328 4546 2722 4616 singuliszquia
2752 4547 2853 4601 etsi
2880 4561 2985 4602 non
3013 4549 3200 4603 eadem
3233 4558 3317 4604 est
3346 4565 3519 4606 mem-
3575 4556 3612 4598 Γ.

301 4635 479 4713 omnia
519 4644 802 4700 consecrat,
832 4629 1011 4720 omnes
1038 4655 1126 4707 per
1166 4629 1512 4720 quadraginld
1533 4629 1823 4720 dierum};
1848 4629 1898 4689 D
1926 4636 2145 4693 brorum
2192 4638 2432 4692 omnium
2477 4637 2840 4707 pulchritudo,
2879 4653 2978 4694 net:
3013 4638 3029 4675 ί
3065 4641 3114 4694 iu
3156 4650 3299 4694 tanta
3343 4643 3520 4697 varie-
3595 4635 3610 4672 Ῡ

301 4703 508 4755 iunium
537 4721 832 4783 preparare
850 4723 906 4760 se
923 4703 1128 4783 debere.
1157 4703 1354 4768 Gratia:
1367 4703 1604 4783 bperatio
1642 4730 1685 4772 et
1716 4703 1817 4773 ltit-

301 4778 800 4860 manafopperatio.
823 4807 896 4858 .—
922 4778 984 4832 ΙΙ.
1015 4779 1275 4860 Invidiam
1305 4787 1369 4839 de
1404 4778 1534 4842 bono
1573 4792 1814 4860 proximi,

299 4859 415 4918 93c
441 4845 639 4918 diaboli
669 4848 879 4918 prapria
917 4860 1013 4915 est,
1042 4855 1266 4908 maxime
1291 4872 1396 4909 esse
1421 4845 1717 4918 cavendam.
1752 4845 1821 4903 -ἶ

300 4911 390 4996 Ill.
427 4917 555 4996 Sine
582 4911 830 4996 charitate
867 4911 1032 4996 nudas
1056 4939 1163 4978 esse
1191 4936 1239 4979 et
1269 4911 1818 4996 infructuosasﬂvii'tu-

301 4994 409 5049 tes;
439 4988 643 5041 nullum
671 4988 848 5043 debere
876 4991 1017 5045 illius
1053 4996 1249 5050 virtutis
1281 4988 1387 5052 esse
1427 5003 1718 5058 terminum.
1750 5033 1822 5046 -—

301 5150 324 5221 τ
357 5140 765 5223 lidemcodices
791 5160 854 5201 ac
881 5147 1050 5223 prima
1073 5148 1238 5205 editio
1258 5166 1376 5208 cum
1405 5170 1506 5210 ms.
1537 5157 1697 5223 Bon.,
1724 5161 1813 5217 sit.

235 5211 386 5276 Dein,
420 5213 653 5290 proﬁteri
681 5231 781 5286 pro
816 5211 1051 5290 conﬁteri
1084 5236 1148 5275 ex
1181 5223 1471 5290 Quesnello
1498 5211 1817 5288 retinuiniiis

232 5287 551 5338 auctoritate
580 5285 809 5341 duorum
837 5285 965 5343 mss.
997 5288 1055 5347 S.
1089 5285 1254 5348 Petri.

299 5353 552 5440 l:_Edniti,_‘
577 5355 888 5438 humanitas.
923 5359 1364 5440 Emendationem
1407 5371 1815 5440 suppeditarunt

232 5425 386 5506 apud.
516 5427 681 5506 Petri,
715 5445 834 5500 quae
863 5435 1140 5506 reprobari
1173 5439 1379 5506 nequit.
1411 5425 1530 5496 cuin
1557 5425 1816 5503 vigilia;

233 5495 700 5589 ιιιίιιῐε⁸
733 5495 880 5589 'vera:
923 5495 1022 5589 Dei;
1057 5495 1317 5578 majesttiti
1362 5495 1812 5589 irequetitiuapitvd

231 5565 465 5644 Leonem
494 5569 766 5644 locutione
793 5585 1117 5644 opponatur.

302 5650 322 5673 ε
357 5641 704 5719 QueSnellus,
747 5641 882 5719 ergaj
902 5647 1148 5703 subditos.
1176 5648 1535 5719 Reposuimus
1575 5659 1709 5715 circa
1746 5675 1816 5716 ex
1859 5661 1864 5666 ’

230 5712 654 5788 ueterisweditis
714 5712 1097 5788 ac'plerisque
1159 5712 1458 5781 codicibus.
1516 5729 1590 5783 lla
1624 5712 1817 5787 vetian

415 5783 509 5849 50,
534 5797 586 5837 c.
621 5783 654 5837 5
689 5803 701 5836 :
737 5783 857 5840 Sive
887 5783 1055 5858 itaque
1079 5791 1216 5845 circa
1248 5797 1522 5867 subjectos,
1544 5783 1821 5858 sive

225 5865 366 5908 caua
391 5870 464 5908 es.

278 5870 464 5918 yuates.

421 5952 701 6012 Ρηιωι..
790 5951 859 6012 LI
873 5953 938 6014 ν.

1929 4737 2037 4784 tate
2066 4729 2300 4799 partium
2348 4731 2664 4784 meritorum
2696 4737 2877 4800 potest
2911 4745 3034 4786 esse
3065 4732 3328 4801 parilitas,
3371 4747 3520 4789 com-

1926 4821 2240 4876 munionem
2271 4829 2452 4876 tamen
2490 4821 2698 4877 obtinet
2717 4821 2950 4887 decoris,
2988 4824 3254 4880 connexio
3282 4826 3520 4882 charita-

1928 4912 2017 4969 tis.
2062 4913 2118 4968 lu
2158 4923 2344 4968 sancto
2392 4913 2536 4968 enim
2584 4928 2768 4968 amore
2798 4923 3103 4982 consortes,
3145 4917 3359 4971 etiamsi
3409 4934 3517 4972 non

1928 5007 2122 5064 iisdem
2149 5017 2372 5064 utuntur
2401 5009 2586 5080 gratiae
2619 5008 2916 5077 beneﬁciis,
2947 5010 3183 5080 gaudent
3225 5021 3406 5068 taen
3438 5013 3522 5068 in-

1998 5160 2026 5199 d
2054 5163 2281 5232 Quidam
2309 5163 2547 5230 codices,
2580 5164 2710 5218 nihil
2736 5173 2811 5218 est
2841 5165 3193 5221 excellentius.

1998 5234 2187 5311 ξιξάίῑί
2218 5245 2343 5311 ante
2372 5236 2571 5311 Quesn.
2602 5245 2657 5311 et
2675 5235 2870 5311 plures
2899 5235 3086 5308 eodd.,
3119 5242 3239 5311 fuit.

2001 5302 2022 5342 ί
2056 5306 2402 5372 Quesnellus,
2432 5302 2704 5377 quidquid.

1998 5377 2218 5454 {Deest
2265 5378 2509 5454 fundator
2558 5381 2608 5432 in
2661 5392 2763 5454 ms.
2811 5378 2974 5454 Cori).
3025 5381 3318 5451 Quesnelli.
3371 5385 3517 5454 Mox,

1924 5448 2201 5520 pretiosum
2229 5463 2325 5517 pro
2344 5450 2630 5520 speciosum
2660 5451 2712 5505 in
2743 5465 2874 5506 mss.
2908 5451 3026 5507 Vat.
3050 5448 3268 5510 collect.
3299 5455 3354 5511 5.

1995 5518 2021 5554 ιι
2054 5518 2408 5575 Restituimus
2435 5522 2719 5578 lectionem
2763 5524 3001 5580 omnium
3048 5527 3344 5582 editionum
3392 5539 3522 5584 ante

1926 5590 2298 5661 Qucsnellum,
2332 5609 2449 5664 quae
2479 5595 2605 5650 item
2639 5605 2723 5650 est
2766 5607 3072 5651 nostrorum
3110 5598 3378 5653 codicum.
3421 5599 3522 5656 ille

1927 5671 2126 5741 autem,
2163 5665 2310 5741 nullo
2337 5665 2568 5741 allegato
2595 5667 2813 5730 codice,
2867 5667 2980 5720 sic:
3034 5666 3100 5719 Et
3143 5685 3234 5740 per
3277 5671 3522 5741 spiritum

1928 5735 2106 5811 gratim
2126 5736 2430 5793 voluntaria:
2451 5735 2503 5791 in
2521 5755 2675 5811 unam
2692 5753 2989 5811 compagem
3012 5735 3235 5811 congrue
3253 5735 3518 5800 incitatur.

2005 5803 2022 5843 ¹
2056 5804 2189 5863 Tres
2219 5813 2388 5864 nostri
2418 5809 2650 5872 codices,
2683 5809 2738 5860 in
2765 5803 2889 5860 tota;

2965 5981 3040 6040 10
