3994 6354
484 295 589 357 305

1620 290 1675 344 8.
1718 286 1957 343 LEONIS
1998 282 2209 339 MAGNI
2254 280 2641 340 SERMONES.

3644 302 3733 363 5οἱ

484 413 630 471 desii
656 406 927 477 humanis,
963 413 1016 462 et
1047 402 1498 477 promissionibus
1521 401 1588 455 sit
1630 401 1814 456 innixa
1853 400 2075 456 divinis.
2108 399 2156 459 Α
2184 407 2345 452 stram
2375 400 2571 469 indiget
2592 399 2869 471 sapientia,
2890 398 3113 472 postulet
3141 417 3174 456 a
3203 400 3441 476 Deo,‘qui
3478 405 3562 460 dat
3590 418 3745 473 omni.

558 502 689 559 Car.
716 501 805 557 Ill.
830 529 906 542 —
921 498 1070 554 Hanc
1088 505 1267 552 autem
1289 492 1684 559 fortitudinem,
1709 491 2068 559 dilectissimi,

481 596 625 653 nulli
656 594 825 665 magis
856 605 1016 658 quam
1040 593 1340 659 praesentes
1360 593 1416 640 et
1449 583 1673 654 exigunt
1707 596 1762 640 et
1788 585 2078 641 conterunt

487 686 647 743 dies:
683 686 879 756 quibus
904 678 1410 751 dumobservantia
1438 686 1468 717 ι
1506 678 1761 748 specialis
1808 677 2079 747 impendi-

489 787 596 847 tur,
628 775 968 833 consuetudo
988 773 1043 828 in
1066 786 1169 842 qua
1201 777 1581 841 perseveratur
1622 770 1941 841 acquiritur.
1971 768 2079 824 No-

491 884 601 931 tum
628 872 773 927 enim
793 868 948 924 vobis
969 874 1059 923 est
1083 866 1188 922 boc
1216 879 1341 922 esse
1371 875 1581 936 tempus
1628 880 1735 935 quo
1777 880 1872 935 per
1904 874 2077 920 totum

490 964 770 1029 mundum,
802 962 1062 1016 saeviente
1091 959 1328 1027 diabolo,
1360 960 1505 1016 acies
1531 956 1555 996 ιι
1585 959 1748 1015 debet
1775 958 2081 1015 Christiana

488 1055 811 1123 conﬂigere;
839 1063 895 1109 et
930 1053 974 1107 si
1007 1067 1143 1123 quos
1174 1060 1265 1107 aut
1294 1050 1500 1108 desidia
1530 1051 1767 1121 tepidos,
1790 1060 1885 1106 aut
1928 1051 2082 1106 solli-

489 1148 673 1204 citndo
696 1147 885 1202 habuit
913 1152 1225 1217 occupatos,
1260 1160 1404 1199 nunc
1430 1152 1649 1214 oportet
1670 1144 1836 1199 armis
1866 1144 2081 1213 spirita-

491 1243 635 1299 libus
666 1241 879 1309 instrui,
911 1256 963 1295 et
995 1239 1205 1295 etelesti
1237 1238 1364 1294 tuba
1386 1238 1451 1293 ad
1479 1237 1775 1293 ineundum
1803 1245 2082 1293 certamen

494 1333 717 1391 accendi
746 1349 759 1387 :
786 1334 1039 1402 quoniam
1066 1330 1158 1385 ille
1200 1330 1356 1397 cujus
1408 1328 1609 1384 invidia
1659 1341 1807 1383 mors
1838 1325 2087 1383 introivit

493 1430 549 1486 in
578 1428 763 1484 orbem
797 1436 1061 1481 terrarum
1103 1421 1261 1493 (Sap.
1294 1436 1354 1486 ιι,
1376 1420 1495 1490 24),
1528 1421 1691 1475 modo
1718 1420 1990 1490 praecipuo
2020 1418 2088 1473 li-

494 1536 623 1577 vore
653 1520 845 1579 uritur,
880 1515 1039 1570 modo
1071 1512 1307 1567 maximo
1357 1511 1552 1567 dolore
1592 1511 1889 1567 cruciatur.
1924 1508 2086 1564 Videt

496 1612 639 1668 enim
662 1612 730 1665 de
758 1608 999 1664 omnium
1052 1604 1331 1660 hominum
1360 1618 1591 1674 genere,
1638 1604 1691 1657 in
1740 1601 2087 1672 adoptionem

498 1704 732 1759 ﬁliorum
760 1701 857 1755 Dei
898 1712 1070 1755 novos
1098 1696 1327 1767 populos
1372 1694 1665 1762 introduci,
1696 1703 1752 1750 et
1781 1708 1878 1763 per
1917 1691 2089 1764 virgi-

499 1809 656 1853 neam
734 1790 989 1848 Ecclesiae
1055 1789 1481 1853 fecunditatem,

498 1890 661 1946 tionis
718 1885 923 1956 augeri.
973 1882 1135 1938 Videt
1199 1896 1259 1936 se
1324 1879 1714 1935 dominationis
1786 1893 1901 1935 sua:
1972 1878 2092 1949 jure

499 1988 788 2055 privatum,
820 1996 849 2034 a
880 1978 1137 2035 cordibus
1159 1991 1345 2031 eorum
1371 1989 1507 2045 quos
1537 1972 1851 2043 possidebat
1870 1971 2091 2042 expelli;

498 2074 635 2141 eripi
663 2073 765 2127 sibi
789 2071 842 2125 in
874 2078 1103 2139 utroque
1130 2082 1270 2122 sexu
1303 2066 1472 2122 millia
1516 2080 1728 2132 senum,
1796 2064 1966 2120 millia
2009 2065 2097 2133 ju-

500 2182 719 2232 vennm,
755 2164 919 2218 millia
946 2162 1294 2232 parvulorum
1327 2177 1342 2226 ;
1370 2173 1470 2215 nec
1494 2160 1687 2215 obesse
1728 2160 1980 2227 cuiquam
2008 2156 2097 2214 vel

502 2259 802 2330 proprium,
836 2256 921 2312 vel
978 2254 1240 2325 originale
1286 2261 1589 2322 peccatum,
1637 2251 1728 2306 ubi
1774 2249 2098 2321 justiﬁeatio

503 2365 610 2406 non
668 2348 879 2404 meritis
932 2345 1271 2409 retribuitur,
1326 2342 1421 2399 sed
1466 2342 1578 2399 sola
1609 2342 1798 2413 gratia:
1841 2342 2099 2413 largitate

503 2444 753 2499 donatur.
778 2442 986 2510 Lapsos
1008 2454 1224 2510 quoque
1241 2448 1295 2493 et
1318 2436 1638 2493 insidiarum
1666 2452 1886 2493 suarum
1911 2436 2100 2492 fraude

505 2535 784 2603 deceptos,
823 2530 1157 2601 ptenitentite
1188 2529 1443 2600 lacrymis
1473 2528 1642 2595 ablui,
1682 2537 1738 2584 et
1785 2536 1969 2599 portas
1993 2528 2100 2585 mi-

506 2626 815 2684 sericordiae
845 2624 1147 2695 apostolica
1192 2622 1344 2677 clave
1399 2630 1700 2687 reseruate,
1749 2622 1816 2676 ad
1862 2621 2100 2677 remedia

506 2716 963 2775 reconciliationis
992 2714 1224 2770 admitti.
1258 2713 1435 2770 Sentit
1480 2713 1703 2783 insuper
1746 2712 1890 2768 diem
1921 2712 2103 2768 Domi-

507 2812 641 2867 nica:
666 2808 935 2881 passionis
966 2807 1191 2873 instare,
1231 2814 1285 2860 et
1328 2819 1389 2860 se
1429 2804 1576 2858 illius
1619 2804 1795 2858 crucis
1837 2811 2103 2874 potestate

504 2902 737 2967 conteri,
769 2916 892 2971 qua:
924 2900 976 2953 in
1008 2898 1227 2953 Christo
1257 2896 1327 2949 ab
1350 2895 1497 2951 omni
1536 2895 1720 2950 debito
1750 2894 1944 2949 mortis
1971 2895 2102 2950 alie-

506 3011 597 3061 no,
630 2993 934 3062 redemptio
962 2989 1063 3045 fuit
1095 2987 1307 3053 mundi,
1342 3004 1448 3042 non
1477 3002 1636 3056 poena
1662 2988 1891 3056 peccati.

576 3086 703 3143 CAP.
738 3086 911 3139 lV.—-
937 3082 1009 3141 Ut
1040 3083 1221 3154 itaque
1251 3080 1561 3151 malignitas
1589 3079 1871 3135 frementis
1896 3080 2102 3136 inimici

2179 490 2273 544 bus
2298 492 2558 562 afﬂuenter
2601 501 2650 546 et
2688 508 2792 546 non
2835 493 3172 567 impresserat,
3227 501 3276 549 et
3312 494 3510 552 dabitur
3550 500 3594 555 ei
3636 509 3747 572 (Ja-

2179 581 2290 637 cob.
2325 598 2363 651 ι,
2395 581 2476 654 5).
2522 582 2655 651 Quis
2697 582 2937 640 ﬁdelium
2981 586 3189 643 nesciat
3239 586 3429 657 quibus
3480 590 3746 650 virtutibus

2180 677 2399 731 studere
2424 684 2479 731 et
2508 677 2707 746 quibus
2740 677 2938 734 debeat
2963 679 3108 735 vitiis
3130 682 3467 750 repugnare?
3485 682 3610 750 Quis
3630 699 3749 744 cou-

2181 768 2422 826 scientiae
2452 784 2565 825 suae
2593 781 2684 824 aut
2706 780 2812 825 tam
2838 777 3106 841 gratiosus
3132 783 3223 827 aut
3246 781 3355 828 tam
3387 774 3656 844 imperitus
3675 792 3751 838 est

2181 862 2404 927 arbiter,
2433 862 2524 932 qui
2555 862 2769 933 ignoret
2792 863 2921 932 quid
2953 879 2981 917 a
3011 879 3073 919 se
3096 863 3413 919 auferriaut
3442 868 3570 937 quid
3605 870 3653 923 in
3695 888 3751 930 se

2188 951 2208 992 ί
2233 961 2482 1024 oporteat
2506 953 2735 1025 augeri?
2756 953 2926 1012 Nemo
2946 956 3145 1026 quippe
3172 955 3243 1010 ita
3269 957 3493 1013 rationis
3519 968 3601 1014 est
3628 962 3753 1018 alie-

2186 1060 2286 1100 nus
2310 1046 2404 1116 qui
2433 1056 2523 1100 aut
2554 1046 2982 1102 conversationis
3014 1062 3129 1103 sua:
3157 1062 3267 1103 non
3320 1048 3585 1120 intelligat
3628 1068 3753 1124 qua-

2187 1138 2413 1201 litatem,
2441 1147 2541 1193 aut
2560 1137 2744 1194 cordis
2770 1140 2853 1194 sui
2879 1148 3092 1194 secreta
3118 1155 3225 1195 non
3254 1142 3487 1196 noverit.
3505 1142 3615 1199 Non
3637 1160 3757 1216 ergo

2192 1244 2288 1300 per
2331 1232 2511 1286 omnia
2565 1230 2669 1286 sibi
2712 1232 2944 1301 placeat,
2995 1246 3097 1288 nec
3149 1247 3209 1288 se
3256 1233 3552 1289 secundum
3595 1240 3760 1294 carnis

2188 1324 2586 1382 oblectamenta
2611 1325 2890 1396 dijudicet,
2933 1325 3030 1382 sed
3079 1342 3297 1383 omnem
3332 1331 3761 1388 consuetudinem

2188 1432 2340 1476 suam
2372 1419 2428 1474 in
2451 1418 2758 1475 divinorum
2788 1431 3186 1492 praeceptorum
3211 1430 3236 1469 ε
3272 1421 3429 1477 lance
3453 1424 3762 1482 constituat:

2191 1509 2282 1565 ubi
2308 1524 2431 1566 cum
2459 1511 2562 1565 alia
2588 1510 2889 1581 jubeantur
2931 1522 2987 1566 ut
3031 1514 3184 1577 ﬁant,
3236 1512 3341 1567 alia
3387 1513 3766 1572 interdicantnr

2192 1611 2252 1658 ut
2275 1618 2383 1658 non
2417 1604 2567 1670 ﬁant,
2608 1603 2757 1674 justo
2792 1618 2851 1659 se
2899 1604 3188 1661 trutinabit
3223 1605 3494 1673 examine,
3527 1606 3616 1676 qui
3654 1607 3767 1665 vita

2191 1710 2307 1751 suae
2338 1710 2516 1753 mores
2545 1711 2610 1751 ex
2642 1697 2923 1768 utriusque
2945 1697 3204 1766 ponderis
3223 1699 3624 1767 comparatione
3649 1714 3769 1769 pen-

1556 1797 1747 1859 partus
1792 1800 2088 1857 regenera-
2121 1786 2169 1846 Β
2197 1789 2418 1844 saverit.
2455 1787 2659 1844 Artifex
2691 1790 2835 1844 enim
2865 1789 3237 1845 misericordia
3267 1788 3365 1843 Dei
3408 1790 3772 1859 splendidissi-

2198 1895 2343 1935 mum
2384 1881 2437 1934 in
2485 1881 2758 1935 mandatis
2802 1881 2915 1935 suis
2961 1879 3205 1936 condidit
3242 1882 3552 1950 speculum,
3594 1883 3645 1937 in
3673 1898 3771 1953 quo

2198 1974 2357 2028 homo
2390 1975 2582 2030 faciem
2634 1990 2745 2032 suae
2775 1975 2970 2031 mentis
3001 1976 3320 2047 inspiceret,
3366 1987 3423 2032 et
3470 1993 3630 2046 quam
3659 1994 3773 2035 con-

2196 2069 2385 2125 formis
2408 2068 2433 2107 ιι
2468 2072 2684 2140 imagini
2720 2072 2835 2140 Dei,
2865 2082 2956 2126 aut
2980 2085 3139 2142 quam
3160 2071 3442 2127 dissimilis
3462 2082 3603 2127 esset
3626 2088 3775 2143 agno-

2197 2174 2413 2220 sceret:
2473 2165 2741 2235 praecipue
2795 2174 2854 2219 ut
2908 2166 3122 2235 rejectis
3171 2166 3452 2236 paululum
3484 2167 3776 2223 carnalibus

2197 2258 2343 2313 curis
2373 2266 2427 2313 et
2479 2258 2926 2328 occupationibus
2958 2258 3235 2329 inquietis,
3263 2259 3457 2314 saltem
3503 2257 3555 2313 in
3599 2257 3777 2314 diebus

2198 2349 2589 2417 redemptionis
2612 2360 2667 2405 et
2687 2350 3044 2421 reparationis
3071 2362 3271 2407 nostra;
3287 2367 3321 2407 a
3346 2351 3577 2406 terrenis
3599 2365 3693 2407 nos
3718 2351 3777 2408 ad

2199 2443 2443 2501 ccelestia
2473 2442 2836 2499 conferamus.

2270 2535 2403 2589 Cn.
2436 2532 2736 2600 V.—Quia
2761 2547 2911 2600 vero,
2942 2532 3081 2589 sicut
3103 2532 3371 2604 scriptum
3406 2539 3513 2598 est,
3540 2532 3591 2585 in
3620 2531 3782 2589 multis

2201 2626 2513 2697 offendimus
2552 2644 2723 2681 omnes
2753 2625 2961 2699 (Iacob.
3003 2643 3081 2696 ιιι,
3114 2626 3197 2698 2),
3246 2627 3646 2685 misericordia
3686 2627 3785 2699 pri-

2203 2735 2323 2776 mus
2360 2720 2376 2758 ί
2412 2721 2748 2790 concipiatur
2770 2718 3019 2785 affectus,
3053 2728 3110 2775 et
3151 2720 3456 2775 alienorum
3496 2721 3548 2774 in
3577 2733 3672 2777 nos
3693 2719 3784 2776 de-

2203 2814 2454 2869 lictorum
2489 2813 2582 2868 flat
2602 2813 2831 2868 oblivio:
2858 2822 2921 2867 ut
2942 2811 3073 2867 illud
3104 2812 3411 2881 piissimum
3445 2821 3679 2880 pactum,
3705 2814 3783 2869 cui

2204 2920 2305 2962 nos
2334 2907 2385 2960 in
2441 2904 2716 2960 Dominica
2761 2904 3009 2960 oratione
3054 2905 3431 2972 devinximus,
3484 2905 3631 2960 nullo
3674 2906 3788 2960 vin-

2203 3000 2363 3055 dictae
2390 3014 2579 3056 amore
2619 2999 2925 3054 violemus:
2969 3006 3023 3053 et
3066 2988 3355 3053 dicentes:
3412 2996 3630 3053 Dimitte
3659 2998 3790 3052 nobis

2206 3093 2382 3149 debita
2440 3092 2453 3142 ι
2512 3101 2690 3147 nostra
2737 3092 2866 3145 sicut
2920 3099 2967 3143 et
3005 3107 3097 3144 nos
3139 3090 3449 3145 dimittimus
3493 3088 3791 3143 debitoribus

507 3183 684 3240 nullos
710 3181 905 3236 habeat
937 3190 959 3218 ο
986 3178 1071 3233 sui
1100 3177 1288 3233 livoris
1338 3176 1585 3242 effectus,
1637 3175 1704 3229 ad
1756 3172 2103 3244 exsequenda
2130 3162 2176 3227 C
2210 3187 2395 3242 ηοεινε.
2425 3184 2639 3257 (nam,
2674 3200 2750 3249 γι,
2784 3183 2896 3253 η),
2930 3198 3038 3239 non
3065 3182 3237 3238 simus
3268 3184 3318 3237 ί..
3355 3182 3678 3237 remissione
3698 3180 3794 3235 dif.

512 3274 727 3332 Domini
759 3272 1009 3327 mandata
1040 3270 1352 3341 diligentior
1380 3278 1465 3325 est
1502 3268 1821 3324 assumenda
1846 3266 2100 3322 devotio:

511 3374 570 3421 ut
598 3377 809 3437 tempus
837 3366 888 3419 in
920 3379 1027 3435 quo
1059 3362 1243 3417 omnia
1275 3359 1475 3416 divinat
1499 3360 1891 3417 misericordia:
1918 3374 2105 3415 sacra-

510 3471 688 3517 menta
721 3468 1072 3522 concurrunt,
1105 3472 1227 3511 cum
1259 3456 1662 3525 praeparatione
1693 3466 1749 3510 et
1797 3456 2103 3513 animorum

511 3550 868 3619 suscipiamus
912 3557 967 3603 et
1008 3560 1327 3614 corporum,
1377 3545 1731 3615 implorantes
1769 3546 1923 3618 187
1962 3544 1989 3583 ά
2021 3562 2108 3603 re-

514 3643 693 3714 gimen
725 3651 778 3696 et
802 3639 1129 3709 adiutorium
1148 3638 1267 3704 Dei,
1302 3646 1357 3692 ut
1386 3638 1502 3693 sine
1528 3653 1636 3707 quo
1660 3639 1790 3693 nihil
1822 3654 2106 3708 possumus

512 3739 712 3803 facere,
764 3751 860 3805 per
913 3736 1085 3805 ipsum
1126 3734 1307 3788 omnia
1358 3732 1637 3787 valeamus
1688 3733 1933 3802 implere.
1979 3733 2108 3790 Ideo

512 3832 656 3888 enim
701 3830 861 3884 datur
910 3836 1272 3897 praeceptum,
1316 3835 1373 3880 ut
1422 3825 1789 3897 praecipientis
1834 3838 2109 3897 quaeratur

512 3924 795 3979 auxilium.
821 3922 931 3976 Nee
960 3937 1019 3976 se
1047 3920 1333 3991 quisquam
1361 3934 1458 3989 per
1502 3921 1845 3976 occasionem
1880 3922 2105 3979 inlirmi-

512 4017 639 4071 tatis
662 4020 906 4078 exeuset,
955 4021 978 4049 ο
1029 4027 1150 4067 eum
1189 4010 1285 4081 qui
1337 3995 1587 4080 praestitit
1632 4012 1792 4080 velle,
1842 4014 2011 4071 donet
2058 4023 2116 4070 et

513 4121 709 4182 posse,
738 4104 953 4161 dicente
1007 4104 1170 4160 beato
1210 4103 1458 4173 apostolo
1508 4102 1753 4161 Jacobo:
1790 4105 1851 4161 Si
1878 4111 1994 4177 quis
2024 4126 2112 4163 ve-

588 4323 614 4349 ιι
662 4313 751 4367 Sic
801 4309 1208 4366 emendavimus
1262 4322 1327 4363 ex
1386 4306 1599 4364 duobus
1651 4324 1781 4363 mss.
1828 4309 1886 4365 8.
1941 4309 2109 4375 Petri,

514 4385 721 4468 duobus
751 4382 892 4437 Vatt.
940 4391 996 4437 et
1039 4381 1211 4452 prima
1243 4378 1506 4436 editione.
1556 4378 1749 4436 Caneri
1797 4381 1949 4446 editi,
2004 4384 2114 4450 spi-

513 4458 759 4580 mgll'liss.
787 4526 846 4579 S.
881 4523 1024 4579 Petri
1054 4530 1109 4577 et
1137 4522 1296 4579 codd.
1329 4522 1547 4577 collect.
1577 4521 1610 4574 4
1638 4527 1694 4575 et
1728 4521 1783 4585 5,
1826 4521 2027 4587 debeat,
2055 4532 2114 4579 et

513 4598 674 4669 paulo
707 4604 848 4669 post,
881 4603 1134 4665 oporteat.
1178 4593 1340 4669 Dein,
1375 4594 1445 4669 ad
1497 4592 1630 4645 idem
1670 4604 1944 4669 certamen,
1993 4594 2115 4649 loco

515 4662 584 4722 ad
616 4662 1178 4721 ineundum'certamen
1223 4666 1278 4717 in
1310 4662 1500 4718 iisdem
1534 4677 1663 4716 mss.
1698 4662 1756 4717 S.
1803 4662 1970 4720 Petri.

595 4740 697 4793 cIn
718 4736 928 4792 duobus
962 4750 1093 4789 mss.
1143 4734 1201 4789 S.
1252 4732 1422 4799 Petri,
1475 4732 1557 4787 sui
1607 4732 1819 4800 laboris,
1870 4744 1925 4789 et
1976 4723 2192 4792 forteD

516 4811 733 4866 melius.

587 4880 613 4918 ά
645 4881 789 4935 Inter
827 4892 1009 4948 voces,
1060 4876 1289 4948 regimen
1338 4884 1408 4948 et
1435 4874 1785 4948 adjutorium,
1834 4876 2111 4948 plerasque

516 4952 780 5008 editiones
810 4959 936 5003 ante
966 4944 1315 5014 Quesnellum
1346 4944 1573 5009 addunt,
1608 4955 1654 5000 et
1678 4944 2112 5016 misericordidm,

516 5022 659 5095 quod
689 5022 841 5095 deest
870 5020 923 5073 in
953 5016 1226 5095 Quesnelli
1261 5032 1390 5095 mss.
1416 5026 1471 5095 et
1499 5018 1551 5072 in
1582 5018 1855 5095 plerisque
1877 5020 2105 5095 nostris,

518 5088 774 5218 ἤθειιὲἓὲ
827 5091 879 5144 in
933 5089 1258 5145 editionibus
1306 5088 1450 5144 Surii
1508 5098 1670 5157 atque
1716 5091 2113 5160 Antuerpiense

518 5183 603 5218 an.
783 5202 795 5215 .

516 5165 795 5221 an.i$85.

592 5249 614 5275 ο
643 5235 781 5291 Editi
806 5244 932 5287 ante
953 5232 1177 5299 Quesn.,
1198 5233 1319 5301 quia
1341 5232 1431 5301 qui
1454 5231 1692 5299 prastitit
1722 5232 1869 5296 velle,
1902 5231 2114 5287 donabit

517 5320 561 5364 et
594 5323 759 5377 posse.
790 5304 971 5377 Prima
994 5302 1161 5357 editio
1182 5300 1237 5377 et
1262 5300 1602 5377 cod.__l?atav.
1639 5301 1697 5377 S_.
1730 5302 1983 5377 Justinus,
2017 5318 2116 5373 pro

518 5373 727 5434 donabit
757 5376 915 5431 habet
940 5376 1120 5427 donat.
1174 5373 1445 5441 Quesnelli
1505 5374 1938 5429 emendationem
1985 5388 2115 5429 con-

518 5453 729 5507 ﬁrmant
762 5446 930 5501 nostri
962 5443 1176 5499 codices
1204 5445 1415 5498 collect.
1448 5445 1466 5497 l
1505 5456 1559 5499 et
1583 5445 1635 5499 5.
1667 5446 1765 5498 Ms.
1804 5444 2114 5501 Lectionar.

518 5524 574 5579 S.
610 5521 755 5577 Petri
790 5519 1043 5574 concinit.
1085 5527 1139 5570 et
1162 5515 1333 5569 solum
1359 5530 1453 5585 pro
1480 5533 1625 5585 posse
1658 5516 1819 5571 habet
1843 5518 2114 5585 proﬁcere,

521 5611 613 5649 seu
639 5592 827 5646 melius
854 5592 1111 5656 perﬁcere.
1134 5586 1333 5641 Confer
1352 5587 1583 5640 similem
1604 5586 1926 5643 sententiam
1945 5603 2114 5643 serm.

518 5666 610 5728 94,
644 5680 691 5716 c.
726 5664 778 5715 9..
824 5660 982 5714 Posse
1018 5667 1196 5712 autem
1223 5674 1251 5710 a
1307 5658 1487 5728 Leone
1543 5658 1833 5712 identidem
1882 5660 2116 5713 sumitur

524 5726 621 5804 pro
661 5742 921 5801 potestate
968 5729 1287 5804 efficiente;
1338 5726 1481 5804 unde
1528 5746 1692 5784 scrin.
1744 5729 1835 5790 '16,
1887 5745 2030 5804 cap._
2059 5731 2113 5794 5,

522 5800 775 5866 scripsit:
815 5803 962 5865 Quod
995 5802 1162 5867 utique
1210 5800 1455 5867 apostoli,
1503 5810 1835 5864 posteaquam
1890 5800 2119 5862 Spiritus

2213 3278 2383 3335 ticiles
2415 3293 2431 3332 :
2461 3278 2585 3349 quia
2617 3276 2684 3330 ad
2717 3292 2814 3330 nos
2847 3276 3079 3332 recurrit
3102 3275 3216 3330 sive
3245 3274 3521 3345 cupiditas
3564 3274 3793 3339 ultionis,

2217 3374 2332 3428 sive
2362 3370 2691 3439 indulgentia
2722 3368 2996 3433 lenitatis;
3050 3369 3327 3438 magisque
3382 3367 3678 3437 optandum
3722 3375 3797 3421 est

2214 3464 2441 3529 homini,
2475 3462 2828 3517 tentationum
2853 3459 3111 3530 periculis
3152 3474 3373 3529 semper
3423 3458 3690 3529 exposito,
3744 3467 3798 3513 ut

2220 3570 2347 3612 suas
2372 3554 2559 3624 culpas
2590 3553 2787 3609 habeat
2813 3550 2841 3590 ι
2866 3552 3158 3621 impunitas
3177 3593 3192 3616 ,
3229 3552 3393 3623 188
3420 3567 3583 3621 quam
3618 3558 3676 3605 ut
3698 3549 3801 3618 ple-

2220 3658 2335 3702 ctat
2362 3646 2592 3701 alienas.
2626 3643 2764 3712 Quid
2796 3654 2975 3699 autem
3004 3643 3421 3699 convenientius
3475 3642 3600 3699 ﬁdei
3653 3640 3801 3697 Chri-

2211 3744 2401 3796 stianae
2434 3755 2592 3809 quam
2626 3748 2684 3792 ut
2714 3753 2820 3793 non
2853 3739 3028 3793 solum
3058 3739 3109 3791 in
3142 3736 3411 3803 Ecclesia,
3449 3734 3547 3792 sed
3575 3735 3804 3790 etiamin

2214 3837 2452 3890 omnium
2487 3832 2740 3888 domibus
2792 3832 2881 3885 tiat
2910 3830 3158 3886 remissio
3188 3837 3541 3899 peccatorum
3568 3828 3591 3881 ?
3636 3827 3806 3895 Depo-

2216 3934 2411 3981 nantur
2442 3923 2598 3978 mium
2625 3940 2639 3988 ;
2675 3922 2884 3977 vincula
2914 3923 3245 3988 relaxentur,
3277 3922 3482 3991 quibus
3523 3936 3587 3978 se
3638 3920 3805 3975 multo

2220 4015 2592 4086 perniciosius,
2639 4013 2728 4083 qui
2770 4028 2832 4068 ea
2880 4028 2987 4067 non
3043 4012 3285 4079 solverit,
3332 4011 3615 4084 religabit.
3663 4008 3808 4078 Quod

2221 4112 2362 4166 enim
2386 4108 2612 4181 quisque
2637 4107 2689 4161 in
2741 4107 2970 4161 alterum
3006 4105 3214 4171 statuit,
3267 4103 3471 4160 hocin
3523 4104 3811 4175 semetipso

2217 4314 2380 4366 sancti
2402 4327 2531 4366 nova
2562 4311 2879 4365 abundantia
2909 4317 3023 4366 sunt
3052 4309 3233 4381 repleti
3258 4352 3268 4366 .
3307 4310 3587 4365 ardentius
3623 4308 3747 4363 velte
3772 4316 3814 4363 et

2218 4398 2527 4440 EFI'ICACIUS
2556 4397 2715 4438 POSSE
2736 4392 3016 4451 coeperunt,
3073 4382 3405 4449 proﬁcientes
3453 4400 3487 4434 a
3540 4391 3816 4452 pracepto-

2217 4471 2329 4506 rum
2358 4456 2572 4508 scientia
2599 4455 2665 4507 ad
2690 4454 3013 4508 tolerantiam
3057 4454 3374 4520 passionum.
3428 4462 3487 4507 ut
3535 4454 3629 4507 sub
3677 4452 3816 4506 nulla

2208 4527 2324 4595 jam
2357 4534 2652 4591 tempestate
2678 4525 3011 4592 trepidantes,
3039 4524 3227 4593 ﬂuctus
3255 4524 3439 4579 saeculi
3497 4535 3546 4579 et
3579 4525 3816 4578 elationes

2216 4597 2396 4648 mundi
2429 4596 2530 4661 ﬁde
2554 4596 2967 4664 supergrediente
2992 4595 3275 4657 micarent,
3306 4605 3417 4648 etc.

2293 4664 2311 4703 ί
2356 4665 2531 4722 Prima
2553 4666 2720 4722 editio
2746 4676 2802 4720 et
2824 4680 2965 4721 unus
2983 4664 3108 4719 cod.
3153 4666 3210 4718 8.
3246 4665 3420 4737 Petri,
3455 4676 3595 4737 aptet
3625 4665 3817 4737 augeri.

2291 4746 2314 4783 ε
2352 4737 2462 4804 AL,
2496 4738 2627 4791 luce.
2684 4736 2888 4804 Qnssn.
2923 4738 2975 4790 in
3006 4738 3357 4806 margine.—
3388 4736 3563 4800 Dein,
3608 4754 3671 4790 ne
3698 4736 3820 4805 ﬁant

2221 4821 2319 4875 pro
2349 4819 2403 4861 ut
2436 4825 2540 4862 non
2582 4808 2731 4876 ﬁant,
2758 4809 2810 4863 in
2838 4808 2997 4863 editis
3020 4815 3147 4862 ante
3176 4808 3382 4873 Quesn.
3436 4817 3495 4863 et
3551 4808 3820 4878 plerisque

2219 4892 2353 4932 mss.

2291 4946 2319 4986 δ
2351 4950 2478 5005 Mss.
2511 4949 2724 5005 collect.
2760 4950 2813 5016 5,
2841 4950 2909 5003 ad
2928 4950 3204 5021 imaginem
3235 4948 3327 5003 Dei
3365 4965 3385 5014 ;
3432 4950 3545 5021 al.,_
3588 4950 3825 5021 imaginis

2367 5021 2543 5092 Prima
2567 5020 2756 5092 editio,
2784 5020 3019 5092 tntagini,
3038 5017 3251 5076 vomissa
3278 5034 3415 5076 voce
3452 5018 3576 5092 Dei.

2304 5090 2317 5128 ί
2360 5091 2458 5146 Ms.
2491 5092 2657 5146 Corb.
2694 5089 2990 5163 Quesnelli,
3047 5093 3391 5163 concupiatttr
3434 5091 3677 5160 effectus.
3709 5090 3824 5145 Mox

2221 5163 2507 5288 ἓιὶεὲοτιὲιίηι
2536 5177 2634 5232 pro
2661 5162 2887 5217 aliorum
2913 5162 3319 5218 emendavimus
3341 5178 3413 5218 ex
3444 5163 3665 5219 duobus
3694 5176 3821 5215 mss.

2264 5272 2281 5288 .
2361 5249 2392 5288 e
2472 5274 2485 5286 .

2264 5272 2281 5288 .
2317 5243 2485 5290 Petri.

2294 5303 2309 5354 i
2351 5304 2474 5361 Vox
2504 5312 2680 5363 nostra
2707 5305 2846 5374 apud
2870 5303 3220 5371 Quesnellum
3253 5303 3545 5370 deﬁciens,
3569 5319 3641 5362 ex
3668 5303 3825 5360 editis

2218 5382 2274 5430 ct
2302 5390 2432 5429 mss.
2466 5379 2735 5431 restituta.

2292 5445 2319 5482 ιι
2342 5446 2416 5500 lta
2444 5463 2565 5501 cum
2596 5447 2890 5514 Quesnello
2911 5447 3019 5504 duo
3040 5463 3171 5506 mss.
3218 5447 3278 5505 S.
3324 5448 3504 5515 Petri,
3538 5463 3683 5503 unus
3709 5446 3823 5499 Vat.

2220 5527 2274 5573 et
2302 5519 2471 5586 prima
2500 5518 2687 5573 editio.
2732 5518 2955 5573 Ctetcrte
3002 5520 3291 5585 editiones,
3314 5522 3583 5591 punitas;
3617 5533 3827 5645 ἐνετρε-

2222 5604 2358 5645 ram.
2386 5605 2505 5644 enm
2533 5591 2797 5644 indicetur
2825 5592 3000 5645 notius
3026 5593 3327 5645 eligendum
3352 5600 3410 5645 et
3442 5600 3613 5645 ontan
3660 5604 3749 5643 um
3775 5596 3827 5641 ut

2222 5604 2358 5653 ram,
2386 5605 2505 5644 enm
2533 5591 2797 5662 indicetur
2825 5592 3000 5658 potius
3026 5593 3327 5661 eligendum
3352 5600 3410 5645 et
3442 5591 3749 5662 optandum
3775 5596 3827 5641 ut

2225 5662 2325 5715 sibi
2348 5677 2375 5714 a
2404 5662 2511 5716 Deo
2532 5677 2626 5715 sua
2655 5660 2846 5716 delicta
2878 5660 3273 5728 condonentnr,
3319 5660 3498 5732 quam
3542 5669 3605 5719 ut
3652 5660 3830 5718 aliena

2226 5748 2319 5803 per
2345 5732 2636 5787 vindicum
2665 5733 2975 5801 puniantur.
