3994 6354
215 411 349 468 305

1740 405 1971 461 SERMO
2011 407 2050 462 L

3431 410 3536 469 506

213 537 330 579 sua
377 527 499 596 lege
525 523 786 580 decernit.
822 521 967 575 Beati
1002 535 1128 576 vero
1166 522 1542 587 misericoraes,
1594 534 1838 588 quoniam
1868 521 2292 582 Asurrectione
2359 523 2808 588 conresuscitati,
2861 523 2911 578 in
2969 523 3138 594 ipsius
3199 524 3536 580 inveniamur

212 618 481 674 ipsorum
521 618 840 672 miserebitur
869 615 1011 670 Deus
1039 615 1255 687 (Matth.
1289 631 1340 681 ν,
1372 617 1426 684 ’1)
1462 632 1476 669 τ
1524 615 1614 683 qui
1662 616 1714 667 in
1759 612 1844 681 ju-

210 709 404 767 diciis
433 713 545 767 suis
571 712 823 779 etjustus
852 720 937 765 est
959 719 1014 764 et
1045 709 1338 777 benignus;
1369 707 1434 762 ad
1458 707 1559 762 hoc
1580 707 1841 776 quosdam

213 803 337 858 sub
366 806 600 859 aliorum
622 817 746 858 esse
769 811 1034 872 potestate
1066 801 1403 867 permittens,
1463 806 1518 853 ut
1560 797 1661 852 sub
1689 811 1841 868 aequa

219 897 624 952 moderatione
699 905 946 950 servetur
1006 905 1060 950 et
1125 895 1328 948 utilitas
1389 891 1716 960 disciplinae,
1787 899 1843 946 et

225 988 609 1044 mansuetudo
656 988 1006 1052 elementim;
1056 995 1110 1040 et
1157 999 1318 1040 nemo
1367 983 1560 1038 audeat
1619 983 1842 1037 alterius

226 1079 459 1134 delictis
489 1080 700 1135 veniant
744 1079 1038 1149 denegare,
1080 1091 1238 1147 quam
1274 1089 1370 1145 pro
1392 1076 1503 1130 suis
1550 1081 1701 1143 optat
1741 1087 1834 1129 ac-

225 1174 275 1226 ei
283 1189 450 1243 pere.

300 1269 447 1321 Car.
481 1265 572 1322 Vl.
598 1293 669 1308 -—
689 1265 915 1320 Dicente
936 1273 1119 1319 autem
1151 1263 1402 1328 Domino,
1432 1260 1580 1316 Beati
1609 1262 1832 1332 paciﬁci,

222 1361 490 1424 quoniam
521 1358 615 1422 lilii
668 1355 766 1410 Dei
819 1355 1132 1411 vocabuntur
1179 1352 1405 1425 (Matth.
1437 1368 1491 1418 v,
1535 1352 1613 1422 9),
1668 1353 1835 1421 depo-

221 1459 441 1506 nantur
492 1452 730 1506 omnium
787 1449 1180 1505 discordiarum
1241 1446 1599 1516 odiorumque
1657 1454 1834 1500 certa-

222 1541 384 1596 ina
412 1559 428 1605 ;
469 1557 568 1598 nec
597 1549 829 1612 putctse
862 1541 1152 1610 quisquam
1178 1540 1230 1592 in
1262 1537 1499 1607 paschali
1553 1535 1691 1591 festo
1731 1535 1829 1589 ha-

221 1632 479 1687 biturum
506 1648 627 1688 esse
651 1632 1004 1696 consortium,
1039 1631 1131 1701 qui
1179 1629 1472 1684 fraternam
1518 1642 1702 1698 pacem
1743 1643 1831 1683 re-

224 1725 554 1797 dintegrare
589 1727 908 1796 neglexerit.
937 1725 1091 1795 Apud
1116 1738 1384 1779 summum
1411 1721 1556 1777 enim
1587 1720 1824 1788 Patrem,

222 1823 318 1888 qui
348 1837 462 1874 non
486 1820 644 1875 fuerit
675 1821 727 1874 in
751 1820 1012 1874 charitate
1035 1817 1286 1883 fratrum,
1316 1832 1423 1872 non
1453 1814 1748 1870 habebitur
1767 1814 1822 1869 in

1954 623 1976 650 ο
2019 616 2271 682 passione
2319 618 2666 681 commortui,
2710 618 2924 672 dicente
2969 619 3126 672 beato
3177 619 3340 672 l’aulo
3397 633 3534 688 apo-

1946 705 2092 760 stolo
2122 723 2135 758 :
2163 705 2360 761 Mortui
2390 711 2525 762 enim
2550 711 2691 774 estis,
2722 722 2769 764 et
2797 711 2899 764 vita
2927 720 3095 764 uestra
3121 710 3421 764 abscondita
3461 719 3536 764 est

1945 814 2061 854 cum
2090 799 2290 856 Christo
2315 804 2367 856 in
2407 802 2538 858 Deo.
2572 803 2701 858 Cum
2731 804 2963 858 Christus
2990 805 3286 876 apparuerit
3312 805 3415 858 vita
3447 821 3537 856 ve-

1941 900 2070 957 stra,
2103 901 2222 946 tunc
2251 904 2298 946 et
2335 910 2423 948 vos
2461 895 2777 965 apparebitis
2806 913 2917 949 cum
2952 900 3063 966 ipso
3093 899 3147 949 in
3190 895 3355 965 gloria
3399 893 3535 965 (Co-

1940 981 2038 1036 los.
2063 999 2141 1052 ιιι,
2172 984 2205 1038 ὅ
2227 985 2264 1054 ).
2299 986 2432 1053 Quae
2463 1002 2589 1040 vero
2637 987 2793 1042 nobis
2823 997 2907 1043 est
2945 989 3136 1042 mortis
3162 1002 3283 1042 cum
3314 987 3533 1042 Christo

1939 1076 2299 1146 participatio,
2333 1077 2436 1132 nisi
2480 1087 2539 1132 ttt
2577 1078 2888 1134 desinamus
2929 1093 3051 1134 esse
3097 1079 3238 1148 quod
3289 1078 3532 1133 fuimus?

1936 1177 2029 1221 aut
2059 1182 2178 1236 quae
2208 1168 2509 1224 similitudo
2545 1168 2986 1236 resurrectionis,
3019 1169 3119 1223 nisi
3141 1168 3408 1239 depositio
3436 1184 3531 1223 ve-

1936 1260 2192 1315 tuStatis?
2243 1260 2398 1317 Unde
2425 1263 2519 1332 qui
2563 1271 2967 1316 sacramentum
3011 1274 3124 1315 suae
3165 1263 3529 1331 reparationis

1935 1352 2208 1423 intelligit,
2249 1356 2430 1408 carnis
2465 1369 2526 1409 se
2567 1353 2712 1408 vitiis
2761 1354 2925 1408 debet
2966 1368 3188 1420 exuere,
3237 1363 3293 1408 et
3333 1369 3526 1410 omnes

1932 1445 2122 1500 sordes
2141 1445 2380 1515 abjieere
2407 1456 2757 1515 peccatorum
2791 1461 2804 1500 :
2831 1454 2890 1498 ut
2910 1443 2935 1481 ἀ
2961 1445 3259 1500 intraturus
3288 1446 3530 1514 nuptiale

1930 1542 2264 1609 convivium,
2295 1543 2576 1612 splendeat
2601 1555 2757 1598 veste
2778 1543 3071 1596 virtutum.
3100 1540 3357 1610 Quamvis
3381 1541 3523 1595 enim

1931 1631 2237 1703 benignitas
2267 1635 2455 1702 sponsi
2501 1641 2726 1688 cunctos
2768 1633 2834 1686 ad
2865 1632 3304 1686 communionem
3350 1631 3525 1700 regia-

1928 1738 2049 1777 rum
2072 1723 2263 1778 invitet
2284 1727 2583 1794 epularum,
2607 1723 2932 1779 studendum
2955 1731 3234 1778 esttamen
3257 1723 3524 1778 universis

1927 1815 2156 1880 vocatis,
2180 1825 2235 1868 ttt
2253 1829 2529 1869 sacrorum
2553 1814 2796 1870 ciborum
2823 1828 3045 1868 munere
3061 1829 3166 1868 non
3182 1813 3524 1868 inveniantur

221 1927 462 1968 numero
489 1913 741 1968 filiorum.
775 1914 835 1968 In
862 1911 1246 1968 distributione
1265 1925 1478 1981 quoque
1515 1909 1822 1980 eleemosy-
1849 1899 1898 1960 B
1926 1905 2130 1977 indigni
2176 1907 2407 1976 (Matth.
2447 1921 2576 1972 xxu,
2609 1906 2721 1974 ll).
2751 1905 3056 1961 Abutuntur
3092 1914 3273 1960 autem
3304 1905 3523 1974 quidam

221 2019 451 2071 narum,
476 2013 534 2059 et
575 2020 872 2074 pauperum
917 2018 1069 2074 cura,
1120 2005 1472 2073 pinguescant
1514 1999 1823 2057 Christiana

217 2095 429 2165 ieiunia
455 2113 470 2160 ;
506 2105 558 2150 et
583 2097 725 2165 quod
754 2096 867 2152 suis
895 2097 1120 2166 quisque
1147 2095 1360 2151 deliciis
1397 2093 1687 2159 subtrahit,
1719 2091 1821 2147 de-

220 2187 730 2283 bilibusitimpendat
761 2197 818 2283 et
856 2190 1064 2259 egenis.
1124 2190 1289 2283 Detur
1317 2195 1588 2283 cperant
1631 2199 1822 2283 omnes

219 2277 336 2334 Deo
362 2277 474 2333 nn'o
501 2295 596 2334 ore
626 2280 972 2346 benedicaut,
1003 2289 1060 2335 et
1079 2281 1167 2350 qui
1199 2279 1431 2349 aliquam
1480 2277 1575 2332 dat
1614 2279 1824 2348 portio-

219 2385 350 2426 nem
388 2373 707 2426 substantiae
753 2387 888 2440 suae,
935 2372 1202 2441 intelligat
1248 2385 1308 2426 se
1351 2369 1653 2426 ministrum
1702 2384 1822 2426 esse

219 2463 619 2518 misericordia:
645 2464 863 2530 divinae,
893 2463 984 2534 qui
1009 2447 1231 2533 'partetn
1261 2463 1514 2532 pauperis
1556 2464 1610 2518 iu
1657 2478 1820 2517 manu

219 2555 411 2623 posuit
460 2555 774 2625 largientis:
823 2565 881 2610 ut
905 2566 1124 2625 peccata
1177 2571 1296 2623 quae
1346 2564 1371 2591 τι
1427 2565 1520 2609 aut
1567 2554 1821 2624 baptismi

217 2649 405 2717 aquis,
446 2657 538 2701 aut
593 2648 925 2716 pteoitentiaa
981 2649 1235 2719 lacrymis
1285 2647 1600 2714 abluuntur,
1657 2649 1818 2703 etiam

216 2737 590 2809 eleemosynis
641 2741 958 2805 deleantur,
999 2740 1213 2796 dicente
1279 2740 1556 2810 Scriptura
1601 2757 1615 2794 :
1669 2740 1821 2795 Sicut

218 2845 364 2896 aqua
395 2831 670 2899 exstinguit
702 2832 891 2902 ignem,
923 2833 998 2886 ita
1023 2833 1340 2902 eleemosyna
1383 2833 1658 2902 exstinguit
1705 2849 1821 2902 pec-

216 2932 396 2971 catum
429 2918 623 2990 (Eccli.
659 2937 738 2992 ιιι,
773 2923 886 2992 55).
919 2923 1020 2978 Per
1052 2921 1334 2978 Dominum
1367 2933 1611 2978 nostrum
1634 2923 1818 2979 Jesum

215 3010 526 3078 Christum,
561 3015 650 3081 qui
677 3029 801 3069 cum
829 3014 988 3070 Patre
1009 3024 1066 3070 et
1109 3015 1316 3084 Spiritu
1344 3023 1534 3072 sancto
1585 3016 1715 3071 vivit
1763 3023 1821 3073 et

217 3117 414 3176 regnat
445 3108 500 3160 in
530 3109 726 3163 saecula
750 3108 1093 3163 saeculorum.
1115 3108 1310 3164 Amen.

551 3265 708 3337 189
735 3264 963 3322 SERMO
1003 3265 1043 3320 L
1077 3265 1200 3339 [AL
1236 3264 1474 3335 XLIX].

677 3354 754 3409 De
782 3355 1192 3427 Quadragesima
1222 3355 1365 3410 XII.

215 3465 498 3523 Smorsm.
521 3468 644 3523 —l.
671 3471 748 3522 Ad
790 3471 1030 3538 paschale
1050 3472 1334 3525 convivium
1365 3472 1542 3527 debere
1568 3490 1814 3543 quemque

282 3555 340 3593 se
369 3556 670 3610 pra’parare
692 3559 780 3608 per
810 3543 1178 3595 discussionem
1201 3544 1524 3597 conscientiae
1552 3556 1598 3597 et
1642 3562 1812 3600 emen-

285 3611 556 3663 dationem
580 3612 802 3665 vitte.—
825 3612 887 3665 ll.
931 3612 1341 3666 Misericordiam
1383 3617 1741 3680 exercendam,
1777 3635 1808 3671 a

283 3682 808 3752 ritiisjejunandum,
832 3684 977 3737 rebus
999 3683 1284 3738 celestibus
1300 3702 1409 3739 esse
1430 3686 1804 3741 inhaerendum.

284 3781 358 3791 -—
377 3752 462 3806 Ill.
513 3753 592 3805 Ad
620 3755 861 3824 paschale
886 3766 1278 3820 sacramentum,
1304 3758 1439 3826 quod
1467 3758 1521 3810 in
1549 3760 1808 3813 remissio-

283 3839 404 3875 nem
434 3837 760 3901 peccatorum
785 3827 1064 3901 conditum
1105 3836 1198 3887 est,
1230 3844 1476 3901 quemque
1503 3832 1808 3901 prwparart',

285 3910 406 3947 cum
430 3894 568 3947 illud
599 3897 892 3950 remissione
916 3896 1225 3963 offensarum
1253 3894 1506 3954 imitatur.

281 4030 414 4086 Cn.
447 4031 491 4086 l.
516 4061 588 4073 —
610 4033 1112 4104 Appropinquante,
1141 4033 1500 4099 dilectiSsimi,
1546 4036 1809 4092 solemni-

219 4132 326 4179 tate
364 4123 628 4192 paschali,
658 4124 682 4160 ι»
712 4125 864 4180 adest
905 4125 1284 4195 praecurrentis
1311 4127 1646 4182 consuetudo
1666 4128 1811 4199 jeju-

222 4217 313 4282 nii,
347 4215 494 4284 quod
521 4229 620 4269 nos
648 4217 996 4288 quadraginta
1022 4217 1230 4274 dierum
1262 4233 1489 4273 numero
1514 4220 1578 4272 ad
1605 4223 1810 4275 sancti-

217 4311 528 4368 ﬁcationem
578 4315 822 4385 corporis
851 4329 906 4372 et
931 4317 1129 4373 utentis
1168 4327 1438 4372 exerceat.
1491 4317 1806 4390 Suscepturi

215 4407 356 4459 enim
385 4407 648 4461 festorum
670 4409 910 4464 omnium
935 4410 1230 4464 maximum
1252 4408 1478 4477 festum,
1502 4427 1565 4468 ea
1591 4429 1690 4469 nos
1711 4414 1805 4470 de-

213 4498 401 4554 bemus
430 4499 776 4554 observantia
802 4515 1137 4572 praeparare,
1171 4511 1229 4558 ut
1250 4502 1303 4558 in
1329 4504 1488 4574 cujus
1511 4520 1696 4562 sumus
1721 4523 1808 4564 re-

1925 2001 2184 2071 pstientia
2219 2001 2336 2068 Dei,
2367 2011 2420 2057 et
2441 2002 2533 2071 qui
2577 2017 2681 2056 non
2725 2010 2847 2054 sunt
2874 2001 2926 2054 in
2968 2001 3297 2056 conscientia
3339 2000 3518 2067 liberi,

1927 2093 2063 2148 ﬁunt
2086 2093 2153 2148 de
2177 2094 2333 2163 longa
2359 2094 2674 2163 impunitate
2699 2094 2875 2148 securi
2903 2112 2914 2146 :
2943 2108 3066 2147 cum
3091 2093 3212 2148 ideo
3239 2093 3521 2148 differatur

1929 2189 2083 2255 ultio,
2118 2197 2176 2242 ut
2203 2197 2414 2257 tempus
2446 2187 2616 2256 possit
2645 2186 2848 2240 habere
2877 2186 3166 2240 correctio.
3215 2185 3520 2240 Misericor-

1923 2281 2069 2336 diam
2095 2280 2254 2350 igitur
2285 2280 2377 2333 Dei
2412 2280 2604 2344 nostri,
2642 2288 2664 2315 ε
2692 2293 2810 2348 quae
2847 2279 3006 2350 190
3035 2295 3135 2332 non
3165 2280 3270 2332 vult
3306 2289 3518 2334 mortem

1925 2374 2224 2444 peccatoris,
2253 2375 2341 2428 sed
2387 2383 2585 2427 tantum
2613 2383 2665 2427 ut
2695 2383 3018 2426 convertatur
3042 2383 3088 2427 et
3125 2375 3257 2428 vivat
3289 2373 3509 2446 (Ezech.

1925 2480 2074 2528 xvm,
2103 2464 2194 2530 32,
2241 2473 2286 2518 et
2316 2479 2505 2530 xxxttt,
2541 2466 2600 2518 ll
2622 2462 2665 2532 ),
2710 2479 2818 2518 non
2848 2463 2972 2518 ideo
3003 2463 3289 2534 quisquam
3339 2465 3516 2520 tardet

1925 2555 2201 2625 amplecti,
2235 2556 2361 2625 quia
2379 2553 2522 2623 quod
2550 2555 2748 2609 meruit
2773 2569 2881 2608 non
2905 2554 3126 2624 recepit.
3160 2555 3348 2626 Neque
3370 2557 3514 2610 enim

1922 2648 2182 2720 quidquid
2227 2647 2494 2713 differtur,
2543 2648 2820 2717 aufertur;
2869 2658 2963 2703 aut
3006 2651 3514 2706 condemnationem

1923 2740 2118 2806 evasit,
2149 2741 2237 2808 qui
2261 2740 2650 2809 indulgentiam
2680 2756 2785 2794 non
2810 2739 3077 2807 quaesivit.
3109 2740 3273 2810 Cujus
3293 2744 3510 2812 quidem

1924 2831 2281 2902 implorandae
2310 2846 2416 2886 non
2450 2847 2552 2886 una
2583 2831 2834 2888 omnibus
2875 2847 3037 2888 causa
3066 2843 3149 2887 est
3178 2834 3338 2903 :quia
3377 2837 3516 2889 mul-

1926 2924 1995 2979 tis
2023 2924 2200 2979 modis
2227 2923 2520 2993 multisque
2542 2923 2810 2978 mensuris
2831 2932 2888 2979 et
2911 2933 3188 2993 peccatum
3211 2940 3242 2979 a
3265 2935 3510 2994 peccato,

1924 3027 1980 3073 et
2013 3016 2220 3072 crimen
2249 3016 2412 3070 distat
2442 3031 2474 3069 a
2510 3017 2756 3071 crimine.
2790 3016 2896 3071 Sed
2933 3018 3059 3086 quia
3091 3017 3421 3072 universitas
3451 3019 3513 3071 fi-

1922 3109 2121 3166 delium
2149 3109 2216 3162 ad
2253 3110 2545 3178 perfectam
2596 3107 2960 3164 innocentiam
2991 3118 3045 3162 et
3074 3108 3140 3162 ad
3173 3108 3387 3177 plenam
3415 3109 3513 3164 de-

1925 3201 2019 3257 bet
2041 3200 2263 3256 tendere
2291 3202 2607 3270 puritatem,
2632 3209 2690 3254 ut
2718 3214 2905 3254 eorum
2927 3200 3208 3256 consortio
3234 3211 3509 3256 mereatur

1845 3283 1894 3349 C
1924 3292 2145 3360 ascribi,
2178 3293 2246 3348 de
2266 3292 2460 3362 quibus
2489 3291 2692 3355 dicitur
2725 3309 2737 3344 :
2769 3291 2916 3345 Beati
2954 3293 3145 3345 mundo
3182 3294 3356 3359 corde,
3381 3310 3511 3364 quo-

1918 3386 2062 3442 niam
2089 3386 2186 3457 ipsi
2213 3383 2378 3440 Deum
2401 3385 2634 3439 videbunt
2659 3384 2678 3452 (
2703 3383 2893 3438 Matth.
2915 3401 2971 3449 v,
2999 3383 3104 3454 8):
3128 3385 3274 3439 omni
3304 3387 3509 3438 instau-

1918 3480 1990 3534 lia
2026 3490 2083 3534 et
2127 3479 2322 3533 virtute
2367 3476 2644 3531 nitendum
2690 3485 2795 3542 est,
2843 3485 2900 3531 ut
2929 3477 3187 3547 quidquid
3237 3487 3505 3532 secretum

1914 3571 2262 3626 conscientiae
2293 3570 2549 3635 maculat,
2576 3569 2836 3639 quidquid
2877 3573 3049 3624 aciem
3083 3571 3281 3624 mentis
3312 3571 3507 3625 obscu-

1917 3676 2021 3734 rat,
2037 3666 2466 3736 diligentissimis
2485 3663 2501 3702 ί
2520 3664 2998 3720 emundationibus
3016 3664 3281 3720 deleatur.
3305 3664 3506 3732 Quam-

1911 3760 1992 3816 vis
2022 3764 2165 3814 enim
2195 3759 2458 3828 scriptum
2487 3757 2558 3812 sit
2583 3775 2597 3811 :
2619 3755 2747 3822 Quis
2766 3756 3072 3828 gloriabitur
3097 3767 3292 3810 castum
3319 3775 3374 3812 se
3404 3761 3504 3810 ha-

1916 3854 2030 3909 bere
2054 3870 2164 3921 cor,
2194 3863 2282 3907 aut
2304 3853 2553 3907 mundum
2579 3868 2632 3906 se
2656 3868 2763 3907 esse
2786 3868 2819 3906 a
2839 3861 3046 3922 peccata
3074 3851 3267 3923 (Prov.
3291 3869 3381 3918 xx,
3408 3853 3504 3923 9)?

1913 3962 2021 4003 non
2070 3956 2246 4002 tamen
2297 3945 2634 4016 desperanda
2673 3954 2760 4002 est
2786 3946 3148 4016 apprehensio
3202 3947 3448 4014 puritatis
3483 3989 3500 4010 ,

1915 4049 1941 4088 κ
1971 4055 2092 4110 qua:
2131 4041 2257 4096 dum
2301 4055 2518 4109 semper
2560 4040 2783 4110 petitur,
2826 4054 3041 4109 semper
3082 4040 3366 4109 accipitur,
3402 4057 3503 4104 nec

1911 4144 2157 4188 remanet
2198 4135 2408 4204 judicio
2459 4131 2954 4199 condemnandum,
2988 4134 3129 4200 quod
3179 4131 3343 4188 fuerit
3368 4146 3501 4187 con-

1914 4225 2152 4282 fessione
2180 4235 2486 4296 purgatum.

1983 4318 2113 4374 CAP.
2147 4317 2211 4373 ll.
2233 4318 2434 4372 —lloe
2464 4316 2594 4371 illud
2626 4324 2724 4382 est,
2760 4313 3122 4381 dilectissimi,
3154 4314 3296 4383 quod
3331 4329 3495 4369 oran-

1912 4420 1996 4468 tes
2023 4425 2213 4466 omnes
2239 4410 2337 4464 ﬁlii
2367 4409 2626 4464 Ecclesiae
2655 4424 2723 4462 ex
2746 4405 2990 4461 doctrina
3040 4405 3248 4460 Domini
3291 4406 3494 4461 unifor-

1913 4505 2073 4560 miter
2092 4501 2277 4558 dicunt
2300 4518 2316 4556 :
2341 4499 2553 4555 Dimitte
2583 4499 2726 4554 nobis
2761 4497 2931 4554 debita
2966 4505 3144 4551 nostra
3172 4497 3304 4552 sicut
3329 4509 3375 4553 et
3403 4516 3496 4554 nos

278 4714 306 4742 ιι
341 4703 540 4758 Vocem
568 4714 658 4756 aut
687 4703 988 4759 addidimus
1031 4720 1098 4761 ex
1151 4707 1346 4762 ms.S.
1379 4706 1543 4761 Petri.
1602 4707 1718 4762 Mox
1750 4708 1802 4762 iu
1832 4710 2016 4770 Dele.
2062 4706 2170 4762 Sed
2217 4705 2507 4761 lectionem
2557 4717 2799 4759 nostram
2843 4707 3164 4761 confirmant
3211 4710 3372 4765 etiam
3416 4712 3491 4766 illi

211 4774 514 4848 mss._Vat_t.
543 4776 757 4848 collect.
781 4775 815 4828 4
839 4789 892 4830 et
910 4778 963 4840 5,
990 4778 1146 4830 etiam
1177 4777 1494 4848 eleemosyna
1513 4778 1804 4832 deleantur.

278 4847 307 4885 δ
350 4845 429 4900 Ita
451 4845 562 4898 duo
597 4846 933 4900 Lectionaria
967 4863 1125 4913 mss.,
1156 4849 1367 4912 Patav.,
1392 4845 1559 4903 unum
1591 4849 1806 4903 Eremi-

210 4926 485 4978 tanorum.
519 4916 665 4988 aliud
695 4917 751 4971 S.
782 4915 1029 4984 Justinaa,
1071 4919 1243 4972 codex
1278 4920 1460 4974 Casin.
1500 4920 1713 4974 collect.
1745 4923 1799 4988 l,

208 4999 258 5043 et
288 5001 425 5042 mss.
455 4987 673 5040 collect.
703 4988 759 5041 2.
788 4989 903 5041 Non
937 4989 1260 5044 absimiliter
1292 4992 1344 5045 in
1378 5004 1543 5045 serm.
1591 5006 1803 5058 praece-

209 5060 354 5113 denti
386 5073 434 5111 c.
470 5058 495 5111 1
542 5075 554 5110 :
590 5059 1046 5130 Appropinquante
1068 5064 1202 5114 enim
1243 5061 1514 5130 festivitate
1543 5061 1794 5128 paschali,

206 5131 349 5183 dest
391 5132 679 5202 maximum
726 5131 1226 5199 sacratissimumgue
1263 5134 1544 5202 jejunium.
1576 5132 1701 5186 Erat
1743 5135 1794 5188 itt

206 5202 366 5253 editis
397 5209 525 5253 ante
553 5200 756 5266 Quesn.
790 5209 847 5253 ut
877 5213 931 5255 et
977 5203 1028 5256 in
1073 5200 1341 5270 aliquibus
1395 5216 1528 5257 mss.
1555 5221 1567 5255 :
1595 5205 1670 5258 sic
1721 5215 1798 5258 est

202 5272 571 5354 Eccerrenda
617 5273 1168 5354 constt-etudoj‘ejunii,
1215 5282 1270 5326 ut
1320 5289 1411 5325 nos
1451 5275 1794 5354 quadraginta

205 5344 409 5394 dierum
435 5357 683 5415 numerus
708 5343 772 5396 ad
800 5343 1257 5415 sanctiﬁcationem
1281 5347 1509 5415 corporis
1534 5357 1581 5398 et
1611 5343 1795 5400 mentis

203 5423 454 5465 eneruat.
489 5412 639 5465 Hanc
664 5423 841 5466 autem
871 5413 1158 5468 lectionem
1198 5413 1289 5468 ille
1318 5412 1610 5482 repudians
1639 5427 1795 5471 nota-

204 5485 275 5556 vit
304 5499 320 5536 :
347 5482 483 5547 Quae
511 5484 663 5556 lectio
687 5485 967 5537 catholicos
1009 5486 1281 5555 scriptores
1326 5486 1554 5539 incautas
1583 5487 1794 5556 impulit

201 5554 252 5605 in
278 5569 489 5607 sensum
516 5569 548 5606 α
579 5552 761 5606 Leonis
789 5563 954 5608 mente
976 5552 1221 5617 alienum,
1251 5571 1366 5607 cum
1402 5557 1512 5610 hac
1545 5552 1791 5623 interpreo

202 5626 292 5676 tui
320 5635 445 5697 sunt
472 5625 538 5676 de
563 5634 785 5692 quatuor
807 5626 1004 5678 dierum
1025 5627 1228 5697 jejunio
1248 5626 1338 5694 qui
1363 5623 1652 5682 ﬂaminica:
1679 5629 1789 5695 pri-

200 5709 296 5748 ac
343 5695 766 5762 Quadragesimw
807 5711 946 5749 nunc
992 5695 1404 5766 prtemittuutur,
1456 5708 1510 5750 ut
1547 5715 1788 5752 numerus

196 5766 647 5889 τεάναςεπσὴω
693 5766 1026 5839 compleatur.
1078 5766 1248 5821 Porro
1293 5782 1362 5822 ex
1401 5767 1613 5824 duobus
1653 5785 1787 5823 mss.

243 5837 409 5889 huan.
447 5845 504 5889 et
533 5834 696 5889 Corb.
738 5839 876 5889 hanc
905 5837 1064 5889 aliam
1095 5838 1380 5889 lectionem
1426 5841 1594 5889 textui
1640 5840 1787 5889 inse-

243 5834 420 5891 huan.’
447 5845 504 5892 et
533 5834 696 5890 Corb.
738 5834 876 5892 hanc
905 5837 1064 5893 aliam
1095 5838 1380 5892 lectionem
1426 5841 1594 5894 textui
1640 5840 1788 5895 inse-

194 5906 350 5964 ιήιτ
385 5906 782 5964 Ρνσιινηιηιιω
813 5920 1211 5964 θακτεοηιιιειο
1245 5910 1470 5980 jejunio,
1502 5912 1638 5981 quod
1667 5919 1802 5978 nos,"-

1909 4779 2124 4835 codices
2151 4779 2204 4852 in
2249 4776 2608 4852 quibuscum
2644 4775 2876 4852 lectione
2911 4791 3032 4846 quae
3075 4789 3193 4834 erat
3222 4781 3274 4834 in
3307 4782 3490 4852 vulga-

1909 4852 1994 4908 tis.
2033 4863 2129 4917 pro
2159 4850 2231 4903 sic
2263 4857 2334 4901 est
2367 4848 2564 4915 legitur
2605 4847 2772 4900 adest.

1979 4930 2004 4958 ε
2045 4920 2223 4973 Prima
2264 4919 2435 4974 editio
2465 4927 2522 4972 et
2547 4918 2672 4973 cod.
2724 4918 2886 4986 Bon.,
2935 4928 3115 4973 morte.
3175 4922 3304 4976 Dein
3354 4923 3487 4978 editi

1903 5003 2030 5046 ante
2058 4991 2261 5057 Queen.
2292 5002 2346 5044 et
2374 4989 2540 5058 aliqui
2565 5003 2721 5050 mss.,
2753 4987 2884 5043 Cum
2913 4991 3046 5043 enim
3075 4989 3325 5047 Christus.
3357 4992 3488 5048 Post

1903 5076 2100 5135 pauca,
2123 5077 2309 5114 vocem
2357 5061 2534 5114 mortis
2583 5076 2611 5113 a
2659 5059 2955 5125 Quesnello
2999 5060 3256 5118 insertam
3308 5065 3488 5135 plures

1900 5133 2064 5188 Cttdd.
2092 5134 2359 5200 ignorant.

1975 5201 2002 5242 ἀ
2043 5203 2140 5256 Ms.
2177 5203 2360 5257 Potav.
2395 5202 2452 5255 S.
2483 5201 2726 5268 Antonii,
2761 5201 3019 5258 aditurus.

1977 5285 2002 5313 ο
2045 5275 2312 5348 Duomss.
2346 5275 2402 5328 S.
2433 5273 2597 5337 Petri,
2629 5276 2752 5345 quia
2788 5289 2890 5326 non
2917 5273 3025 5348 uult
3067 5286 3279 5332 mortem
3309 5294 3486 5348 pecca-

1905 5347 2050 5411 toris,
2081 5347 2170 5398 sed
2197 5355 2394 5398 tantum
2422 5354 2478 5397 ut
2507 5354 2784 5398 revertatur
2809 5354 2856 5398 et
2878 5346 3029 5399 vivat.

1977 5416 1999 5455 ί
2048 5416 2221 5470 Prima
2244 5415 2430 5479 editio,
2459 5415 2914 5469 emendationibus.

1973 5497 1999 5534 8
2037 5486 2111 5540 Ita
2151 5486 2311 5540 Corb.
2354 5485 2557 5540 Alludit
2586 5486 2696 5542 Leo
2723 5486 2789 5539 ad
2830 5487 2974 5540 illam
3018 5487 3230 5542 Domini
3259 5499 3473 5545 senten—

1903 5559 2030 5611 tiam
2071 5574 2085 5610 :
2126 5557 2309 5610 Omnis
2353 5558 2442 5626 qui
2485 5559 2634 5626 petit,
2683 5558 2888 5627 accipit.
2935 5557 3297 5622 Quamobrem
3340 5565 3480 5616 male

1903 5629 1956 5682 in
2003 5627 2234 5697 vulgatis
2259 5627 2622 5702 editionibus;
2657 5629 2782 5702 Quae
2826 5629 3170 5702 dumsemper
3189 5632 3476 5702 appetitur,

1895 5715 1987 5752 nec
2031 5716 2228 5766 semper
2271 5699 2545 5765 accipitur.
2581 5700 2705 5754 Haec
2741 5699 3080 5765 Quesnellus,
3112 5699 3271 5767 cujus
3289 5718 3478 5758 emen-

1894 5769 2168 5824 dationem
2200 5770 2499 5842 approbant
2524 5771 2686 5825 etiam
2714 5771 2821 5842 duo
2847 5767 3183 5824 Lectionaria
3216 5773 3272 5827 S.
3304 5774 3474 5842 Petri,

1893 5855 2026 5896 mss.
2054 5842 2270 5896 collect.
2298 5842 2334 5895 2
2359 5852 2415 5894 et
2443 5840 2496 5904 5,
2532 5856 2652 5910 quae
2678 5843 2778 5896 hoc
2807 5840 2927 5894 loco
2957 5845 3337 5902 convenientia
3387 5840 3472 5902 i114

1893 5911 2081 5972 venire
2107 5912 2245 5972 satis
2271 5911 2541 5968 duximus.
