3994 6354
536 302 640 364 δη

1666 300 1729 357 s.
1765 300 2014 358 manus
2048 252 2679 360 ΜΑθέιῖἓΞῖιοΝΕε.

3688 318 3782 378 δίς

533 419 693 475 beato
724 419 891 476 Paulo
942 417 1226 491 apostolo,
1280 425 1337 474 et
1378 416 1593 473 dicente
1626 431 1644 470 :
1691 416 1947 470 Existimo
1986 414 2125 469 enim
2150 418 2205 476 Α
2229 412 2335 468 Hie
2374 422 2450 469 est
2476 413 2653 469 Filius
2682 430 2827 469 meus
2854 414 3106 485 dilectus,
3151 414 3213 471 in
3235 430 3337 487 quo
3363 418 3487 474 mihi
3522 421 3637 479 sate
3660 444 3783 484 cani-

531 510 673 581 quod
696 529 799 567 non
836 523 954 567 sunt
998 512 1266 582 condignae
1288 510 1553 581 passiones
1583 506 1741 581 hujus
1772 510 2016 575 temporis
2053 507 2124 562 ad

532 609 762 676 futuram
784 607 1023 679 gloriam,
1048 621 1164 676 quae
1190 602 1498 659 revelabitur
1524 604 1580 657 in
1598 602 1742 658 nobis
1785 602 1976 673 (Rom.
2004 617 2118 668 vm,

536 699 666 770 i8);
710 709 765 755 et
795 700 986 756 iterum
1020 718 1031 751 :
1066 697 1265 753 Mortui
1291 700 1428 752 enim
1463 697 1601 763 estis,
1635 706 1684 752 et
1710 698 1813 753 vita
1838 707 2004 752 uestra
2024 697 2120 751 ab-

448 836 451 837 ν
531 794 766 847 scondita
790 802 864 845 est
902 808 1019 843 cum
1060 788 1265 845 Christo
1297 799 1325 828 ἰ
1350 790 1404 844 in
1442 788 1573 845 Deo.
1630 790 1762 845 Cum
1800 792 1932 845 enim
1970 787 2121 845 Chri-

530 896 643 938 stus
665 884 961 955 apparuerit
985 883 1087 936 vita
1115 892 1301 946 vestra,
1331 892 1451 938 tunc
1472 892 1520 936 et
1542 899 1627 937 vos
1666 883 1976 955 apparebitis
2003 899 2121 937 cum

529 975 643 1046 ipso
668 975 721 1027 in
741 975 905 1045 gloria
936 972 1155 1046 (Coloss.
1177 990 1256 1029 ut.
1285 973 1399 1045 15).

599 1067 730 1122 Cu».
764 1066 856 1121 lV.
910 1098 979 1113 ρ-
1014 1066 1408 1123 Contirmandis
1456 1082 1587 1124 vero
1632 1067 1892 1138 apostolis
1958 1075 2015 1125 et
2051 1068 2119 1124 ad

526 1176 747 1216 omnem
778 1161 1061 1216 scientiam
1092 1160 1455 1231 provehendis
1478 1203 1493 1225 ,
1536 1159 1641 1216 alia
1679 1174 1895 1231 quoque
1941 1160 1995 1216 in
2023 1160 2119 1216 illo

524 1253 791 1310 miraculo
831 1254 1061 1309 accessit
1111 1254 1416 1309 instructio.
1468 1252 1641 1309 Moses
1680 1252 1826 1308 enim
1862 1262 1918 1307 et
1950 1250 2113 1320 Elias,

524 1346 613 1402 lex
638 1346 849 1403 scilicet
879 1346 905 1385 δ
934 1357 988 1402 et
1014 1346 1315 1416 prophetae,
1339 1354 1705 1417 apparuerunt
1729 1360 1854 1401 cum
1882 1344 2118 1401 Domino

524 1441 843 1512 loquentes:
871 1451 930 1495 ut
952 1439 1236 1494 verissime
1271 1440 1324 1494 in
1348 1439 1435 1493 illa
1456 1439 1694 1509 quinque
1714 1440 1952 1493 virorum
1980 1452 2120 1508 prae-

521 1535 698 1589 sentia
725 1534 1087 1601 complcretur
1116 1532 1260 1602 quod
1287 1532 1493 1587 dictum
1535 1542 1621 1588 est
1652 1550 1667 1587 :
1698 1531 1766 1587 In
1800 1532 2001 1587 duobus
2037 1533 2119 1587 vel

529 1626 693 1678 tribus
723 1623 931 1678 testibus
953 1632 1052 1677 stat
1066 1622 1625 1691 omneverbum(Deut.
1652 1638 1767 1691 xu,
1787 1624 1887 1688 i5;
1920 1622 2112 1678 Matth.

520 1729 672 1784 xvnt,
693 1715 789 1780 16;
817 1712 1173 1777 Joan.vm,i'l
1193 1729 1209 1777 ;
1226 1712 1269 1768 ll
1282 1710 1534 1777 Cor.xm,
1557 1713 1609 1779 i;
1626 1710 1753 1766 Heb.
1775 1729 1803 1767 ι
1820 1712 1958 1785 .28).
1975 1713 2115 1781 Quid

2228 507 2435 580 placui,
2490 507 2663 576 ipsum
2700 509 2876 566 audite
2915 507 3121 580 (Ibid.,
3153 507 3249 577 5).
3304 508 3545 570 Pmens
3589 518 3783 586 quidem

2227 608 2348 657 erat
2376 600 2430 656 in
2457 599 2595 659 Filio
2622 600 2805 669 Pater,
2834 611 2891 659 et
2912 602 2967 658 in
2988 603 3077 659 illa
3104 603 3321 661 Domini
3348 605 3617 675 claritate,
3642 629 3785 682 quam

2226 693 2295 749 ad
2316 693 2708 765 discipulorum
2740 688 3066 765 temperara‘t
3100 707 3410 765 aspectum,
3453 716 3555 756 non
3584 718 3785 774 separa-

2224 784 2385 843 batur
2413 787 2481 844 ab
2511 788 2800 857 Unigenito
2824 788 3101 845 Genitoris
3128 789 3365 846 essentia
3392 806 3409 858 ;
3439 792 3533 849 sed
3559 794 3622 849 ad
3649 811 3787 852 com-

2224 879 2585 935 mendandam
2617 880 3004 950 proprietatem
3048 881 3328 951 utriusque
3371 896 3636 952 personae,
3662 888 3789 945 sicut

2222 969 2364 1026 visui
2391 966 2422 1008 ¹ι
2447 970 2765 1042 signiﬁcavit
2804 970 3004 1027 Filium
3033 971 3292 1039 splendor
3337 987 3401 1028 ea
3430 986 3683 1044 corpore,
3720 980 3789 1033 sic

2222 1062 2432 1119 auditui
2453 1062 2670 1119 Patrem
2699 1076 2805 1120 vox
2845 1063 3110 1119 nuntiavit
3130 1078 3200 1120 ex
3224 1063 3387 1119 nube.
3434 1062 3544 1133 Qua
3570 1080 3695 1123 voce
3712 1083 3788 1125 ac-

2222 1168 2409 1229 cepta,
2449 1157 2747 1229 discipulii
2783 1159 2927 1230 quod
2968 1161 3022 1216 in
3052 1160 3248 1216 faciem
3283 1158 3590 1216 ceciderunt
3631 1174 3681 1219 et
3725 1166 3786 1221 ti-

2222 1259 2480 1306 muerunt
2496 1250 2677 1320 valde,
2703 1266 2809 1307 non
2832 1251 2903 1308 de
2930 1251 3107 1308 Patris
3139 1258 3345 1306 tantum
3361 1293 3378 1317 ,
3405 1251 3499 1307 sed
3520 1263 3573 1309 et
3593 1252 3659 1310 de
3676 1253 3785 1312 Εἰιὶἱ

2222 1342 2508 1413 majestate
2555 1354 2893 1400 tremuerunt
2941 1362 2956 1400 :
3013 1344 3188 1400 altiori
3235 1344 3381 1400 enim
3440 1359 3599 1400 sensu
3642 1361 3787 1403 unam

2221 1436 2506 1507 utriusque
2532 1436 3199 1495 intellexeruntDeitatem
3225 1456 3240 1492 :
3267 1445 3325 1493 et
3346 1437 3469 1508 quia
3494 1439 3546 1492 in
3573 1438 3675 1497 iide
3693 1455 3788 1496 non

2222 1536 2340 1583 erat
2361 1528 2649 1594 haesitatio,
2682 1544 2789 1585 non
2833 1529 2935 1585 fuit
2961 1530 3007 1597 it;
3040 1530 3233 1585 timore
3258 1528 3532 1585 discretio.
3567 1529 3581 1581 i
3617 1529 3788 1588 Latum

2223 1638 2353 1695 ergo
2381 1623 2511 1680 illud
2540 1634 2597 1681 et
2617 1626 2898 1696 multiplex
2923 1625 3293 1682 testimonium
3336 1624 3461 1691 fuit,
3512 1636 3565 1681 et
3602 1626 3718 1695 plus
3743 1628 3789 1683 in

2220 1716 2511 1771 verborum
2537 1717 2734 1772 virtute
2757 1731 2918 1786 quam
2948 1717 2975 1754 κ
3007 1717 3061 1772 in
3106 1731 3243 1773 sono
3271 1716 3418 1772 vocis
3438 1716 3671 1772 auditum
3695 1728 3787 1773 est.

520 1806 629 1863 hoc
649 1806 918 1871 stabilius,
948 1805 1073 1875 quid
1090 1805 1299 1860 ﬁrmius
1318 1808 1507 1873 verbo,
1535 1806 1588 1860 in
1607 1808 1760 1877 cujus
1773 1806 2114 1876 praidicatio-
2141 1803 2193 1866 Β
2219 1805 2446 1863 Dicente
2470 1807 2614 1863 enim
2644 1807 2801 1864 Patre
2832 1826 2847 1864 :
2876 1807 2980 1864 llic
3008 1818 3080 1865 est
3102 1807 3276 1864 Filius
3314 1825 3457 1863 meus
3487 1809 3721 1876 dilectus,
3741 1811 3790 1865 in

518 1914 591 1955 ne
621 1901 820 1955 veteris
850 1907 903 1954 et
929 1899 1053 1953 novi
1079 1897 1413 1953 Testamenti
1454 1898 1693 1953 concinit
1728 1899 1874 1967 tuba,
1903 1909 1959 1957 et
1985 1915 2108 1956 cum

518 1994 827 2064 evangelica
858 1992 1127 2058 doctrina,
1173 1993 1515 2063 antiquarum
1553 1995 2005 2062 protestationum
2033 1994 2111 2050 in—

517 2096 815 2143 strumenta
848 2095 1177 2141 concurrunt
1205 2086 1229 2141 ‘l
1276 2086 1646 2155 Astipulantur
1673 2087 1819 2143 enim
1841 2088 1944 2144 sibi
1971 2089 2112 2144 invi-

517 2195 637 2235 cem
675 2179 956 2249 utriusque
1000 2178 1221 2234 imderis
1253 2179 1463 2249 paginas
1496 2195 1511 2245 ;
1569 2189 1623 2235 et
1643 2194 1805 2251 quem
1840 2181 1940 2237 sub
1965 2182 2113 2237 vela-

514 2272 660 2329 mine
698 2272 1078 2343 mysteriorum
1128 2270 1485 2342 praecedentia
1535 2272 1685 2343 signa
1724 2274 2107 2344 promiserant,

515 2364 861 2421 manifestum
882 2375 1045 2435 atque
1063 2364 1404 2435 perspicuum
1432 2366 1713 2435 prmsentis
1732 2366 2111 2436 gloriaesplen-

515 2459 617 2513 dor
637 2458 875 2513 ostendit
905 2476 917 2512 :
942 2458 1089 2530 quia,
1118 2458 1258 2514 sicut
1286 2458 1362 2513 ait
1385 2458 1577 2513 beatus
1604 2458 1863 2527 Joannes,
1902 2460 1991 2514 'lea:
2018 2474 2111 2526 per

515 2550 697 2606 Mosen
724 2544 845 2604 data
873 2560 966 2617 est,
988 2552 1156 2622 gratia
1170 2560 1341 2605 autem
1368 2560 1416 2606 et
1439 2552 1623 2605 veritas
1636 2568 1725 2622 per
1740 2552 1772 2606 l
1780 2567 1924 2607 esum
1957 2552 2110 2608 Chri-

514 2652 650 2697 stum
677 2645 816 2715 facta
840 2636 914 2699 est
943 2644 1121 2715 (Joan.
1152 2660 1190 2710 ι,
1218 2644 1337 2715 i7);
1379 2644 1431 2698 in
1462 2658 1570 2715 quo
1589 2653 1643 2699 et
1668 2646 2105 2716 propheticarum

514 2736 809 2807 promissio
851 2737 1069 2806 impleta
1117 2745 1202 2791 est
1246 2737 1533 2806 ﬁgurarum
1585 2745 1641 2792 et
1677 2736 1928 2807 legalium
1968 2740 2111 2812 ratio

514 2836 910 2899 praeceptorum
930 2867 945 2894 ,
975 2828 1102 2883 dum
1136 2836 1191 2884 et
1234 2842 1416 2884 verant
1459 2828 1624 2884 docet
1647 2829 1986 2899 prophetiam
2009 2846 2108 2902 per

515 2922 600 2978 sui
626 2922 991 2994 praesentiam,
1024 2931 1079 2978 et
1101 2920 1380 2994 possibilia
1404 2921 1536 2978 iacit
1562 2921 1811 2979 mandata
1853 2938 1951 2995 per
1982 2938 2107 2996 gra-

512 3017 666 3073 tiam.

583 3105 715 3162 Car.
748 3106 815 3163 ν.
837 3136 908 3148 -
928 3106 1024 3163 His
1048 3122 1178 3179 ergo
1205 3100 1669 3165 sacramentorum
1681 3108 2104 3167 revelationibus

2219 1913 2319 1967 quo
2345 1898 2475 1954 mihi
2508 1901 2632 1955 bene
2655 1900 2944 1973 eomplaeui
2962 1941 2979 1968 ,
3007 1901 3176 1972 ipsum
3209 1901 3387 1956 audite
3416 1918 3437 1968 ;
3484 1916 3657 1958 nonne
3687 1904 3790 1958 evi-

2216 1988 2410 2046 denter
2438 1991 2682 2048 auditum
2713 2001 2801 2050 est
2830 2009 2846 2049 :
2884 1992 2983 2049 Hie
3009 2003 3081 2049 est
3109 1994 3279 2051 Filius
3304 2004 3483 2061 meus,
3518 1994 3601 2051 cui
3628 2011 3689 2051 ex
3713 2011 3791 2052 me

2215 2088 2273 2136 et
2302 2096 2516 2137 mecum
2546 2097 2699 2150 esse,
2733 2084 2856 2141 sine
2882 2093 3129 2155 tempore
3153 2094 3238 2141 est
3266 2085 3291 2138 l
3340 2085 3475 2154 Quia
3507 2100 3605 2140 nec
3638 2085 3790 2142 Geni-

2216 2182 2305 2229 tor
2330 2173 2527 2231 Genito
2558 2178 2727 2247 prior,
2758 2192 2859 2235 nec
2883 2177 3111 2236 Genitus
3138 2178 3498 2235 estGenitore
3517 2180 3788 2250 posterior.

2216 2265 2321 2321 Hic
2346 2276 2421 2322 est
2450 2264 2623 2321 Filius
2649 2285 2814 2337 meus,
2856 2284 3017 2341 quem
3047 2285 3078 2325 a
3109 2286 3195 2325 me
3222 2285 3332 2325 non
3361 2278 3575 2339 separat
3599 2270 3787 2335 Deitas,

2217 2372 2326 2414 non
2353 2359 2547 2414 dividit
2573 2370 2834 2430 potestas,
2866 2377 2974 2418 non
2998 2360 3256 2418 discernit
3286 2362 3583 2417 aeternitas.
3614 2360 3708 2415 Hic
3726 2372 3791 2417 est

2214 2446 2392 2507 Filius
2445 2469 2621 2519 meus,
2686 2468 2795 2509 non
2838 2454 3157 2525 adoptivus,
3214 2454 3310 2509 sed
3364 2454 3653 2525 proprius;
3694 2468 3791 2508 non

2214 2543 2433 2601 aliunde
2460 2558 2697 2615 creatus,
2728 2548 2823 2603 sed
2850 2562 2921 2605 es
2947 2564 3034 2605 me
3059 2550 3273 2621 genitus
3298 2566 3317 2616 ;
3352 2563 3453 2605 nec
3493 2548 3562 2605 de
3582 2550 3681 2605 alia
3708 2562 3794 2603 na-

2215 2649 2336 2695 tura
2364 2639 2492 2696 mihi
2517 2641 2692 2697 iactus
2722 2639 2742 2681 ι
2768 2644 3170 2714 comparabilis,
3213 2645 3308 2700 sed
3333 2644 3403 2700 de
3431 2659 3550 2701 mea
3571 2644 3790 2701 essentia

2212 2733 2345 2790 mihi
2373 2742 2530 2789 natus
2559 2736 2802 2806 aequalis.
2852 2734 2957 2791 Hie
2992 2746 3068 2792 est
3116 2734 3289 2791 Filius
3311 2752 3460 2791 meus
3483 2778 3500 2805 ,
3546 2752 3631 2801 per
3657 2750 3792 2804 quan

2213 2827 2391 2881 omnia
2408 2828 2547 2898 facta
2570 2836 2713 2894 sunt,
2737 2836 2785 2882 et
2811 2829 2922 2884 sine
2936 2844 3041 2900 quo
3068 2828 3265 2900 factum
3282 2838 3363 2884 est
3393 2828 3525 2883 nihil
3555 2828 3729 2900 (Joan.
3752 2844 3791 2895 ι,

2211 2918 2269 2990 3)
2304 2936 2319 2973 :
2370 2919 2494 2989 quia
2519 2919 2701 2974 omnia
2732 2933 2855 2990 qua
2900 2917 3040 2976 facio
3076 2920 3333 2976 similiter
3366 2918 3528 2984 facit.
3578 2930 3631 2975 et
3653 2920 3793 2991 quid-

2211 3012 2341 3085 quid
2385 3028 2607 3086 operor,
2634 3022 2677 3052 υ
2701 3011 3135 3085 inseparabiliter
3160 3005 3381 3071 mecum
3412 3024 3573 3086 atque
3602 3013 3793 3070 indide-

2213 3114 2395 3161 renter
2430 3116 2709 3176 operatur.
2760 3106 2819 3161 In
2858 3105 3018 3162 Patre
3042 3108 3186 3162 enim
3216 3116 3302 3162 est
3333 3105 3524 3175 Filius,
3555 3117 3610 3161 et
3638 3109 3688 3161 in
3712 3106 3792 3162 Fi-

511 3201 705 3256 Petrus
734 3200 1011 3271 apostolus
1033 3200 1593 3269 incitatus,mundana
1615 3216 1879 3272 spernens
1901 3212 1956 3259 et
1986 3212 2102 3259 ter-
2134 3191 2182 3259 C
2213 3196 2287 3252 lio
2310 3197 2470 3254 Pater
2492 3198 2677 3270 (Joan.
2716 3212 2773 3265 ν,
2798 3196 2925 3269 19),
2950 3211 3054 3254 nec
3088 3213 3351 3269 umquam
3399 3199 3578 3255 unitas
3622 3208 3791 3254 nostra

512 3308 647 3349 rena
673 3290 989 3357 fastidiens,
1036 3292 1090 3346 in
1130 3302 1460 3349 aeternorum
1505 3292 1838 3349 desiderium
1867 3294 2103 3365 quodam

509 3386 709 3440 mentis
739 3382 1063 3456 rapiebatur
1087 3398 1356 3451 excessu;
1380 3392 1435 3439 et
1460 3384 1655 3455 gaudio
1686 3387 1849 3441 totius
1872 3387 2117 3445 visionis'

507 3477 783 3547 impletus,
806 3477 880 3531 ibi
898 3491 1019 3531 cum
1033 3475 1162 3533 Iesu
1178 3486 1202 3514 α
1218 3477 1441 3547 optabat
1467 3475 1734 3543 habitare,
1761 3479 1849 3533 ubi
1874 3480 2103 3535 manife-

511 3577 652 3624 stata
664 3567 782 3638 ejus
797 3568 966 3637 gloria
983 3568 1289 3635 laetabatur;
1314 3568 1457 3623 unde
1469 3569 1638 3625 etait:
1657 3568 1897 3639 Domine,
1916 3573 2102 3626 bonum

507 3668 581 3714 est
610 3676 705 3715 nos
729 3660 812 3714 hic
837 3676 944 3714 esse
965 3676 985 3714 :
1010 3661 1055 3713 si
1074 3660 1181 3726 eis,
1222 3660 1478 3730 faciamus
1505 3660 1588 3714 hic
1616 3662 1716 3715 tria
1752 3664 2097 3730 tabernacula,

506 3754 599 3809 tibi
616 3769 799 3821 unum,
835 3752 1007 3824 Moysi
1025 3768 1208 3821 unum,
1263 3764 1313 3809 et
1338 3752 1473 3809 Elia:
1513 3768 1677 3808 unum
1721 3754 1937 3827 (Matth.
1965 3773 2098 3825 xvn,

505 3846 599 3918 4).
647 3848 755 3904 Sed
796 3848 921 3905 huic
966 3847 1298 3918 suggestioni
1329 3848 1593 3903 Dominus
1644 3864 1751 3904 non
1793 3851 2092 3920 respondit,

501 3940 815 4011 signiﬁcans
844 3954 953 3994 non
981 3941 1196 4011 quidem
1228 3940 1532 4010 improbum
1556 3981 1571 4007 ,
1602 3940 1696 3995 sed
1728 3940 2095 3998 inordinatum

502 4048 628 4091 esse
649 4030 677 4071 ιι
698 4033 843 4105 quod
864 4044 1088 4105 cuperet
1118 4048 1135 4101 ;
1166 4048 1287 4090 cum
1310 4036 1504 4090 salvari
1545 4035 1777 4091 mundus
1807 4036 1911 4092 nisi
1940 4037 2098 4094 Chri-

500 4129 571 4186 sti
597 4137 776 4185 morte
807 4144 914 4185 non
942 4137 1148 4200 posset,
1170 4139 1226 4185 et
1240 4129 1716 4200 exemploDomini
1745 4131 1800 4186 in
1823 4130 1925 4187 hoc
1950 4142 1975 4170 ο
1994 4147 2095 4188 vo-

499 4231 719 4277 caretur
739 4221 1074 4279 credentium
1097 4220 1253 4289 ﬁdes,
1288 4231 1347 4277 ut
1375 4223 1502 4279 licet
1527 4237 1635 4278 non
1666 4232 1944 4293 oporteret
1974 4224 1994 4264 ί
2026 4224 2096 4283 de

500 4316 852 4374 beatitudinis
882 4316 1334 4388 promissionibus
1356 4316 1618 4385 dubitari,
1666 4318 2095 4389 intelligeremus

499 4421 682 4469 tamen
712 4413 853 4469 inter
874 4414 1203 4469 tentationes
1232 4412 1393 4483 196
1426 4412 1585 4481 hujus
1606 4412 1731 4467 vitae
1762 4415 1910 4482 prius
1938 4414 2095 4470 nobis

498 4504 841 4560 tolerantiam
880 4501 1258 4574 postulandam
1302 4517 1426 4559 esse
1465 4518 1625 4571 quam
1646 4502 1881 4573 gloriam
1924 4506 2094 4575 :quia

2208 3289 2486 3345 dividitur.
2544 3289 2753 3347 Etcum
2776 3290 2914 3346 alius
2942 3305 3047 3361 ego
3073 3293 3176 3346 sim
3203 3291 3297 3363 qui
3334 3295 3517 3363 genui,
3549 3293 3681 3347 alius
3707 3291 3792 3346 ille

2207 3395 2369 3453 quem
2430 3383 2617 3451 genui,
2681 3397 2789 3439 non
2816 3383 2966 3440 aliud
3003 3393 3184 3440 tamen
3233 3384 3303 3440 de
3352 3386 3449 3441 illo
3480 3386 3632 3441 vobis
3659 3387 3793 3453 cogi-

2209 3486 2324 3531 tare
2346 3476 2426 3530 ias
2445 3484 2550 3545 est,
2582 3490 2742 3547 quam
2772 3475 2841 3533 de
2880 3491 2968 3533 me
2997 3480 3204 3535 sentire
3241 3478 3509 3549 possibile
3554 3488 3653 3534 est.
3696 3476 3793 3532 Hic

2205 3578 2281 3622 est
2310 3566 2481 3623 Filius
2512 3584 2676 3636 meus,
2715 3570 2808 3639 qui
2832 3584 2955 3626 eam
2991 3585 3151 3642 quam
3182 3585 3405 3628 mecum
3437 3571 3600 3627 habet
3626 3586 3794 3642 sequa-

2205 3662 2413 3717 litatem
2438 3676 2546 3718 non
2573 3663 2763 3733 rapina
2790 3664 3019 3735 appetiit
3049 3663 3279 3736 (Philip.
3317 3680 3381 3733 n,
3416 3666 3497 3738 ϐ),
3533 3680 3631 3723 nec
3652 3679 3795 3720 usur-

2204 3755 2423 3825 patione
2470 3758 2844 3827 praesumpsit;
2894 3758 2989 3813 sed
3031 3772 3257 3814 manens
3292 3758 3358 3814 in
3403 3758 3577 3815 forma
3618 3758 3796 3829 gloria

2202 3869 2360 3918 mea,
2391 3864 2450 3911 ut
2476 3855 2543 3911 ad
2574 3857 2936 3927 reparandum
2981 3873 3157 3929 genus
3192 3857 3500 3915 humanum
3539 3872 3794 3930 exseque-

2201 3967 2354 4016 retur
2382 3972 2674 4015 commune
2699 3960 3008 4027 consilium,
3052 3976 3226 4032 usque
3266 3963 3339 4018 ad
3375 3963 3604 4019 formam
3636 3961 3795 4019 servi-

2201 4061 2308 4117 lem
2340 4061 2624 4118 inclinavit
2652 4062 3148 4120 incommutabilem
3181 4063 3479 4121 Deitatem.

2270 4163 2401 4220 Car.
2426 4161 2539 4219 VII.
2570 4192 2642 4206 —
2670 4162 2823 4221 Hunc
2848 4179 2978 4235 ergo
3011 4209 3027 4235 ,
3061 4165 3115 4221 in
3147 4180 3254 4238 quo
3278 4174 3312 4203 ιι
3346 4167 3482 4223 mihi
3503 4182 3601 4237 per
3625 4163 3797 4222 omnia

2206 4268 2360 4340 197
2388 4267 2529 4325 bene
2563 4269 2899 4339 complaceo,
2928 4278 2984 4325 et
3009 4270 3161 4339 cujus
3201 4267 3600 4340 praedicatione
3629 4267 3793 4325 mani~

2200 4370 2390 4438 testor,
2431 4371 2585 4443 cujus
2630 4370 2938 4427 humilitate
2975 4370 3264 4443 clariﬁcor,
3299 4373 3685 4429 incunctanter
3713 4386 3799 4425 au-

2197 4472 2352 4529 dite:
2380 4473 2505 4543 quia
2552 4473 2670 4545 ipse
2710 4481 2795 4529 est
2837 4473 3040 4530 veritas
3057 4481 3115 4529 et
3160 4472 3293 4538 vita,
3329 4473 3453 4544 ipse
3480 4474 3657 4529 virtus
3684 4486 3797 4529 mea

498 4605 746 4666 tempora
775 4573 1011 4667 patiendi
1045 4609 1153 4653 non
1189 4603 1372 4666 potest
1400 4594 1639 4651 iblicitas
1679 4573 2096 4665 prtevenire‘re-

2216 4582 2361 4645 itque
2382 4573 2668 4643 sapientia.
2709 4574 2896 4645 Ipsum
2938 4575 3135 4641 audite,
3165 4588 3330 4644 quem
3375 4574 3518 4646 legis
3542 4574 3796 4647 mysteria

576 4689 722 4744 andi.

576 4705 604 4744 a
648 4704 722 4744 αι.

499 4704 701 4839 μέλ».
736 4782 821 4838 Vl.
846 4810 921 4827 —
941 4782 1136 4840 Adhuc
1170 4782 1438 4851 itaqueeo
1475 4781 1734 4852 loquente
1765 4795 1894 4839 ecce
1921 4782 2094 4840 nubes

500 4876 680 4933 lucida
699 4874 1041 4933 obumbravit
1058 4888 1175 4944 eos,
1200 4883 1255 4931 et
1274 4888 1404 4930 ecce
1419 4888 1524 4929 vos
1558 4883 1584 4922 ι
1607 4873 1675 4929 de
1701 4872 1844 4930 nube
1865 4870 2088 4933 dicens:

574 5045 601 5073 ει
627 5033 774 5090 idem
791 5032 914 5088 cod.
946 5032 1149 5087 omittit
1179 5044 1342 5087 voces
1369 5030 1425 5085 in
1451 5029 1582 5085 Deo.

568 5102 599 5144 ιι
629 5105 686 5160 in
721 5102 921 5160 Homil.
950 5102 1098 5158 Pauli
1130 5101 1279 5175 Diac.
1307 5144 1322 5169 ,
1372 5112 1418 5157 et
1471 5102 1745 5175 prgphetia
1780 5119 1799 5169 ;
1849 5112 1905 5175 et
1932 5104 2095 5171 paulo

405 5221 410 5227 .
497 5183 643 5243 post,
688 5176 838 5229 stabit
879 5190 1027 5228 omne
1072 5174 1314 5243 verbum,
1364 5172 1487 5229 cum
1526 5172 1981 5231 Lectionar.'Vat.
2040 5187 2095 5232 et

405 5221 416 5305 ';
497 5190 856 5305 ἓὲἓὶςυέῗῖῗεέ
879 5190 1043 5301 iiii.

402 5315 424 5391 ξΔ
573 5330 597 5391 9
632 5317 785 5375 Unus
825 5316 949 5391 cod.
1004 5315 1153 5391 Vat;
1192 5316 1449 5389 sperabat.
1501 5315 1649 5385 Mox,
1687 5316 1776 5371 ubi
1817 5318 2091 5391 manifesta

405 5386 427 5482 ξ
498 5386 1312 5482 hak'3599'3'12“s.3d"32'£98:

410 5457 438 5544 ξη
568 5457 598 5499 ιι
628 5461 791 5544 gnua
806 5460 927 5516 cod.
956 5459 1105 5544 xit"
1127 5458 1267 5544 quod
1287 5466 1499 5544 peteret,

573 5542 598 5571 θ
625 5531 880 5601 Quadam
908 5529 1195 5593 editiones,
1236 5529 1559 5585 laudaretur.
1603 5601 1617 5614 .
1675 5601 1687 5613 _
1766 5602 1778 5614 .

574 5601 596 5641 τ
634 5602 921 5684 Un_us_'cod_.
951 5601 1097 5684 vat...
1140 5602 1203 5655 de
1230 5602 1422 5684 futuris
1451 5601 1891 5673 promissiombus.
1952 5603 2086 5659 Cod.

498 5674 663 5742 Ven.,
695 5679 757 5729 de
782 5673 1107 5730 beatitudinis
1128 5674 1481 5743 promissione.

574 5756 601 5794 σ
630 5747 828 5801 Homil.
857 5746 1003 5801 Pauli
1034 5745 1211 5809 Diac.,
1236 5744 1300 5798 de
1321 5743 1467 5798 coelo.
1540 5745 1661 5800 Mox
1676 5754 1741 5801 ex
1770 5746 1959 5800 eodem
1982 5746 2089 5799 Ho-

500 5817 616 5875 mil.
659 5818 1014 5879 omnibusque
1040 5817 1240 5873 nostris
1270 5830 1401 5873 mss.
1455 5826 1511 5873 et
1531 5817 1690 5874 editis
1729 5826 1855 5874 ante
1882 5818 2084 5879 Quesn.

2201 4673 2722 4743 prenuntiaverunt,
2743 4687 2905 4743 quem
2929 4674 3317 4745 pmphetarum
3338 4689 3436 4729 ora
3464 4675 3793 4732 cecinerunt.

2201 4776 2385 4850 Ipsum
2409 4778 2606 4844 audite,
2632 4777 2724 4847 qui
2746 4779 3005 4849 sanguine
3029 4791 3128 4833 suo
3148 4778 3419 4837 mundum
3442 4778 3687 4845 redimit,
3709 4777 3795 4848 qui

2199 4876 2469 4965 diabolum
2493 4877 2645 4949 ligat,
2676 4885 2733 4935 et
2759 4891 2886 4934 vasa
2916 4879 3033 4949 ejus
3059 4878 3221 4949 rapit,
3249 4879 3345 4949 qui
3376 4879 3594 4952 peccati
3620 4879 3795 4937 chiro-

2202 5036 2793 5107 revocavimusvocem
2822 5036 3039 5091 dilectus
3071 5035 3140 5090 ab
3163 5035 3268 5091 hoc
3296 5048 3633 5107 expunctam

2273 5104 2301 5144 ιι
2329 5105 2478 5178 Unus
2503 5105 2623 5162 cod.
2658 5104 2801 5173 νει,
2834 5107 3174 5178 signiﬁcabat.

2278 5178 2293 5216 ί
2330 5177 2704 5243 Cod.Venet.,
2735 5177 2962 5248 quidem.
2990 5178 3155 5233 Paulo
3187 5185 3311 5248 poet
3340 5179 3396 5234 in
3433 5178 3635 5234 Homil.
3661 5178 3789 5235 Pau-

2118 5252 2121 5263 ’
2199 5249 2234 5305 li
2264 5250 2437 5321 Diac.,
2473 5248 2551 5303 De
2578 5248 2704 5304 Filii
2727 5250 2999 5321 majestate
3025 5250 3326 5305 timuerunt.

2270 5324 2286 5371 ι
2325 5320 2422 5375 Ms.
2456 5321 2669 5387 Venet.,
2713 5319 2931 5376 Lectum.

2269 5390 2294 5463 ξι
2326 5392 2661 5463 Aliquimss.
2690 5392 2834 5463 Vstt.
2858 5392 3112 5463 omittunt
3143 5393 3591 5461 praepositionem
3616 5393 3694 5448 in.

2269 5460 2289 5501 ι
2319 5460 2453 5533 Cod.
2491 5462 2621 5518 Ven.
2659 5461 2808 5518 addit
2832 5460 2947 5530 ,est';
2974 5470 3029 5518 et
3055 5472 3245 5533 postea
3259 5460 3429 5520 delet
3456 5463 3607 5521 mihi.

2261 5542 2303 5571 ιιι
2336 5532 2487 5590 Unus
2512 5547 2612 5588 ms.
2632 5532 2778 5598 Van,
2805 5533 3043 5589 similiter
3060 5532 3283 5589 mecum.

2264 5604 2394 5659 xlita
2438 5621 2558 5659 cum
2601 5606 2850 5659 omnibus
2900 5607 3100 5662 nostris
3157 5622 3288 5660 mss.
3342 5615 3401 5661 et
3450 5605 3614 5662 editis
3669 5608 3792 5659 ante

2192 5677 2561 5747 Quesnellum.
2594 5677 2731 5745 apud
2766 5691 2946 5747 quem,
2973 5677 3098 5731 mihi
3122 5678 3242 5731 bene
3265 5692 3359 5747 per
3386 5678 3568 5731 omnia
3598 5678 3791 5747 plareo.

2194 5744 2760 5837 M*:¥.9*:€':.Y*=139P2§:
2788 5744 3366 5837 ειεξῑεεπαοοέιὶυηοιίφηθ
3408 5759 3484 5817 ε²ν
3520 5744 3721 5827 "Mi
3741 5744 3795 5837 ξ’

2194 5812 2759 5877 cuiits‘vmdicatione.‘
2791 5820 2797 5835 ‘
2844 5812 2891 5839 ⁸⁸⁵
