  <div class='ocr_page' id='page_1' title='image "/cluster/home/n/w/nwhite01/storage/ocr_20150623/54/hvd.32044015471584/160.png"; bbox 0 0 3994 6354; ppageno 0'>
   <div class='ocr_carea' id='block_1_1' title="bbox 1645 324 2029 385">
    <p class='ocr_par' dir='ltr' id='par_1_1' title="bbox 1645 324 2029 385">
     <span class='ocr_line' id='line_1_1' title="bbox 1645 324 2029 385; baseline -0.008 0"><span class='ocrx_word' id='word_1_1' title='bbox 1645 324 1883 385; x_wconf 80' lang='lat' dir='ltr'><strong>SERMO</strong></span> <span class='ocrx_word' id='word_1_2' title='bbox 1919 324 2029 384; x_wconf 79' lang='lat' dir='ltr'><strong>LII.</strong></span> 
     </span>
    </p>
   </div>
   <div class='ocr_carea' id='block_1_2' title="bbox 3378 322 3490 384">
    <p class='ocr_par' dir='ltr' id='par_1_2' title="bbox 3378 322 3490 384">
     <span class='ocr_line' id='line_1_2' title="bbox 3378 322 3490 384; baseline 0 -1"><span class='ocrx_word' id='word_1_3' title='bbox 3378 322 3490 384; x_wconf 69' lang='grc' dir='ltr'>δη</span> 
     </span>
    </p>
   </div>
   <div class='ocr_carea' id='block_1_3' title="bbox 209 438 3474 519">
    <p class='ocr_par' dir='ltr' id='par_1_3' title="bbox 209 438 3474 519">
     <span class='ocr_line' id='line_1_3' title="bbox 209 438 3474 519; baseline 0.001 -22"><span class='ocrx_word' id='word_1_4' title='bbox 209 441 452 514; x_wconf 67' lang='grc' dir='ltr'><strong>ιηρὴιιω</strong></span> <span class='ocrx_word' id='word_1_5' title='bbox 481 448 539 498; x_wconf 89' lang='lat' dir='ltr'><strong>et</strong></span> <span class='ocrx_word' id='word_1_6' title='bbox 562 444 1022 515; x_wconf 69' lang='lat' dir='ltr'><strong>prmvaricationis</strong></span> <span class='ocrx_word' id='word_1_7' title='bbox 1046 453 1071 484; x_wconf 76' lang='grc' dir='ltr'>ι</span> <span class='ocrx_word' id='word_1_8' title='bbox 1103 454 1255 517; x_wconf 89' lang='lat' dir='ltr'><strong>pacta</strong></span> <span class='ocrx_word' id='word_1_9' title='bbox 1283 438 1621 519; x_wconf 57' lang='lat' dir='ltr'><strong>dirumpit.)</strong></span> <span class='ocrx_word' id='word_1_10' title='bbox 1627 464 1777 518; x_wconf 85' lang='lat' dir='ltr'><strong>psum</strong></span> <span class='ocrx_word' id='word_1_11' title='bbox 1805 452 1857 513; x_wconf 82' lang='grc' dir='ltr'><strong>Α</strong></span> <span class='ocrx_word' id='word_1_12' title='bbox 1882 448 1949 504; x_wconf 90' lang='lat' dir='ltr'><strong>ad</strong></span> <span class='ocrx_word' id='word_1_13' title='bbox 1976 462 2037 505; x_wconf 91' lang='lat' dir='ltr'><strong>se</strong></span> <span class='ocrx_word' id='word_1_14' title='bbox 2063 447 2331 505; x_wconf 86' lang='lat' dir='ltr'><strong>exaltatus</strong></span> <span class='ocrx_word' id='word_1_15' title='bbox 2372 446 2612 515; x_wconf 74' lang='lat' dir='ltr'><strong>attraxit,</strong></span> <span class='ocrx_word' id='word_1_16' title='bbox 2640 452 2750 502; x_wconf 89' lang='lat' dir='ltr'><strong>tam</strong></span> <span class='ocrx_word' id='word_1_17' title='bbox 2789 446 2953 518; x_wconf 85' lang='lat' dir='ltr'><strong>plane</strong></span> <span class='ocrx_word' id='word_1_18' title='bbox 2984 458 3046 501; x_wconf 91' lang='lat' dir='ltr'><strong>ac</strong></span> <span class='ocrx_word' id='word_1_19' title='bbox 3081 442 3260 501; x_wconf 88' lang='lat' dir='ltr'><strong>lucide</strong></span> <span class='ocrx_word' id='word_1_20' title='bbox 3314 459 3474 501; x_wconf 85' lang='lat' dir='ltr'><strong>cvan-</strong></span> 
     </span>
    </p>
   </div>
   <div class='ocr_carea' id='block_1_4' title="bbox 208 534 1787 609">
    <p class='ocr_par' dir='ltr' id='par_1_4' title="bbox 208 534 1787 609">
     <span class='ocr_line' id='line_1_4' title="bbox 208 534 1787 609; baseline 0.004 -21"><span class='ocrx_word' id='word_1_21' title='bbox 208 534 385 601; x_wconf 67' lang='lat' dir='ltr'><strong>eadite,</strong></span> <span class='ocrx_word' id='word_1_22' title='bbox 411 535 503 605; x_wconf 97' lang='lat' dir='ltr'><strong>qui</strong></span> <span class='ocrx_word' id='word_1_23' title='bbox 529 535 669 590; x_wconf 84' lang='lat' dir='ltr'><strong>viam</strong></span> <span class='ocrx_word' id='word_1_24' title='bbox 699 539 875 607; x_wconf 88' lang='lat' dir='ltr'><strong>aperit</strong></span> <span class='ocrx_word' id='word_1_25' title='bbox 894 537 961 593; x_wconf 88' lang='lat' dir='ltr'><strong>ad</strong></span> <span class='ocrx_word' id='word_1_26' title='bbox 992 538 1209 605; x_wconf 70' lang='lat' dir='ltr'><strong>caelum,</strong></span> <span class='ocrx_word' id='word_1_27' title='bbox 1242 546 1296 594; x_wconf 88' lang='lat' dir='ltr'><strong>et</strong></span> <span class='ocrx_word' id='word_1_28' title='bbox 1329 552 1426 609; x_wconf 90' lang='lat' dir='ltr'><strong>per</strong></span> <span class='ocrx_word' id='word_1_29' title='bbox 1455 539 1632 595; x_wconf 89' lang='lat' dir='ltr'><strong>crucis</strong></span> <span class='ocrx_word' id='word_1_30' title='bbox 1660 554 1787 608; x_wconf 87' lang='lat' dir='ltr'><strong>sup-</strong></span> 
     </span>
    </p>
   </div>
   <div class='ocr_carea' id='block_1_5' title="bbox 210 627 1783 703">
    <p class='ocr_par' dir='ltr' id='par_1_5' title="bbox 210 627 1783 703">
     <span class='ocr_line' id='line_1_5' title="bbox 210 627 1783 703; baseline 0.003 -20"><span class='ocrx_word' id='word_1_31' title='bbox 210 627 415 699; x_wconf 82' lang='lat' dir='ltr'><strong>plicium</strong></span> <span class='ocrx_word' id='word_1_32' title='bbox 458 627 659 698; x_wconf 87' lang='lat' dir='ltr'><strong>gradus</strong></span> <span class='ocrx_word' id='word_1_33' title='bbox 687 629 841 685; x_wconf 88' lang='lat' dir='ltr'><strong>vobis</strong></span> <span class='ocrx_word' id='word_1_34' title='bbox 877 630 1209 686; x_wconf 82' lang='lat' dir='ltr'><strong>ascensionis</strong></span> <span class='ocrx_word' id='word_1_35' title='bbox 1250 632 1411 701; x_wconf 87' lang='lat' dir='ltr'><strong>parat&#39;</strong></span> <span class='ocrx_word' id='word_1_36' title='bbox 1442 631 1508 686; x_wconf 90' lang='lat' dir='ltr'><strong>ad</strong></span> <span class='ocrx_word' id='word_1_37' title='bbox 1541 646 1783 703; x_wconf 92' lang='lat' dir='ltr'><strong>regnum.</strong></span> 
     </span>
    </p>
   </div>
   <div class='ocr_carea' id='block_1_6' title="bbox 180 721 1789 795">
    <p class='ocr_par' dir='ltr' id='par_1_6' title="bbox 180 721 1789 795">
     <span class='ocr_line' id='line_1_6' title="bbox 180 721 1789 795; baseline 0.004 -20"><span class='ocrx_word' id='word_1_38' title='bbox 180 721 330 791; x_wconf 43' lang='grc' dir='ltr'>ξουίά</span> <span class='ocrx_word' id='word_1_39' title='bbox 360 722 647 792; x_wconf 85' lang='lat' dir='ltr'><strong>trepidatis</strong></span> <span class='ocrx_word' id='word_1_40' title='bbox 668 723 899 778; x_wconf 80' lang='lat' dir='ltr'><strong>redimi?</strong></span> <span class='ocrx_word' id='word_1_41' title='bbox 925 722 1053 795; x_wconf 90' lang='lat' dir='ltr'><strong>quid</strong></span> <span class='ocrx_word' id='word_1_42' title='bbox 1084 724 1288 794; x_wconf 86' lang='lat' dir='ltr'><strong>pavetis</strong></span> <span class='ocrx_word' id='word_1_43' title='bbox 1331 724 1498 780; x_wconf 85' lang='lat' dir='ltr'><strong>saucii</strong></span> <span class='ocrx_word' id='word_1_44' title='bbox 1530 724 1789 781; x_wconf 77' lang='lat' dir='ltr'><strong>liberari?</strong></span> 
     </span>
    </p>
   </div>
   <div class='ocr_carea' id='block_1_7' title="bbox 206 812 1791 887">
    <p class='ocr_par' dir='ltr' id='par_1_7' title="bbox 206 812 1791 887">
     <span class='ocr_line' id='line_1_7' title="bbox 206 812 1791 887; baseline 0.001 -17"><span class='ocrx_word' id='word_1_45' title='bbox 206 812 229 854; x_wconf 71' lang='grc' dir='ltr'>δ</span> <span class='ocrx_word' id='word_1_46' title='bbox 253 814 369 870; x_wconf 79' lang='lat' dir='ltr'><strong>Fiat</strong></span> <span class='ocrx_word' id='word_1_47' title='bbox 414 814 560 884; x_wconf 91' lang='lat' dir='ltr'><strong>quod</strong></span> <span class='ocrx_word' id='word_1_48' title='bbox 593 830 682 870; x_wconf 91' lang='lat' dir='ltr'><strong>me</strong></span> <span class='ocrx_word' id='word_1_49' title='bbox 725 815 939 872; x_wconf 89' lang='lat' dir='ltr'><strong>volente</strong></span> <span class='ocrx_word' id='word_1_50' title='bbox 974 816 1086 871; x_wconf 84' lang='lat' dir='ltr'><strong>vult</strong></span> <span class='ocrx_word' id='word_1_51' title='bbox 1111 815 1384 874; x_wconf 82' lang='lat' dir='ltr'><strong>Christus.</strong></span> <span class='ocrx_word' id='word_1_52' title='bbox 1409 816 1641 887; x_wconf 81' lang='lat' dir='ltr'><strong>Abjicitc</strong></span> <span class='ocrx_word' id='word_1_53' title='bbox 1669 831 1791 872; x_wconf 87' lang='lat' dir='ltr'><strong>car-</strong></span> 
     </span>
    </p>
   </div>
   <div class='ocr_carea' id='block_1_8' title="bbox 205 907 1787 978">
    <p class='ocr_par' dir='ltr' id='par_1_8' title="bbox 205 907 1787 978">
     <span class='ocr_line' id='line_1_8' title="bbox 205 907 1787 978; baseline 0.003 -16"><span class='ocrx_word' id='word_1_54' title='bbox 205 907 368 963; x_wconf 82' lang='lat' dir='ltr'><strong>nalem</strong></span> <span class='ocrx_word' id='word_1_55' title='bbox 400 907 781 978; x_wconf 80' lang='lat' dir='ltr'><strong>formidinem,</strong></span> <span class='ocrx_word' id='word_1_56' title='bbox 802 922 857 964; x_wconf 83' lang='lat' dir='ltr'><strong>et</strong></span> <span class='ocrx_word' id='word_1_57' title='bbox 888 908 1032 965; x_wconf 82' lang='lat' dir='ltr'><strong>ﬁdeli</strong></span> <span class='ocrx_word' id='word_1_58' title='bbox 1053 925 1151 965; x_wconf 91' lang='lat' dir='ltr'><strong>vos</strong></span> <span class='ocrx_word' id='word_1_59' title='bbox 1181 920 1390 966; x_wconf 83' lang='lat' dir='ltr'><strong>armate</strong></span> <span class='ocrx_word' id='word_1_60' title='bbox 1432 910 1738 966; x_wconf 89' lang='lat' dir='ltr'><strong>constantia</strong></span> <span class='ocrx_word' id='word_1_61' title='bbox 1771 926 1787 966; x_wconf 89' lang='lat'><strong>:</strong></span> 
     </span>
    </p>
   </div>
   <div class='ocr_carea' id='block_1_9' title="bbox 205 1001 1788 1073">
    <p class='ocr_par' dir='ltr' id='par_1_9' title="bbox 205 1001 1788 1073">
     <span class='ocr_line' id='line_1_9' title="bbox 205 1001 1788 1073; baseline 0.001 -18"><span class='ocrx_word' id='word_1_62' title='bbox 205 1001 472 1070; x_wconf 79' lang='lat' dir='ltr'><strong>indignum</strong></span> <span class='ocrx_word' id='word_1_63' title='bbox 502 1011 587 1056; x_wconf 88' lang='lat' dir='ltr'><strong>est</strong></span> <span class='ocrx_word' id='word_1_64' title='bbox 608 1002 754 1057; x_wconf 89' lang='lat' dir='ltr'><strong>enim</strong></span> <span class='ocrx_word' id='word_1_65' title='bbox 775 1041 791 1068; x_wconf 90' lang='lat'><strong>,</strong></span> <span class='ocrx_word' id='word_1_66' title='bbox 822 1011 878 1056; x_wconf 91' lang='lat' dir='ltr'><strong>ut</strong></span> <span class='ocrx_word' id='word_1_67' title='bbox 904 1003 958 1057; x_wconf 92' lang='lat' dir='ltr'><strong>in</strong></span> <span class='ocrx_word' id='word_1_68' title='bbox 992 1001 1291 1058; x_wconf 87' lang='lat' dir='ltr'><strong>Salvatoris</strong></span> <span class='ocrx_word' id='word_1_69' title='bbox 1321 1002 1570 1073; x_wconf 86' lang='lat' dir='ltr'><strong>passione</strong></span> <span class='ocrx_word' id='word_1_70' title='bbox 1598 1002 1788 1058; x_wconf 85' lang='lat' dir='ltr'><strong>timea-</strong></span> 
     </span>
    </p>
   </div>
   <div class='ocr_carea' id='block_1_10' title="bbox 206 1093 1789 1163">
    <p class='ocr_par' dir='ltr' id='par_1_10' title="bbox 206 1093 1789 1163">
     <span class='ocr_line' id='line_1_10' title="bbox 206 1093 1789 1163; baseline 0.003 -16"><span class='ocrx_word' id='word_1_71' title='bbox 206 1093 280 1159; x_wconf 87' lang='lat' dir='ltr'><strong>tis,</strong></span> <span class='ocrx_word' id='word_1_72' title='bbox 308 1095 457 1163; x_wconf 89' lang='lat' dir='ltr'><strong>quod</strong></span> <span class='ocrx_word' id='word_1_73' title='bbox 484 1094 655 1163; x_wconf 86' lang='lat' dir='ltr'><strong>ipsius</strong></span> <span class='ocrx_word' id='word_1_74' title='bbox 686 1110 910 1151; x_wconf 90' lang='lat' dir='ltr'><strong>munere</strong></span> <span class='ocrx_word' id='word_1_75' title='bbox 950 1109 1050 1151; x_wconf 89' lang='lat' dir='ltr'><strong>nec</strong></span> <span class='ocrx_word' id='word_1_76' title='bbox 1074 1097 1128 1150; x_wconf 91' lang='lat' dir='ltr'><strong>in</strong></span> <span class='ocrx_word' id='word_1_77' title='bbox 1156 1104 1342 1151; x_wconf 88' lang='lat' dir='ltr'><strong>vestro</strong></span> <span class='ocrx_word' id='word_1_78' title='bbox 1370 1095 1478 1151; x_wconf 78' lang='lat' dir='ltr'><strong>line</strong></span> <span class='ocrx_word' id='word_1_79' title='bbox 1514 1095 1789 1153; x_wconf 88' lang='lat' dir='ltr'><strong>metuetis.</strong></span> 
     </span>
    </p>
   </div>
   <div class='ocr_carea' id='block_1_11' title="bbox 167 1183 1789 1255">
    <p class='ocr_par' dir='ltr' id='par_1_11' title="bbox 167 1183 1789 1255">
     <span class='ocr_line' id='line_1_11' title="bbox 167 1183 1789 1255; baseline 0 -12"><span class='ocrx_word' id='word_1_80' title='bbox 167 1183 196 1224; x_wconf 73' lang='grc'>⁸</span> <span class='ocrx_word' id='word_1_81' title='bbox 261 1187 395 1243; x_wconf 66' lang='grc' dir='ltr'><strong>(Συ.</strong></span> <span class='ocrx_word' id='word_1_82' title='bbox 434 1187 571 1244; x_wconf 87' lang='lat' dir='ltr'><strong>Vlll.</strong></span> <span class='ocrx_word' id='word_1_83' title='bbox 608 1218 678 1230; x_wconf 84' lang='lat'><strong>—-</strong></span> <span class='ocrx_word' id='word_1_84' title='bbox 706 1188 856 1255; x_wconf 60' lang='lat' dir='ltr'><strong>ﬂare,</strong></span> <span class='ocrx_word' id='word_1_85' title='bbox 906 1188 1282 1255; x_wconf 87' lang='lat' dir='ltr'><strong>dilectissimi,</strong></span> <span class='ocrx_word' id='word_1_86' title='bbox 1322 1204 1433 1244; x_wconf 89' lang='lat' dir='ltr'><strong>non</strong></span> <span class='ocrx_word' id='word_1_87' title='bbox 1475 1189 1542 1244; x_wconf 91' lang='lat' dir='ltr'><strong>ad</strong></span> <span class='ocrx_word' id='word_1_88' title='bbox 1576 1188 1789 1244; x_wconf 88' lang='lat' dir='ltr'><strong>illorum</strong></span> 
     </span>
    </p>
   </div>
   <div class='ocr_carea' id='block_1_12' title="bbox 203 1281 1792 1353">
    <p class='ocr_par' dir='ltr' id='par_1_12' title="bbox 203 1281 1792 1353">
     <span class='ocr_line' id='line_1_12' title="bbox 203 1281 1792 1353; baseline 0.001 -18"><span class='ocrx_word' id='word_1_89' title='bbox 203 1289 402 1336; x_wconf 82' lang='lat' dir='ltr'><strong>tantum</strong></span> <span class='ocrx_word' id='word_1_90' title='bbox 436 1282 721 1339; x_wconf 81' lang='lat' dir='ltr'><strong>utilitatem</strong></span> <span class='ocrx_word' id='word_1_91' title='bbox 752 1281 894 1338; x_wconf 85' lang='lat' dir='ltr'><strong>dicta</strong></span> <span class='ocrx_word' id='word_1_92' title='bbox 920 1293 1067 1348; x_wconf 89' lang='lat' dir='ltr'><strong>sunt,</strong></span> <span class='ocrx_word' id='word_1_93' title='bbox 1090 1282 1180 1353; x_wconf 88' lang='lat' dir='ltr'><strong>qui</strong></span> <span class='ocrx_word' id='word_1_94' title='bbox 1212 1294 1277 1337; x_wconf 90' lang='lat' dir='ltr'><strong>ea</strong></span> <span class='ocrx_word' id='word_1_95' title='bbox 1302 1281 1535 1353; x_wconf 84' lang='lat' dir='ltr'><strong>propriis</strong></span> <span class='ocrx_word' id='word_1_96' title='bbox 1571 1282 1792 1337; x_wconf 87' lang='lat' dir='ltr'><strong>auribus</strong></span> 
     </span>
    </p>
   </div>
   <div class='ocr_carea' id='block_1_13' title="bbox 204 1372 1794 1444">
    <p class='ocr_par' dir='ltr' id='par_1_13' title="bbox 204 1372 1794 1444">
     <span class='ocr_line' id='line_1_13' title="bbox 204 1372 1794 1444; baseline 0.001 -15"><span class='ocrx_word' id='word_1_97' title='bbox 204 1372 501 1437; x_wconf 71' lang='lat' dir='ltr'><strong>audierunt,</strong></span> <span class='ocrx_word' id='word_1_98' title='bbox 548 1372 643 1430; x_wconf 87' lang='lat' dir='ltr'><strong>sed</strong></span> <span class='ocrx_word' id='word_1_99' title='bbox 673 1374 728 1428; x_wconf 93' lang='lat' dir='ltr'><strong>in</strong></span> <span class='ocrx_word' id='word_1_100' title='bbox 757 1373 864 1429; x_wconf 90' lang='lat' dir='ltr'><strong>illis</strong></span> <span class='ocrx_word' id='word_1_101' title='bbox 892 1374 1067 1429; x_wconf 90' lang='lat' dir='ltr'><strong>tribus</strong></span> <span class='ocrx_word' id='word_1_102' title='bbox 1106 1373 1367 1444; x_wconf 86' lang='lat' dir='ltr'><strong>apostolis</strong></span> <span class='ocrx_word' id='word_1_103' title='bbox 1409 1372 1663 1428; x_wconf 88' lang='lat' dir='ltr'><strong>universa</strong></span> <span class='ocrx_word' id='word_1_104' title='bbox 1692 1374 1794 1430; x_wconf 85' lang='lat' dir='ltr'><strong>Ec-</strong></span> 
     </span>
    </p>
   </div>
   <div class='ocr_carea' id='block_1_14' title="bbox 202 1466 1790 1539">
    <p class='ocr_par' dir='ltr' id='par_1_14' title="bbox 202 1466 1790 1539">
     <span class='ocr_line' id='line_1_14' title="bbox 202 1466 1790 1539; baseline -0.001 -16"><span class='ocrx_word' id='word_1_105' title='bbox 202 1467 359 1523; x_wconf 85' lang='lat' dir='ltr'><strong>clesia</strong></span> <span class='ocrx_word' id='word_1_106' title='bbox 389 1468 582 1522; x_wconf 87' lang='lat' dir='ltr'><strong>didicit</strong></span> <span class='ocrx_word' id='word_1_107' title='bbox 606 1467 866 1539; x_wconf 86' lang='lat' dir='ltr'><strong>quidquid</strong></span> <span class='ocrx_word' id='word_1_108' title='bbox 894 1482 1081 1524; x_wconf 88' lang='lat' dir='ltr'><strong>eorum</strong></span> <span class='ocrx_word' id='word_1_109' title='bbox 1112 1476 1167 1525; x_wconf 90' lang='lat' dir='ltr'><strong>et</strong></span> <span class='ocrx_word' id='word_1_110' title='bbox 1184 1477 1437 1538; x_wconf 85' lang='lat' dir='ltr'><strong>aspectus</strong></span> <span class='ocrx_word' id='word_1_111' title='bbox 1460 1466 1595 1522; x_wconf 88' lang='lat' dir='ltr'><strong>vidit</strong></span> <span class='ocrx_word' id='word_1_112' title='bbox 1623 1479 1677 1524; x_wconf 90' lang='lat' dir='ltr'><strong>et</strong></span> <span class='ocrx_word' id='word_1_113' title='bbox 1698 1480 1790 1524; x_wconf 62' lang='lat' dir='ltr'><strong>an.</strong></span> 
     </span>
    </p>
   </div>
   <div class='ocr_carea' id='block_1_15' title="bbox 203 1562 1791 1636">
    <p class='ocr_par' dir='ltr' id='par_1_15' title="bbox 203 1562 1791 1636">
     <span class='ocr_line' id='line_1_15' title="bbox 203 1562 1791 1636; baseline -0.002 -17"><span class='ocrx_word' id='word_1_114' title='bbox 203 1563 335 1619; x_wconf 83' lang='lat' dir='ltr'><strong>ditus</strong></span> <span class='ocrx_word' id='word_1_115' title='bbox 364 1564 598 1634; x_wconf 86' lang='lat' dir='ltr'><strong>accepit.</strong></span> <span class='ocrx_word' id='word_1_116' title='bbox 625 1564 994 1621; x_wconf 80' lang='lat' dir='ltr'><strong>Conlirntetur</strong></span> <span class='ocrx_word' id='word_1_117' title='bbox 1021 1579 1152 1636; x_wconf 89' lang='lat' dir='ltr'><strong>ergo</strong></span> <span class='ocrx_word' id='word_1_118' title='bbox 1181 1563 1475 1620; x_wconf 90' lang='lat' dir='ltr'><strong>secundum</strong></span> <span class='ocrx_word' id='word_1_119' title='bbox 1526 1562 1791 1633; x_wconf 73' lang='lat' dir='ltr'><strong>prmdica-</strong></span> 
     </span>
    </p>
   </div>
   <div class='ocr_carea' id='block_1_16' title="bbox 205 1655 1792 1729">
    <p class='ocr_par' dir='ltr' id='par_1_16' title="bbox 205 1655 1792 1729">
     <span class='ocr_line' id='line_1_16' title="bbox 205 1655 1792 1729; baseline -0.001 -19"><span class='ocrx_word' id='word_1_120' title='bbox 205 1657 399 1711; x_wconf 72' lang='lat' dir='ltr'><strong>tionem</strong></span> <span class='ocrx_word' id='word_1_121' title='bbox 423 1656 776 1712; x_wconf 84' lang='lat' dir='ltr'><strong>sacratissimi</strong></span> <span class='ocrx_word' id='word_1_122' title='bbox 803 1656 1081 1729; x_wconf 76' lang='lat' dir='ltr'><strong>Evangelii</strong></span> <span class='ocrx_word' id='word_1_123' title='bbox 1102 1657 1343 1712; x_wconf 90' lang='lat' dir='ltr'><strong>omnium</strong></span> <span class='ocrx_word' id='word_1_124' title='bbox 1373 1655 1528 1722; x_wconf 78' lang='lat' dir='ltr'><strong>ﬁdes,</strong></span> <span class='ocrx_word' id='word_1_125' title='bbox 1553 1666 1606 1711; x_wconf 90' lang='lat' dir='ltr'><strong>et</strong></span> <span class='ocrx_word' id='word_1_126' title='bbox 1633 1670 1792 1712; x_wconf 90' lang='lat' dir='ltr'><strong>nemo</strong></span> 
     </span>
    </p>
   </div>
   <div class='ocr_carea' id='block_1_17' title="bbox 203 1745 1790 1819">
    <p class='ocr_par' dir='ltr' id='par_1_17' title="bbox 203 1745 1790 1819">
     <span class='ocr_line' id='line_1_17' title="bbox 203 1745 1790 1819; baseline 0.001 -18"><span class='ocrx_word' id='word_1_127' title='bbox 203 1746 259 1801; x_wconf 84' lang='lat' dir='ltr'><strong>de</strong></span> <span class='ocrx_word' id='word_1_128' title='bbox 287 1745 493 1802; x_wconf 81' lang='lat' dir='ltr'><strong>Christi</strong></span> <span class='ocrx_word' id='word_1_129' title='bbox 526 1763 706 1815; x_wconf 88' lang='lat' dir='ltr'><strong>cruce,</strong></span> <span class='ocrx_word' id='word_1_130' title='bbox 739 1762 835 1817; x_wconf 89' lang='lat' dir='ltr'><strong>per</strong></span> <span class='ocrx_word' id='word_1_131' title='bbox 862 1764 1023 1819; x_wconf 91' lang='lat' dir='ltr'><strong>quam</strong></span> <span class='ocrx_word' id='word_1_132' title='bbox 1065 1749 1297 1804; x_wconf 89' lang='lat' dir='ltr'><strong>mundus</strong></span> <span class='ocrx_word' id='word_1_133' title='bbox 1347 1748 1658 1818; x_wconf 87' lang='lat' dir='ltr'><strong>redemptus</strong></span> <span class='ocrx_word' id='word_1_134' title='bbox 1686 1759 1790 1809; x_wconf 88' lang='lat' dir='ltr'><strong>est.</strong></span> 
     </span>
    </p>
   </div>
   <div class='ocr_carea' id='block_1_18' title="bbox 1890 538 3485 614">
    <p class='ocr_par' dir='ltr' id='par_1_18' title="bbox 1890 538 3485 614">
     <span class='ocr_line' id='line_1_18' title="bbox 1890 538 3485 614; baseline -0.001 -17"><span class='ocrx_word' id='word_1_135' title='bbox 1890 542 2091 614; x_wconf 89' lang='lat' dir='ltr'><strong>gelicus</strong></span> <span class='ocrx_word' id='word_1_136' title='bbox 2120 558 2300 599; x_wconf 87' lang='lat' dir='ltr'><strong>sermo</strong></span> <span class='ocrx_word' id='word_1_137' title='bbox 2323 541 2616 608; x_wconf 87' lang='lat' dir='ltr'><strong>reseravit,</strong></span> <span class='ocrx_word' id='word_1_138' title='bbox 2654 550 2715 597; x_wconf 93' lang='lat' dir='ltr'><strong>ut</strong></span> <span class='ocrx_word' id='word_1_139' title='bbox 2732 541 2998 613; x_wconf 71' lang='lat' dir='ltr'><strong>religiosis</strong></span> <span class='ocrx_word' id='word_1_140' title='bbox 3026 549 3079 596; x_wconf 91' lang='lat' dir='ltr'><strong>et</strong></span> <span class='ocrx_word' id='word_1_141' title='bbox 3102 538 3203 610; x_wconf 90' lang='lat' dir='ltr'><strong>piis</strong></span> <span class='ocrx_word' id='word_1_142' title='bbox 3229 538 3485 596; x_wconf 74' lang='lat' dir='ltr'><strong>cordibus</strong></span> 
     </span>
    </p>
   </div>
   <div class='ocr_carea' id='block_1_19' title="bbox 1890 634 3483 707">
    <p class='ocr_par' dir='ltr' id='par_1_19' title="bbox 1890 634 3483 707">
     <span class='ocr_line' id='line_1_19' title="bbox 1890 634 3483 707; baseline -0.002 -15"><span class='ocrx_word' id='word_1_143' title='bbox 1890 651 1998 692; x_wconf 91' lang='lat' dir='ltr'><strong>non</strong></span> <span class='ocrx_word' id='word_1_144' title='bbox 2026 636 2171 691; x_wconf 89' lang='lat' dir='ltr'><strong>aliud</strong></span> <span class='ocrx_word' id='word_1_145' title='bbox 2198 636 2268 691; x_wconf 90' lang='lat' dir='ltr'><strong>sit</strong></span> <span class='ocrx_word' id='word_1_146' title='bbox 2304 637 2520 692; x_wconf 88' lang='lat' dir='ltr'><strong>audisse</strong></span> <span class='ocrx_word' id='word_1_147' title='bbox 2559 651 2679 707; x_wconf 65' lang='lat' dir='ltr'><strong>quas</strong></span> <span class='ocrx_word' id='word_1_148' title='bbox 2715 637 2854 692; x_wconf 91' lang='lat' dir='ltr'><strong>lecta</strong></span> <span class='ocrx_word' id='word_1_149' title='bbox 2890 644 3038 700; x_wconf 90' lang='lat' dir='ltr'><strong>sunt,</strong></span> <span class='ocrx_word' id='word_1_150' title='bbox 3086 648 3245 704; x_wconf 77' lang='lat' dir='ltr'><strong>quam</strong></span> <span class='ocrx_word' id='word_1_151' title='bbox 3278 634 3483 689; x_wconf 81' lang='lat' dir='ltr'><strong>vidisse</strong></span> 
     </span>
    </p>
   </div>
   <div class='ocr_carea' id='block_1_20' title="bbox 1891 724 3487 798">
    <p class='ocr_par' dir='ltr' id='par_1_20' title="bbox 1891 724 3487 798">
     <span class='ocr_line' id='line_1_20' title="bbox 1891 724 3487 798; baseline -0.002 -16"><span class='ocrx_word' id='word_1_152' title='bbox 1891 742 2012 798; x_wconf 67' lang='lat' dir='ltr'><strong>quae</strong></span> <span class='ocrx_word' id='word_1_153' title='bbox 2032 734 2184 798; x_wconf 86' lang='lat' dir='ltr'><strong>gesta</strong></span> <span class='ocrx_word' id='word_1_154' title='bbox 2207 736 2354 783; x_wconf 89' lang='lat' dir='ltr'><strong>sunt.</strong></span> <span class='ocrx_word' id='word_1_155' title='bbox 2374 725 2525 784; x_wconf 87' lang='lat' dir='ltr'><strong>Unde</strong></span> <span class='ocrx_word' id='word_1_156' title='bbox 2547 742 2669 783; x_wconf 91' lang='lat' dir='ltr'><strong>cum</strong></span> <span class='ocrx_word' id='word_1_157' title='bbox 2694 726 3104 783; x_wconf 88' lang='lat' dir='ltr'><strong>indubitabilem</strong></span> <span class='ocrx_word' id='word_1_158' title='bbox 3127 724 3367 780; x_wconf 86' lang='lat' dir='ltr'><strong>obtineat</strong></span> <span class='ocrx_word' id='word_1_159' title='bbox 3391 739 3487 779; x_wconf 85' lang='lat' dir='ltr'><strong>au-</strong></span> 
     </span>
    </p>
   </div>
   <div class='ocr_carea' id='block_1_21' title="bbox 1891 816 3483 887">
    <p class='ocr_par' dir='ltr' id='par_1_21' title="bbox 1891 816 3483 887">
     <span class='ocr_line' id='line_1_21' title="bbox 1891 816 3483 887; baseline -0.002 -13"><span class='ocrx_word' id='word_1_160' title='bbox 1891 819 2196 875; x_wconf 79' lang='lat' dir='ltr'><strong>ctoritatem</strong></span> <span class='ocrx_word' id='word_1_161' title='bbox 2243 833 2398 874; x_wconf 88' lang='lat' dir='ltr'><strong>sacra</strong></span> <span class='ocrx_word' id='word_1_162' title='bbox 2452 819 2733 885; x_wconf 88' lang='lat' dir='ltr'><strong>narratio,</strong></span> <span class='ocrx_word' id='word_1_163' title='bbox 2780 817 3135 875; x_wconf 88' lang='lat' dir='ltr'><strong>annitendum</strong></span> <span class='ocrx_word' id='word_1_164' title='bbox 3182 816 3336 871; x_wconf 87' lang='lat' dir='ltr'><strong>nobis</strong></span> <span class='ocrx_word' id='word_1_165' title='bbox 3377 824 3483 887; x_wconf 89' lang='lat' dir='ltr'><strong>est,</strong></span> 
     </span>
    </p>
   </div>
   <div class='ocr_carea' id='block_1_22' title="bbox 1893 908 3484 983">
    <p class='ocr_par' dir='ltr' id='par_1_22' title="bbox 1893 908 3484 983">
     <span class='ocr_line' id='line_1_22' title="bbox 1893 908 3484 983; baseline -0.003 -15"><span class='ocrx_word' id='word_1_166' title='bbox 1893 912 2187 968; x_wconf 89' lang='lat' dir='ltr'><strong>auxiliante</strong></span> <span class='ocrx_word' id='word_1_167' title='bbox 2230 910 2484 979; x_wconf 87' lang='lat' dir='ltr'><strong>Domino,</strong></span> <span class='ocrx_word' id='word_1_168' title='bbox 2517 920 2577 966; x_wconf 91' lang='lat' dir='ltr'><strong>ut</strong></span> <span class='ocrx_word' id='word_1_169' title='bbox 2619 909 2647 950; x_wconf 70' lang='grc' dir='ltr'><strong><em>ιι</em></strong></span> <span class='ocrx_word' id='word_1_170' title='bbox 2676 914 3020 983; x_wconf 89' lang='lat' dir='ltr'><strong>perspicuum</strong></span> <span class='ocrx_word' id='word_1_171' title='bbox 3061 908 3484 965; x_wconf 87' lang='lat' dir='ltr'><strong>habeatintelli-</strong></span> 
     </span>
    </p>
   </div>
   <div class='ocr_carea' id='block_1_23' title="bbox 1894 1003 3488 1078">
    <p class='ocr_par' dir='ltr' id='par_1_23' title="bbox 1894 1003 3488 1078">
     <span class='ocr_line' id='line_1_23' title="bbox 1894 1003 3488 1078; baseline -0.003 -17"><span class='ocrx_word' id='word_1_172' title='bbox 1894 1007 2095 1078; x_wconf 90' lang='lat' dir='ltr'><strong>gentia,</strong></span> <span class='ocrx_word' id='word_1_173' title='bbox 2122 1004 2265 1077; x_wconf 91' lang='lat' dir='ltr'><strong>quod</strong></span> <span class='ocrx_word' id='word_1_174' title='bbox 2290 1014 2476 1060; x_wconf 87' lang='lat' dir='ltr'><strong>notum</strong></span> <span class='ocrx_word' id='word_1_175' title='bbox 2502 1003 2630 1061; x_wconf 89' lang='lat' dir='ltr'><strong>fecit</strong></span> <span class='ocrx_word' id='word_1_176' title='bbox 2654 1004 2894 1060; x_wconf 87' lang='lat' dir='ltr'><strong>historia.</strong></span> <span class='ocrx_word' id='word_1_177' title='bbox 2932 1004 3059 1060; x_wconf 84' lang='lat' dir='ltr'><strong>Post</strong></span> <span class='ocrx_word' id='word_1_178' title='bbox 3084 1003 3228 1058; x_wconf 86' lang='lat' dir='ltr'><strong>illam</strong></span> <span class='ocrx_word' id='word_1_179' title='bbox 3256 1016 3488 1071; x_wconf 87' lang='lat' dir='ltr'><strong>namque</strong></span> 
     </span>
    </p>
   </div>
   <div class='ocr_carea' id='block_1_24' title="bbox 1894 1091 3491 1168">
    <p class='ocr_par' dir='ltr' id='par_1_24' title="bbox 1894 1091 3491 1168">
     <span class='ocr_line' id='line_1_24' title="bbox 1894 1091 3491 1168; baseline -0.004 -15"><span class='ocrx_word' id='word_1_180' title='bbox 1894 1096 2144 1153; x_wconf 67' lang='lat' dir='ltr'><strong>humanae</strong></span> <span class='ocrx_word' id='word_1_181' title='bbox 2167 1096 2626 1168; x_wconf 67' lang='lat' dir='ltr'><strong>praevaricationis</strong></span> <span class='ocrx_word' id='word_1_182' title='bbox 2654 1096 2885 1166; x_wconf 91' lang='lat' dir='ltr'><strong>primam</strong></span> <span class='ocrx_word' id='word_1_183' title='bbox 2911 1103 2965 1151; x_wconf 90' lang='lat' dir='ltr'><strong>et</strong></span> <span class='ocrx_word' id='word_1_184' title='bbox 2994 1095 3354 1150; x_wconf 85' lang='lat' dir='ltr'><strong>universaletn</strong></span> <span class='ocrx_word' id='word_1_185' title='bbox 3378 1091 3491 1148; x_wconf 86' lang='lat' dir='ltr'><strong>rui-</strong></span> 
     </span>
    </p>
   </div>
   <div class='ocr_carea' id='block_1_25' title="bbox 1895 1185 3490 1261">
    <p class='ocr_par' dir='ltr' id='par_1_25' title="bbox 1895 1185 3490 1261">
     <span class='ocr_line' id='line_1_25' title="bbox 1895 1185 3490 1261; baseline -0.004 -14"><span class='ocrx_word' id='word_1_186' title='bbox 1895 1206 2045 1259; x_wconf 83' lang='lat' dir='ltr'><strong>nam,</strong></span> <span class='ocrx_word' id='word_1_187' title='bbox 2076 1204 2145 1245; x_wconf 85' lang='lat' dir='ltr'><strong>ex</strong></span> <span class='ocrx_word' id='word_1_188' title='bbox 2175 1205 2277 1259; x_wconf 89' lang='lat' dir='ltr'><strong>qua</strong></span> <span class='ocrx_word' id='word_1_189' title='bbox 2307 1206 2399 1261; x_wconf 89' lang='lat' dir='ltr'><strong>per</strong></span> <span class='ocrx_word' id='word_1_190' title='bbox 2424 1204 2585 1243; x_wconf 84' lang='lat' dir='ltr'><strong>unum</strong></span> <span class='ocrx_word' id='word_1_191' title='bbox 2613 1188 2865 1244; x_wconf 80' lang='lat' dir='ltr'><strong>hominem</strong></span> <span class='ocrx_word' id='word_1_192' title='bbox 2890 1196 3152 1259; x_wconf 86' lang='lat' dir='ltr'><strong>peccatum</strong></span> <span class='ocrx_word' id='word_1_193' title='bbox 3189 1187 3415 1241; x_wconf 83' lang='lat' dir='ltr'><strong>introivit</strong></span> <span class='ocrx_word' id='word_1_194' title='bbox 3433 1185 3490 1240; x_wconf 88' lang='lat' dir='ltr'><strong>in</strong></span> 
     </span>
    </p>
   </div>
   <div class='ocr_carea' id='block_1_26' title="bbox 1894 1280 3491 1357">
    <p class='ocr_par' dir='ltr' id='par_1_26' title="bbox 1894 1280 3491 1357">
     <span class='ocr_line' id='line_1_26' title="bbox 1894 1280 3491 1357; baseline -0.004 -18"><span class='ocrx_word' id='word_1_195' title='bbox 1894 1284 2030 1339; x_wconf 89' lang='lat' dir='ltr'><strong>hunc</strong></span> <span class='ocrx_word' id='word_1_196' title='bbox 2057 1284 2327 1349; x_wconf 88' lang='lat' dir='ltr'><strong>mundum,</strong></span> <span class='ocrx_word' id='word_1_197' title='bbox 2358 1292 2407 1338; x_wconf 90' lang='lat' dir='ltr'><strong>et</strong></span> <span class='ocrx_word' id='word_1_198' title='bbox 2443 1299 2535 1355; x_wconf 85' lang='lat' dir='ltr'><strong>per</strong></span> <span class='ocrx_word' id='word_1_199' title='bbox 2559 1291 2824 1357; x_wconf 85' lang='lat' dir='ltr'><strong>peccatum</strong></span> <span class='ocrx_word' id='word_1_200' title='bbox 2874 1298 3032 1347; x_wconf 88' lang='lat' dir='ltr'><strong>mors,</strong></span> <span class='ocrx_word' id='word_1_201' title='bbox 3064 1290 3113 1335; x_wconf 88' lang='lat' dir='ltr'><strong>et</strong></span> <span class='ocrx_word' id='word_1_202' title='bbox 3136 1281 3207 1334; x_wconf 93' lang='lat' dir='ltr'><strong>ita</strong></span> <span class='ocrx_word' id='word_1_203' title='bbox 3235 1280 3289 1333; x_wconf 88' lang='lat' dir='ltr'><strong>in</strong></span> <span class='ocrx_word' id='word_1_204' title='bbox 3318 1295 3491 1333; x_wconf 87' lang='lat' dir='ltr'><strong>omnes</strong></span> 
     </span>
    </p>
   </div>
   <div class='ocr_carea' id='block_1_27' title="bbox 1894 1369 3491 1449">
    <p class='ocr_par' dir='ltr' id='par_1_27' title="bbox 1894 1369 3491 1449">
     <span class='ocr_line' id='line_1_27' title="bbox 1894 1369 3491 1449; baseline -0.003 -19"><span class='ocrx_word' id='word_1_205' title='bbox 1894 1375 2126 1432; x_wconf 76' lang='lat' dir='ltr'><strong>homines</strong></span> <span class='ocrx_word' id='word_1_206' title='bbox 2169 1377 2489 1449; x_wconf 79' lang='lat' dir='ltr'><strong>pertransiit,</strong></span> <span class='ocrx_word' id='word_1_207' title='bbox 2532 1377 2588 1430; x_wconf 87' lang='lat' dir='ltr'><strong>in</strong></span> <span class='ocrx_word' id='word_1_208' title='bbox 2614 1391 2716 1446; x_wconf 87' lang='lat' dir='ltr'><strong>quo</strong></span> <span class='ocrx_word' id='word_1_209' title='bbox 2746 1392 2918 1430; x_wconf 88' lang='lat' dir='ltr'><strong>omnes</strong></span> <span class='ocrx_word' id='word_1_210' title='bbox 2949 1380 3279 1446; x_wconf 81' lang='lat' dir='ltr'><strong>peccaverunt</strong></span> <span class='ocrx_word' id='word_1_211' title='bbox 3308 1369 3491 1442; x_wconf 88' lang='lat' dir='ltr'><strong>(Rom.</strong></span> 
     </span>
    </p>
   </div>
   <div class='ocr_carea' id='block_1_28' title="bbox 1894 1465 3494 1537">
    <p class='ocr_par' dir='ltr' id='par_1_28' title="bbox 1894 1465 3494 1537">
     <span class='ocr_line' id='line_1_28' title="bbox 1894 1465 3494 1537; baseline -0.004 -14"><span class='ocrx_word' id='word_1_212' title='bbox 1894 1483 1948 1536; x_wconf 90' lang='lat' dir='ltr'><strong>v,</strong></span> <span class='ocrx_word' id='word_1_213' title='bbox 1976 1470 2103 1537; x_wconf 78' lang='lat' dir='ltr'><strong>i2);</strong></span> <span class='ocrx_word' id='word_1_214' title='bbox 2135 1482 2295 1524; x_wconf 93' lang='lat' dir='ltr'><strong>nemo</strong></span> <span class='ocrx_word' id='word_1_215' title='bbox 2336 1466 2353 1505; x_wconf 72' lang='grc' dir='ltr'><strong>ί</strong></span> <span class='ocrx_word' id='word_1_216' title='bbox 2388 1476 2580 1523; x_wconf 85' lang='lat' dir='ltr'><strong>tetram</strong></span> <span class='ocrx_word' id='word_1_217' title='bbox 2623 1466 2824 1524; x_wconf 90' lang='lat' dir='ltr'><strong>diaboli</strong></span> <span class='ocrx_word' id='word_1_218' title='bbox 2854 1465 3309 1530; x_wconf 88' lang='lat' dir='ltr'><strong>dominationem,</strong></span> <span class='ocrx_word' id='word_1_219' title='bbox 3334 1477 3494 1517; x_wconf 88' lang='lat' dir='ltr'><strong>nemo</strong></span> 
     </span>
    </p>
   </div>
   <div class='ocr_carea' id='block_1_29' title="bbox 1894 1560 3494 1632">
    <p class='ocr_par' dir='ltr' id='par_1_29' title="bbox 1894 1560 3494 1632">
     <span class='ocr_line' id='line_1_29' title="bbox 1894 1560 3494 1632; baseline -0.004 -15"><span class='ocrx_word' id='word_1_220' title='bbox 1894 1562 2111 1619; x_wconf 85' lang='lat' dir='ltr'><strong>vincula</strong></span> <span class='ocrx_word' id='word_1_221' title='bbox 2139 1561 2274 1617; x_wconf 75' lang='lat' dir='ltr'><strong>dira:</strong></span> <span class='ocrx_word' id='word_1_222' title='bbox 2297 1560 2627 1632; x_wconf 82' lang='lat' dir='ltr'><strong>captivitatis</strong></span> <span class='ocrx_word' id='word_1_223' title='bbox 2656 1562 2943 1626; x_wconf 85' lang='lat' dir='ltr'><strong>evaderet;</strong></span> <span class='ocrx_word' id='word_1_224' title='bbox 2984 1575 3087 1616; x_wconf 90' lang='lat' dir='ltr'><strong>nec</strong></span> <span class='ocrx_word' id='word_1_225' title='bbox 3116 1560 3364 1628; x_wconf 88' lang='lat' dir='ltr'><strong>cuiquam</strong></span> <span class='ocrx_word' id='word_1_226' title='bbox 3402 1565 3494 1611; x_wconf 91' lang='lat' dir='ltr'><strong>aut</strong></span> 
     </span>
    </p>
   </div>
   <div class='ocr_carea' id='block_1_30' title="bbox 1894 1651 3487 1724">
    <p class='ocr_par' dir='ltr' id='par_1_30' title="bbox 1894 1651 3487 1724">
     <span class='ocr_line' id='line_1_30' title="bbox 1894 1651 3487 1724; baseline -0.005 -11"><span class='ocrx_word' id='word_1_227' title='bbox 1894 1656 2268 1714; x_wconf 86' lang='lat' dir='ltr'><strong>reconciliatio</strong></span> <span class='ocrx_word' id='word_1_228' title='bbox 2294 1654 2361 1711; x_wconf 90' lang='lat' dir='ltr'><strong>ad</strong></span> <span class='ocrx_word' id='word_1_229' title='bbox 2388 1656 2953 1718; x_wconf 88' lang='lat' dir='ltr'><strong>veniam,autreditus</strong></span> <span class='ocrx_word' id='word_1_230' title='bbox 2975 1664 3184 1724; x_wconf 83' lang='lat' dir='ltr'><strong>pateret</strong></span> <span class='ocrx_word' id='word_1_231' title='bbox 3209 1652 3275 1707; x_wconf 92' lang='lat' dir='ltr'><strong>ad</strong></span> <span class='ocrx_word' id='word_1_232' title='bbox 3301 1651 3487 1717; x_wconf 88' lang='lat' dir='ltr'><strong>vitam,</strong></span> 
     </span>
    </p>
   </div>
   <div class='ocr_carea' id='block_1_31' title="bbox 1896 1743 3493 1819">
    <p class='ocr_par' dir='ltr' id='par_1_31' title="bbox 1896 1743 3493 1819">
     <span class='ocr_line' id='line_1_31' title="bbox 1896 1743 3493 1819; baseline -0.007 -11"><span class='ocrx_word' id='word_1_233' title='bbox 1896 1752 2001 1808; x_wconf 85' lang='lat' dir='ltr'><strong>nisi</strong></span> <span class='ocrx_word' id='word_1_234' title='bbox 2031 1760 2337 1807; x_wconf 58' lang='lat' dir='ltr'><strong>coaeternus</strong></span> <span class='ocrx_word' id='word_1_235' title='bbox 2363 1758 2419 1804; x_wconf 92' lang='lat' dir='ltr'><strong>et</strong></span> <span class='ocrx_word' id='word_1_236' title='bbox 2458 1748 2751 1819; x_wconf 68' lang='lat' dir='ltr'><strong>comqualis</strong></span> <span class='ocrx_word' id='word_1_237' title='bbox 2798 1748 2939 1803; x_wconf 89' lang='lat' dir='ltr'><strong>Patri</strong></span> <span class='ocrx_word' id='word_1_238' title='bbox 2974 1746 3088 1803; x_wconf 90' lang='lat' dir='ltr'><strong>Deo</strong></span> <span class='ocrx_word' id='word_1_239' title='bbox 3120 1744 3134 1796; x_wconf 89' lang='lat' dir='ltr'><strong>i</strong></span> <span class='ocrx_word' id='word_1_240' title='bbox 3174 1743 3346 1799; x_wconf 83' lang='lat' dir='ltr'><strong>Filius</strong></span> <span class='ocrx_word' id='word_1_241' title='bbox 3396 1743 3493 1799; x_wconf 86' lang='lat' dir='ltr'><strong>Dei</strong></span> 
     </span>
    </p>
   </div>
   <div class='ocr_carea' id='block_1_32' title="bbox 202 1838 3495 1912">
    <p class='ocr_par' dir='ltr' id='par_1_32' title="bbox 202 1838 3495 1912">
     <span class='ocr_line' id='line_1_32' title="bbox 202 1838 3495 1912; baseline -0.001 -20"><span class='ocrx_word' id='word_1_242' title='bbox 202 1839 501 1894; x_wconf 78' lang='lat' dir='ltr'><strong>erubescat.</strong></span> <span class='ocrx_word' id='word_1_243' title='bbox 535 1838 646 1896; x_wconf 84' lang='lat' dir='ltr'><strong>Nec</strong></span> <span class='ocrx_word' id='word_1_244' title='bbox 674 1840 797 1895; x_wconf 90' lang='lat' dir='ltr'><strong>ideo</strong></span> <span class='ocrx_word' id='word_1_245' title='bbox 838 1843 1122 1911; x_wconf 88' lang='lat' dir='ltr'><strong>quisquam</strong></span> <span class='ocrx_word' id='word_1_246' title='bbox 1162 1852 1253 1895; x_wconf 87' lang='lat' dir='ltr'><strong>aut</strong></span> <span class='ocrx_word' id='word_1_247' title='bbox 1301 1840 1411 1910; x_wconf 87' lang='lat' dir='ltr'><strong>pati</strong></span> <span class='ocrx_word' id='word_1_248' title='bbox 1444 1855 1545 1910; x_wconf 88' lang='lat' dir='ltr'><strong>pro</strong></span> <span class='ocrx_word' id='word_1_249' title='bbox 1582 1840 1793 1911; x_wconf 76' lang='lat' dir='ltr'><strong>iustitia</strong></span> <span class='ocrx_word' id='word_1_250' title='bbox 1823 1847 1871 1909; x_wconf 84' lang='grc' dir='ltr'><strong>Β</strong></span> <span class='ocrx_word' id='word_1_251' title='bbox 1897 1845 2059 1901; x_wconf 90' lang='lat' dir='ltr'><strong>etiam</strong></span> <span class='ocrx_word' id='word_1_252' title='bbox 2081 1844 2315 1899; x_wconf 88' lang='lat' dir='ltr'><strong>hominis</strong></span> <span class='ocrx_word' id='word_1_253' title='bbox 2338 1841 2479 1898; x_wconf 81' lang='lat' dir='ltr'><strong>illius</strong></span> <span class='ocrx_word' id='word_1_254' title='bbox 2510 1856 2630 1898; x_wconf 89' lang='lat' dir='ltr'><strong>esse</strong></span> <span class='ocrx_word' id='word_1_255' title='bbox 2652 1841 2988 1912; x_wconf 87' lang='lat' dir='ltr'><strong>dignaretur,</strong></span> <span class='ocrx_word' id='word_1_256' title='bbox 3015 1841 3240 1894; x_wconf 89' lang='lat' dir='ltr'><strong>veniens</strong></span> <span class='ocrx_word' id='word_1_257' title='bbox 3270 1852 3495 1908; x_wconf 63' lang='lat' dir='ltr'><strong>querere</strong></span> 
     </span>
    </p>
   </div>
   <div class='ocr_carea' id='block_1_33' title="bbox 201 1930 1791 2001">
    <p class='ocr_par' dir='ltr' id='par_1_33' title="bbox 201 1930 1791 2001">
     <span class='ocr_line' id='line_1_33' title="bbox 201 1930 1791 2001; baseline 0.002 -18"><span class='ocrx_word' id='word_1_258' title='bbox 201 1930 417 1997; x_wconf 80' lang='lat' dir='ltr'><strong>timeat,</strong></span> <span class='ocrx_word' id='word_1_259' title='bbox 471 1939 567 1985; x_wconf 90' lang='lat' dir='ltr'><strong>aut</strong></span> <span class='ocrx_word' id='word_1_260' title='bbox 611 1930 682 1985; x_wconf 90' lang='lat' dir='ltr'><strong>de</strong></span> <span class='ocrx_word' id='word_1_261' title='bbox 708 1932 1097 2001; x_wconf 86' lang='lat' dir='ltr'><strong>promissorum</strong></span> <span class='ocrx_word' id='word_1_262' title='bbox 1147 1930 1501 1986; x_wconf 79' lang='lat' dir='ltr'><strong>retributione</strong></span> <span class='ocrx_word' id='word_1_263' title='bbox 1541 1930 1791 1997; x_wconf 82' lang='lat' dir='ltr'><strong>difﬁdat,</strong></span> 
     </span>
    </p>
   </div>
   <div class='ocr_carea' id='block_1_34' title="bbox 200 2023 1797 2093">
    <p class='ocr_par' dir='ltr' id='par_1_34' title="bbox 200 2023 1797 2093">
     <span class='ocr_line' id='line_1_34' title="bbox 200 2023 1797 2093; baseline 0.003 -17"><span class='ocrx_word' id='word_1_264' title='bbox 200 2024 319 2093; x_wconf 83' lang='lat' dir='ltr'><strong>quia</strong></span> <span class='ocrx_word' id='word_1_265' title='bbox 347 2038 452 2093; x_wconf 82' lang='lat' dir='ltr'><strong>per</strong></span> <span class='ocrx_word' id='word_1_266' title='bbox 474 2023 719 2079; x_wconf 84' lang='lat' dir='ltr'><strong>laborem</strong></span> <span class='ocrx_word' id='word_1_267' title='bbox 747 2023 814 2079; x_wconf 88' lang='lat' dir='ltr'><strong>ad</strong></span> <span class='ocrx_word' id='word_1_268' title='bbox 845 2025 1118 2093; x_wconf 89' lang='lat' dir='ltr'><strong>requiem,</strong></span> <span class='ocrx_word' id='word_1_269' title='bbox 1141 2035 1196 2080; x_wconf 92' lang='lat' dir='ltr'><strong>et</strong></span> <span class='ocrx_word' id='word_1_270' title='bbox 1227 2038 1323 2092; x_wconf 90' lang='lat' dir='ltr'><strong>per</strong></span> <span class='ocrx_word' id='word_1_271' title='bbox 1352 2035 1581 2081; x_wconf 90' lang='lat' dir='ltr'><strong>mortem</strong></span> <span class='ocrx_word' id='word_1_272' title='bbox 1623 2036 1797 2080; x_wconf 89' lang='lat' dir='ltr'><strong>trans-</strong></span> 
     </span>
    </p>
   </div>
   <div class='ocr_carea' id='block_1_35' title="bbox 202 2117 1798 2175">
    <p class='ocr_par' dir='ltr' id='par_1_35' title="bbox 202 2117 1798 2175">
     <span class='ocr_line' id='line_1_35' title="bbox 202 2117 1798 2175; baseline 0.002 -4"><span class='ocrx_word' id='word_1_273' title='bbox 202 2118 307 2172; x_wconf 81' lang='lat' dir='ltr'><strong>itur</strong></span> <span class='ocrx_word' id='word_1_274' title='bbox 328 2117 399 2171; x_wconf 90' lang='lat' dir='ltr'><strong>ad</strong></span> <span class='ocrx_word' id='word_1_275' title='bbox 440 2118 608 2172; x_wconf 85' lang='lat' dir='ltr'><strong>vitam</strong></span> <span class='ocrx_word' id='word_1_276' title='bbox 636 2134 797 2173; x_wconf 87' lang='lat' dir='ltr'><strong>:cum</strong></span> <span class='ocrx_word' id='word_1_277' title='bbox 838 2132 1054 2175; x_wconf 90' lang='lat' dir='ltr'><strong>omnem</strong></span> <span class='ocrx_word' id='word_1_278' title='bbox 1084 2118 1398 2174; x_wconf 89' lang='lat' dir='ltr'><strong>humilitatis</strong></span> <span class='ocrx_word' id='word_1_279' title='bbox 1420 2127 1620 2174; x_wconf 63' lang='lat' dir='ltr'><strong>nostra:</strong></span> <span class='ocrx_word' id='word_1_280' title='bbox 1648 2118 1798 2174; x_wconf 82' lang='lat' dir='ltr'><strong>inﬁr-</strong></span> 
     </span>
    </p>
   </div>
   <div class='ocr_carea' id='block_1_36' title="bbox 200 2209 1798 2283">
    <p class='ocr_par' dir='ltr' id='par_1_36' title="bbox 200 2209 1798 2283">
     <span class='ocr_line' id='line_1_36' title="bbox 200 2209 1798 2283; baseline 0.002 -19"><span class='ocrx_word' id='word_1_281' title='bbox 200 2211 443 2265; x_wconf 77' lang='lat' dir='ltr'><strong>mitatem</strong></span> <span class='ocrx_word' id='word_1_282' title='bbox 481 2209 579 2266; x_wconf 86' lang='lat' dir='ltr'><strong>ille</strong></span> <span class='ocrx_word' id='word_1_283' title='bbox 615 2212 941 2283; x_wconf 83' lang='lat' dir='ltr'><strong>susceperit,</strong></span> <span class='ocrx_word' id='word_1_284' title='bbox 983 2212 1036 2266; x_wconf 93' lang='lat' dir='ltr'><strong>in</strong></span> <span class='ocrx_word' id='word_1_285' title='bbox 1063 2227 1172 2282; x_wconf 94' lang='lat' dir='ltr'><strong>quo</strong></span> <span class='ocrx_word' id='word_1_286' title='bbox 1196 2210 1242 2266; x_wconf 90' lang='lat' dir='ltr'><strong>si</strong></span> <span class='ocrx_word' id='word_1_287' title='bbox 1280 2212 1333 2267; x_wconf 91' lang='lat' dir='ltr'><strong>in</strong></span> <span class='ocrx_word' id='word_1_288' title='bbox 1377 2212 1716 2268; x_wconf 90' lang='lat' dir='ltr'><strong>confessione</strong></span> <span class='ocrx_word' id='word_1_289' title='bbox 1743 2221 1798 2267; x_wconf 91' lang='lat' dir='ltr'><strong>et</strong></span> 
     </span>
    </p>
   </div>
   <div class='ocr_carea' id='block_1_37' title="bbox 203 2302 1798 2375">
    <p class='ocr_par' dir='ltr' id='par_1_37' title="bbox 203 2302 1798 2375">
     <span class='ocr_line' id='line_1_37' title="bbox 203 2302 1798 2375; baseline 0.001 -18"><span class='ocrx_word' id='word_1_290' title='bbox 203 2311 226 2340; x_wconf 76' lang='grc'><strong><em>⁸</em></strong></span> <span class='ocrx_word' id='word_1_291' title='bbox 248 2302 310 2357; x_wconf 86' lang='lat' dir='ltr'><strong>in</strong></span> <span class='ocrx_word' id='word_1_292' title='bbox 338 2302 641 2358; x_wconf 88' lang='lat' dir='ltr'><strong>dilectione</strong></span> <span class='ocrx_word' id='word_1_293' title='bbox 688 2303 858 2373; x_wconf 87' lang='lat' dir='ltr'><strong>ipsius</strong></span> <span class='ocrx_word' id='word_1_294' title='bbox 905 2318 1352 2373; x_wconf 88' lang='lat' dir='ltr'><strong>permaneamns,</strong></span> <span class='ocrx_word' id='word_1_295' title='bbox 1400 2313 1455 2359; x_wconf 88' lang='lat' dir='ltr'><strong>et</strong></span> <span class='ocrx_word' id='word_1_296' title='bbox 1498 2304 1639 2375; x_wconf 90' lang='lat' dir='ltr'><strong>quod</strong></span> <span class='ocrx_word' id='word_1_297' title='bbox 1671 2304 1798 2360; x_wconf 83' lang='lat' dir='ltr'><strong>vicit</strong></span> 
     </span>
    </p>
   </div>
   <div class='ocr_carea' id='block_1_38' title="bbox 200 2395 1797 2467">
    <p class='ocr_par' dir='ltr' id='par_1_38' title="bbox 200 2395 1797 2467">
     <span class='ocr_line' id='line_1_38' title="bbox 200 2395 1797 2467; baseline 0.002 -18"><span class='ocrx_word' id='word_1_298' title='bbox 200 2395 487 2461; x_wconf 81' lang='lat' dir='ltr'><strong>vincimus,</strong></span> <span class='ocrx_word' id='word_1_299' title='bbox 532 2404 591 2451; x_wconf 88' lang='lat' dir='ltr'><strong>et</strong></span> <span class='ocrx_word' id='word_1_300' title='bbox 626 2396 768 2467; x_wconf 88' lang='lat' dir='ltr'><strong>quod</strong></span> <span class='ocrx_word' id='word_1_301' title='bbox 802 2397 1047 2467; x_wconf 88' lang='lat' dir='ltr'><strong>promisit</strong></span> <span class='ocrx_word' id='word_1_302' title='bbox 1074 2398 1391 2467; x_wconf 89' lang='lat' dir='ltr'><strong>accipimus.</strong></span> <span class='ocrx_word' id='word_1_303' title='bbox 1425 2396 1561 2463; x_wconf 88' lang='lat' dir='ltr'><strong>Quia</strong></span> <span class='ocrx_word' id='word_1_304' title='bbox 1590 2396 1706 2453; x_wconf 91' lang='lat' dir='ltr'><strong>sive</strong></span> <span class='ocrx_word' id='word_1_305' title='bbox 1729 2397 1797 2452; x_wconf 89' lang='lat' dir='ltr'><strong>atl</strong></span> 
     </span>
    </p>
   </div>
   <div class='ocr_carea' id='block_1_39' title="bbox 200 2487 1795 2561">
    <p class='ocr_par' dir='ltr' id='par_1_39' title="bbox 200 2487 1795 2561">
     <span class='ocr_line' id='line_1_39' title="bbox 200 2487 1795 2561; baseline 0.002 -18"><span class='ocrx_word' id='word_1_306' title='bbox 200 2487 445 2543; x_wconf 79' lang='lat' dir='ltr'><strong>facienda</strong></span> <span class='ocrx_word' id='word_1_307' title='bbox 485 2489 775 2556; x_wconf 82' lang='lat' dir='ltr'><strong>mandata,</strong></span> <span class='ocrx_word' id='word_1_308' title='bbox 823 2491 937 2546; x_wconf 87' lang='lat' dir='ltr'><strong>sive</strong></span> <span class='ocrx_word' id='word_1_309' title='bbox 960 2489 1027 2545; x_wconf 89' lang='lat' dir='ltr'><strong>ad</strong></span> <span class='ocrx_word' id='word_1_310' title='bbox 1066 2490 1344 2546; x_wconf 91' lang='lat' dir='ltr'><strong>toleranda</strong></span> <span class='ocrx_word' id='word_1_311' title='bbox 1373 2490 1623 2558; x_wconf 90' lang='lat' dir='ltr'><strong>adversa,</strong></span> <span class='ocrx_word' id='word_1_312' title='bbox 1657 2505 1795 2561; x_wconf 73' lang='lat' dir='ltr'><strong>prte-</strong></span> 
     </span>
    </p>
   </div>
   <div class='ocr_carea' id='block_1_40' title="bbox 198 2579 1797 2652">
    <p class='ocr_par' dir='ltr' id='par_1_40' title="bbox 198 2579 1797 2652">
     <span class='ocr_line' id='line_1_40' title="bbox 198 2579 1797 2652; baseline 0.001 -17"><span class='ocrx_word' id='word_1_313' title='bbox 198 2580 361 2635; x_wconf 79' lang='lat' dir='ltr'><strong>nissa</strong></span> <span class='ocrx_word' id='word_1_314' title='bbox 392 2579 575 2635; x_wconf 87' lang='lat' dir='ltr'><strong>Patris</strong></span> <span class='ocrx_word' id='word_1_315' title='bbox 601 2595 705 2635; x_wconf 86' lang='lat' dir='ltr'><strong>vox</strong></span> <span class='ocrx_word' id='word_1_316' title='bbox 743 2581 904 2636; x_wconf 88' lang='lat' dir='ltr'><strong>debet</strong></span> <span class='ocrx_word' id='word_1_317' title='bbox 933 2595 1147 2652; x_wconf 89' lang='lat' dir='ltr'><strong>semper</strong></span> <span class='ocrx_word' id='word_1_318' title='bbox 1186 2582 1406 2637; x_wconf 84' lang='lat' dir='ltr'><strong>auribus</strong></span> <span class='ocrx_word' id='word_1_319' title='bbox 1436 2582 1637 2637; x_wconf 90' lang='lat' dir='ltr'><strong>nostris</strong></span> <span class='ocrx_word' id='word_1_320' title='bbox 1658 2579 1686 2619; x_wconf 72' lang='grc' dir='ltr'>ἀ</span> <span class='ocrx_word' id='word_1_321' title='bbox 1717 2582 1797 2637; x_wconf 92' lang='lat' dir='ltr'><strong>in-</strong></span> 
     </span>
    </p>
   </div>
   <div class='ocr_carea' id='block_1_41' title="bbox 196 2672 1798 2743">
    <p class='ocr_par' dir='ltr' id='par_1_41' title="bbox 196 2672 1798 2743">
     <span class='ocr_line' id='line_1_41' title="bbox 196 2672 1798 2743; baseline -0.001 -14"><span class='ocrx_word' id='word_1_322' title='bbox 196 2686 394 2729; x_wconf 79' lang='lat' dir='ltr'><strong>sanare</strong></span> <span class='ocrx_word' id='word_1_323' title='bbox 422 2672 658 2728; x_wconf 84' lang='lat' dir='ltr'><strong>dicentis</strong></span> <span class='ocrx_word' id='word_1_324' title='bbox 692 2691 703 2726; x_wconf 92' lang='lat'>:</span> <span class='ocrx_word' id='word_1_325' title='bbox 737 2672 841 2728; x_wconf 84' lang='lat' dir='ltr'><strong>Hie</strong></span> <span class='ocrx_word' id='word_1_326' title='bbox 866 2682 942 2728; x_wconf 88' lang='lat' dir='ltr'><strong>est</strong></span> <span class='ocrx_word' id='word_1_327' title='bbox 964 2672 1129 2727; x_wconf 83' lang='lat' dir='ltr'><strong>Filius</strong></span> <span class='ocrx_word' id='word_1_328' title='bbox 1155 2689 1298 2727; x_wconf 87' lang='lat' dir='ltr'><strong>meus</strong></span> <span class='ocrx_word' id='word_1_329' title='bbox 1336 2673 1575 2740; x_wconf 90' lang='lat' dir='ltr'><strong>dilectus,</strong></span> <span class='ocrx_word' id='word_1_330' title='bbox 1622 2674 1676 2727; x_wconf 88' lang='lat' dir='ltr'><strong>in</strong></span> <span class='ocrx_word' id='word_1_331' title='bbox 1698 2689 1798 2743; x_wconf 86' lang='lat' dir='ltr'><strong>quo</strong></span> 
     </span>
    </p>
   </div>
   <div class='ocr_carea' id='block_1_42' title="bbox 202 2762 1798 2836">
    <p class='ocr_par' dir='ltr' id='par_1_42' title="bbox 202 2762 1798 2836">
     <span class='ocr_line' id='line_1_42' title="bbox 202 2762 1798 2836; baseline 0.003 -20"><span class='ocrx_word' id='word_1_332' title='bbox 202 2762 325 2817; x_wconf 62' lang='lat' dir='ltr'><strong>mihi</strong></span> <span class='ocrx_word' id='word_1_333' title='bbox 364 2766 491 2819; x_wconf 87' lang='lat' dir='ltr'><strong>bene</strong></span> <span class='ocrx_word' id='word_1_334' title='bbox 530 2765 821 2834; x_wconf 83' lang='lat' dir='ltr'><strong>complacui</strong></span> <span class='ocrx_word' id='word_1_335' title='bbox 848 2780 867 2819; x_wconf 90' lang='lat'><strong><em>:</em></strong></span> <span class='ocrx_word' id='word_1_336' title='bbox 902 2766 1075 2834; x_wconf 86' lang='lat' dir='ltr'><strong>ipsum</strong></span> <span class='ocrx_word' id='word_1_337' title='bbox 1115 2766 1293 2819; x_wconf 81' lang='lat' dir='ltr'><strong>audite</strong></span> <span class='ocrx_word' id='word_1_338' title='bbox 1326 2783 1339 2819; x_wconf 90' lang='lat'><strong>:</strong></span> <span class='ocrx_word' id='word_1_339' title='bbox 1378 2774 1403 2803; x_wconf 80' lang='grc'><strong><em>⁸</em></strong></span> <span class='ocrx_word' id='word_1_340' title='bbox 1433 2766 1526 2836; x_wconf 90' lang='lat' dir='ltr'><strong>qui</strong></span> <span class='ocrx_word' id='word_1_341' title='bbox 1569 2765 1698 2820; x_wconf 82' lang='lat' dir='ltr'><strong>vivit</strong></span> <span class='ocrx_word' id='word_1_342' title='bbox 1744 2774 1798 2821; x_wconf 89' lang='lat' dir='ltr'><strong>et</strong></span> 
     </span>
    </p>
   </div>
   <div class='ocr_carea' id='block_1_43' title="bbox 198 2859 1798 2931">
    <p class='ocr_par' dir='ltr' id='par_1_43' title="bbox 198 2859 1798 2931">
     <span class='ocr_line' id='line_1_43' title="bbox 198 2859 1798 2931; baseline 0.003 -19"><span class='ocrx_word' id='word_1_343' title='bbox 198 2867 389 2928; x_wconf 83' lang='lat' dir='ltr'><strong>regnat</strong></span> <span class='ocrx_word' id='word_1_344' title='bbox 428 2874 557 2914; x_wconf 89' lang='lat' dir='ltr'><strong>cum</strong></span> <span class='ocrx_word' id='word_1_345' title='bbox 590 2859 749 2916; x_wconf 83' lang='lat' dir='ltr'><strong>Patre</strong></span> <span class='ocrx_word' id='word_1_346' title='bbox 772 2869 828 2916; x_wconf 89' lang='lat' dir='ltr'><strong>et</strong></span> <span class='ocrx_word' id='word_1_347' title='bbox 853 2859 1056 2931; x_wconf 90' lang='lat' dir='ltr'><strong>Spiritu</strong></span> <span class='ocrx_word' id='word_1_348' title='bbox 1084 2868 1273 2916; x_wconf 88' lang='lat' dir='ltr'><strong>sancto</strong></span> <span class='ocrx_word' id='word_1_349' title='bbox 1313 2860 1365 2916; x_wconf 92' lang='lat' dir='ltr'><strong>in</strong></span> <span class='ocrx_word' id='word_1_350' title='bbox 1396 2859 1590 2915; x_wconf 65' lang='lat' dir='ltr'><strong>saecula</strong></span> <span class='ocrx_word' id='word_1_351' title='bbox 1621 2875 1798 2916; x_wconf 65' lang='grc' dir='ltr'><strong>δέεαι-</strong></span> 
     </span>
    </p>
   </div>
   <div class='ocr_carea' id='block_1_44' title="bbox 200 2950 630 3009">
    <p class='ocr_par' dir='ltr' id='par_1_44' title="bbox 200 2950 630 3009">
     <span class='ocr_line' id='line_1_44' title="bbox 200 2950 630 3009; baseline 0.007 -4"><span class='ocrx_word' id='word_1_352' title='bbox 200 2950 397 3006; x_wconf 70' lang='lat' dir='ltr'><strong>lorum.</strong></span> <span class='ocrx_word' id='word_1_353' title='bbox 432 2952 630 3009; x_wconf 80' lang='lat' dir='ltr'><strong>Amen.</strong></span> 
     </span>
    </p>
   </div>
   <div class='ocr_carea' id='block_1_45' title="bbox 604 3046 1407 3123">
    <p class='ocr_par' dir='ltr' id='par_1_45' title="bbox 604 3046 1407 3123">
     <span class='ocr_line' id='line_1_45' title="bbox 604 3046 1407 3123; baseline -0.002 -18"><span class='ocrx_word' id='word_1_354' title='bbox 604 3047 764 3120; x_wconf 66' lang='grc' dir='ltr'><strong>ιω</strong></span> <span class='ocrx_word' id='word_1_355' title='bbox 791 3046 1025 3105; x_wconf 81' lang='lat' dir='ltr'><strong>SERMO</strong></span> <span class='ocrx_word' id='word_1_356' title='bbox 1054 3048 1139 3104; x_wconf 87' lang='lat' dir='ltr'><strong>Lll</strong></span> <span class='ocrx_word' id='word_1_357' title='bbox 1168 3047 1278 3123; x_wconf 77' lang='grc' dir='ltr'><strong>[Αι.</strong></span> <span class='ocrx_word' id='word_1_358' title='bbox 1321 3047 1407 3122; x_wconf 90' lang='lat' dir='ltr'><strong>L].</strong></span> 
     </span>
    </p>
   </div>
   <div class='ocr_carea' id='block_1_46' title="bbox 302 3163 1704 3224">
    <p class='ocr_par' dir='ltr' id='par_1_46' title="bbox 302 3163 1704 3224">
     <span class='ocr_line' id='line_1_46' title="bbox 302 3163 1704 3224; baseline 0.004 -5"><span class='ocrx_word' id='word_1_359' title='bbox 302 3163 327 3203; x_wconf 71' lang='grc' dir='ltr'>ί</span> <span class='ocrx_word' id='word_1_360' title='bbox 351 3163 430 3220; x_wconf 89' lang='lat' dir='ltr'><strong>De</strong></span> <span class='ocrx_word' id='word_1_361' title='bbox 468 3165 720 3223; x_wconf 83' lang='lat' dir='ltr'><strong>Passione</strong></span> <span class='ocrx_word' id='word_1_362' title='bbox 760 3166 969 3222; x_wconf 81' lang='lat' dir='ltr'><strong>Domini</strong></span> <span class='ocrx_word' id='word_1_363' title='bbox 994 3166 1046 3224; x_wconf 89' lang='grc'><strong>1.</strong></span> <span class='ocrx_word' id='word_1_364' title='bbox 1071 3167 1295 3223; x_wconf 77' lang='lat' dir='ltr'><strong>Habitus</strong></span> <span class='ocrx_word' id='word_1_365' title='bbox 1323 3166 1579 3223; x_wconf 88' lang='lat' dir='ltr'><strong>dominico</strong></span> <span class='ocrx_word' id='word_1_366' title='bbox 1603 3169 1704 3224; x_wconf 89' lang='lat' dir='ltr'><strong>die.</strong></span> 
     </span>
    </p>
   </div>
   <div class='ocr_carea' id='block_1_47' title="bbox 203 3280 1791 3343">
    <p class='ocr_par' dir='ltr' id='par_1_47' title="bbox 203 3280 1791 3343">
     <span class='ocr_line' id='line_1_47' title="bbox 203 3280 1791 3343; baseline 0.004 -6"><span class='ocrx_word' id='word_1_367' title='bbox 203 3280 478 3338; x_wconf 72' lang='lat' dir='ltr'><strong>Sutorsu.</strong></span> <span class='ocrx_word' id='word_1_368' title='bbox 498 3312 574 3324; x_wconf 89' lang='lat'><strong>-—-</strong></span> <span class='ocrx_word' id='word_1_369' title='bbox 596 3283 640 3342; x_wconf 90' lang='lat' dir='ltr'><strong>l.</strong></span> <span class='ocrx_word' id='word_1_370' title='bbox 674 3282 779 3339; x_wconf 85' lang='lat' dir='ltr'><strong>Per</strong></span> <span class='ocrx_word' id='word_1_371' title='bbox 808 3286 974 3340; x_wconf 88' lang='lat' dir='ltr'><strong>solam</strong></span> <span class='ocrx_word' id='word_1_372' title='bbox 1018 3284 1172 3342; x_wconf 80' lang='lat' dir='ltr'><strong>Verbi</strong></span> <span class='ocrx_word' id='word_1_373' title='bbox 1200 3286 1627 3342; x_wconf 71' lang='lat' dir='ltr'><strong>incarnationem.</strong></span> <span class='ocrx_word' id='word_1_374' title='bbox 1646 3287 1791 3343; x_wconf 83' lang='lat' dir='ltr'><strong>salu-</strong></span> 
     </span>
    </p>
   </div>
   <div class='ocr_carea' id='block_1_48' title="bbox 271 3353 1796 3429">
    <p class='ocr_par' dir='ltr' id='par_1_48' title="bbox 271 3353 1796 3429">
     <span class='ocr_line' id='line_1_48' title="bbox 271 3353 1796 3429; baseline 0.005 -22"><span class='ocrx_word' id='word_1_375' title='bbox 271 3366 371 3407; x_wconf 85' lang='lat' dir='ltr'><strong>tem</strong></span> <span class='ocrx_word' id='word_1_376' title='bbox 392 3353 594 3408; x_wconf 78' lang='lat' dir='ltr'><strong>homini</strong></span> <span class='ocrx_word' id='word_1_377' title='bbox 619 3357 928 3429; x_wconf 81' lang='lat' dir='ltr'><strong>contingere,</strong></span> <span class='ocrx_word' id='word_1_378' title='bbox 946 3360 1094 3429; x_wconf 86' lang='lat' dir='ltr'><strong>cujus</strong></span> <span class='ocrx_word' id='word_1_379' title='bbox 1121 3358 1248 3425; x_wconf 75' lang='lat' dir='ltr'><strong>ﬁdes</strong></span> <span class='ocrx_word' id='word_1_380' title='bbox 1261 3358 1413 3412; x_wconf 86' lang='lat' dir='ltr'><strong>etiam</strong></span> <span class='ocrx_word' id='word_1_381' title='bbox 1429 3360 1481 3412; x_wconf 87' lang='lat' dir='ltr'><strong>in</strong></span> <span class='ocrx_word' id='word_1_382' title='bbox 1502 3359 1796 3429; x_wconf 85' lang='lat' dir='ltr'><strong>veteriTe-</strong></span> 
     </span>
    </p>
   </div>
   <div class='ocr_carea' id='block_1_49' title="bbox 270 3428 1796 3499">
    <p class='ocr_par' dir='ltr' id='par_1_49' title="bbox 270 3428 1796 3499">
     <span class='ocr_line' id='line_1_49' title="bbox 270 3428 1796 3499; baseline 0.003 -18"><span class='ocrx_word' id='word_1_383' title='bbox 270 3435 530 3499; x_wconf 80' lang='lat' dir='ltr'><strong>stamento</strong></span> <span class='ocrx_word' id='word_1_384' title='bbox 557 3437 605 3479; x_wconf 86' lang='lat' dir='ltr'><strong>et</strong></span> <span class='ocrx_word' id='word_1_385' title='bbox 635 3436 755 3481; x_wconf 88' lang='lat' dir='ltr'><strong>ante</strong></span> <span class='ocrx_word' id='word_1_386' title='bbox 786 3428 946 3499; x_wconf 88' lang='lat' dir='ltr'><strong>legem</strong></span> <span class='ocrx_word' id='word_1_387' title='bbox 980 3428 1286 3482; x_wconf 84' lang='lat' dir='ltr'><strong>necessaria.</strong></span> <span class='ocrx_word' id='word_1_388' title='bbox 1317 3459 1388 3468; x_wconf 89' lang='lat'><strong>-—</strong></span> <span class='ocrx_word' id='word_1_389' title='bbox 1411 3429 1473 3483; x_wconf 87' lang='lat' dir='ltr'><strong>ll.</strong></span> <span class='ocrx_word' id='word_1_390' title='bbox 1507 3428 1609 3483; x_wconf 87' lang='lat' dir='ltr'><strong>Per</strong></span> <span class='ocrx_word' id='word_1_391' title='bbox 1646 3428 1796 3485; x_wconf 84' lang='lat' dir='ltr'><strong>Verbi</strong></span> 
     </span>
    </p>
   </div>
   <div class='ocr_carea' id='block_1_50' title="bbox 267 3498 1792 3623">
    <p class='ocr_par' dir='ltr' id='par_1_50' title="bbox 267 3498 1792 3623">
     <span class='ocr_line' id='line_1_50' title="bbox 267 3498 1792 3623; baseline 0.005 -74"><span class='ocrx_word' id='word_1_392' title='bbox 267 3498 558 3623; x_wconf 62' lang='lat' dir='ltr'><strong>munitioni</strong></span> <span class='ocrx_word' id='word_1_393' title='bbox 594 3506 642 3551; x_wconf 90' lang='lat' dir='ltr'><strong>et</strong></span> <span class='ocrx_word' id='word_1_394' title='bbox 676 3498 846 3552; x_wconf 89' lang='lat' dir='ltr'><strong>carnis</strong></span> <span class='ocrx_word' id='word_1_395' title='bbox 894 3499 1252 3564; x_wconf 82' lang='lat' dir='ltr'><strong>humilitatem,</strong></span> <span class='ocrx_word' id='word_1_396' title='bbox 1289 3500 1508 3555; x_wconf 83' lang='lat' dir='ltr'><strong>salutem</strong></span> <span class='ocrx_word' id='word_1_397' title='bbox 1558 3503 1695 3573; x_wconf 87' lang='lat' dir='ltr'><strong>pari.</strong></span> <span class='ocrx_word' id='word_1_398' title='bbox 1721 3532 1792 3547; x_wconf 77' lang='grc' dir='ltr'><strong>σ-</strong></span> 
     </span>
     <span class='ocr_line' id='line_1_51' title="bbox 348 3566 1790 3623; baseline 0.001 -2"><span class='ocrx_word' id='word_1_399' title='bbox 348 3609 359 3621; x_wconf 94' lang='grc'>.</span> <span class='ocrx_word' id='word_1_400' title='bbox 398 3566 527 3622; x_wconf 73' lang='lat' dir='ltr'><strong>Non</strong></span> <span class='ocrx_word' id='word_1_401' title='bbox 575 3570 912 3623; x_wconf 72' lang='lat' dir='ltr'><strong>spernendam</strong></span> <span class='ocrx_word' id='word_1_402' title='bbox 940 3571 1054 3623; x_wconf 81' lang='lat' dir='ltr'><strong>eius</strong></span> <span class='ocrx_word' id='word_1_403' title='bbox 1099 3586 1302 3623; x_wconf 81' lang='lat' dir='ltr'><strong>crucem</strong></span> <span class='ocrx_word' id='word_1_404' title='bbox 1342 3583 1389 3623; x_wconf 87' lang='lat' dir='ltr'><strong>et</strong></span> <span class='ocrx_word' id='word_1_405' title='bbox 1427 3572 1790 3623; x_wconf 78' lang='lat' dir='ltr'><strong>abiectionem-</strong></span> 
     </span>
    </p>
   </div>
   <div class='ocr_carea' id='block_1_51' title="bbox 348 3566 1790 3645">
    <p class='ocr_par' dir='ltr' id='par_1_51' title="bbox 348 3566 1790 3645">
     <span class='ocr_line' id='line_1_52' title="bbox 348 3566 1790 3645; baseline 0.006 -24"><span class='ocrx_word' id='word_1_406' title='bbox 348 3609 359 3645; x_wconf 53' lang='grc' dir='ltr'><em>τ</em></span> <span class='ocrx_word' id='word_1_407' title='bbox 398 3566 527 3645; x_wconf 63' lang='lat' dir='ltr'><strong>Non</strong></span> <span class='ocrx_word' id='word_1_408' title='bbox 575 3570 912 3645; x_wconf 73' lang='lat' dir='ltr'><strong>spernendam</strong></span> <span class='ocrx_word' id='word_1_409' title='bbox 940 3571 1054 3641; x_wconf 79' lang='lat' dir='ltr'><strong>ejus</strong></span> <span class='ocrx_word' id='word_1_410' title='bbox 1099 3586 1302 3624; x_wconf 80' lang='lat' dir='ltr'><strong>crucem</strong></span> <span class='ocrx_word' id='word_1_411' title='bbox 1342 3583 1389 3645; x_wconf 85' lang='lat' dir='ltr'><strong>et</strong></span> <span class='ocrx_word' id='word_1_412' title='bbox 1427 3566 1790 3645; x_wconf 67' lang='lat' dir='ltr'><strong>objectionem,</strong></span> 
     </span>
    </p>
   </div>
   <div class='ocr_carea' id='block_1_52' title="bbox 268 3640 1793 3764">
    <p class='ocr_par' dir='ltr' id='par_1_52' title="bbox 268 3640 1793 3764">
     <span class='ocr_line' id='line_1_53' title="bbox 268 3640 1793 3764; baseline 0.004 -73"><span class='ocrx_word' id='word_1_413' title='bbox 268 3641 356 3764; x_wconf 51' lang='lat' dir='ltr'><strong>fni</strong></span> <span class='ocrx_word' id='word_1_414' title='bbox 382 3640 541 3693; x_wconf 80' lang='lat' dir='ltr'><strong>unico</strong></span> <span class='ocrx_word' id='word_1_415' title='bbox 574 3640 723 3694; x_wconf 80' lang='lat' dir='ltr'><strong>verba</strong></span> <span class='ocrx_word' id='word_1_416' title='bbox 754 3642 807 3724; x_wconf 77' lang='lat' dir='ltr'><strong>in</strong></span> <span class='ocrx_word' id='word_1_417' title='bbox 840 3644 1082 3723; x_wconf 40' lang='lat' dir='ltr'><strong>passione.</strong></span> <span class='ocrx_word' id='word_1_418' title='bbox 1103 3640 1686 3725; x_wconf 42' lang='lat' dir='ltr'><strong>prostravit&#39;sat&#39;ellites.</strong></span> <span class='ocrx_word' id='word_1_419' title='bbox 1722 3674 1793 3686; x_wconf 93' lang='lat'><strong>—</strong></span> 
     </span>
     <span class='ocr_line' id='line_1_54' title="bbox 296 3707 1793 3764; baseline 0.001 -2"><span class='ocrx_word' id='word_1_420' title='bbox 296 3709 359 3763; x_wconf 70' lang='grc' dir='ltr'><strong>ν.</strong></span> <span class='ocrx_word' id='word_1_421' title='bbox 394 3707 442 3764; x_wconf 80' lang='grc' dir='ltr'><em>Π</em></span> <span class='ocrx_word' id='word_1_422' title='bbox 449 3711 555 3764; x_wconf 79' lang='lat' dir='ltr'><strong>ltro</strong></span> <span class='ocrx_word' id='word_1_423' title='bbox 580 3727 634 3764; x_wconf 84' lang='lat' dir='ltr'><strong>se</strong></span> <span class='ocrx_word' id='word_1_424' title='bbox 659 3708 924 3764; x_wconf 78' lang='lat' dir='ltr'><strong>Christum</strong></span> <span class='ocrx_word' id='word_1_425' title='bbox 949 3714 1220 3764; x_wconf 84' lang='lat' dir='ltr'><strong>tradtdtsse</strong></span> <span class='ocrx_word' id='word_1_426' title='bbox 1248 3724 1421 3764; x_wconf 87' lang='lat' dir='ltr'><strong>ntortt.</strong></span> <span class='ocrx_word' id='word_1_427' title='bbox 1453 3717 1541 3764; x_wconf 86' lang='lat' dir='ltr'><strong>ani</strong></span> <span class='ocrx_word' id='word_1_428' title='bbox 1569 3725 1617 3764; x_wconf 91' lang='lat' dir='ltr'><strong>et</strong></span> <span class='ocrx_word' id='word_1_429' title='bbox 1646 3713 1793 3764; x_wconf 84' lang='lat' dir='ltr'><strong>Petri</strong></span> 
     </span>
    </p>
   </div>
   <div class='ocr_carea' id='block_1_53' title="bbox 296 3707 1793 3781">
    <p class='ocr_par' dir='ltr' id='par_1_53' title="bbox 296 3707 1793 3781">
     <span class='ocr_line' id='line_1_55' title="bbox 296 3707 1793 3781; baseline 0.006 -19"><span class='ocrx_word' id='word_1_430' title='bbox 296 3709 359 3763; x_wconf 71' lang='grc' dir='ltr'><strong>ν.</strong></span> <span class='ocrx_word' id='word_1_431' title='bbox 394 3707 555 3765; x_wconf 84' lang='lat' dir='ltr'><strong>Ultro</strong></span> <span class='ocrx_word' id='word_1_432' title='bbox 580 3727 634 3765; x_wconf 87' lang='lat' dir='ltr'><strong>se</strong></span> <span class='ocrx_word' id='word_1_433' title='bbox 659 3707 924 3765; x_wconf 74' lang='lat' dir='ltr'><strong>Christum</strong></span> <span class='ocrx_word' id='word_1_434' title='bbox 949 3707 1220 3766; x_wconf 77' lang='lat' dir='ltr'><strong>tradidisse</strong></span> <span class='ocrx_word' id='word_1_435' title='bbox 1248 3714 1421 3774; x_wconf 84' lang='lat' dir='ltr'><strong>morti.</strong></span> <span class='ocrx_word' id='word_1_436' title='bbox 1453 3717 1541 3781; x_wconf 86' lang='lat' dir='ltr'><strong>qui</strong></span> <span class='ocrx_word' id='word_1_437' title='bbox 1569 3725 1617 3768; x_wconf 89' lang='lat' dir='ltr'><strong>et</strong></span> <span class='ocrx_word' id='word_1_438' title='bbox 1646 3713 1793 3771; x_wconf 88' lang='lat' dir='ltr'><strong>Petri</strong></span> 
     </span>
    </p>
   </div>
   <div class='ocr_carea' id='block_1_54' title="bbox 270 3783 1794 3852">
    <p class='ocr_par' dir='ltr' id='par_1_54' title="bbox 270 3783 1794 3852">
     <span class='ocr_line' id='line_1_56' title="bbox 270 3783 1794 3852; baseline 0.005 -18"><span class='ocrx_word' id='word_1_439' title='bbox 270 3784 441 3852; x_wconf 65' lang='lat' dir='ltr'><strong>selum</strong></span> <span class='ocrx_word' id='word_1_440' title='bbox 468 3784 735 3852; x_wconf 81' lang='lat' dir='ltr'><strong>repressit,</strong></span> <span class='ocrx_word' id='word_1_441' title='bbox 765 3793 810 3836; x_wconf 90' lang='lat' dir='ltr'><strong>et</strong></span> <span class='ocrx_word' id='word_1_442' title='bbox 843 3785 972 3836; x_wconf 86' lang='lat' dir='ltr'><strong>servi</strong></span> <span class='ocrx_word' id='word_1_443' title='bbox 1012 3799 1187 3838; x_wconf 88' lang='lat' dir='ltr'><strong>aurem</strong></span> <span class='ocrx_word' id='word_1_444' title='bbox 1206 3783 1595 3841; x_wconf 88' lang='lat' dir='ltr'><strong>restituit.—V.</strong></span> <span class='ocrx_word' id='word_1_445' title='bbox 1624 3786 1794 3842; x_wconf 78' lang='lat' dir='ltr'><strong>Morte</strong></span> 
     </span>
    </p>
   </div>
   <div class='ocr_carea' id='block_1_55' title="bbox 269 3851 1795 3928">
    <p class='ocr_par' dir='ltr' id='par_1_55' title="bbox 269 3851 1795 3928">
     <span class='ocr_line' id='line_1_57' title="bbox 269 3851 1795 3928; baseline 0.006 -23"><span class='ocrx_word' id='word_1_446' title='bbox 269 3851 465 3906; x_wconf 67' lang='lat' dir='ltr'><strong>Christi</strong></span> <span class='ocrx_word' id='word_1_447' title='bbox 490 3851 587 3928; x_wconf 78' lang='lat' dir='ltr'><strong>nos</strong></span> <span class='ocrx_word' id='word_1_448' title='bbox 608 3854 838 3928; x_wconf 80' lang='lat' dir='ltr'><strong>liberari,</strong></span> <span class='ocrx_word' id='word_1_449' title='bbox 863 3852 1075 3928; x_wconf 27' lang='lat' dir='ltr'><strong>Jud‘teos</strong></span> <span class='ocrx_word' id='word_1_450' title='bbox 1105 3854 1367 3928; x_wconf 78' lang='lat' dir='ltr'><strong>etJudam</strong></span> <span class='ocrx_word' id='word_1_451' title='bbox 1409 3858 1683 3924; x_wconf 73' lang='lat' dir='ltr'><strong>accusari;</strong></span> <span class='ocrx_word' id='word_1_452' title='bbox 1706 3858 1795 3928; x_wconf 75' lang='lat' dir='ltr'><strong>qui</strong></span> 
     </span>
    </p>
   </div>
   <div class='ocr_carea' id='block_1_56' title="bbox 270 3925 1280 3997">
    <p class='ocr_par' dir='ltr' id='par_1_56' title="bbox 270 3925 1280 3997">
     <span class='ocr_line' id='line_1_58' title="bbox 270 3925 1280 3997; baseline 0.006 -22"><span class='ocrx_word' id='word_1_453' title='bbox 270 3934 438 3977; x_wconf 79' lang='lat' dir='ltr'><strong>tamen</strong></span> <span class='ocrx_word' id='word_1_454' title='bbox 466 3925 627 3978; x_wconf 88' lang='lat' dir='ltr'><strong>etiam</strong></span> <span class='ocrx_word' id='word_1_455' title='bbox 656 3926 937 3997; x_wconf 82' lang='lat' dir='ltr'><strong>potuissent</strong></span> <span class='ocrx_word' id='word_1_456' title='bbox 963 3925 1056 3980; x_wconf 89' lang='lat' dir='ltr'><strong>illa</strong></span> <span class='ocrx_word' id='word_1_457' title='bbox 1077 3926 1280 3981; x_wconf 86' lang='lat' dir='ltr'><strong>redimi.</strong></span> 
     </span>
    </p>
   </div>
   <div class='ocr_carea' id='block_1_57' title="bbox 269 4057 1795 4125">
    <p class='ocr_par' dir='ltr' id='par_1_57' title="bbox 269 4057 1795 4125">
     <span class='ocr_line' id='line_1_59' title="bbox 269 4057 1795 4125; baseline 0.002 -12"><span class='ocrx_word' id='word_1_458' title='bbox 269 4058 396 4114; x_wconf 70' lang='lat' dir='ltr'><strong>Car.</strong></span> <span class='ocrx_word' id='word_1_459' title='bbox 427 4057 472 4112; x_wconf 89' lang='grc' dir='ltr'><strong>Ι.</strong></span> <span class='ocrx_word' id='word_1_460' title='bbox 494 4086 571 4099; x_wconf 92' lang='lat'><strong>—-</strong></span> <span class='ocrx_word' id='word_1_461' title='bbox 596 4067 624 4107; x_wconf 75' lang='grc' dir='ltr'>ι</span> <span class='ocrx_word' id='word_1_462' title='bbox 645 4057 1082 4125; x_wconf 86' lang='lat' dir='ltr'><strong>Sacrameutum,</strong></span> <span class='ocrx_word' id='word_1_463' title='bbox 1110 4057 1469 4122; x_wconf 84' lang='lat' dir='ltr'><strong>dilectissimi.</strong></span> <span class='ocrx_word' id='word_1_464' title='bbox 1500 4059 1795 4116; x_wconf 64' lang='lat' dir='ltr'><strong>Dominicis</strong></span> 
     </span>
    </p>
   </div>
   <div class='ocr_carea' id='block_1_58' title="bbox 211 4152 1796 4224">
    <p class='ocr_par' dir='ltr' id='par_1_58' title="bbox 211 4152 1796 4224">
     <span class='ocr_line' id='line_1_60' title="bbox 211 4152 1796 4224; baseline 0.001 -17"><span class='ocrx_word' id='word_1_465' title='bbox 211 4152 491 4224; x_wconf 62' lang='lat' dir='ltr'><strong>passionis,</strong></span> <span class='ocrx_word' id='word_1_466' title='bbox 516 4165 681 4223; x_wconf 88' lang='lat' dir='ltr'><strong>quam</strong></span> <span class='ocrx_word' id='word_1_467' title='bbox 711 4152 973 4208; x_wconf 82' lang='lat' dir='ltr'><strong>Dominus</strong></span> <span class='ocrx_word' id='word_1_468' title='bbox 1000 4154 1178 4224; x_wconf 71' lang='lat' dir='ltr'><strong>Iesus,</strong></span> <span class='ocrx_word' id='word_1_469' title='bbox 1207 4152 1301 4208; x_wconf 89' lang='lat' dir='ltr'><strong>Dei</strong></span> <span class='ocrx_word' id='word_1_470' title='bbox 1332 4152 1531 4222; x_wconf 84' lang='lat' dir='ltr'><strong>Filius,</strong></span> <span class='ocrx_word' id='word_1_471' title='bbox 1566 4168 1666 4224; x_wconf 90' lang='lat' dir='ltr'><strong>pro</strong></span> <span class='ocrx_word' id='word_1_472' title='bbox 1694 4155 1796 4209; x_wconf 87' lang='lat' dir='ltr'><strong>hu-</strong></span> 
     </span>
    </p>
   </div>
   <div class='ocr_carea' id='block_1_59' title="bbox 212 4244 1799 4317">
    <p class='ocr_par' dir='ltr' id='par_1_59' title="bbox 212 4244 1799 4317">
     <span class='ocr_line' id='line_1_61' title="bbox 212 4244 1799 4317; baseline 0.002 -17"><span class='ocrx_word' id='word_1_473' title='bbox 212 4246 341 4300; x_wconf 76' lang='lat' dir='ltr'><strong>mani</strong></span> <span class='ocrx_word' id='word_1_474' title='bbox 367 4245 593 4315; x_wconf 77' lang='lat' dir='ltr'><strong>generis</strong></span> <span class='ocrx_word' id='word_1_475' title='bbox 608 4244 785 4300; x_wconf 87' lang='lat' dir='ltr'><strong>salute</strong></span> <span class='ocrx_word' id='word_1_476' title='bbox 804 4247 1062 4317; x_wconf 85' lang='lat' dir='ltr'><strong>suscepit,</strong></span> <span class='ocrx_word' id='word_1_477' title='bbox 1087 4255 1144 4303; x_wconf 90' lang='lat' dir='ltr'><strong>et</strong></span> <span class='ocrx_word' id='word_1_478' title='bbox 1162 4248 1303 4302; x_wconf 90' lang='lat' dir='ltr'><strong>sicut</strong></span> <span class='ocrx_word' id='word_1_479' title='bbox 1323 4247 1592 4317; x_wconf 90' lang='lat' dir='ltr'><strong>promisit,</strong></span> <span class='ocrx_word' id='word_1_480' title='bbox 1619 4248 1799 4303; x_wconf 82' lang='lat' dir='ltr'><strong>omnia</strong></span> 
     </span>
    </p>
   </div>
   <div class='ocr_carea' id='block_1_60' title="bbox 274 4428 1136 4497">
    <p class='ocr_par' dir='ltr' id='par_1_60' title="bbox 274 4428 1136 4497">
     <span class='ocr_line' id='line_1_62' title="bbox 274 4428 1136 4497; baseline -0.001 -14"><span class='ocrx_word' id='word_1_481' title='bbox 274 4438 298 4467; x_wconf 81' lang='grc'><strong><em>⁸</em></strong></span> <span class='ocrx_word' id='word_1_482' title='bbox 329 4429 480 4484; x_wconf 86' lang='lat' dir='ltr'><strong>Idem</strong></span> <span class='ocrx_word' id='word_1_483' title='bbox 506 4428 682 4484; x_wconf 85' lang='lat' dir='ltr'><strong>codex</strong></span> <span class='ocrx_word' id='word_1_484' title='bbox 709 4428 873 4493; x_wconf 81' lang='lat' dir='ltr'><strong>Ven.,</strong></span> <span class='ocrx_word' id='word_1_485' title='bbox 908 4437 1136 4497; x_wconf 85' lang='lat' dir='ltr'><strong>pactum.</strong></span> 
     </span>
    </p>
   </div>
   <div class='ocr_carea' id='block_1_61' title="bbox 274 4497 1795 4569">
    <p class='ocr_par' dir='ltr' id='par_1_61' title="bbox 274 4497 1795 4569">
     <span class='ocr_line' id='line_1_63' title="bbox 274 4497 1795 4569; baseline -0.001 -14"><span class='ocrx_word' id='word_1_486' title='bbox 274 4498 301 4538; x_wconf 72' lang='grc' dir='ltr'>δ</span> <span class='ocrx_word' id='word_1_487' title='bbox 323 4500 605 4555; x_wconf 83' lang='lat' dir='ltr'><strong>Laudatus</strong></span> <span class='ocrx_word' id='word_1_488' title='bbox 625 4500 747 4555; x_wconf 91' lang='lat' dir='ltr'><strong>cod.</strong></span> <span class='ocrx_word' id='word_1_489' title='bbox 760 4544 776 4569; x_wconf 90' lang='lat'><strong>,</strong></span> <span class='ocrx_word' id='word_1_490' title='bbox 800 4497 923 4555; x_wconf 86' lang='lat' dir='ltr'><strong>Fiat</strong></span> <span class='ocrx_word' id='word_1_491' title='bbox 943 4516 1022 4554; x_wconf 76' lang='lat' dir='ltr'><strong>me</strong></span> <span class='ocrx_word' id='word_1_492' title='bbox 1042 4501 1237 4554; x_wconf 79' lang='lat' dir='ltr'><strong>volente</strong></span> <span class='ocrx_word' id='word_1_493' title='bbox 1260 4498 1398 4567; x_wconf 86' lang='lat' dir='ltr'><strong>quod</strong></span> <span class='ocrx_word' id='word_1_494' title='bbox 1412 4498 1519 4554; x_wconf 76' lang='lat' dir='ltr'><strong>vult</strong></span> <span class='ocrx_word' id='word_1_495' title='bbox 1538 4498 1795 4555; x_wconf 85' lang='lat' dir='ltr'><strong>Christus.</strong></span> 
     </span>
    </p>
   </div>
   <div class='ocr_carea' id='block_1_62' title="bbox 276 4570 1823 4641">
    <p class='ocr_par' dir='ltr' id='par_1_62' title="bbox 276 4570 1823 4641">
     <span class='ocr_line' id='line_1_64' title="bbox 276 4570 1823 4641; baseline 0 -15"><span class='ocrx_word' id='word_1_496' title='bbox 276 4582 297 4610; x_wconf 74' lang='grc' dir='ltr'>ε</span> <span class='ocrx_word' id='word_1_497' title='bbox 330 4570 778 4641; x_wconf 71' lang='lat' dir='ltr'><strong>Praepositionem</strong></span> <span class='ocrx_word' id='word_1_498' title='bbox 804 4573 859 4626; x_wconf 89' lang='lat' dir='ltr'><strong>in</strong></span> <span class='ocrx_word' id='word_1_499' title='bbox 890 4570 1255 4641; x_wconf 79' lang='lat' dir='ltr'><strong>hocsecundo</strong></span> <span class='ocrx_word' id='word_1_500' title='bbox 1277 4571 1398 4624; x_wconf 86' lang='lat' dir='ltr'><strong>loco</strong></span> <span class='ocrx_word' id='word_1_501' title='bbox 1422 4571 1678 4641; x_wconf 90' lang='lat' dir='ltr'><strong>omittunt</strong></span> <span class='ocrx_word' id='word_1_502' title='bbox 1700 4571 1823 4641; x_wconf 41' lang='lat' dir='ltr'><strong>alia</strong></span> 
     </span>
    </p>
   </div>
   <div class='ocr_carea' id='block_1_63' title="bbox 218 4639 1801 4708">
    <p class='ocr_par' dir='ltr' id='par_1_63' title="bbox 218 4639 1801 4708">
     <span class='ocr_line' id='line_1_65' title="bbox 218 4639 1801 4708; baseline 0.001 -13"><span class='ocrx_word' id='word_1_503' title='bbox 218 4654 330 4705; x_wconf 69' lang='lat' dir='ltr'><strong>sunt</strong></span> <span class='ocrx_word' id='word_1_504' title='bbox 368 4639 503 4696; x_wconf 81' lang='lat' dir='ltr'><strong>mss.</strong></span> <span class='ocrx_word' id='word_1_505' title='bbox 547 4639 693 4697; x_wconf 88' lang='lat' dir='ltr'><strong>Vatt.</strong></span> <span class='ocrx_word' id='word_1_506' title='bbox 740 4639 924 4697; x_wconf 80' lang='lat' dir='ltr'><strong>Codex</strong></span> <span class='ocrx_word' id='word_1_507' title='bbox 975 4640 1209 4696; x_wconf 86' lang='lat' dir='ltr'><strong>Venetus</strong></span> <span class='ocrx_word' id='word_1_508' title='bbox 1241 4640 1477 4708; x_wconf 75' lang='lat' dir='ltr'><strong>praeterit</strong></span> <span class='ocrx_word' id='word_1_509' title='bbox 1506 4652 1551 4694; x_wconf 86' lang='lat' dir='ltr'><strong>et</strong></span> <span class='ocrx_word' id='word_1_510' title='bbox 1590 4642 1642 4695; x_wconf 88' lang='lat' dir='ltr'><strong>in</strong></span> <span class='ocrx_word' id='word_1_511' title='bbox 1670 4640 1801 4696; x_wconf 82' lang='lat' dir='ltr'><strong>dile-</strong></span> 
     </span>
    </p>
   </div>
   <div class='ocr_carea' id='block_1_64' title="bbox 220 4711 1798 4783">
    <p class='ocr_par' dir='ltr' id='par_1_64' title="bbox 220 4711 1798 4783">
     <span class='ocr_line' id='line_1_66' title="bbox 220 4711 1798 4783; baseline 0.001 -18"><span class='ocrx_word' id='word_1_512' title='bbox 220 4715 383 4765; x_wconf 81' lang='lat' dir='ltr'><strong>ctione.</strong></span> <span class='ocrx_word' id='word_1_513' title='bbox 418 4713 563 4775; x_wconf 70' lang='lat' dir='ltr'><strong>Mox,</strong></span> <span class='ocrx_word' id='word_1_514' title='bbox 590 4713 728 4781; x_wconf 84' lang='lat' dir='ltr'><strong>quod</strong></span> <span class='ocrx_word' id='word_1_515' title='bbox 746 4715 886 4779; x_wconf 72' lang='lat' dir='ltr'><strong>uicit,</strong></span> <span class='ocrx_word' id='word_1_516' title='bbox 912 4713 1146 4779; x_wconf 81' lang='lat' dir='ltr'><strong>uicimus,</strong></span> <span class='ocrx_word' id='word_1_517' title='bbox 1168 4720 1216 4767; x_wconf 76' lang='lat' dir='ltr'><strong>et</strong></span> <span class='ocrx_word' id='word_1_518' title='bbox 1235 4711 1373 4783; x_wconf 78' lang='lat' dir='ltr'><strong>quod</strong></span> <span class='ocrx_word' id='word_1_519' title='bbox 1395 4712 1626 4782; x_wconf 81' lang='lat' dir='ltr'><strong>promisit</strong></span> <span class='ocrx_word' id='word_1_520' title='bbox 1647 4726 1798 4767; x_wconf 84' lang='lat' dir='ltr'><strong>acce-</strong></span> 
     </span>
    </p>
   </div>
   <div class='ocr_carea' id='block_1_65' title="bbox 222 4784 887 4853">
    <p class='ocr_par' dir='ltr' id='par_1_65' title="bbox 222 4784 887 4853">
     <span class='ocr_line' id='line_1_67' title="bbox 222 4784 887 4853; baseline 0.005 -19"><span class='ocrx_word' id='word_1_521' title='bbox 222 4785 370 4853; x_wconf 62' lang='lat' dir='ltr'><strong>pi-ns</strong></span> <span class='ocrx_word' id='word_1_522' title='bbox 404 4786 463 4836; x_wconf 78' lang='lat' dir='ltr'><strong>its</strong></span> <span class='ocrx_word' id='word_1_523' title='bbox 489 4798 603 4837; x_wconf 88' lang='lat' dir='ltr'><strong>uno</strong></span> <span class='ocrx_word' id='word_1_524' title='bbox 627 4799 728 4838; x_wconf 88' lang='lat' dir='ltr'><strong>ms.</strong></span> <span class='ocrx_word' id='word_1_525' title='bbox 764 4784 887 4839; x_wconf 83' lang='lat' dir='ltr'><strong>Vat.</strong></span> 
     </span>
    </p>
   </div>
   <div class='ocr_carea' id='block_1_66' title="bbox 278 4854 1119 4921">
    <p class='ocr_par' dir='ltr' id='par_1_66' title="bbox 278 4854 1119 4921">
     <span class='ocr_line' id='line_1_68' title="bbox 278 4854 1119 4921; baseline -0.004 -10"><span class='ocrx_word' id='word_1_526' title='bbox 278 4854 300 4891; x_wconf 73' lang='grc' dir='ltr'><em>δ</em></span> <span class='ocrx_word' id='word_1_527' title='bbox 325 4855 488 4911; x_wconf 82' lang='lat' dir='ltr'><strong>Solus</strong></span> <span class='ocrx_word' id='word_1_528' title='bbox 515 4854 841 4921; x_wconf 89' lang='lat' dir='ltr'><strong>Quesnellus</strong></span> <span class='ocrx_word' id='word_1_529' title='bbox 865 4854 1119 4908; x_wconf 87' lang='lat' dir='ltr'><strong>intonare.</strong></span> 
     </span>
    </p>
   </div>
   <div class='ocr_carea' id='block_1_67' title="bbox 222 4922 1797 5047">
    <p class='ocr_par' dir='ltr' id='par_1_67' title="bbox 222 4922 1797 5047">
     <span class='ocr_line' id='line_1_69' title="bbox 222 4922 1797 5047; baseline 0.003 -70"><span class='ocrx_word' id='word_1_530' title='bbox 222 4936 301 5047; x_wconf 40' lang='grc' dir='ltr'><strong>ἴε</strong></span> <span class='ocrx_word' id='word_1_531' title='bbox 328 4922 512 4979; x_wconf 81' lang='lat' dir='ltr'><strong>Prima</strong></span> <span class='ocrx_word' id='word_1_532' title='bbox 542 4926 712 4979; x_wconf 88' lang='lat' dir='ltr'><strong>editio</strong></span> <span class='ocrx_word' id='word_1_533' title='bbox 747 4944 759 4977; x_wconf 90' lang='lat'><strong>:</strong></span> <span class='ocrx_word' id='word_1_534' title='bbox 796 4926 894 4991; x_wconf 83' lang='lat' dir='ltr'><strong>Qui</strong></span> <span class='ocrx_word' id='word_1_535' title='bbox 916 4926 1031 4978; x_wconf 83' lang='lat' dir='ltr'><strong>vivit</strong></span> <span class='ocrx_word' id='word_1_536' title='bbox 1054 4936 1101 4979; x_wconf 90' lang='lat' dir='ltr'><strong>et</strong></span> <span class='ocrx_word' id='word_1_537' title='bbox 1123 4936 1300 4995; x_wconf 85' lang='lat' dir='ltr'><strong>regna!</strong></span> <span class='ocrx_word' id='word_1_538' title='bbox 1340 4926 1393 4979; x_wconf 89' lang='lat' dir='ltr'><strong>in</strong></span> <span class='ocrx_word' id='word_1_539' title='bbox 1420 4927 1607 4980; x_wconf 78' lang='lat' dir='ltr'><strong>stecula</strong></span> <span class='ocrx_word' id='word_1_540' title='bbox 1646 4927 1797 4981; x_wconf 83' lang='lat' dir='ltr'><strong>bene-</strong></span> 
     </span>
     <span class='ocr_line' id='line_1_70' title="bbox 252 5010 389 5047; baseline 0 0"><span class='ocrx_word' id='word_1_541' title='bbox 252 5010 389 5047; x_wconf 58' lang='grc'><strong>161118.</strong></span> 
     </span>
    </p>
   </div>
   <div class='ocr_carea' id='block_1_68' title="bbox 252 5010 389 5049">
    <p class='ocr_par' dir='ltr' id='par_1_68' title="bbox 252 5010 389 5049">
     <span class='ocr_line' id='line_1_71' title="bbox 252 5010 389 5049; baseline 0 -2"><span class='ocrx_word' id='word_1_542' title='bbox 252 5010 389 5049; x_wconf 60' lang='lat' dir='ltr'><strong>Eli“.</strong></span> 
     </span>
    </p>
   </div>
   <div class='ocr_carea' id='block_1_69' title="bbox 281 5060 1796 5135">
    <p class='ocr_par' dir='ltr' id='par_1_69' title="bbox 281 5060 1796 5135">
     <span class='ocr_line' id='line_1_72' title="bbox 281 5060 1796 5135; baseline 0.003 -16"><span class='ocrx_word' id='word_1_543' title='bbox 281 5067 301 5105; x_wconf 70' lang='grc' dir='ltr'>ί</span> <span class='ocrx_word' id='word_1_544' title='bbox 326 5066 518 5121; x_wconf 75' lang='lat' dir='ltr'><strong>lu‘uno</strong></span> <span class='ocrx_word' id='word_1_545' title='bbox 542 5060 651 5121; x_wconf 82' lang='lat' dir='ltr'><strong>ms.</strong></span> <span class='ocrx_word' id='word_1_546' title='bbox 666 5065 892 5135; x_wconf 80' lang='lat' dir='ltr'><strong>antiquo</strong></span> <span class='ocrx_word' id='word_1_547' title='bbox 926 5065 1045 5119; x_wconf 88' lang='lat' dir='ltr'><strong>Vat.</strong></span> <span class='ocrx_word' id='word_1_548' title='bbox 1076 5074 1131 5122; x_wconf 91' lang='lat' dir='ltr'><strong>et</strong></span> <span class='ocrx_word' id='word_1_549' title='bbox 1159 5066 1209 5120; x_wconf 92' lang='lat' dir='ltr'><strong>in</strong></span> <span class='ocrx_word' id='word_1_550' title='bbox 1246 5067 1417 5135; x_wconf 68' lang='lat' dir='ltr'><strong>prima</strong></span> <span class='ocrx_word' id='word_1_551' title='bbox 1447 5068 1681 5122; x_wconf 84' lang='lat' dir='ltr'><strong>editione</strong></span> <span class='ocrx_word' id='word_1_552' title='bbox 1706 5067 1796 5123; x_wconf 88' lang='lat' dir='ltr'><strong>hic</strong></span> 
     </span>
    </p>
   </div>
   <div class='ocr_carea' id='block_1_70' title="bbox 225 5135 1796 5211">
    <p class='ocr_par' dir='ltr' id='par_1_70' title="bbox 225 5135 1796 5211">
     <span class='ocr_line' id='line_1_73' title="bbox 225 5135 1796 5211; baseline 0.003 -21"><span class='ocrx_word' id='word_1_553' title='bbox 225 5136 397 5211; x_wconf 64' lang='lat' dir='ltr'><strong>Sermo</strong></span> <span class='ocrx_word' id='word_1_554' title='bbox 436 5138 769 5211; x_wconf 67' lang='lat' dir='ltr'><strong>inscribitur</strong></span> <span class='ocrx_word' id='word_1_555' title='bbox 812 5156 823 5190; x_wconf 92' lang='lat'>:</span> <span class='ocrx_word' id='word_1_556' title='bbox 878 5136 946 5192; x_wconf 86' lang='lat' dir='ltr'><strong>In</strong></span> <span class='ocrx_word' id='word_1_557' title='bbox 988 5135 1272 5211; x_wconf 66' lang='lat' dir='ltr'><strong>Parasceue</strong></span> <span class='ocrx_word' id='word_1_558' title='bbox 1314 5136 1518 5191; x_wconf 85' lang='lat' dir='ltr'><strong>Domini</strong></span> <span class='ocrx_word' id='word_1_559' title='bbox 1569 5140 1796 5211; x_wconf 80' lang='lat' dir='ltr'><strong>ejusdem</strong></span> 
     </span>
    </p>
   </div>
   <div class='ocr_carea' id='block_1_71' title="bbox 225 5206 1793 5267">
    <p class='ocr_par' dir='ltr' id='par_1_71' title="bbox 225 5206 1793 5267">
     <span class='ocr_line' id='line_1_74' title="bbox 225 5206 1793 5267; baseline 0.003 -6"><span class='ocrx_word' id='word_1_560' title='bbox 225 5206 388 5261; x_wconf 77' lang='lat' dir='ltr'><strong>Leonis</strong></span> <span class='ocrx_word' id='word_1_561' title='bbox 420 5209 611 5263; x_wconf 80' lang='lat' dir='ltr'><strong>Sermo</strong></span> <span class='ocrx_word' id='word_1_562' title='bbox 643 5207 694 5264; x_wconf 84' lang='grc'><strong>1.</strong></span> <span class='ocrx_word' id='word_1_563' title='bbox 728 5208 861 5263; x_wconf 92' lang='lat' dir='ltr'><strong>Cum</strong></span> <span class='ocrx_word' id='word_1_564' title='bbox 916 5224 1043 5263; x_wconf 90' lang='lat' dir='ltr'><strong>vero</strong></span> <span class='ocrx_word' id='word_1_565' title='bbox 1092 5209 1191 5263; x_wconf 88' lang='lat' dir='ltr'><strong>sub</strong></span> <span class='ocrx_word' id='word_1_566' title='bbox 1222 5208 1380 5262; x_wconf 80' lang='lat' dir='ltr'><strong>linem</strong></span> <span class='ocrx_word' id='word_1_567' title='bbox 1429 5206 1698 5265; x_wconf 79' lang='lat' dir='ltr'><strong>sermonis</strong></span> <span class='ocrx_word' id='word_1_568' title='bbox 1735 5212 1793 5267; x_wconf 92' lang='lat' dir='ltr'><strong>S.</strong></span> 
     </span>
    </p>
   </div>
   <div class='ocr_carea' id='block_1_72' title="bbox 226 5278 1798 5350">
    <p class='ocr_par' dir='ltr' id='par_1_72' title="bbox 226 5278 1798 5350">
     <span class='ocr_line' id='line_1_75' title="bbox 226 5278 1798 5350; baseline -0.001 -17"><span class='ocrx_word' id='word_1_569' title='bbox 226 5283 444 5348; x_wconf 81' lang='lat' dir='ltr'><strong>pontifex</strong></span> <span class='ocrx_word' id='word_1_570' title='bbox 474 5280 743 5348; x_wconf 74' lang='lat' dir='ltr'><strong>spondeat</strong></span> <span class='ocrx_word' id='word_1_571' title='bbox 768 5295 828 5333; x_wconf 90' lang='lat' dir='ltr'><strong>se</strong></span> <span class='ocrx_word' id='word_1_572' title='bbox 850 5278 991 5346; x_wconf 83' lang='lat' dir='ltr'><strong>alia,</strong></span> <span class='ocrx_word' id='word_1_573' title='bbox 1023 5296 1139 5348; x_wconf 78' lang='lat' dir='ltr'><strong>qum</strong></span> <span class='ocrx_word' id='word_1_574' title='bbox 1170 5292 1311 5332; x_wconf 90' lang='lat' dir='ltr'><strong>nunc</strong></span> <span class='ocrx_word' id='word_1_575' title='bbox 1352 5282 1578 5347; x_wconf 89' lang='lat' dir='ltr'><strong>omittit,</strong></span> <span class='ocrx_word' id='word_1_576' title='bbox 1611 5296 1798 5350; x_wconf 77' lang='lat' dir='ltr'><strong>prose-</strong></span> 
     </span>
    </p>
   </div>
   <div class='ocr_carea' id='block_1_73' title="bbox 226 5351 1794 5420">
    <p class='ocr_par' dir='ltr' id='par_1_73' title="bbox 226 5351 1794 5420">
     <span class='ocr_line' id='line_1_76' title="bbox 226 5351 1794 5420; baseline 0.004 -18"><span class='ocrx_word' id='word_1_577' title='bbox 226 5363 454 5405; x_wconf 79' lang='lat' dir='ltr'><strong>cutlrutn</strong></span> <span class='ocrx_word' id='word_1_578' title='bbox 483 5354 614 5420; x_wconf 79' lang='lat' dir='ltr'><strong>feria</strong></span> <span class='ocrx_word' id='word_1_579' title='bbox 638 5352 693 5417; x_wconf 77' lang='grc'><strong>4,</strong></span> <span class='ocrx_word' id='word_1_580' title='bbox 729 5351 923 5407; x_wconf 89' lang='lat' dir='ltr'><strong>melius</strong></span> <span class='ocrx_word' id='word_1_581' title='bbox 950 5351 1131 5420; x_wconf 90' lang='lat' dir='ltr'><strong>utique</strong></span> <span class='ocrx_word' id='word_1_582' title='bbox 1154 5351 1477 5417; x_wconf 82' lang='lat' dir='ltr'><strong>Quesnellus</strong></span> <span class='ocrx_word' id='word_1_583' title='bbox 1500 5354 1549 5405; x_wconf 91' lang='lat' dir='ltr'><strong>in</strong></span> <span class='ocrx_word' id='word_1_584' title='bbox 1582 5352 1794 5420; x_wconf 82' lang='lat' dir='ltr'><strong>postilla</strong></span> 
     </span>
    </p>
   </div>
   <div class='ocr_carea' id='block_1_74' title="bbox 228 5418 1795 5493">
    <p class='ocr_par' dir='ltr' id='par_1_74' title="bbox 228 5418 1795 5493">
     <span class='ocr_line' id='line_1_77' title="bbox 228 5418 1795 5493; baseline 0.003 -20"><span class='ocrx_word' id='word_1_585' title='bbox 228 5421 279 5473; x_wconf 83' lang='lat' dir='ltr'><strong>ad</strong></span> <span class='ocrx_word' id='word_1_586' title='bbox 302 5418 607 5493; x_wconf 73' lang='lat' dir='ltr'><strong>marginem</strong></span> <span class='ocrx_word' id='word_1_587' title='bbox 628 5423 801 5491; x_wconf 88' lang='lat' dir='ltr'><strong>posita</strong></span> <span class='ocrx_word' id='word_1_588' title='bbox 821 5421 1027 5476; x_wconf 82' lang='lat' dir='ltr'><strong>notavit</strong></span> <span class='ocrx_word' id='word_1_589' title='bbox 1049 5418 1071 5473; x_wconf 63' lang='grc' dir='ltr'>ξ</span> <span class='ocrx_word' id='word_1_590' title='bbox 1104 5420 1374 5493; x_wconf 83' lang='lat' dir='ltr'><strong>Dominico</strong></span> <span class='ocrx_word' id='word_1_591' title='bbox 1395 5421 1476 5475; x_wconf 85' lang='lat' dir='ltr'><strong>die</strong></span> <span class='ocrx_word' id='word_1_592' title='bbox 1492 5418 1795 5478; x_wconf 75' lang='lat' dir='ltr'><strong>Palinurum</strong></span> 
     </span>
    </p>
   </div>
   <div class='ocr_carea' id='block_1_75' title="bbox 227 5486 1796 5563">
    <p class='ocr_par' dir='ltr' id='par_1_75' title="bbox 227 5486 1796 5563">
     <span class='ocr_line' id='line_1_78' title="bbox 227 5486 1796 5563; baseline 0.005 -21"><span class='ocrx_word' id='word_1_593' title='bbox 227 5492 400 5547; x_wconf 70' lang='lat' dir='ltr'><strong>ridetur</strong></span> <span class='ocrx_word' id='word_1_594' title='bbox 418 5486 598 5547; x_wconf 55' lang='lat' dir='ltr'><strong>diem</strong></span> <span class='ocrx_word' id='word_1_595' title='bbox 629 5486 741 5546; x_wconf 73' lang='lat' dir='ltr'><strong>non</strong></span> <span class='ocrx_word' id='word_1_596' title='bbox 785 5501 902 5546; x_wconf 81' lang='lat' dir='ltr'><strong>ante</strong></span> <span class='ocrx_word' id='word_1_597' title='bbox 927 5493 1172 5547; x_wconf 80' lang='lat' dir='ltr'><strong>detectum</strong></span> <span class='ocrx_word' id='word_1_598' title='bbox 1200 5488 1445 5560; x_wconf 80' lang='lat' dir='ltr'><strong>Eutychis</strong></span> <span class='ocrx_word' id='word_1_599' title='bbox 1467 5509 1713 5563; x_wconf 88' lang='lat' dir='ltr'><strong>errorem,</strong></span> <span class='ocrx_word' id='word_1_600' title='bbox 1743 5505 1796 5550; x_wconf 89' lang='lat' dir='ltr'><strong>ut</strong></span> 
     </span>
    </p>
   </div>
   <div class='ocr_carea' id='block_1_76' title="bbox 227 5564 1341 5636">
    <p class='ocr_par' dir='ltr' id='par_1_76' title="bbox 227 5564 1341 5636">
     <span class='ocr_line' id='line_1_79' title="bbox 227 5564 1341 5636; baseline -0.002 -21"><span class='ocrx_word' id='word_1_601' title='bbox 227 5567 444 5636; x_wconf 59' lang='lat' dir='ltr'><strong>nunriis</strong></span> <span class='ocrx_word' id='word_1_602' title='bbox 464 5566 603 5636; x_wconf 56' lang='lat' dir='ltr'><strong>locis</strong></span> <span class='ocrx_word' id='word_1_603' title='bbox 633 5572 864 5636; x_wconf 85' lang='lat' dir='ltr'><strong>apparet.</strong></span> <span class='ocrx_word' id='word_1_604' title='bbox 1266 5564 1269 5569; x_wconf 79' lang='grc'><em>’</em></span> <span class='ocrx_word' id='word_1_605' title='bbox 1338 5568 1341 5573; x_wconf 83' lang='lat'><em>‘</em></span> 
     </span>
    </p>
   </div>
   <div class='ocr_carea' id='block_1_77' title="bbox 286 5632 1797 5707">
    <p class='ocr_par' dir='ltr' id='par_1_77' title="bbox 286 5632 1797 5707">
     <span class='ocr_line' id='line_1_80' title="bbox 286 5632 1797 5707; baseline 0.003 -18"><span class='ocrx_word' id='word_1_606' title='bbox 286 5642 309 5680; x_wconf 71' lang='lat' dir='ltr'><strong>tl</strong></span> <span class='ocrx_word' id='word_1_607' title='bbox 331 5633 391 5691; x_wconf 77' lang='lat' dir='ltr'><strong>In</strong></span> <span class='ocrx_word' id='word_1_608' title='bbox 432 5632 676 5707; x_wconf 78' lang='lat' dir='ltr'><strong>vulgatis</strong></span> <span class='ocrx_word' id='word_1_609' title='bbox 704 5632 760 5690; x_wconf 83' lang='lat' dir='ltr'><strong>et</strong></span> <span class='ocrx_word' id='word_1_610' title='bbox 790 5636 1062 5690; x_wconf 90' lang='lat' dir='ltr'><strong>nonnullis</strong></span> <span class='ocrx_word' id='word_1_611' title='bbox 1091 5636 1252 5707; x_wconf 87' lang='lat' dir='ltr'><strong>etiam</strong></span> <span class='ocrx_word' id='word_1_612' title='bbox 1274 5652 1275 5655; x_wconf 43' lang='grc' dir='ltr'><strong>η</strong></span> <span class='ocrx_word' id='word_1_613' title='bbox 1297 5633 1457 5689; x_wconf 89' lang='lat' dir='ltr'><strong>codd.</strong></span> <span class='ocrx_word' id='word_1_614' title='bbox 1491 5633 1575 5707; x_wconf 68' lang='lat' dir='ltr'><strong>hic</strong></span> <span class='ocrx_word' id='word_1_615' title='bbox 1604 5635 1797 5693; x_wconf 90' lang='lat' dir='ltr'><strong>Sermo</strong></span> 
     </span>
    </p>
   </div>
   <div class='ocr_carea' id='block_1_78' title="bbox 228 5704 1798 5778">
    <p class='ocr_par' dir='ltr' id='par_1_78' title="bbox 228 5704 1798 5778">
     <span class='ocr_line' id='line_1_81' title="bbox 228 5704 1798 5778; baseline 0.003 -19"><span class='ocrx_word' id='word_1_616' title='bbox 228 5704 294 5759; x_wconf 82' lang='lat' dir='ltr'><strong>sic</strong></span> <span class='ocrx_word' id='word_1_617' title='bbox 331 5704 586 5778; x_wconf 32' lang='lat' dir='ltr'><strong>incipit“:</strong></span> <span class='ocrx_word' id='word_1_618' title='bbox 617 5707 1062 5778; x_wconf 85' lang='lat' dir='ltr'><strong>Sacratissimum,</strong></span> <span class='ocrx_word' id='word_1_619' title='bbox 1119 5705 1438 5778; x_wconf 83' lang='lat' dir='ltr'><strong>dilectissimi</strong></span> <span class='ocrx_word' id='word_1_620' title='bbox 1468 5748 1481 5770; x_wconf 90' lang='lat'><strong>,</strong></span> <span class='ocrx_word' id='word_1_621' title='bbox 1514 5704 1798 5765; x_wconf 79' lang='lat' dir='ltr'><strong>Dominica:</strong></span> 
     </span>
    </p>
   </div>
   <div class='ocr_carea' id='block_1_79' title="bbox 228 5776 1793 5849">
    <p class='ocr_par' dir='ltr' id='par_1_79' title="bbox 228 5776 1793 5849">
     <span class='ocr_line' id='line_1_82' title="bbox 228 5776 1793 5849; baseline 0.001 -17"><span class='ocrx_word' id='word_1_622' title='bbox 228 5776 461 5845; x_wconf 59' lang='lat' dir='ltr'><strong>Iasionis</strong></span> <span class='ocrx_word' id='word_1_623' title='bbox 486 5781 643 5842; x_wconf 79' lang='lat' dir='ltr'><strong>diem,</strong></span> <span class='ocrx_word' id='word_1_624' title='bbox 667 5793 845 5849; x_wconf 75' lang='lat' dir='ltr'><strong>quam,</strong></span> <span class='ocrx_word' id='word_1_625' title='bbox 874 5788 989 5849; x_wconf 65' lang='lat' dir='ltr'><strong>etc.</strong></span> <span class='ocrx_word' id='word_1_626' title='bbox 1012 5776 1355 5849; x_wconf 65' lang='lat' dir='ltr'><strong>Praetulimus</strong></span> <span class='ocrx_word' id='word_1_627' title='bbox 1376 5780 1675 5849; x_wconf 64' lang='lat' dir='ltr'><strong>lectionem</strong></span> <span class='ocrx_word' id='word_1_628' title='bbox 1706 5795 1793 5849; x_wconf 45' lang='lat' dir='ltr'><strong>ve:</strong></span> 
     </span>
    </p>
   </div>
   <div class='ocr_carea' id='block_1_80' title="bbox 231 5835 1797 5913">
    <p class='ocr_par' dir='ltr' id='par_1_80' title="bbox 231 5835 1797 5913">
     <span class='ocr_line' id='line_1_83' title="bbox 231 5835 1797 5913; baseline 0.004 -10"><span class='ocrx_word' id='word_1_629' title='bbox 231 5835 509 5904; x_wconf 62' lang='lat' dir='ltr'><strong>iustissimi</strong></span> <span class='ocrx_word' id='word_1_630' title='bbox 535 5835 1403 5913; x_wconf 48' lang='lat' dir='ltr'><strong>teinbuarit‘ivttwssssrotii</strong></span> <span class='ocrx_word' id='word_1_631' title='bbox 1449 5842 1618 5905; x_wconf 67' lang='lat' dir='ltr'><strong>codex</strong></span> <span class='ocrx_word' id='word_1_632' title='bbox 1649 5835 1797 5909; x_wconf 63' lang='lat' dir='ltr'><strong>deris</strong></span> 
     </span>
    </p>
   </div>
   <div class='ocr_carea' id='block_1_81' title="bbox 1898 1930 3495 2008">
    <p class='ocr_par' dir='ltr' id='par_1_81' title="bbox 1898 1930 3495 2008">
     <span class='ocr_line' id='line_1_84' title="bbox 1898 1930 3495 2008; baseline -0.008 -13"><span class='ocrx_word' id='word_1_633' title='bbox 1898 1948 1947 1995; x_wconf 87' lang='lat' dir='ltr'><strong>et</strong></span> <span class='ocrx_word' id='word_1_634' title='bbox 1983 1937 2195 1994; x_wconf 76' lang='lat' dir='ltr'><strong>salvare.</strong></span> <span class='ocrx_word' id='word_1_635' title='bbox 2231 1936 2368 2008; x_wconf 89' lang='lat' dir='ltr'><strong>quod</strong></span> <span class='ocrx_word' id='word_1_636' title='bbox 2420 1936 2643 2006; x_wconf 85' lang='lat' dir='ltr'><strong>perierat</strong></span> <span class='ocrx_word' id='word_1_637' title='bbox 2701 1934 2858 2003; x_wconf 84' lang='lat' dir='ltr'><strong>(Luc.</strong></span> <span class='ocrx_word' id='word_1_638' title='bbox 2912 1949 3035 2001; x_wconf 87' lang='lat' dir='ltr'><strong>xtx,</strong></span> <span class='ocrx_word' id='word_1_639' title='bbox 3086 1931 3176 2002; x_wconf 70' lang='lat'><strong>10)</strong></span> <span class='ocrx_word' id='word_1_640' title='bbox 3217 1949 3229 1985; x_wconf 93' lang='lat'>:</span> <span class='ocrx_word' id='word_1_641' title='bbox 3276 1930 3495 1985; x_wconf 91' lang='lat' dir='ltr'><strong>utsicut</strong></span> 
     </span>
    </p>
   </div>
   <div class='ocr_carea' id='block_1_82' title="bbox 1898 2021 3491 2103">
    <p class='ocr_par' dir='ltr' id='par_1_82' title="bbox 1898 2021 3491 2103">
     <span class='ocr_line' id='line_1_85' title="bbox 1898 2021 3491 2103; baseline -0.008 -17"><span class='ocrx_word' id='word_1_642' title='bbox 1898 2045 1995 2103; x_wconf 89' lang='lat' dir='ltr'><strong>per</strong></span> <span class='ocrx_word' id='word_1_643' title='bbox 2024 2029 2193 2085; x_wconf 86' lang='lat' dir='ltr'><strong>Adam</strong></span> <span class='ocrx_word' id='word_1_644' title='bbox 2246 2042 2417 2094; x_wconf 89' lang='lat' dir='ltr'><strong>mors,</strong></span> <span class='ocrx_word' id='word_1_645' title='bbox 2467 2027 2538 2081; x_wconf 91' lang='lat' dir='ltr'><strong>ita</strong></span> <span class='ocrx_word' id='word_1_646' title='bbox 2583 2042 2677 2097; x_wconf 92' lang='lat' dir='ltr'><strong>per</strong></span> <span class='ocrx_word' id='word_1_647' title='bbox 2705 2025 2992 2080; x_wconf 89' lang='lat' dir='ltr'><strong>Dominum</strong></span> <span class='ocrx_word' id='word_1_648' title='bbox 3038 2032 3281 2079; x_wconf 85' lang='lat' dir='ltr'><strong>nostrum</strong></span> <span class='ocrx_word' id='word_1_649' title='bbox 3308 2021 3491 2077; x_wconf 84' lang='lat' dir='ltr'><strong>Jesum</strong></span> 
     </span>
    </p>
   </div>
   <div class='ocr_carea' id='block_1_83' title="bbox 1897 2114 3495 2192">
    <p class='ocr_par' dir='ltr' id='par_1_83' title="bbox 1897 2114 3495 2192">
     <span class='ocr_line' id='line_1_86' title="bbox 1897 2114 3495 2192; baseline -0.009 -11"><span class='ocrx_word' id='word_1_650' title='bbox 1897 2122 2172 2181; x_wconf 88' lang='lat' dir='ltr'><strong>Christum</strong></span> <span class='ocrx_word' id='word_1_651' title='bbox 2204 2131 2350 2179; x_wconf 89' lang='lat' dir='ltr'><strong>esset</strong></span> <span class='ocrx_word' id='word_1_652' title='bbox 2378 2120 2703 2177; x_wconf 90' lang='lat' dir='ltr'><strong>resurrectio</strong></span> <span class='ocrx_word' id='word_1_653' title='bbox 2739 2120 2897 2192; x_wconf 75' lang='lat'><strong>199</strong></span> <span class='ocrx_word' id='word_1_654' title='bbox 2924 2127 3261 2174; x_wconf 91' lang='lat' dir='ltr'><strong>mortuorum</strong></span> <span class='ocrx_word' id='word_1_655' title='bbox 3293 2116 3335 2182; x_wconf 87' lang='grc' dir='ltr'><strong>(ι</strong></span> <span class='ocrx_word' id='word_1_656' title='bbox 3368 2114 3495 2169; x_wconf 87' lang='lat' dir='ltr'><strong>Cor.</strong></span> 
     </span>
    </p>
   </div>
   <div class='ocr_carea' id='block_1_84' title="bbox 1897 2212 3498 2287">
    <p class='ocr_par' dir='ltr' id='par_1_84' title="bbox 1897 2212 3498 2287">
     <span class='ocr_line' id='line_1_87' title="bbox 1897 2212 3498 2287; baseline -0.006 -12"><span class='ocrx_word' id='word_1_657' title='bbox 1897 2233 1992 2284; x_wconf 85' lang='lat' dir='ltr'><strong>xv,</strong></span> <span class='ocrx_word' id='word_1_658' title='bbox 2030 2216 2146 2287; x_wconf 72' lang='lat'><strong>22).</strong></span> <span class='ocrx_word' id='word_1_659' title='bbox 2178 2216 2295 2272; x_wconf 82' lang='lat' dir='ltr'><strong>Non</strong></span> <span class='ocrx_word' id='word_1_660' title='bbox 2325 2216 2469 2272; x_wconf 90' lang='lat' dir='ltr'><strong>enim</strong></span> <span class='ocrx_word' id='word_1_661' title='bbox 2501 2215 2625 2286; x_wconf 89' lang='lat' dir='ltr'><strong>quia</strong></span> <span class='ocrx_word' id='word_1_662' title='bbox 2658 2214 2956 2270; x_wconf 88' lang='lat' dir='ltr'><strong>secundum</strong></span> <span class='ocrx_word' id='word_1_663' title='bbox 2998 2212 3346 2268; x_wconf 84' lang='lat' dir='ltr'><strong>inscrulabile</strong></span> <span class='ocrx_word' id='word_1_664' title='bbox 3373 2224 3498 2279; x_wconf 86' lang='lat' dir='ltr'><strong>pro-</strong></span> 
     </span>
    </p>
   </div>
   <div class='ocr_carea' id='block_1_85' title="bbox 1899 2301 3497 2381">
    <p class='ocr_par' dir='ltr' id='par_1_85' title="bbox 1899 2301 3497 2381">
     <span class='ocr_line' id='line_1_88' title="bbox 1899 2301 3497 2381; baseline -0.006 -17"><span class='ocrx_word' id='word_1_665' title='bbox 1899 2310 2135 2381; x_wconf 90' lang='lat' dir='ltr'><strong>positum</strong></span> <span class='ocrx_word' id='word_1_666' title='bbox 2185 2305 2465 2378; x_wconf 73' lang='lat' dir='ltr'><strong>sapientiae</strong></span> <span class='ocrx_word' id='word_1_667' title='bbox 2508 2305 2604 2362; x_wconf 88' lang='lat' dir='ltr'><strong>Dei</strong></span> <span class='ocrx_word' id='word_1_668' title='bbox 2650 2306 2959 2361; x_wconf 87' lang='lat' dir='ltr'><strong>novissimis</strong></span> <span class='ocrx_word' id='word_1_669' title='bbox 3024 2303 3217 2359; x_wconf 91' lang='lat' dir='ltr'><strong>diebus</strong></span> <span class='ocrx_word' id='word_1_670' title='bbox 3276 2301 3497 2356; x_wconf 79' lang='lat' dir='ltr'><strong>Verbum</strong></span> 
     </span>
    </p>
   </div>
   <div class='ocr_carea' id='block_1_86' title="bbox 1900 2390 3497 2471">
    <p class='ocr_par' dir='ltr' id='par_1_86' title="bbox 1900 2390 3497 2471">
     <span class='ocr_line' id='line_1_89' title="bbox 1900 2390 3497 2471; baseline -0.001 -18"><span class='ocrx_word' id='word_1_671' title='bbox 1900 2416 2024 2454; x_wconf 85' lang='lat' dir='ltr'><strong>caro</strong></span> <span class='ocrx_word' id='word_1_672' title='bbox 2046 2402 2241 2470; x_wconf 78' lang='lat' dir='ltr'><strong>factum</strong></span> <span class='ocrx_word' id='word_1_673' title='bbox 2264 2408 2337 2451; x_wconf 90' lang='lat' dir='ltr'><strong>est</strong></span> <span class='ocrx_word' id='word_1_674' title='bbox 2364 2394 2546 2471; x_wconf 80' lang='lat' dir='ltr'><strong>(Joan.</strong></span> <span class='ocrx_word' id='word_1_675' title='bbox 2577 2411 2617 2462; x_wconf 83' lang='grc' dir='ltr'><strong>ι,</strong></span> <span class='ocrx_word' id='word_1_676' title='bbox 2648 2396 2765 2465; x_wconf 67' lang='lat' dir='ltr'><strong>ii),</strong></span> <span class='ocrx_word' id='word_1_677' title='bbox 2799 2394 2920 2450; x_wconf 93' lang='lat' dir='ltr'><strong>ideo</strong></span> <span class='ocrx_word' id='word_1_678' title='bbox 2946 2394 3238 2451; x_wconf 76' lang='lat' dir='ltr'><strong>salutiferte</strong></span> <span class='ocrx_word' id='word_1_679' title='bbox 3263 2390 3497 2464; x_wconf 77' lang='lat' dir='ltr'><strong>Virginis</strong></span> 
     </span>
    </p>
   </div>
   <div class='ocr_carea' id='block_1_87' title="bbox 1901 2487 3499 2563">
    <p class='ocr_par' dir='ltr' id='par_1_87' title="bbox 1901 2487 3499 2563">
     <span class='ocr_line' id='line_1_90' title="bbox 1901 2487 3499 2563; baseline -0.005 -16"><span class='ocrx_word' id='word_1_680' title='bbox 1901 2502 2105 2563; x_wconf 88' lang='lat' dir='ltr'><strong>partus,</strong></span> <span class='ocrx_word' id='word_1_681' title='bbox 2141 2493 2368 2547; x_wconf 83' lang='lat' dir='ltr'><strong>extremi</strong></span> <span class='ocrx_word' id='word_1_682' title='bbox 2391 2498 2595 2545; x_wconf 87' lang='lat' dir='ltr'><strong>tantum</strong></span> <span class='ocrx_word' id='word_1_683' title='bbox 2628 2492 2888 2559; x_wconf 89' lang='lat' dir='ltr'><strong>temporis</strong></span> <span class='ocrx_word' id='word_1_684' title='bbox 2912 2487 3350 2559; x_wconf 79' lang='lat' dir='ltr'><strong>generationibus</strong></span> <span class='ocrx_word' id='word_1_685' title='bbox 3376 2500 3499 2557; x_wconf 89' lang='lat' dir='ltr'><strong>pro-</strong></span> 
     </span>
    </p>
   </div>
   <div class='ocr_carea' id='block_1_88' title="bbox 1901 2581 3493 2655">
    <p class='ocr_par' dir='ltr' id='par_1_88' title="bbox 1901 2581 3493 2655">
     <span class='ocr_line' id='line_1_91' title="bbox 1901 2581 3493 2655; baseline -0.006 -12"><span class='ocrx_word' id='word_1_686' title='bbox 1901 2586 2023 2655; x_wconf 88' lang='lat' dir='ltr'><strong>fuit,</strong></span> <span class='ocrx_word' id='word_1_687' title='bbox 2056 2596 2114 2643; x_wconf 90' lang='lat' dir='ltr'><strong>et</strong></span> <span class='ocrx_word' id='word_1_688' title='bbox 2153 2601 2261 2641; x_wconf 93' lang='lat' dir='ltr'><strong>non</strong></span> <span class='ocrx_word' id='word_1_689' title='bbox 2316 2599 2377 2640; x_wconf 90' lang='lat' dir='ltr'><strong>se</strong></span> <span class='ocrx_word' id='word_1_690' title='bbox 2427 2586 2589 2641; x_wconf 93' lang='lat' dir='ltr'><strong>etiam</strong></span> <span class='ocrx_word' id='word_1_691' title='bbox 2641 2585 2695 2639; x_wconf 94' lang='lat' dir='ltr'><strong>in</strong></span> <span class='ocrx_word' id='word_1_692' title='bbox 2726 2584 3027 2655; x_wconf 83' lang='lat' dir='ltr'><strong>praeteritas</strong></span> <span class='ocrx_word' id='word_1_693' title='bbox 3055 2581 3253 2636; x_wconf 85' lang='lat' dir='ltr'><strong>refudit</strong></span> <span class='ocrx_word' id='word_1_694' title='bbox 3282 2590 3493 2636; x_wconf 75' lang='lat' dir='ltr'><strong>anates.</strong></span> 
     </span>
    </p>
   </div>
   <div class='ocr_carea' id='block_1_89' title="bbox 1900 2674 3494 2749">
    <p class='ocr_par' dir='ltr' id='par_1_89' title="bbox 1900 2674 3494 2749">
     <span class='ocr_line' id='line_1_92' title="bbox 1900 2674 3494 2749; baseline -0.005 -14"><span class='ocrx_word' id='word_1_695' title='bbox 1900 2679 2090 2735; x_wconf 88' lang='lat' dir='ltr'><strong>Omnis</strong></span> <span class='ocrx_word' id='word_1_696' title='bbox 2137 2692 2363 2748; x_wconf 84' lang='lat' dir='ltr'><strong>prorsus</strong></span> <span class='ocrx_word' id='word_1_697' title='bbox 2404 2678 2693 2749; x_wconf 89' lang='lat' dir='ltr'><strong>antiquitas</strong></span> <span class='ocrx_word' id='word_1_698' title='bbox 2741 2677 3036 2732; x_wconf 91' lang='lat' dir='ltr'><strong>colentium</strong></span> <span class='ocrx_word' id='word_1_699' title='bbox 3078 2674 3243 2730; x_wconf 87' lang='lat' dir='ltr'><strong>Deum</strong></span> <span class='ocrx_word' id='word_1_700' title='bbox 3286 2688 3494 2738; x_wconf 87' lang='lat' dir='ltr'><strong>verum,</strong></span> 
     </span>
    </p>
   </div>
   <div class='ocr_carea' id='block_1_90' title="bbox 1903 2762 3497 2840">
    <p class='ocr_par' dir='ltr' id='par_1_90' title="bbox 1903 2762 3497 2840">
     <span class='ocr_line' id='line_1_93' title="bbox 1903 2762 3497 2840; baseline -0.006 -11"><span class='ocrx_word' id='word_1_701' title='bbox 1903 2771 2081 2829; x_wconf 85' lang='lat' dir='ltr'><strong>omnis</strong></span> <span class='ocrx_word' id='word_1_702' title='bbox 2109 2784 2365 2826; x_wconf 88' lang='lat' dir='ltr'><strong>numerus</strong></span> <span class='ocrx_word' id='word_1_703' title='bbox 2393 2769 2533 2840; x_wconf 91' lang='lat' dir='ltr'><strong>apud</strong></span> <span class='ocrx_word' id='word_1_704' title='bbox 2565 2770 2763 2824; x_wconf 76' lang='lat' dir='ltr'><strong>saecula</strong></span> <span class='ocrx_word' id='word_1_705' title='bbox 2795 2768 2971 2835; x_wconf 88' lang='lat' dir='ltr'><strong>priora</strong></span> <span class='ocrx_word' id='word_1_706' title='bbox 3014 2774 3357 2832; x_wconf 87' lang='lat' dir='ltr'><strong>sanctorum,</strong></span> <span class='ocrx_word' id='word_1_707' title='bbox 3386 2762 3414 2802; x_wconf 64' lang='grc' dir='ltr'>ι</span> <span class='ocrx_word' id='word_1_708' title='bbox 3444 2765 3497 2819; x_wconf 92' lang='lat' dir='ltr'><strong>in</strong></span> 
     </span>
    </p>
   </div>
   <div class='ocr_carea' id='block_1_91' title="bbox 1902 2857 3497 2932">
    <p class='ocr_par' dir='ltr' id='par_1_91' title="bbox 1902 2857 3497 2932">
     <span class='ocr_line' id='line_1_94' title="bbox 1902 2857 3497 2932; baseline -0.006 -11"><span class='ocrx_word' id='word_1_709' title='bbox 1902 2864 2006 2921; x_wconf 91' lang='lat' dir='ltr'><strong>hac</strong></span> <span class='ocrx_word' id='word_1_710' title='bbox 2028 2862 2133 2919; x_wconf 86' lang='lat' dir='ltr'><strong>fide</strong></span> <span class='ocrx_word' id='word_1_711' title='bbox 2154 2861 2289 2917; x_wconf 80' lang='lat' dir='ltr'><strong>vixit</strong></span> <span class='ocrx_word' id='word_1_712' title='bbox 2314 2870 2368 2917; x_wconf 90' lang='lat' dir='ltr'><strong>et</strong></span> <span class='ocrx_word' id='word_1_713' title='bbox 2388 2860 2617 2932; x_wconf 88' lang='lat' dir='ltr'><strong>placuit;</strong></span> <span class='ocrx_word' id='word_1_714' title='bbox 2648 2872 2699 2915; x_wconf 90' lang='lat' dir='ltr'><strong>et</strong></span> <span class='ocrx_word' id='word_1_715' title='bbox 2728 2875 2902 2931; x_wconf 90' lang='lat' dir='ltr'><strong>neque</strong></span> <span class='ocrx_word' id='word_1_716' title='bbox 2940 2857 3295 2929; x_wconf 86' lang='lat' dir='ltr'><strong>patriarchis,</strong></span> <span class='ocrx_word' id='word_1_717' title='bbox 3326 2871 3497 2924; x_wconf 89' lang='lat' dir='ltr'><strong>neque</strong></span> 
     </span>
    </p>
   </div>
   <div class='ocr_carea' id='block_1_92' title="bbox 1901 2951 3497 3028">
    <p class='ocr_par' dir='ltr' id='par_1_92' title="bbox 1901 2951 3497 3028">
     <span class='ocr_line' id='line_1_95' title="bbox 1901 2951 3497 3028; baseline -0.005 -14"><span class='ocrx_word' id='word_1_718' title='bbox 1901 2957 2209 3028; x_wconf 84' lang='lat' dir='ltr'><strong>prophetis,</strong></span> <span class='ocrx_word' id='word_1_719' title='bbox 2231 2969 2408 3024; x_wconf 88' lang='lat' dir='ltr'><strong>neque</strong></span> <span class='ocrx_word' id='word_1_720' title='bbox 2430 2954 2680 3025; x_wconf 90' lang='lat' dir='ltr'><strong>cuiquam</strong></span> <span class='ocrx_word' id='word_1_721' title='bbox 2703 2954 2926 3009; x_wconf 88' lang='lat' dir='ltr'><strong>omnino</strong></span> <span class='ocrx_word' id='word_1_722' title='bbox 2949 2962 3281 3016; x_wconf 86' lang='lat' dir='ltr'><strong>sanctorum,</strong></span> <span class='ocrx_word' id='word_1_723' title='bbox 3312 2951 3413 3005; x_wconf 90' lang='lat' dir='ltr'><strong>nisi</strong></span> <span class='ocrx_word' id='word_1_724' title='bbox 3443 2951 3497 3006; x_wconf 93' lang='lat' dir='ltr'><strong>in</strong></span> 
     </span>
    </p>
   </div>
   <div class='ocr_carea' id='block_1_93' title="bbox 1901 3041 3498 3118">
    <p class='ocr_par' dir='ltr' id='par_1_93' title="bbox 1901 3041 3498 3118">
     <span class='ocr_line' id='line_1_96' title="bbox 1901 3041 3498 3118; baseline -0.006 -13"><span class='ocrx_word' id='word_1_725' title='bbox 1901 3047 2282 3118; x_wconf 87' lang='lat' dir='ltr'><strong>redemptione</strong></span> <span class='ocrx_word' id='word_1_726' title='bbox 2309 3045 2523 3101; x_wconf 90' lang='lat' dir='ltr'><strong>Domini</strong></span> <span class='ocrx_word' id='word_1_727' title='bbox 2553 3045 2724 3100; x_wconf 91' lang='lat' dir='ltr'><strong>nostri</strong></span> <span class='ocrx_word' id='word_1_728' title='bbox 2758 3044 2887 3100; x_wconf 82' lang='lat' dir='ltr'><strong>Jesu</strong></span> <span class='ocrx_word' id='word_1_729' title='bbox 2920 3042 3117 3099; x_wconf 85' lang='lat' dir='ltr'><strong>Christi</strong></span> <span class='ocrx_word' id='word_1_730' title='bbox 3149 3041 3295 3096; x_wconf 87' lang='lat' dir='ltr'><strong>salus</strong></span> <span class='ocrx_word' id='word_1_731' title='bbox 3337 3049 3388 3097; x_wconf 87' lang='lat' dir='ltr'><strong>et</strong></span> <span class='ocrx_word' id='word_1_732' title='bbox 3421 3055 3498 3112; x_wconf 73' lang='grc' dir='ltr'><strong>ιιι-</strong></span> 
     </span>
    </p>
   </div>
   <div class='ocr_carea' id='block_1_94' title="bbox 1905 3133 3495 3208">
    <p class='ocr_par' dir='ltr' id='par_1_94' title="bbox 1905 3133 3495 3208">
     <span class='ocr_line' id='line_1_97' title="bbox 1905 3133 3495 3208; baseline -0.006 -12"><span class='ocrx_word' id='word_1_733' title='bbox 1905 3138 2161 3196; x_wconf 88' lang='lat' dir='ltr'><strong>stiflcatio</strong></span> <span class='ocrx_word' id='word_1_734' title='bbox 2184 3137 2285 3193; x_wconf 86' lang='lat' dir='ltr'><strong>fuit</strong></span> <span class='ocrx_word' id='word_1_735' title='bbox 2317 3155 2329 3190; x_wconf 87' lang='lat'><strong>:</strong></span> <span class='ocrx_word' id='word_1_736' title='bbox 2360 3151 2484 3208; x_wconf 65' lang='lat' dir='ltr'><strong>quas</strong></span> <span class='ocrx_word' id='word_1_737' title='bbox 2509 3138 2647 3192; x_wconf 91' lang='lat' dir='ltr'><strong>sicut</strong></span> <span class='ocrx_word' id='word_1_738' title='bbox 2674 3136 3091 3207; x_wconf 82' lang='lat' dir='ltr'><strong>exspectabatur</strong></span> <span class='ocrx_word' id='word_1_739' title='bbox 3114 3139 3135 3179; x_wconf 92' lang='grc' dir='ltr'>ι</span> <span class='ocrx_word' id='word_1_740' title='bbox 3158 3133 3342 3188; x_wconf 89' lang='lat' dir='ltr'><strong>multis</strong></span> <span class='ocrx_word' id='word_1_741' title='bbox 3371 3146 3495 3203; x_wconf 87' lang='lat' dir='ltr'><strong>pro-</strong></span> 
     </span>
    </p>
   </div>
   <div class='ocr_carea' id='block_1_95' title="bbox 1826 3224 3494 3304">
    <p class='ocr_par' dir='ltr' id='par_1_95' title="bbox 1826 3224 3494 3304">
     <span class='ocr_line' id='line_1_98' title="bbox 1826 3224 3494 3304; baseline -0.005 -17"><span class='ocrx_word' id='word_1_742' title='bbox 1826 3236 1872 3302; x_wconf 84' lang='lat' dir='ltr'><strong>C</strong></span> <span class='ocrx_word' id='word_1_743' title='bbox 1904 3231 2189 3304; x_wconf 85' lang='lat' dir='ltr'><strong>pbetarum</strong></span> <span class='ocrx_word' id='word_1_744' title='bbox 2222 3228 2455 3285; x_wconf 90' lang='lat' dir='ltr'><strong>oraculis</strong></span> <span class='ocrx_word' id='word_1_745' title='bbox 2477 3229 2751 3299; x_wconf 85' lang='lat' dir='ltr'><strong>signisque</strong></span> <span class='ocrx_word' id='word_1_746' title='bbox 2776 3229 3042 3298; x_wconf 91' lang='lat' dir='ltr'><strong>promissa</strong></span> <span class='ocrx_word' id='word_1_747' title='bbox 3067 3269 3082 3294; x_wconf 93' lang='lat'><strong>,</strong></span> <span class='ocrx_word' id='word_1_748' title='bbox 3117 3226 3188 3281; x_wconf 89' lang='lat' dir='ltr'><strong>ita</strong></span> <span class='ocrx_word' id='word_1_749' title='bbox 3226 3234 3311 3282; x_wconf 85' lang='lat' dir='ltr'><strong>est</strong></span> <span class='ocrx_word' id='word_1_750' title='bbox 3332 3224 3494 3280; x_wconf 89' lang='lat' dir='ltr'><strong>etiam</strong></span> 
     </span>
    </p>
   </div>
   <div class='ocr_carea' id='block_1_96' title="bbox 1897 3324 3038 3395">
    <p class='ocr_par' dir='ltr' id='par_1_96' title="bbox 1897 3324 3038 3395">
     <span class='ocr_line' id='line_1_99' title="bbox 1897 3324 3038 3395; baseline -0.006 -15"><span class='ocrx_word' id='word_1_751' title='bbox 1897 3324 2019 3395; x_wconf 87' lang='lat' dir='ltr'><strong>ipso</strong></span> <span class='ocrx_word' id='word_1_752' title='bbox 2046 3336 2273 3379; x_wconf 88' lang='lat' dir='ltr'><strong>munere</strong></span> <span class='ocrx_word' id='word_1_753' title='bbox 2302 3332 2463 3390; x_wconf 88' lang='lat' dir='ltr'><strong>atque</strong></span> <span class='ocrx_word' id='word_1_754' title='bbox 2495 3335 2661 3393; x_wconf 88' lang='lat' dir='ltr'><strong>opere</strong></span> <span class='ocrx_word' id='word_1_755' title='bbox 2692 3329 3038 3391; x_wconf 73' lang='lat' dir='ltr'><strong>praesentata.</strong></span> 
     </span>
    </p>
   </div>
   <div class='ocr_carea' id='block_1_97' title="bbox 1971 3402 3497 3481">
    <p class='ocr_par' dir='ltr' id='par_1_97' title="bbox 1971 3402 3497 3481">
     <span class='ocr_line' id='line_1_100' title="bbox 1971 3402 3497 3481; baseline -0.003 -8"><span class='ocrx_word' id='word_1_756' title='bbox 1971 3416 2100 3473; x_wconf 73' lang='lat' dir='ltr'><strong>Cn.</strong></span> <span class='ocrx_word' id='word_1_757' title='bbox 2128 3416 2195 3472; x_wconf 91' lang='lat' dir='ltr'><strong>ll.</strong></span> <span class='ocrx_word' id='word_1_758' title='bbox 2226 3402 2471 3472; x_wconf 37' lang='lat' dir='ltr'><strong>-—-&#39;Unde</strong></span> <span class='ocrx_word' id='word_1_759' title='bbox 2501 3431 2665 3481; x_wconf 89' lang='lat' dir='ltr'><strong>nunc,</strong></span> <span class='ocrx_word' id='word_1_760' title='bbox 2691 3414 3048 3480; x_wconf 79' lang='lat' dir='ltr'><strong>dilectissimi,</strong></span> <span class='ocrx_word' id='word_1_761' title='bbox 3079 3414 3130 3468; x_wconf 92' lang='lat' dir='ltr'><strong>in</strong></span> <span class='ocrx_word' id='word_1_762' title='bbox 3162 3422 3279 3469; x_wconf 86' lang='lat' dir='ltr'><strong>tuto</strong></span> <span class='ocrx_word' id='word_1_763' title='bbox 3307 3412 3497 3469; x_wconf 89' lang='lat' dir='ltr'><strong>ordine</strong></span> 
     </span>
    </p>
   </div>
   <div class='ocr_carea' id='block_1_98' title="bbox 1897 3506 3496 3579">
    <p class='ocr_par' dir='ltr' id='par_1_98' title="bbox 1897 3506 3496 3579">
     <span class='ocr_line' id='line_1_101' title="bbox 1897 3506 3496 3579; baseline -0.006 -11"><span class='ocrx_word' id='word_1_764' title='bbox 1897 3511 2187 3568; x_wconf 68' lang='lat' dir='ltr'><strong>dominicae</strong></span> <span class='ocrx_word' id='word_1_765' title='bbox 2218 3508 2507 3579; x_wconf 90' lang='lat' dir='ltr'><strong>passionis,</strong></span> <span class='ocrx_word' id='word_1_766' title='bbox 2542 3523 2648 3563; x_wconf 88' lang='lat' dir='ltr'><strong>non</strong></span> <span class='ocrx_word' id='word_1_767' title='bbox 2682 3509 2753 3563; x_wconf 90' lang='lat' dir='ltr'><strong>ita</strong></span> <span class='ocrx_word' id='word_1_768' title='bbox 2786 3506 3153 3562; x_wconf 85' lang='lat' dir='ltr'><strong>infirmitatem</strong></span> <span class='ocrx_word' id='word_1_769' title='bbox 3183 3506 3496 3561; x_wconf 88' lang='lat' dir='ltr'><strong>considere-</strong></span> 
     </span>
    </p>
   </div>
   <div class='ocr_carea' id='block_1_99' title="bbox 1894 3598 3499 3671">
    <p class='ocr_par' dir='ltr' id='par_1_99' title="bbox 1894 3598 3499 3671">
     <span class='ocr_line' id='line_1_102' title="bbox 1894 3598 3499 3671; baseline -0.005 -11"><span class='ocrx_word' id='word_1_770' title='bbox 1894 3619 2022 3660; x_wconf 87' lang='lat' dir='ltr'><strong>mus</strong></span> <span class='ocrx_word' id='word_1_771' title='bbox 2046 3603 2360 3671; x_wconf 88' lang='lat' dir='ltr'><strong>humanam,</strong></span> <span class='ocrx_word' id='word_1_772' title='bbox 2388 3612 2446 3657; x_wconf 90' lang='lat' dir='ltr'><strong>ut</strong></span> <span class='ocrx_word' id='word_1_773' title='bbox 2464 3601 2916 3657; x_wconf 87' lang='lat' dir='ltr'><strong>arbitremurillic</strong></span> <span class='ocrx_word' id='word_1_774' title='bbox 2943 3601 3235 3670; x_wconf 86' lang='lat' dir='ltr'><strong>potentiam</strong></span> <span class='ocrx_word' id='word_1_775' title='bbox 3260 3598 3499 3655; x_wconf 85' lang='lat' dir='ltr'><strong>defuisse</strong></span> 
     </span>
    </p>
   </div>
   <div class='ocr_carea' id='block_1_100' title="bbox 1898 3693 3495 3767">
    <p class='ocr_par' dir='ltr' id='par_1_100' title="bbox 1898 3693 3495 3767">
     <span class='ocr_line' id='line_1_103' title="bbox 1898 3693 3495 3767; baseline -0.004 -14"><span class='ocrx_word' id='word_1_776' title='bbox 1898 3697 2135 3754; x_wconf 89' lang='lat' dir='ltr'><strong>divinam</strong></span> <span class='ocrx_word' id='word_1_777' title='bbox 2170 3713 2185 3752; x_wconf 88' lang='lat'>:</span> <span class='ocrx_word' id='word_1_778' title='bbox 2218 3711 2391 3767; x_wconf 89' lang='lat' dir='ltr'><strong>neque</strong></span> <span class='ocrx_word' id='word_1_779' title='bbox 2441 3695 2589 3751; x_wconf 80' lang='lat' dir='ltr'><strong>illam</strong></span> <span class='ocrx_word' id='word_1_780' title='bbox 2619 3696 2691 3750; x_wconf 88' lang='lat' dir='ltr'><strong>ita</strong></span> <span class='ocrx_word' id='word_1_781' title='bbox 2721 3702 3050 3750; x_wconf 71' lang='lat' dir='ltr'><strong>comternam</strong></span> <span class='ocrx_word' id='word_1_782' title='bbox 3080 3704 3134 3749; x_wconf 91' lang='lat' dir='ltr'><strong>et</strong></span> <span class='ocrx_word' id='word_1_783' title='bbox 3164 3702 3204 3731; x_wconf 77' lang='grc' dir='ltr'><strong>ιιι</strong></span> <span class='ocrx_word' id='word_1_784' title='bbox 3233 3693 3495 3763; x_wconf 68' lang='lat' dir='ltr'><strong>aequalem</strong></span> 
     </span>
    </p>
   </div>
   <div class='ocr_carea' id='block_1_101' title="bbox 1900 3786 3497 3857">
    <p class='ocr_par' dir='ltr' id='par_1_101' title="bbox 1900 3786 3497 3857">
     <span class='ocr_line' id='line_1_104' title="bbox 1900 3786 3497 3857; baseline -0.005 -12"><span class='ocrx_word' id='word_1_785' title='bbox 1900 3788 2045 3845; x_wconf 86' lang='lat' dir='ltr'><strong>Patri</strong></span> <span class='ocrx_word' id='word_1_786' title='bbox 2088 3790 2316 3843; x_wconf 88' lang='lat' dir='ltr'><strong>formam</strong></span> <span class='ocrx_word' id='word_1_787' title='bbox 2350 3786 2623 3856; x_wconf 87' lang='lat' dir='ltr'><strong>Unigeniti</strong></span> <span class='ocrx_word' id='word_1_788' title='bbox 2672 3786 2995 3857; x_wconf 86' lang='lat' dir='ltr'><strong>cogitemus,</strong></span> <span class='ocrx_word' id='word_1_789' title='bbox 3029 3794 3086 3840; x_wconf 91' lang='lat' dir='ltr'><strong>ut</strong></span> <span class='ocrx_word' id='word_1_790' title='bbox 3116 3796 3361 3853; x_wconf 89' lang='lat' dir='ltr'><strong>putemus</strong></span> <span class='ocrx_word' id='word_1_791' title='bbox 3391 3797 3497 3837; x_wconf 90' lang='lat' dir='ltr'><strong>non</strong></span> 
     </span>
    </p>
   </div>
   <div class='ocr_carea' id='block_1_102' title="bbox 1897 3876 3499 3952">
    <p class='ocr_par' dir='ltr' id='par_1_102' title="bbox 1897 3876 3499 3952">
     <span class='ocr_line' id='line_1_105' title="bbox 1897 3876 3499 3952; baseline -0.006 -16"><span class='ocrx_word' id='word_1_792' title='bbox 1897 3880 2068 3937; x_wconf 83' lang='lat' dir='ltr'><strong>fuisse</strong></span> <span class='ocrx_word' id='word_1_793' title='bbox 2098 3895 2226 3936; x_wconf 88' lang='lat' dir='ltr'><strong>vera</strong></span> <span class='ocrx_word' id='word_1_794' title='bbox 2252 3895 2375 3952; x_wconf 64' lang='lat' dir='ltr'><strong>quae</strong></span> <span class='ocrx_word' id='word_1_795' title='bbox 2408 3879 2522 3936; x_wconf 90' lang='lat' dir='ltr'><strong>Deo</strong></span> <span class='ocrx_word' id='word_1_796' title='bbox 2553 3878 2800 3933; x_wconf 86' lang='lat' dir='ltr'><strong>videntur</strong></span> <span class='ocrx_word' id='word_1_797' title='bbox 2828 3877 3060 3948; x_wconf 88' lang='lat' dir='ltr'><strong>indigna.</strong></span> <span class='ocrx_word' id='word_1_798' title='bbox 3093 3876 3322 3931; x_wconf 88' lang='lat' dir='ltr'><strong>Prorsus</strong></span> <span class='ocrx_word' id='word_1_799' title='bbox 3347 3886 3499 3929; x_wconf 82' lang='lat' dir='ltr'><strong>utra-</strong></span> 
     </span>
    </p>
   </div>
   <div class='ocr_carea' id='block_1_103' title="bbox 1898 3964 3499 4044">
    <p class='ocr_par' dir='ltr' id='par_1_103' title="bbox 1898 3964 3499 4044">
     <span class='ocr_line' id='line_1_106' title="bbox 1898 3964 3499 4044; baseline -0.004 -17"><span class='ocrx_word' id='word_1_800' title='bbox 1898 3987 2005 4044; x_wconf 92' lang='lat' dir='ltr'><strong>que</strong></span> <span class='ocrx_word' id='word_1_801' title='bbox 2033 3982 2248 4039; x_wconf 88' lang='lat' dir='ltr'><strong>natura,</strong></span> <span class='ocrx_word' id='word_1_802' title='bbox 2277 3986 2416 4026; x_wconf 89' lang='lat' dir='ltr'><strong>unus</strong></span> <span class='ocrx_word' id='word_1_803' title='bbox 2437 3979 2466 4008; x_wconf 78' lang='grc' dir='ltr'><strong>ιι</strong></span> <span class='ocrx_word' id='word_1_804' title='bbox 2491 3980 2575 4027; x_wconf 91' lang='lat' dir='ltr'><strong>est</strong></span> <span class='ocrx_word' id='word_1_805' title='bbox 2598 3970 2845 4026; x_wconf 85' lang='lat' dir='ltr'><strong>Christus</strong></span> <span class='ocrx_word' id='word_1_806' title='bbox 2880 3985 2897 4023; x_wconf 84' lang='lat'><strong>:</strong></span> <span class='ocrx_word' id='word_1_807' title='bbox 2932 3984 3031 4024; x_wconf 91' lang='lat' dir='ltr'><strong>nec</strong></span> <span class='ocrx_word' id='word_1_808' title='bbox 3066 3966 3299 4023; x_wconf 84' lang='lat' dir='ltr'><strong>Verbum</strong></span> <span class='ocrx_word' id='word_1_809' title='bbox 3326 3966 3397 4021; x_wconf 89' lang='lat' dir='ltr'><strong>ibi</strong></span> <span class='ocrx_word' id='word_1_810' title='bbox 3429 3964 3499 4021; x_wconf 91' lang='lat' dir='ltr'><strong>ab</strong></span> 
     </span>
    </p>
   </div>
   <div class='ocr_carea' id='block_1_104' title="bbox 1900 4060 3497 4136">
    <p class='ocr_par' dir='ltr' id='par_1_104' title="bbox 1900 4060 3497 4136">
     <span class='ocr_line' id='line_1_107' title="bbox 1900 4060 3497 4136; baseline -0.006 -15"><span class='ocrx_word' id='word_1_811' title='bbox 1900 4065 2122 4121; x_wconf 91' lang='lat' dir='ltr'><strong>homine</strong></span> <span class='ocrx_word' id='word_1_812' title='bbox 2170 4065 2530 4136; x_wconf 76' lang='lat' dir='ltr'><strong>disiunctum,</strong></span> <span class='ocrx_word' id='word_1_813' title='bbox 2583 4079 2682 4119; x_wconf 90' lang='lat' dir='ltr'><strong>nec</strong></span> <span class='ocrx_word' id='word_1_814' title='bbox 2736 4064 2899 4118; x_wconf 86' lang='lat' dir='ltr'><strong>homo</strong></span> <span class='ocrx_word' id='word_1_815' title='bbox 2949 4071 3033 4117; x_wconf 87' lang='lat' dir='ltr'><strong>est</strong></span> <span class='ocrx_word' id='word_1_816' title='bbox 3081 4060 3404 4115; x_wconf 85' lang='lat' dir='ltr'><strong>dissociatos</strong></span> <span class='ocrx_word' id='word_1_817' title='bbox 3464 4072 3497 4113; x_wconf 85' lang='lat' dir='ltr'><strong>a</strong></span> 
     </span>
    </p>
   </div>
   <div class='ocr_carea' id='block_1_105' title="bbox 1898 4150 3494 4223">
    <p class='ocr_par' dir='ltr' id='par_1_105' title="bbox 1898 4150 3494 4223">
     <span class='ocr_line' id='line_1_108' title="bbox 1898 4150 3494 4223; baseline -0.007 -9"><span class='ocrx_word' id='word_1_818' title='bbox 1898 4155 2101 4214; x_wconf 85' lang='lat' dir='ltr'><strong>Verbo.</strong></span> <span class='ocrx_word' id='word_1_819' title='bbox 2141 4156 2257 4212; x_wconf 86' lang='lat' dir='ltr'><strong>Non</strong></span> <span class='ocrx_word' id='word_1_820' title='bbox 2296 4165 2382 4213; x_wconf 90' lang='lat' dir='ltr'><strong>est</strong></span> <span class='ocrx_word' id='word_1_821' title='bbox 2418 4155 2659 4211; x_wconf 79' lang='lat' dir='ltr'><strong>fastidita</strong></span> <span class='ocrx_word' id='word_1_822' title='bbox 2690 4154 2993 4217; x_wconf 88' lang='lat' dir='ltr'><strong>humilitas,</strong></span> <span class='ocrx_word' id='word_1_823' title='bbox 3024 4152 3150 4223; x_wconf 88' lang='lat' dir='ltr'><strong>quia</strong></span> <span class='ocrx_word' id='word_1_824' title='bbox 3181 4165 3281 4206; x_wconf 90' lang='lat' dir='ltr'><strong>nec</strong></span> <span class='ocrx_word' id='word_1_825' title='bbox 3311 4150 3494 4205; x_wconf 86' lang='lat' dir='ltr'><strong>immi-</strong></span> 
     </span>
    </p>
   </div>
   <div class='ocr_carea' id='block_1_106' title="bbox 1902 4242 3495 4319">
    <p class='ocr_par' dir='ltr' id='par_1_106' title="bbox 1902 4242 3495 4319">
     <span class='ocr_line' id='line_1_109' title="bbox 1902 4242 3495 4319; baseline -0.006 -12"><span class='ocrx_word' id='word_1_826' title='bbox 1902 4258 2031 4307; x_wconf 84' lang='lat' dir='ltr'><strong>nuta</strong></span> <span class='ocrx_word' id='word_1_827' title='bbox 2085 4248 2362 4319; x_wconf 87' lang='lat' dir='ltr'><strong>majestas.</strong></span> <span class='ocrx_word' id='word_1_828' title='bbox 2395 4256 2420 4286; x_wconf 90' lang='lat'><strong><em>°</em></strong></span> <span class='ocrx_word' id='word_1_829' title='bbox 2464 4246 2612 4304; x_wconf 85' lang='lat' dir='ltr'><strong>Nihil</strong></span> <span class='ocrx_word' id='word_1_830' title='bbox 2669 4247 2853 4304; x_wconf 87' lang='lat' dir='ltr'><strong>nocuit</strong></span> <span class='ocrx_word' id='word_1_831' title='bbox 2905 4254 3112 4302; x_wconf 74' lang='lat' dir='ltr'><strong>natura:</strong></span> <span class='ocrx_word' id='word_1_832' title='bbox 3160 4242 3495 4313; x_wconf 83' lang='lat' dir='ltr'><strong>inviolabili,</strong></span> 
     </span>
    </p>
   </div>
   <div class='ocr_carea' id='block_1_107' title="bbox 1795 4422 3495 4496">
    <p class='ocr_par' dir='ltr' id='par_1_107' title="bbox 1795 4422 3495 4496">
     <span class='ocr_line' id='line_1_110' title="bbox 1795 4422 3495 4496; baseline -0.001 -15"><span class='ocrx_word' id='word_1_833' title='bbox 1795 4441 1798 4445; x_wconf 78' lang='lat'><strong><em>&#39;</em></strong></span> <span class='ocrx_word' id='word_1_834' title='bbox 1901 4424 2200 4493; x_wconf 80' lang='lat' dir='ltr'><strong>Romanus,</strong></span> <span class='ocrx_word' id='word_1_835' title='bbox 2230 4428 2296 4483; x_wconf 88' lang='lat' dir='ltr'><strong>ad</strong></span> <span class='ocrx_word' id='word_1_836' title='bbox 2326 4428 2609 4485; x_wconf 85' lang='lat' dir='ltr'><strong>Basilicam</strong></span> <span class='ocrx_word' id='word_1_837' title='bbox 2645 4426 2744 4485; x_wconf 89' lang='lat' dir='ltr'><strong>SS.</strong></span> <span class='ocrx_word' id='word_1_838' title='bbox 2772 4425 3136 4496; x_wconf 89' lang='lat' dir='ltr'><strong>apostolorum</strong></span> <span class='ocrx_word' id='word_1_839' title='bbox 3167 4422 3399 4496; x_wconf 88' lang='lat' dir='ltr'><strong>Philippi</strong></span> <span class='ocrx_word' id='word_1_840' title='bbox 3438 4431 3495 4480; x_wconf 88' lang='lat' dir='ltr'><strong>et</strong></span> 
     </span>
    </p>
   </div>
   <div class='ocr_carea' id='block_1_108' title="bbox 1902 4493 3491 4568">
    <p class='ocr_par' dir='ltr' id='par_1_108' title="bbox 1902 4493 3491 4568">
     <span class='ocr_line' id='line_1_111' title="bbox 1902 4493 3491 4568; baseline -0.003 -14"><span class='ocrx_word' id='word_1_841' title='bbox 1902 4497 2090 4554; x_wconf 80' lang='lat' dir='ltr'><strong>Jacobi</strong></span> <span class='ocrx_word' id='word_1_842' title='bbox 2152 4500 2483 4568; x_wconf 88' lang='lat' dir='ltr'><strong>pertinebat,</strong></span> <span class='ocrx_word' id='word_1_843' title='bbox 2536 4515 2657 4554; x_wconf 91' lang='lat' dir='ltr'><strong>cum</strong></span> <span class='ocrx_word' id='word_1_844' title='bbox 2695 4493 2993 4567; x_wconf 64' lang='lat' dir='ltr'><strong>praesertim</strong></span> <span class='ocrx_word' id='word_1_845' title='bbox 3031 4493 3321 4550; x_wconf 87' lang='lat' dir='ltr'><strong>concinant</strong></span> <span class='ocrx_word' id='word_1_846' title='bbox 3354 4493 3491 4568; x_wconf 81' lang='lat' dir='ltr'><strong>mss.</strong></span> 
     </span>
    </p>
   </div>
   <div class='ocr_carea' id='block_1_109' title="bbox 1902 4565 3498 4641">
    <p class='ocr_par' dir='ltr' id='par_1_109' title="bbox 1902 4565 3498 4641">
     <span class='ocr_line' id='line_1_112' title="bbox 1902 4565 3498 4641; baseline -0.001 -19"><span class='ocrx_word' id='word_1_847' title='bbox 1902 4565 2591 4641; x_wconf 81' lang='lat' dir='ltr'><strong>potiorumcollectionum-</strong></span> <span class='ocrx_word' id='word_1_848' title='bbox 2609 4573 2636 4625; x_wconf 71' lang='grc' dir='ltr'><strong><em>λι</em></strong></span> <span class='ocrx_word' id='word_1_849' title='bbox 2658 4565 2716 4625; x_wconf 80' lang='lat' dir='ltr'><strong>et</strong></span> <span class='ocrx_word' id='word_1_850' title='bbox 2737 4569 2793 4641; x_wconf 84' lang='lat'><strong>2.</strong></span> <span class='ocrx_word' id='word_1_851' title='bbox 2816 4568 3115 4641; x_wconf 80' lang='lat' dir='ltr'><strong>Contextus</strong></span> <span class='ocrx_word' id='word_1_852' title='bbox 3139 4568 3301 4641; x_wconf 79' lang='lat' dir='ltr'><strong>etiam</strong></span> <span class='ocrx_word' id='word_1_853' title='bbox 3327 4565 3498 4634; x_wconf 84' lang='lat' dir='ltr'><strong>magis</strong></span> 
     </span>
    </p>
   </div>
   <div class='ocr_carea' id='block_1_110' title="bbox 1905 4637 3497 4711">
    <p class='ocr_par' dir='ltr' id='par_1_110' title="bbox 1905 4637 3497 4711">
     <span class='ocr_line' id='line_1_113' title="bbox 1905 4637 3497 4711; baseline 0 -18"><span class='ocrx_word' id='word_1_854' title='bbox 1905 4637 2156 4710; x_wconf 73' lang='lat' dir='ltr'><strong>congruit</strong></span> <span class='ocrx_word' id='word_1_855' title='bbox 2191 4660 2202 4695; x_wconf 89' lang='lat'><strong>:</strong></span> <span class='ocrx_word' id='word_1_856' title='bbox 2239 4658 2359 4697; x_wconf 86' lang='lat' dir='ltr'><strong>nam</strong></span> <span class='ocrx_word' id='word_1_857' title='bbox 2418 4641 2670 4711; x_wconf 87' lang='lat' dir='ltr'><strong>proprius</strong></span> <span class='ocrx_word' id='word_1_858' title='bbox 2723 4637 3284 4711; x_wconf 23' lang='lat' dir='ltr'><strong>diciturgeaangelicus</strong></span> <span class='ocrx_word' id='word_1_859' title='bbox 3330 4652 3497 4693; x_wconf 83' lang='lat' dir='ltr'><strong>sermo</strong></span> 
     </span>
    </p>
   </div>
   <div class='ocr_carea' id='block_1_111' title="bbox 1904 4704 3497 4777">
    <p class='ocr_par' dir='ltr' id='par_1_111' title="bbox 1904 4704 3497 4777">
     <span class='ocr_line' id='line_1_114' title="bbox 1904 4704 3497 4777; baseline -0.001 -14"><span class='ocrx_word' id='word_1_860' title='bbox 1904 4704 2159 4766; x_wconf 66' lang='lat' dir='ltr'><strong>reserasse</strong></span> <span class='ocrx_word' id='word_1_861' title='bbox 2188 4704 2566 4767; x_wconf 75' lang='lat' dir='ltr'><strong>sacramentum</strong></span> <span class='ocrx_word' id='word_1_862' title='bbox 2601 4708 2884 4767; x_wconf 74' lang='lat' dir='ltr'><strong>Dominica:</strong></span> <span class='ocrx_word' id='word_1_863' title='bbox 2917 4704 3203 4775; x_wconf 77' lang='lat' dir='ltr'><strong>Passionis,</strong></span> <span class='ocrx_word' id='word_1_864' title='bbox 3232 4720 3390 4777; x_wconf 90' lang='lat' dir='ltr'><strong>quam</strong></span> <span class='ocrx_word' id='word_1_865' title='bbox 3414 4724 3497 4762; x_wconf 86' lang='lat' dir='ltr'><strong>sa-</strong></span> 
     </span>
    </p>
   </div>
   <div class='ocr_carea' id='block_1_112' title="bbox 1903 4784 3487 4838">
    <p class='ocr_par' dir='ltr' id='par_1_112' title="bbox 1903 4784 3487 4838">
     <span class='ocr_line' id='line_1_115' title="bbox 1903 4784 3487 4838; baseline 0.001 -3"><span class='ocrx_word' id='word_1_866' title='bbox 1903 4784 2252 4837; x_wconf 79' lang='lat' dir='ltr'><strong>cratissimum</strong></span> <span class='ocrx_word' id='word_1_867' title='bbox 2281 4785 2434 4838; x_wconf 87' lang='lat' dir='ltr'><strong>diem.</strong></span> <span class='ocrx_word' id='word_1_868' title='bbox 2664 4804 2667 4809; x_wconf 53' lang='grc' dir='ltr'>ι</span> <span class='ocrx_word' id='word_1_869' title='bbox 2760 4784 2761 4787; x_wconf 58' lang='grc'><em>“</em></span> <span class='ocrx_word' id='word_1_870' title='bbox 2954 4798 2955 4805; x_wconf 80' lang='lat'>‘</span> <span class='ocrx_word' id='word_1_871' title='bbox 3484 4796 3487 4803; x_wconf 80' lang='lat'><strong><em>&#39;</em></strong></span> 
     </span>
    </p>
   </div>
   <div class='ocr_carea' id='block_1_113' title="bbox 1823 4841 3496 4926">
    <p class='ocr_par' dir='ltr' id='par_1_113' title="bbox 1823 4841 3496 4926">
     <span class='ocr_line' id='line_1_116' title="bbox 1823 4841 3496 4926; baseline -0.004 -17"><span class='ocrx_word' id='word_1_872' title='bbox 1823 4841 1879 4902; x_wconf 86' lang='grc' dir='ltr'>Ῑ)</span> <span class='ocrx_word' id='word_1_873' title='bbox 1976 4850 2156 4926; x_wconf 57' lang='grc' dir='ltr'><strong>ξλριεε.</strong></span> <span class='ocrx_word' id='word_1_874' title='bbox 2186 4856 2406 4912; x_wconf 86' lang='lat' dir='ltr'><strong>collect.</strong></span> <span class='ocrx_word' id='word_1_875' title='bbox 2437 4856 2496 4924; x_wconf 88' lang='lat'><strong>2,</strong></span> <span class='ocrx_word' id='word_1_876' title='bbox 2517 4854 2844 4926; x_wconf 76' lang='lat' dir='ltr'><strong>perspicuam</strong></span> <span class='ocrx_word' id='word_1_877' title='bbox 2872 4849 3496 4926; x_wconf 54' lang='lat' dir='ltr'><strong>habeatintdligentiqm.</strong></span> 
     </span>
    </p>
   </div>
   <div class='ocr_carea' id='block_1_114' title="bbox 1980 4920 3497 4992">
    <p class='ocr_par' dir='ltr' id='par_1_114' title="bbox 1980 4920 3497 4992">
     <span class='ocr_line' id='line_1_117' title="bbox 1980 4920 3497 4992; baseline -0.004 -13"><span class='ocrx_word' id='word_1_878' title='bbox 1980 4922 1996 4960; x_wconf 77' lang='grc' dir='ltr'><strong>ί</strong></span> <span class='ocrx_word' id='word_1_879' title='bbox 2033 4924 2231 4981; x_wconf 81' lang='lat' dir='ltr'><strong>Vocem</strong></span> <span class='ocrx_word' id='word_1_880' title='bbox 2284 4920 2810 4981; x_wconf 44' lang='lat' dir='ltr'><strong>tetram&#39;addidimus</strong></span> <span class='ocrx_word' id='word_1_881' title='bbox 2861 4938 2926 4977; x_wconf 85' lang='lat' dir='ltr'><strong>ex</strong></span> <span class='ocrx_word' id='word_1_882' title='bbox 2969 4920 3345 4992; x_wconf 87' lang='lat' dir='ltr'><strong>antiquissimo</strong></span> <span class='ocrx_word' id='word_1_883' title='bbox 3375 4920 3497 4975; x_wconf 89' lang='lat' dir='ltr'><strong>Vat.</strong></span> 
     </span>
    </p>
   </div>
   <div class='ocr_carea' id='block_1_115' title="bbox 1900 4996 2945 5068">
    <p class='ocr_par' dir='ltr' id='par_1_115' title="bbox 1900 4996 2945 5068">
     <span class='ocr_line' id='line_1_118' title="bbox 1900 4996 2945 5068; baseline -0.001 -17"><span class='ocrx_word' id='word_1_884' title='bbox 1900 5002 1956 5051; x_wconf 90' lang='lat' dir='ltr'><strong>et</strong></span> <span class='ocrx_word' id='word_1_885' title='bbox 1980 4996 2138 5068; x_wconf 79' lang='lat' dir='ltr'><strong>codd.</strong></span> <span class='ocrx_word' id='word_1_886' title='bbox 2172 4996 2512 5068; x_wconf 57' lang='lat' dir='ltr'><strong>antiquarum</strong></span> <span class='ocrx_word' id='word_1_887' title='bbox 2544 4996 2945 5068; x_wconf 72' lang='lat' dir='ltr'><strong>collectionum.</strong></span> 
     </span>
    </p>
   </div>
   <div class='ocr_carea' id='block_1_116' title="bbox 1978 5063 2745 5133">
    <p class='ocr_par' dir='ltr' id='par_1_116' title="bbox 1978 5063 2745 5133">
     <span class='ocr_line' id='line_1_119' title="bbox 1978 5063 2745 5133; baseline 0.005 -18"><span class='ocrx_word' id='word_1_888' title='bbox 1978 5065 1991 5115; x_wconf 90' lang='lat' dir='ltr'><strong>i</strong></span> <span class='ocrx_word' id='word_1_889' title='bbox 2028 5065 2172 5121; x_wconf 87' lang='lat' dir='ltr'><strong>Idem</strong></span> <span class='ocrx_word' id='word_1_890' title='bbox 2199 5063 2347 5133; x_wconf 43' lang='lat' dir='ltr'><strong>Vati,</strong></span> <span class='ocrx_word' id='word_1_891' title='bbox 2381 5063 2554 5121; x_wconf 84' lang='lat' dir='ltr'><strong>Filius</strong></span> <span class='ocrx_word' id='word_1_892' title='bbox 2585 5065 2745 5120; x_wconf 89' lang='lat' dir='ltr'><strong>Deus.</strong></span> 
     </span>
    </p>
   </div>
   <div class='ocr_carea' id='block_1_117' title="bbox 1975 5133 3496 5218">
    <p class='ocr_par' dir='ltr' id='par_1_117' title="bbox 1975 5133 3496 5218">
     <span class='ocr_line' id='line_1_120' title="bbox 1975 5133 3496 5218; baseline -0.001 -27"><span class='ocrx_word' id='word_1_893' title='bbox 1975 5134 2000 5173; x_wconf 76' lang='grc' dir='ltr'><strong>ιι</strong></span> <span class='ocrx_word' id='word_1_894' title='bbox 2034 5138 2198 5218; x_wconf 44' lang='lat' dir='ltr'><strong>Enditi,</strong></span> <span class='ocrx_word' id='word_1_895' title='bbox 2257 5146 2407 5192; x_wconf 85' lang='lat' dir='ltr'><strong>sdcra</strong></span> <span class='ocrx_word' id='word_1_896' title='bbox 2435 5136 2566 5218; x_wconf 58' lang='lat' dir='ltr'><strong>ﬁde.</strong></span> <span class='ocrx_word' id='word_1_897' title='bbox 2590 5136 2759 5218; x_wconf 76' lang='lat' dir='ltr'><strong>Magis</strong></span> <span class='ocrx_word' id='word_1_898' title='bbox 2787 5134 2999 5218; x_wconf 80' lang='lat' dir='ltr'><strong>placuit</strong></span> <span class='ocrx_word' id='word_1_899' title='bbox 3021 5133 3184 5191; x_wconf 91' lang='lat' dir='ltr'><strong>lectio</strong></span> <span class='ocrx_word' id='word_1_900' title='bbox 3214 5149 3346 5191; x_wconf 90' lang='lat' dir='ltr'><strong>mss.</strong></span> <span class='ocrx_word' id='word_1_901' title='bbox 3377 5134 3496 5189; x_wconf 86' lang='lat' dir='ltr'><strong>col-</strong></span> 
     </span>
    </p>
   </div>
   <div class='ocr_carea' id='block_1_118' title="bbox 1900 5206 3025 5278">
    <p class='ocr_par' dir='ltr' id='par_1_118' title="bbox 1900 5206 3025 5278">
     <span class='ocr_line' id='line_1_121' title="bbox 1900 5206 3025 5278; baseline -0.001 -15"><span class='ocrx_word' id='word_1_902' title='bbox 1900 5206 2031 5278; x_wconf 80' lang='lat' dir='ltr'><strong>lect.</strong></span> <span class='ocrx_word' id='word_1_903' title='bbox 2059 5209 2114 5275; x_wconf 87' lang='lat'><strong>2,</strong></span> <span class='ocrx_word' id='word_1_904' title='bbox 2150 5225 2269 5278; x_wconf 82' lang='lat' dir='ltr'><strong>quae</strong></span> <span class='ocrx_word' id='word_1_905' title='bbox 2294 5206 2568 5265; x_wconf 85' lang='lat' dir='ltr'><strong>contextui</strong></span> <span class='ocrx_word' id='word_1_906' title='bbox 2610 5206 2891 5278; x_wconf 84' lang='lat' dir='ltr'><strong>aptissima</strong></span> <span class='ocrx_word' id='word_1_907' title='bbox 2921 5216 3025 5278; x_wconf 88' lang='lat' dir='ltr'><strong>est.</strong></span> 
     </span>
    </p>
   </div>
   <div class='ocr_carea' id='block_1_119' title="bbox 1982 5268 3495 5345">
    <p class='ocr_par' dir='ltr' id='par_1_119' title="bbox 1982 5268 3495 5345">
     <span class='ocr_line' id='line_1_122' title="bbox 1982 5268 3495 5345; baseline -0.001 -12"><span class='ocrx_word' id='word_1_908' title='bbox 1982 5276 2001 5315; x_wconf 76' lang='grc' dir='ltr'>ι</span> <span class='ocrx_word' id='word_1_909' title='bbox 2036 5268 2133 5333; x_wconf 73' lang='lat' dir='ltr'><strong>bis.</strong></span> <span class='ocrx_word' id='word_1_910' title='bbox 2166 5268 2519 5335; x_wconf 76' lang='lat' dir='ltr'><strong>Casanatens.</strong></span> <span class='ocrx_word' id='word_1_911' title='bbox 2551 5268 2701 5334; x_wconf 41' lang='lat' dir='ltr'><strong>add-it</strong></span> <span class='ocrx_word' id='word_1_912' title='bbox 2728 5277 2791 5345; x_wconf 84' lang='lat' dir='ltr'><strong>ab</strong></span> <span class='ocrx_word' id='word_1_913' title='bbox 2821 5276 3133 5333; x_wconf 86' lang='lat' dir='ltr'><strong>hominibus.</strong></span> <span class='ocrx_word' id='word_1_914' title='bbox 3174 5268 3295 5332; x_wconf 75' lang='lat' dir='ltr'><strong>Mox</strong></span> <span class='ocrx_word' id='word_1_915' title='bbox 3325 5275 3495 5331; x_wconf 84' lang='lat' dir='ltr'><strong>codex</strong></span> 
     </span>
    </p>
   </div>
   <div class='ocr_carea' id='block_1_120' title="bbox 1904 5347 3493 5419">
    <p class='ocr_par' dir='ltr' id='par_1_120' title="bbox 1904 5347 3493 5419">
     <span class='ocr_line' id='line_1_123' title="bbox 1904 5347 3493 5419; baseline 0 -18"><span class='ocrx_word' id='word_1_916' title='bbox 1904 5348 2214 5419; x_wconf 80' lang='lat' dir='ltr'><strong>Barberin.,</strong></span> <span class='ocrx_word' id='word_1_917' title='bbox 2247 5354 2302 5405; x_wconf 91' lang='lat' dir='ltr'><strong>in</strong></span> <span class='ocrx_word' id='word_1_918' title='bbox 2324 5347 2508 5405; x_wconf 84' lang='lat' dir='ltr'><strong>Christi</strong></span> <span class='ocrx_word' id='word_1_919' title='bbox 2524 5352 2735 5404; x_wconf 86' lang='lat' dir='ltr'><strong>munere</strong></span> <span class='ocrx_word' id='word_1_920' title='bbox 2762 5362 2858 5418; x_wconf 89' lang='lat' dir='ltr'><strong>pro</strong></span> <span class='ocrx_word' id='word_1_921' title='bbox 2879 5350 2990 5419; x_wconf 86' lang='lat' dir='ltr'><strong>ipso</strong></span> <span class='ocrx_word' id='word_1_922' title='bbox 3048 5362 3280 5419; x_wconf 85' lang='lat' dir='ltr'><strong>munere;</strong></span> <span class='ocrx_word' id='word_1_923' title='bbox 3309 5355 3364 5401; x_wconf 87' lang='lat' dir='ltr'><strong>et</strong></span> <span class='ocrx_word' id='word_1_924' title='bbox 3392 5361 3493 5401; x_wconf 84' lang='lat' dir='ltr'><strong>ms.</strong></span> 
     </span>
    </p>
   </div>
   <div class='ocr_carea' id='block_1_121' title="bbox 1906 5418 3495 5495">
    <p class='ocr_par' dir='ltr' id='par_1_121' title="bbox 1906 5418 3495 5495">
     <span class='ocr_line' id='line_1_124' title="bbox 1906 5418 3495 5495; baseline -0.003 -20"><span class='ocrx_word' id='word_1_925' title='bbox 1906 5418 2064 5487; x_wconf 86' lang='lat' dir='ltr'><strong>Bon.,</strong></span> <span class='ocrx_word' id='word_1_926' title='bbox 2098 5431 2374 5495; x_wconf 87' lang='lat' dir='ltr'><strong>prosecuta</strong></span> <span class='ocrx_word' id='word_1_927' title='bbox 2395 5436 2491 5493; x_wconf 89' lang='lat' dir='ltr'><strong>pro</strong></span> <span class='ocrx_word' id='word_1_928' title='bbox 2518 5429 2851 5494; x_wconf 73' lang='lat' dir='ltr'><strong>prmsentata,</strong></span> <span class='ocrx_word' id='word_1_929' title='bbox 2886 5418 2938 5473; x_wconf 85' lang='lat' dir='ltr'><strong>in</strong></span> <span class='ocrx_word' id='word_1_930' title='bbox 2972 5419 3078 5474; x_wconf 84' lang='lat' dir='ltr'><strong>alio</strong></span> <span class='ocrx_word' id='word_1_931' title='bbox 3104 5418 3289 5474; x_wconf 87' lang='lat' dir='ltr'><strong>codice</strong></span> <span class='ocrx_word' id='word_1_932' title='bbox 3308 5431 3495 5487; x_wconf 68' lang='lat' dir='ltr'><strong>reprae-</strong></span> 
     </span>
    </p>
   </div>
   <div class='ocr_carea' id='block_1_122' title="bbox 1899 5504 2118 5551">
    <p class='ocr_par' dir='ltr' id='par_1_122' title="bbox 1899 5504 2118 5551">
     <span class='ocr_line' id='line_1_125' title="bbox 1899 5504 2118 5551; baseline 0.032 -7"><span class='ocrx_word' id='word_1_933' title='bbox 1899 5504 2118 5551; x_wconf 82' lang='lat' dir='ltr'><strong>sentata.</strong></span> 
     </span>
    </p>
   </div>
   <div class='ocr_carea' id='block_1_123' title="bbox 1980 5557 3495 5632">
    <p class='ocr_par' dir='ltr' id='par_1_123' title="bbox 1980 5557 3495 5632">
     <span class='ocr_line' id='line_1_126' title="bbox 1980 5557 3495 5632; baseline -0.004 -12"><span class='ocrx_word' id='word_1_934' title='bbox 1980 5575 2021 5602; x_wconf 75' lang='grc' dir='ltr'><strong>τη</strong></span> <span class='ocrx_word' id='word_1_935' title='bbox 2051 5564 2166 5620; x_wconf 87' lang='lat' dir='ltr'><strong>Duo</strong></span> <span class='ocrx_word' id='word_1_936' title='bbox 2198 5565 2372 5621; x_wconf 89' lang='lat' dir='ltr'><strong>nostri</strong></span> <span class='ocrx_word' id='word_1_937' title='bbox 2423 5561 2612 5627; x_wconf 86' lang='lat' dir='ltr'><strong>codd.,</strong></span> <span class='ocrx_word' id='word_1_938' title='bbox 2657 5559 2988 5632; x_wconf 75' lang='lat' dir='ltr'><strong>cowqualem.</strong></span> <span class='ocrx_word' id='word_1_939' title='bbox 3038 5558 3093 5613; x_wconf 90' lang='lat' dir='ltr'><strong>In</strong></span> <span class='ocrx_word' id='word_1_940' title='bbox 3129 5557 3495 5632; x_wconf 80' lang='lat' dir='ltr'><strong>vetustissimo</strong></span> 
     </span>
    </p>
   </div>
   <div class='ocr_carea' id='block_1_124' title="bbox 1901 5629 3294 5709">
    <p class='ocr_par' dir='ltr' id='par_1_124' title="bbox 1901 5629 3294 5709">
     <span class='ocr_line' id='line_1_127' title="bbox 1901 5629 3294 5709; baseline -0.011 -13"><span class='ocrx_word' id='word_1_941' title='bbox 1901 5640 2023 5696; x_wconf 83' lang='lat' dir='ltr'><strong>Vat.</strong></span> <span class='ocrx_word' id='word_1_942' title='bbox 2038 5680 2061 5709; x_wconf 16' lang='grc' dir='ltr'><strong>,ν</strong></span> <span class='ocrx_word' id='word_1_943' title='bbox 2084 5654 2243 5709; x_wconf 81' lang='lat' dir='ltr'><strong>neque</strong></span> <span class='ocrx_word' id='word_1_944' title='bbox 2268 5636 2414 5691; x_wconf 89' lang='lat' dir='ltr'><strong>illam</strong></span> <span class='ocrx_word' id='word_1_945' title='bbox 2438 5635 2691 5709; x_wconf 55' lang='lat' dir='ltr'><strong>aequalem</strong></span> <span class='ocrx_word' id='word_1_946' title='bbox 2720 5643 2764 5687; x_wconf 88' lang='lat' dir='ltr'><strong>et</strong></span> <span class='ocrx_word' id='word_1_947' title='bbox 2778 5629 3113 5709; x_wconf 37' lang='lat' dir='ltr'><strong>&#39;cowternam’</strong></span> <span class='ocrx_word' id='word_1_948' title='bbox 3126 5629 3294 5709; x_wconf 73' lang='lat' dir='ltr'><strong>Patri.</strong></span> 
     </span>
    </p>
   </div>
   <div class='ocr_carea' id='block_1_125' title="bbox 1900 5696 3493 5839">
    <p class='ocr_par' dir='ltr' id='par_1_125' title="bbox 1900 5696 3493 5839">
     <span class='ocr_line' id='line_1_128' title="bbox 1900 5696 3493 5839; baseline -0.004 -75"><span class='ocrx_word' id='word_1_949' title='bbox 1900 5776 1941 5839; x_wconf 72' lang='lat' dir='ltr'>c</span> <span class='ocrx_word' id='word_1_950' title='bbox 1974 5720 2000 5747; x_wconf 81' lang='grc' dir='ltr'>ιι</span> <span class='ocrx_word' id='word_1_951' title='bbox 2028 5696 2262 5765; x_wconf 77' lang='lat' dir='ltr'><strong>Verbum</strong></span> <span class='ocrx_word' id='word_1_952' title='bbox 2291 5716 2369 5763; x_wconf 89' lang='lat' dir='ltr'><strong>est</strong></span> <span class='ocrx_word' id='word_1_953' title='bbox 2393 5696 2693 5778; x_wconf 80' lang='lat' dir='ltr'><strong>adjecimus</strong></span> <span class='ocrx_word' id='word_1_954' title='bbox 2735 5718 2805 5759; x_wconf 83' lang='lat' dir='ltr'><strong>ex</strong></span> <span class='ocrx_word' id='word_1_955' title='bbox 2849 5701 3043 5757; x_wconf 90' lang='lat' dir='ltr'><strong>eodem</strong></span> <span class='ocrx_word' id='word_1_956' title='bbox 3073 5696 3192 5757; x_wconf 86' lang='lat' dir='ltr'><strong>Vat.</strong></span> <span class='ocrx_word' id='word_1_957' title='bbox 3223 5708 3278 5757; x_wconf 86' lang='lat' dir='ltr'><strong>et</strong></span> <span class='ocrx_word' id='word_1_958' title='bbox 3294 5713 3364 5758; x_wconf 83' lang='lat' dir='ltr'><strong>ex</strong></span> <span class='ocrx_word' id='word_1_959' title='bbox 3387 5713 3493 5758; x_wconf 81' lang='lat' dir='ltr'><strong>tus.</strong></span> 
     </span>
     <span class='ocr_line' id='line_1_129' title="bbox 1946 5788 2775 5839; baseline -0.007 -2"><span class='ocrx_word' id='word_1_960' title='bbox 1946 5788 2150 5839; x_wconf 82' lang='lat' dir='ltr'><strong>asanat.</strong></span> <span class='ocrx_word' id='word_1_961' title='bbox 2536 5792 2541 5795; x_wconf 94' lang='grc'>·</span> <span class='ocrx_word' id='word_1_962' title='bbox 2750 5828 2775 5833; x_wconf 37' lang='grc' dir='ltr'>μ</span> 
     </span>
    </p>
   </div>
   <div class='ocr_carea' id='block_1_126' title="bbox 1946 5788 2775 5839">
    <p class='ocr_par' dir='ltr' id='par_1_126' title="bbox 1946 5788 2775 5839">
     <span class='ocr_line' id='line_1_130' title="bbox 1946 5788 2775 5839; baseline -0.007 -2"><span class='ocrx_word' id='word_1_963' title='bbox 1946 5788 2150 5839; x_wconf 59' lang='grc' dir='ltr'><strong>πεαηδι.</strong></span> <span class='ocrx_word' id='word_1_964' title='bbox 2536 5792 2541 5795; x_wconf 84' lang='grc'><em>’</em></span> <span class='ocrx_word' id='word_1_965' title='bbox 2750 5830 2751 5833; x_wconf 41' lang='grc' dir='ltr'><strong>η</strong></span> <span class='ocrx_word' id='word_1_966' title='bbox 2774 5828 2775 5831; x_wconf 46' lang='grc' dir='ltr'><strong>η</strong></span> 
     </span>
    </p>
   </div>
   <div class='ocr_carea' id='block_1_127' title="bbox 1978 5844 2915 5912">
    <p class='ocr_par' dir='ltr' id='par_1_127' title="bbox 1978 5844 2915 5912">
     <span class='ocr_line' id='line_1_131' title="bbox 1978 5844 2915 5912; baseline -0.009 -5"><span class='ocrx_word' id='word_1_967' title='bbox 1978 5862 2001 5890; x_wconf 91' lang='grc' dir='ltr'><strong>ο</strong></span> <span class='ocrx_word' id='word_1_968' title='bbox 2036 5852 2151 5907; x_wconf 78' lang='lat' dir='ltr'><strong>Nec</strong></span> <span class='ocrx_word' id='word_1_969' title='bbox 2168 5844 2343 5909; x_wconf 59' lang='lat' dir='ltr'><strong>hb’c‘uit</strong></span> <span class='ocrx_word' id='word_1_970' title='bbox 2362 5848 2426 5912; x_wconf 83' lang='lat' dir='ltr'><strong>in</strong></span> <span class='ocrx_word' id='word_1_971' title='bbox 2453 5846 2645 5907; x_wconf 76' lang='lat' dir='ltr'><strong>eodem</strong></span> <span class='ocrx_word' id='word_1_972' title='bbox 2663 5844 2915 5903; x_wconf 74' lang='lat' dir='ltr'><strong>Casanat.</strong></span> 
     </span>
    </p>
   </div>
  </div>
