3994 6354
606 408 615 415 ι
628 406 631 415 ι

1665 334 1725 391 S.
1767 329 2012 389 LEONIS
2048 326 2266 385 MAGNI
2305 327 2687 391 SERMONES.

3671 340 3764 400 520

604 452 809 510 Christo
852 454 1012 525 fuisse
1050 462 1325 525 susceptos.
1355 481 1426 493 —
1447 450 1513 506 V.
1555 449 1700 525 Petri
1739 449 2115 525 conuersionem
2143 445 2195 508 A
2218 444 2398 513 ccptio
2445 447 2751 516 passionum
2810 461 2916 503 non
2963 444 3037 504 ita
3083 454 3166 503 est
3211 455 3240 496 ι
3278 445 3537 508 al'cctioni
3586 468 3766 518 nostra:

534 522 541 527 ’
604 520 863 581 interioris
888 525 1079 581 Christi
1106 520 1314 578 intuitus
1344 540 1467 594 opus
1501 520 1847 592 fuisse—Vl.
1882 521 2115 594 Quanto-

602 614 721 651 rum
767 595 1025 650 malorum
1051 594 1248 649 Iudicis
1288 591 1429 665 origo
1476 591 1617 666 fuere
1662 594 1909 648 clamores
1935 591 2116 665 quibus

602 668 875 724 Christum
889 668 1042 721 morti
1067 666 1399 720 addixerunt.

603 829 734 885 Car.
762 827 889 883 I.—
908 826 1056 883 Inter
1082 824 1285 891 omnia,
1315 825 1670 892 dilectissimi,
1700 840 1865 897 opera
1907 823 2118 880 miseri-

532 923 731 980 cordire
759 921 854 977 Dei
884 935 1008 991 quae
1038 920 1107 976 ab
1130 923 1282 975 initio
1323 921 1479 976 saluti
1510 931 1635 977 sunt
1664 920 1827 993 ΞΜ
1872 921 2117 987 impensa

534 1013 875 1080 mortalium,
908 1012 1043 1067 nihil
1086 1022 1168 1068 est
1192 1012 1490 1068 mirabilius
1512 1054 1527 1080 ,
1554 1010 1792 1083 nihilque
1811 1012 2114 1079 sublimius,

531 1119 693 1178 quam
714 1105 874 1174 quod
911 1119 1007 1174 pro
1037 1105 1239 1161 mundo
1265 1105 1556 1161 cruciﬁxus
1584 1116 1665 1162 est
1690 1104 1958 1161 Christus.
1986 1106 2117 1162 Huic

530 1197 679 1255 enim
700 1207 1040 1252 sacramento
1064 1198 1315 1254 universa
1344 1197 1764 1268 praecedentium
1794 1198 2115 1253 saeculorum

531 1290 790 1361 mysteria
838 1290 1181 1357 servierunt,
1228 1300 1283 1345 et
1335 1288 1594 1360 quidquid
1649 1299 1675 1327 ι
1721 1291 1775 1344 in
1818 1289 2117 1345 hostiarum

530 1381 872 1450 diﬁerentiis,
908 1381 961 1436 in
992 1382 1321 1452 propheticis
1361 1382 1528 1453 signis
1576 1391 1632 1438 et
1674 1381 1936 1452 legalibus
1964 1381 2120 1436 insti-

532 1476 661 1532 tutis
692 1490 842 1531 sacra
873 1474 1281 1546 dispensatione
1305 1476 1572 1531 variatum
1600 1485 1702 1543 est,
1740 1476 1841 1530 hoc
1868 1490 2117 1544 praenun-

531 1568 687 1625 tiavit
715 1567 1057 1638 dispositum,
1090 1571 1189 1623 hoc
1218 1567 1463 1638 promisit
1494 1567 1822 1639 implendum
1849 1586 1862 1620 :
1886 1577 1947 1624 ut
1974 1582 2118 1623 nunc

530 1659 855 1730 imaginibus
885 1658 1177 1729 figurisque
1202 1659 1538 1715 cessantibus
1561 1660 1666 1715 hoc
1696 1659 1867 1730 prosit
1894 1662 2119 1715 credere

528 1752 638 1824 jam
671 1750 944 1818 eﬂ’ectum,
975 1751 1119 1822 quod
1148 1760 1305 1806 antea
1338 1750 1545 1821 profuit
1584 1750 1881 1807 credidisse
1912 1751 2115 1806 facien-

2218 537 2536 595 humilitatis
2584 542 2869 611 exposita,
2918 549 2977 596 ut
3024 555 3055 595 a
3102 540 3339 609 potentia
3387 544 3456 597 sit
3486 545 3766 608 Diviuitatis

2217 633 2492 703 abjuncta.
2515 635 2785 706 Quidquid
2805 635 3033 690 Domino
3058 633 3324 689 illusionis
3350 644 3401 690 et
3428 642 3766 708 contumeliae,

2216 726 2475 798 quidquid
2516 729 2819 785 vexationis
2860 738 2916 784 et
2967 743 3140 799 pinnae
3184 727 3335 783 furor
3380 729 3555 786 intulit
3599 733 3770 804 impio-

2215 836 2357 890 rum,
2389 838 2497 880 non
2524 825 2593 880 de
2639 825 2963 881 necessitate
3013 823 3322 888 toleratam,
3367 825 3461 878 sed
3506 825 3573 880 de
3600 829 3799 883 volunr

2216 922 2326 970 tate
2351 925 2660 987 susceptum
2690 925 2775 973 est
2810 933 2825 971 :
2866 915 3013 970 Venit
3040 916 3179 969 enim
3208 912 3378 970 Filius
3406 915 3620 972 hominis
3645 936 3773 989 qure-

2216 1018 2328 1059 rere
2371 1014 2418 1059 et
2445 1006 2648 1062 saluere
2674 1007 2815 1078 quod
2839 1008 3060 1079 perierat
3087 1005 3255 1078 (Luc.
3287 1022 3339 1072 x,
3369 1005 3436 1061 10
3456 1007 3510 1077 );
3545 1019 3595 1063 et
3619 1011 3691 1067 sic
3716 1014 3775 1069 ad

2218 1097 2379 1169 205
2427 1099 2666 1154 omnium
2699 1098 3127 1169 redemptionem
3169 1100 3417 1154 utebatur
3448 1101 3637 1156 malitia
3658 1118 3774 1173 per-

2218 1195 2595 1264 sequentium,
2652 1206 2711 1251 ut
2764 1197 2816 1250 in
2871 1198 3060 1250 mortis
3120 1196 3235 1265 ejus
3282 1196 3777 1268 resurrectionisque

2217 1297 2581 1353 sacramento,
2616 1288 2777 1342 etiam
2820 1286 3196 1342 interfectores
3225 1283 3255 1324 ¹ι
3285 1286 3365 1339 sui
3394 1296 3610 1355 possent
3656 1289 3776 1344 salvi

2218 1392 2358 1445 esse,
2390 1379 2435 1433 si
2464 1379 2767 1435 crederent.

2288 1472 2419 1527 Car.
2449 1472 2769 1530 III.-—Unde
2799 1473 3083 1529 scelestior
3104 1473 3374 1539 omnibus,
3409 1473 3561 1538 Iuda,
3583 1485 3630 1527 cl
3660 1474 3759 1531 infe

2218 1562 2374 1618 licior
2402 1565 2684 1631 exstitisti,
2730 1579 2889 1635 quem
2931 1580 3035 1618 non
3081 1564 3394 1633 paenitentia
3437 1566 3695 1620 revocavit
3723 1567 3781 1622 ad

2222 1654 2527 1723 Dominum,
2559 1656 2652 1711 sed
2682 1656 2988 1727 desperatio
3016 1656 3179 1711 traxit
3200 1656 3265 1711 ad
3297 1655 3566 1727 laqueum.
3592 1656 3781 1727 Exspe-

2218 1757 2425 1804 ctasses
2454 1748 2975 1804 consummationem
3007 1748 3248 1804 criminis
3270 1749 3367 1814 tui,
3399 1756 3453 1802 et
3481 1750 3647 1804 donec
3673 1765 3783 1804 san-

532 1842 682 1900 dum.
713 1842 772 1898 In
801 1843 1049 1899 omnibus
1079 1842 1257 1913 igitur,
1289 1842 1792 1913 dilectissimi,qu.'e
1812 1842 1880 1897 ad
1898 1840 2115 1897 Domini
2149 1824 2196 1886 Β
2221 1839 2341 1911 guis
2372 1839 2572 1895 Christi
2611 1854 2711 1911 pro
2751 1841 2999 1896 omnibus
3041 1839 3416 1911 peccatoribus
3461 1840 3780 1908 funderetur,

531 1935 707 1992 nostri
726 1936 851 1991 Jesu
868 1934 1065 1990 Christi
1080 1936 1346 2004 pertinent
1371 1934 1699 2004 passionem,
1724 1932 1827 1989 hoc
1854 1932 2118 1990 catholica

531 2028 666 2083 ﬁdes
694 2028 877 2097 tradit,
912 2027 1015 2082 hoc
1036 2028 1222 2098 exigit,
1255 2035 1313 2081 ut
1337 2028 1389 2082 in
1418 2027 1836 2099 Redemptorem
1870 2036 2117 2084 nostrum

530 2118 664 2173 duas
692 2117 1001 2173 noverimus
1035 2118 1356 2175 convenisse
1384 2128 1603 2175 naturas
1628 2164 1643 2189 ,
1688 2130 1747 2176 ct
1775 2119 2120 2178 manentibus

532 2210 955 2282 proprietatibus
999 2210 1134 2278 suis,
1164 2220 1365 2265 tantam
1396 2210 1588 2267 factam
1618 2211 1881 2276 unitatem
1910 2213 2119 2270 utrius-

531 2318 634 2375 que
680 2303 1026 2370 substantiae,
1079 2312 1138 2359 ut
1180 2304 1370 2360 abillo
1415 2312 1657 2375 tempore
1696 2322 1803 2375 quo
1845 2306 1988 2362 sicut
2014 2306 2118 2363 hn-

533 2395 683 2452 mani
732 2395 947 2465 generis
996 2409 1155 2451 causa
1204 2396 1488 2464 poscebat,
1544 2394 1570 2433 δ
1602 2396 1656 2451 in
1685 2394 1860 2453 beata:
1887 2396 2121 2468 Virginis

535 2496 689 2541 utero
723 2484 946 2541 Verbum
989 2502 1109 2541 caro
1152 2488 1348 2557 factum
1391 2496 1466 2541 est
1513 2485 1715 2558 (Joan.
1762 2503 1802 2555 ι,
1837 2488 1969 2557 14),
2019 2503 2122 2545 nec

534 2576 707 2634 Deum
737 2578 885 2633 illum
918 2578 1035 2634 sine
1066 2578 1169 2633 hoc
1195 2578 1338 2649 quod
1374 2578 1537 2634 homo
1584 2586 1688 2645 est,
1719 2592 1819 2634 nec
1848 2579 2119 2636 hominem

534 2668 654 2725 sine
702 2669 805 2725 hoc
853 2670 1009 2726 liceat
1056 2670 1301 2741 cogitare
1342 2670 1484 2739 quod
1532 2671 1675 2727 Deus
1714 2680 1817 2729 est.
1851 2672 2123 2744 Exprimit

535 2759 755 2831 quidem
788 2770 811 2798 ο
842 2762 943 2817 sub
990 2760 1260 2816 distinctis
1298 2760 1603 2818 actionibus
1644 2764 1922 2818 veritatem
1967 2778 2120 2820 suam

538 2860 765 2922 utraque
788 2864 1003 2921 natura,
1025 2853 1120 2909 sed
1155 2863 1343 2909 neutra
1366 2869 1427 2911 se
1454 2855 1525 2911 ab
1564 2855 1790 2912 alterius
1821 2858 2120 2915 connexio-

537 2960 610 3000 nc
662 2945 941 3016 disiungit.
976 2946 1119 3002 Nihil
1161 2947 1234 3003 ibi
1273 2947 1342 3004 ab
1394 2947 1625 3003 invicem
1657 2957 1832 3016 vacat,
1883 2959 1991 3005 tota
2040 2959 2125 3007 est

536 3037 592 3092 in
636 3037 918 3107 majestate
945 3038 1241 3105 humilitas,
1274 3048 1385 3095 tota
1412 3040 1465 3095 in
1495 3039 1804 3097 humilitate
1835 3041 2120 3111 majestas;

537 3142 640 3184 nec
668 3127 831 3183 infert
864 3129 1041 3184 unitas
1066 3128 1464 3199 confusionem,
1495 3146 1594 3187 nec
1622 3131 1827 3188 dirimit
1869 3135 2121 3204 proprie-

538 3231 622 3276 tas
655 3223 935 3278 unitatem.
967 3222 1127 3280 Aliud
1158 3231 1242 3279 est
1271 3224 1565 3294 passibile,
1595 3224 1740 3279 aliud
1771 3225 2119 3293 inviolabile;
2147 3204 2195 3268 C

538 3321 595 3367 et
644 3320 824 3369 tamen
870 3314 1112 3383 ejusdem
1160 3326 1242 3371 est
1284 3317 1632 3383 contumelia,
1663 3319 1817 3388 cujus
1846 3328 1903 3375 et
1927 3321 2119 3391 gloria.

539 3402 659 3473 Ipse
685 3415 767 3459 est
795 3403 849 3460 in
881 3405 1191 3462 inﬁrmitate
1218 3408 1307 3477 qui
1337 3416 1392 3464 et
1433 3407 1489 3463 in
1515 3409 1748 3476 virtute;
1786 3410 1929 3467 idem
1970 3428 2124 3469 mor-

540 3496 610 3550 tis
639 3510 830 3567 capax,
867 3507 923 3553 et
952 3497 1094 3554 idem
1137 3500 1309 3554 victor
1353 3510 1437 3555 est
1466 3501 1676 3557 mortis.
1718 3502 1967 3573 Suscepit
1994 3519 2127 3577 ergo

540 3595 711 3641 totum
762 3587 1035 3643 hominem
1083 3589 1269 3657 Deus,
1317 3600 1375 3647 et
1415 3590 1489 3646 ita
1536 3607 1596 3647 se
1639 3592 1738 3661 illi,
1783 3603 1945 3664 atque
1974 3596 2124 3652 illum

539 3678 641 3733 sibi
674 3679 1055 3736 misericordia:
1088 3691 1141 3736 et
1172 3683 1455 3752 potestatis
1484 3683 1693 3739 ratione
1736 3689 2034 3755 conseruit,
2068 3700 2128 3745 ut

541 3774 767 3841 utraque
796 3772 949 3827 alteri
983 3769 1010 3809 ἀ
1038 3783 1225 3829 natura
1257 3775 1481 3841 inesset,
1512 3784 1569 3831 et
1592 3785 1785 3833 neutra
1815 3778 1871 3834 in
1898 3780 2124 3839 alteram

538 3880 569 3919 a
598 3880 693 3921 sua
724 3867 1054 3937 proprietate
1084 3870 1360 3925 transiret.

610 3957 739 4014 Car.
774 3957 1061 4016 Il.—-Sed
1109 3962 1231 4032 quia
1285 3960 1624 4033 dispensatio
1666 3965 2009 4030 sacramenti,
2057 3968 2124 4023 ad

538 4052 937 4123 reparationem
969 4062 1207 4108 nostram
1235 4060 1361 4108 ante
1389 4054 1593 4111 saecula
1620 4064 1823 4112 aeterna
1850 4057 2122 4127 dispositi,

538 4158 641 4201 nec
688 4144 806 4199 sine
836 4145 1069 4201 humana
1116 4145 1450 4214 inﬁrmitate,
1483 4162 1583 4203 nec
1626 4148 1743 4204 sine
1788 4149 1968 4204 divina
2006 4160 2127 4206 erat

538 4239 963 4295 consummanda
1009 4239 1206 4296 virtute
1250 4256 1266 4295 :
1317 4252 1339 4277 ν
1367 4240 1476 4310 agit
1516 4252 1745 4310 utraque
1790 4242 1958 4296 forma
2001 4256 2123 4298 cum

538 4333 763 4388 alterius
810 4334 1226 4399 communione,
1274 4333 1416 4401 quod
1469 4334 1743 4402 proprium
1791 4343 1893 4401 est,
1946 4334 2123 4391 Verbo

536 4426 746 4483 scilicet
790 4435 1050 4495 operante
1094 4426 1238 4497 quod
1290 4425 1449 4481 Verbi
1494 4437 1577 4482 est
1603 4468 1618 4494 ,
1671 4436 1727 4481 et
1758 4441 1924 4483 carne
1966 4442 2125 4483 exse-

537 4530 735 4590 quente
762 4519 906 4590 quod
955 4520 1135 4574 carnis
1171 4529 1273 4574 est.
1309 4518 1483 4575 Unum
1518 4519 1709 4574 horum
1740 4529 1995 4574 coruscat
2024 4520 2126 4573 mi-

2224 1930 2471 1987 informis
2499 1932 2628 1988 letlli
2659 1934 3011 2003 suspendium
3040 1934 3369 1988 distulissies.
3401 1932 3640 2003 Cumque
3663 1949 3782 1990 con-

2223 2025 2505 2080 scientiam
2545 2034 2693 2080 tuam
2731 2033 2811 2080 tot
2847 2025 3054 2081 Domini
3086 2025 3381 2090 miracula,
3417 2034 3495 2080 tot
3528 2025 3661 2080 dona
3693 2037 3789 2081 tor-

2221 2126 2471 2189 querent,
2496 2116 2583 2172 illa
2612 2119 2804 2175 saltem
2829 2128 2881 2174 te
2908 2133 2937 2173 a
2968 2119 3267 2189 praecipitio
3297 2127 3393 2173 tuo
3425 2117 3441 2155 ί
3477 2128 3788 2174 sacramenta

2223 2219 2589 2278 revocassent,
2614 2225 2733 2280 qua:
2754 2211 2805 2265 in
2827 2210 3062 2280 paschali
3079 2224 3231 2267 creua
3256 2210 3370 2279 jam
3394 2210 3462 2265 de
3478 2208 3691 2279 perﬁdia
3714 2221 3791 2266 tua

2222 2301 2379 2372 signo
2419 2301 2621 2357 divina:
2656 2303 2898 2358 scientiae
2934 2302 3199 2373 detectus,
3237 2318 3547 2374 acceperas.
3586 2302 3691 2359 Cur
3733 2306 3793 2361 de

2223 2392 2340 2462 ejus
2371 2393 2609 2450 bonitate
2647 2394 2849 2450 difﬁdis
2868 2438 2883 2462 ,
2913 2397 3002 2468 qui
3041 2406 3093 2452 te
3120 2412 3146 2450 a
3178 2398 3426 2467 corporis
3454 2408 3508 2452 et
3538 2400 3793 2467 sanguinis

2223 2483 2309 2539 sui
2351 2486 2733 2541 communione
2776 2501 2882 2543 non
2925 2488 3153 2558 repulit,
3198 2489 3287 2559 qui
3332 2488 3428 2543 tibi
3464 2490 3530 2544 ad
3567 2504 3793 2559 compre-

2224 2574 2571 2633 hendendum
2601 2594 2662 2635 se
2689 2594 2813 2634 cum
2845 2580 3015 2635 turbis
3040 2593 3092 2636 et
3124 2593 3457 2636 armatorum
3481 2584 3697 2638 cohorte
3718 2600 3795 2639 ve-

2224 2670 2393 2726 nienti
2431 2671 2581 2741 pacis
2624 2672 2868 2727 osculum
2903 2688 3009 2728 non
3055 2674 3267 2744 negavit
3307 2673 3491 2747 (Joan.
3536 2690 3679 2739 xvln,
3711 2673 3797 2745 5)?

2224 2759 2332 2817 Sed
2363 2760 2525 2816 homo
2559 2760 2574 2813 ἰ
2614 2762 3064 2827 inconvertibilis,
3094 2764 3305 2834 spiritus
3329 2764 3520 2819 vadens
3542 2773 3705 2819 etnon
3726 2780 3798 2816 re-

2223 2862 2422 2909 vertens
2446 2854 2564 2925 (Ps.
2590 2871 2789 2921 Lxxvn,
2805 2852 2922 2926 59),
2945 2854 3127 2910 cordis
3159 2856 3232 2910 tui
3264 2865 3486 2911 secutus
3506 2871 3564 2911 es
3584 2856 3794 2919 rabiem,

2225 2953 2284 3000 et
2310 2953 2489 3002 stante
2508 2946 2725 3002 diabolo
2747 2960 2777 3001 a
2805 2947 3012 3003 dextris
3040 2950 3145 3002 tuis
3174 2946 3295 3018 (Ps.
3331 2962 3482 3013 cvnl,
3511 2945 3590 3019 6),
3622 2949 3800 3016 iniqui-

2227 3045 2417 3104 tatem,
2442 3051 2605 3108 quani
2632 3038 2684 3093 in
2708 3047 3015 3095 sanctorum
3042 3038 3279 3093 omnium
3305 3052 3617 3094 armaveras
3633 3046 3798 3105 caput,

2228 3128 2283 3185 in
2324 3137 2470 3184 tuum
2512 3131 2771 3187 verticem
2818 3130 3118 3186 retorsisti:
3163 3137 3221 3184 ut
3260 3131 3391 3199 quia
3436 3129 3641 3184 {acinus
3668 3138 3803 3184 tuum

2226 3235 2439 3276 omnem
2477 3236 2783 3278 mensuram
2832 3222 3052 3277 ultionis
3095 3230 3448 3287 excesserat,
3502 3229 3554 3278 te
3596 3221 3803 3276 haberet

2224 3310 2251 3352 ι
2269 3314 2518 3386 impietas
2545 3324 2636 3371 tua
2660 3316 2920 3386 judicem,
2952 3327 3003 3372 te
3033 3325 3319 3388 pateretur
3344 3327 3435 3371 tua
3459 3331 3616 3387 pinna
3644 3315 3805 3371 carni-

2226 3406 2403 3464 ﬁcem.

2294 3499 2425 3553 Car.
2459 3498 2550 3555 IV.
2575 3528 2643 3540 —-
2664 3498 2799 3555 Cum
2828 3501 2987 3570 igitur
3012 3510 3157 3557 esset
3184 3499 3332 3556 Deus
3356 3502 3409 3556 in
3441 3500 3645 3556 Christo
3674 3516 3806 3555 mun-

2226 3590 2350 3645 dum
2372 3593 2704 3646 reconcilians
2732 3593 2826 3647 sibi
2856 3592 2901 3666 (l
2920 3593 3039 3648 Cor.
3069 3610 3122 3660 v,
3151 3592 3261 3666 l9),
3282 3604 3347 3649 et
3372 3603 3676 3650 creaturam
3704 3590 3723 3631 ι
3749 3591 3809 3646 ad

2225 3682 2522 3738 conditoris
2556 3684 2635 3738 sui
2668 3683 2951 3753 imaginem
2984 3684 3419 3751 reformandam,
3451 3682 3677 3740 Creator
3704 3683 3810 3753 ipse

2224 3792 2495 3855 gestaret;
2527 3784 2755 3853 peractis
2782 3784 3052 3838 miraculis
3079 3798 3308 3854 operum
3342 3784 3673 3847 divinorum,
3702 3797 3811 3851 quae

2226 3884 2575 3954 propheticus
2605 3885 2730 3939 olim
2763 3884 2983 3956 spiritus
3015 3884 3248 3954 gerenda
3282 3883 3648 3952 prmdixerat:
3678 3880 3812 3936 Tunc

2227 3988 2520 4054 aperientur
2544 3987 2680 4042 oculi
2709 4003 2980 4050 caecorum,
3010 3994 3052 4041 et
3085 4003 3234 4040 aures
3264 3986 3553 4041 surdorum
3581 3985 3811 4048 audient;

2229 4098 2348 4143 tunc
2370 4089 2515 4143 saliet
2536 4090 2752 4143 claudus
2778 4097 2831 4141 ut
2855 4104 3048 4155 cervus,
3076 4097 3120 4140 et
3136 4096 3175 4124 ω
3199 4087 3367 4155 plana
3389 4088 3486 4141 erit
3505 4086 3683 4158 lingua
3708 4102 3813 4139 mu-

2230 4199 2396 4243 torum
2427 4187 2582 4260 (lsai.
2614 4170 2773 4256 xx'xv,
2808 4188 2896 4256 5);
2930 4188 3106 4242 sciens
3133 4186 3289 4241 Jesus
3327 4187 3526 4242 adesse
3549 4188 3660 4257 jam
3692 4195 3815 4241 tem-

2230 4306 2327 4362 pus
2357 4292 2604 4361 gloriosze
2632 4290 2906 4346 Passionis
2936 4290 3242 4361 implenda),
3285 4290 3485 4346 Tristis
3513 4300 3606 4355 est,
3635 4288 3815 4358 inquit,

2227 4394 2403 4448 anima
2424 4410 2535 4447 mea
2556 4409 2713 4462 usque
2735 4392 2803 4445 ad
2826 4401 3037 4445 mortem
3066 4390 3281 4462 (Matth.
3312 4408 3467 4461 xxvr,
3496 4391 3589 4461 58)
3614 4410 3627 4446 :
3650 4403 3703 4447 et
3724 4390 3817 4445 itc-

2228 4509 2381 4548 rum:
2424 4492 2600 4557 Pater,
2637 4493 2682 4546 si
2716 4493 2828 4560 ﬁeri
2854 4501 3049 4563 potest,
3088 4500 3319 4545 transeat
3359 4509 3394 4546 a
3438 4509 3523 4549 me
3556 4490 3698 4547 ralia:
3731 4492 3818 4544 iste

536 4588 754 4677 raculis,
783 4588 950 4669 aliud
981 4612 1281 4669 succumbit
1312 4613 1543 4695 injuriis.
1582 4611 1601 4651 ί
1633 4613 1767 4669 Illud
1800 4614 1867 4669 ab
1895 4614 2119 4684 aequali-

2231 4595 2416 4668 (Ibid.,
2450 4612 2499 4650 o.
2537 4594 2652 4666 59).
2690 4595 2895 4663 Quibus
2927 4595 3107 4650 verbis
3133 4597 3429 4665 quamdam
3477 4596 3816 4652 formidinem

537 4713 642 4760 tate
674 4714 911 4774 paternae
938 4707 1125 4778 gleriae
1148 4721 1252 4761 non
1286 4706 1514 4773 recedit,
1546 4706 1651 4763 hoc
1676 4716 1923 4763 naturam
1947 4712 2117 4766 nostri

534 4799 747 4869 generis
796 4816 900 4855 non
946 4802 1217 4871 relinquit.
1256 4800 1632 4858 Verumtamen
1681 4802 1846 4856 etiam
1876 4804 1993 4872 ipsa
2023 4818 2114 4859 re-

604 4966 630 4994 ιι
664 4957 978 5025 Prin-positio
1000 4958 1054 5011 in
1082 4955 1258 5013 addita
1290 4972 1355 5013 ex
1382 4971 1485 5012 ms.
1508 4957 1630 5013 Vat.
1666 4958 1829 5013 5855.

605 5026 631 5065 1’
660 5026 759 5101 his.
789 5027 848 5083 S.
878 5029 1042 5101 Petri,
1068 5029 1201 5081 intra
1231 5031 1387 5083 beata:
1420 5029 1642 5101 Virginis
1672 5038 1891 5083 uterum.

586 5108 629 5177 ,ο
658 5098 834 5179 Prima
880 5099 1043 5153 editio
1085 5109 1138 5153 et
1177 5101 1300 5155 cod.
1350 5098 1521 5167 Bou.,'
1557 5101 1651 5155 sub
1681 5101 1895 5155 diversis
1942 5108 1991 5157 et
2028 5100 2112 5155 di-

534 5178 747 5223 rtmetis.

602 5242 627 5274 α
662 5240 861 5295 Eadem
886 5238 1050 5294 editio
1074 5250 1129 5295 et
1158 5240 1296 5295 idem
1327 5241 1526 5305 codex,
1552 5252 1773 5297 naturis.

606 5320 629 5346 θ
660 5310 862 5366 Eadem
897 5312 949 5365 in
978 5312 1134 5379 epist.
1161 5312 1251 5373 28.
1283 5312 1348 5365 ad
1376 5312 1708 5377 Flavianum,
1739 5330 1786 5368 c.
1818 5313 1873 5379 4.

534 5380 627 5508 Art
652 5379 1006 5506 Eorreximus
1054 5379 1199 5435 Illud
1245 5398 1313 5439 ex
1361 5381 1726 5439 vetustissimo
1781 5385 1896 5439 Vat.
1969 5383 2055 5441 Al.
2086 5424 2106 5453 ,

598 5469 650 5505 tu
691 5488 707 5504 .

598 5469 707 5505 tua.

606 5532 631 5568 κ
661 5525 787 5578 Erat
831 5524 883 5579 in
930 5524 1089 5580 editis
1133 5534 1322 5578 nostra:
1369 5523 1649 5589 aﬂ‘ectioni.
1700 5522 2108 5596 Poslposuimus

534 5605 737 5662 nostrae,
768 5597 840 5649 uti
887 5596 1209 5665 adjectivunl
1262 5597 1583 5662 humilitatis,
1633 5599 1952 5653 auctoritate
1996 5615 2110 5653 ule-

533 5669 723 5744 morati
769 5667 1126 5744 antiquissimi
1162 5666 1276 5723 Vat.
1312 5668 1367 5722 In
1409 5682 1515 5723 uno
1543 5682 1644 5724 ms.
1678 5666 1736 5725 S.
1766 5666 1946 5737 Petri,
1978 5668 2109 5741 affli-

533 5738 687 5805 ιτιὶρηὶ
716 5753 810 5801 pro
829 5738 1105 5805 aleetioni.

606 5803 636 5845 ι
672 5805 803 5877 Ejus
827 5803 925 5880 pro
952 5814 1035 5868 sui
1053 5814 1109 5871 in
1133 5810 1252 5869 Vat.
1282 5810 1520 5869 laudato.

2227 4696 2630 4769 proﬁtentibus,
2662 4708 2862 4750 nostrai
2888 4695 3218 4750 inﬁrmitatis
3246 4697 3419 4768 206
3448 4696 3675 4753 affectus
3704 4711 3819 4767 par-

2225 4800 2497 4872 ticipando
2546 4800 2795 4865 curabat,
2841 4807 2895 4853 et
2936 4797 3160 4867 poenalis
3212 4800 3577 4867 experientia:
3623 4808 3815 4853 metum

2299 4958 2315 4997 ί
2362 4959 2699 5014 Sacramenta
2716 4971 2782 5012 ex
2802 4955 3178 5024 antiquissimo
3199 4954 3318 5009 Vat.
3343 4963 3401 5009 et
3426 4971 3496 5011 ex
3518 4955 3680 5010 editis
3702 4966 3819 5008 ante

2220 5028 2566 5098 Quesnellum
2598 5028 2987 5083 revocavimus.
3014 5024 3135 5081 Mox
3160 5028 3214 5080 in
3239 5027 3471 5098 perﬁdia
3493 5036 3587 5082 tua
3610 5023 3821 5095 pricfelt

2218 5101 2388 5155 codex
2419 5100 2475 5155 S.
2509 5098 2674 5154 Petri.

2295 5173 2310 5222 t
2358 5170 2613 5237 Quaedam
2639 5168 2922 5232 editiones,
2956 5168 3405 5237 incorruptibilie.
3438 5167 3530 5224 vel
3566 5167 3820 5235 corrupti-

2220 5241 2357 5296 bilis.
2393 5241 2525 5297 Dein
2558 5254 2657 5310 pro
2687 5251 2733 5295 et
2757 5248 2925 5294 stante
2954 5254 3090 5294 unus
3114 5238 3235 5293 cod.
3263 5237 3325 5294 S.
3343 5238 3513 5310 Petri
3550 5248 3606 5293 tu
3633 5248 3814 5293 stante.

2292 5310 2315 5350 ¹ί
2357 5312 2503 5368 Idem
2535 5309 2655 5368 cod.
2695 5310 2753 5368 S.
2795 5311 2940 5368 Petri
2986 5319 3041 5367 et
3075 5311 3245 5382 prima
3285 5309 3490 5372 editio.
3541 5310 3820 5380 impietatis

2215 5392 2337 5438 tum.
3158 5420 3161 5425 ⁴

2295 5453 2311 5492 ι
2357 5454 2447 5511 Sic
2469 5469 2533 5508 ex
2556 5452 2928 5522 antiquissimo
2949 5451 3073 5507 Vat.
3099 5465 3200 5508 nec
3218 5465 3331 5509 non
3356 5466 3428 5508 ex
3456 5466 3565 5507 ms.
3589 5449 3648 5507 S.
3679 5447 3818 5504 Petri

2218 5526 2440 5594 aliisque
2470 5525 2631 5578 codd.
2662 5524 2773 5589 AL,
2803 5523 3067 5578 creatoris.
3100 5522 3224 5594 Mox
3253 5522 3506 5578 conditor
3545 5536 3645 5593 pro
3678 5537 3817 5575 crea-

2216 5608 2298 5653 tor
2328 5593 2379 5652 in
2408 5596 2578 5663 prima
2608 5594 2843 5650 editione
2866 5604 2919 5650 et
2948 5594 3069 5649 cod.
3097 5593 3299 5649 Bonon.

2288 5678 2326 5705 ω
2354 5667 2770 5733 Antiquissimus
2793 5665 2937 5731 Vat.,
2962 5665 3122 5719 clara.
3152 5664 3263 5720 Hoc
3282 5664 3443 5720 Isaia
3463 5664 3592 5722 loco
3613 5672 3813 5720 utrum-

2214 5738 2611 5870 ἓυεὸἒῗιὲαἰζοι
2638 5739 2791 5807 plana
2816 5736 2957 5807 apud
2972 5736 3160 5794 Patres
3175 5736 3563 5808 iuvenitur,ut
3582 5734 3819 5795 ostendit

2262 5851 2279 5870 ρ
2458 5826 2528 5867 al
2566 5826 2614 5867 r.
3006 5862 3011 5867 ,
3158 5856 3163 5861 .
3414 5848 3419 5855 .
3454 5852 3483 5863 ..
3522 5854 3551 5867 ..
3746 5854 3749 5857 λ

2262 5851 2279 5877 ρ
2312 5820 2614 5870 δευῠιιιθτ.
3006 5862 3011 5867 ,
3158 5856 3163 5861 .
3414 5848 3419 5855 η
3454 5852 3483 5863 ..
3522 5854 3551 5867 ,.
3746 5854 3749 5857 λ
