3994 6354
203 472 293 527 Sil

1631 459 1860 516 SERMO
1899 459 2004 514 LV.

3347 451 3453 508 322

200 575 472 633 subeundo
520 574 768 644 penebat.
806 573 862 628 in
895 572 1047 629 nobis
1084 587 1212 643 ergo
1246 572 1504 628 Dominus
1534 580 1560 608 ⁸
1589 582 1774 626 nostro
1800 573 1854 632 Α
1877 569 2071 624 vestris
2100 568 2272 623 oculis
2301 567 2492 623 solitus
2528 565 2645 623 dies
2675 565 2890 636 prodiit,
2924 565 3019 622 sed
3047 565 3222 638 impiis
3256 565 3453 623 menti‘

201 685 390 742 pavore
419 668 748 739 trepidabat,
787 675 846 722 ut
873 669 1270 736 susceptionem
1314 674 1512 720 nostrae
1545 663 1772 719 infirmi-

200 766 309 818 tatis
342 762 613 828 indueret,
645 772 698 817 et
719 770 958 816 nostram
986 759 1400 815 inconstantiam
1423 774 1534 814 suae
1562 759 1772 814 virtutis

195 855 463 910 soliditate
503 852 744 909 vestiret.
792 851 1028 906 Venerat
1063 850 1209 906 enim
1243 850 1298 906 in
1344 851 1484 906 hunc
1514 851 1770 905 mundum

193 949 331 1002 dives
366 957 533 1017 atque
568 945 881 1001 misericors
907 945 1210 1014 negotiator
1233 942 1260 982 δ
1289 959 1320 998 e
1347 944 1522 1010 cmlis,
1549 955 1603 998 et
1625 958 1775 999 com-

193 1039 485 1094 mutatione
512 1038 740 1092 mirabili
763 1037 962 1093 inierat
987 1035 1368 1091 commercium
1397 1035 1654 1099 salutare,
1675 1048 1775 1090 no-

192 1143 290 1186 stra
316 1131 616 1200 accipiens,
645 1138 701 1184 et
719 1143 816 1184 sua
839 1128 1098 1192 tribuens,
1130 1143 1230 1199 pro
1251 1128 1592 1184 contumeliis
1622 1139 1642 1166 ε
1676 1125 1774 1181 ho-

192 1236 397 1287 norem,
419 1237 514 1290 pro
548 1221 822 1275 doloribus
843 1221 1092 1286 salutem,
1112 1234 1206 1286 pro
1225 1229 1396 1274 morte
1421 1219 1555 1273 dans
1576 1219 1772 1286 vitam;

192 1324 236 1367 et
273 1314 360 1368 cui
409 1313 476 1368 ad
521 1313 1024 1368 exterminationem
1056 1311 1491 1381 persequentium
1528 1318 1775 1380 poterant

190 1407 472 1476 plusquam
508 1404 534 1442 ἀ
565 1406 846 1461 duodecim
880 1406 1045 1460 millia
1073 1405 1432 1474 angelicarum
1460 1405 1668 1460 servire
1693 1404 1772 1459 le—

189 1501 404 1568 gionum
435 1498 651 1569 (Matth.
673 1514 821 1566 xxvi,
852 1499 966 1569 55),
999 1497 1232 1553 malebat
1256 1506 1492 1552 nostram
1531 1496 1774 1565 recipere

190 1590 532 1648 formidinem
564 1607 722 1662 quam
753 1605 904 1646 suam
934 1605 1188 1645 exercere
1217 1599 1557 1659 potestatem.

252 1682 386 1737 Car.
423 1682 488 1737 V.
511 1712 576 1722 —
605 1683 873 1748 Quantum
895 1690 1072 1736 autem
1105 1681 1365 1736 universis
1399 1679 1643 1736 fidelibus
1673 1680 1774 1736 hac

192 1776 492 1832 humilitate
529 1777 783 1830 collatum
820 1776 920 1842 sit,
968 1775 1174 1843 primus
1208 1774 1555 1830 beatissimus
1588 1784 1610 1811 °
1638 1789 1772 1844 apo-

190 1872 355 1923 stolus
400 1870 591 1923 Petrus
631 1877 886 1936 espertus
921 1877 1002 1922 est
1039 1865 1259 1936 (lbid.),
1302 1867 1425 1936 qui,
1468 1881 1589 1922 cum
1623 1867 1771 1921 illum

1872 660 1973 717 bus
2017 675 2123 714 nox
2169 670 2322 715 tetra:
2362 660 2617 716 caecitatis
2660 660 2917 716 incubuit.
2966 660 3078 716 Hoc
3115 675 3272 718 mane
3299 660 3450 718 vobis

1875 753 2133 824 templum
2156 763 2210 808 et
2230 753 2420 808 altaria
2437 753 2626 817 diruit,
2650 754 2822 823 legem
2843 763 2897 808 et
2918 753 3209 823 prophetas
3228 753 3449 820 ademit,

1875 860 2097 914 regnum
2133 853 2187 899 et
2209 844 2567 901 sacerdOtium
2597 844 2841 911 sustulit,
2873 845 2926 900 in
2954 844 3155 900 luctum
3186 856 3450 903 aeternum

1872 938 2053 996 omnia
2087 940 2101 988 i
2150 937 2302 992 vobis
2339 936 2474 991 festa
2505 935 2790 991 convertit.
2821 936 2999 991 lnistis
3021 937 3162 993 enim
3199 937 3449 994 insanum

1872 1036 2259 1098 cruentumque
2291 1025 2597 1089 consilium,
2625 1027 2760 1080 tauri
2793 1026 3036 1096 pingues,
3075 1028 3227 1083 vituli
3269 1029 3447 1097 multi,

1873 1119 2168 1175 frementes
2208 1119 2426 1184 bestiae,
2463 1133 2627 1174 canes
2664 1118 2865 1186 rabidi,
2898 1129 2957 1174 ut
2988 1122 3145 1176 morti
3175 1132 3448 1178 auctorem

1873 1211 1995 1266 vitae
2031 1222 2086 1265 et
2131 1211 2414 1265 Dominum
2465 1209 2653 1280 gloriae
2703 1210 3028 1266 traderetis:
3075 1219 3130 1266 et
3181 1222 3450 1282 tamquam

1873 1301 2211 1356 extenuanda
2255 1311 2399 1356 esset
2444 1299 2639 1356 luroris
2679 1300 2842 1355 vestri
2894 1300 3218 1366 immanitas,
3249 1303 3295 1357 si
3333 1302 3450 1370 ejus

1874 1393 2138 1450 sententia
2185 1392 2273 1462 qui
2317 1392 2604 1461 provincia:
2646 1400 2838 1446 vestra:
2878 1391 3217 1462 praesidebat,
3275 1400 3451 1447 utere-

1875 1483 2027 1552 mini,
2063 1484 2298 1538 vinctum
2326 1482 2509 1537 Jcsum
2547 1484 2610 1536 ad
2644 1482 2795 1535 Pilati
2825 1482 3085 1551 judicium
3122 1481 3450 1547 deduxistis;

1875 1585 1935 1630 ut
1961 1575 2287 1630 clamoribus
2323 1575 2578 1642 improbis
2618 1575 2828 1644 trepido
2864 1576 3142 1645 cognitore
3176 1585 3449 1645 superato,

1876 1663 2276 1721 interfectorem
2321 1663 2345 1703 ¹ι
2380 1668 2654 1721 hominum
2700 1666 2968 1735 eligeretis
3014 1669 3079 1722 ad
3124 1669 3352 1736 veniam,
3398 1677 3452 1725 et

1877 1756 2208 1814 Salvatoreiu
2253 1757 2436 1812 mundi
2482 1757 2732 1827 peteretis
2763 1758 2830 1812 ad
2868 1773 3101 1826 pmnam.
3145 1759 3275 1814 Post
3312 1761 3453 1816 hanc

1876 1850 2275 1906 damnationem
2299 1851 2522 1915 Christi,
2549 1849 2565 1888 ι
2587 1867 2744 1920 quam
2770 1861 3020 1907 exsecuta
3044 1863 3126 1908 est
3148 1853 3297 1907 Pilati
3316 1870 3453 1923 prte-

190 1962 442 2016 instantis
469 1961 694 2016 saevitia:
727 1961 1094 2016 vehementior
1117 1959 1350 2030 procella
1381 1959 1668 2024 turbasset,
1701 1958 1769 2014 ad

1895 1940 2003 1995 LidlS
2026 1944 2193 2011 magis
2235 1943 2440 2012 ignavia
2475 1956 2631 2010 quam
2658 1952 2916 2012 potestas,
2942 1943 3030 2013 qui
3054 1943 3180 2000 lotis
3209 1945 3455 2000 manibus

190 2057 586 2122 reparationem
610 2053 810 2123 vigoris
831 2051 992 2108 celeri
1021 2053 1320 2106 mutatione
1351 2066 1646 2107 conversus
1669 2061 1776 2119 est,

188 2161 404 2198 sumens
446 2145 515 2198 de
552 2144 806 2214 exemplo
848 2143 1166 2206 remedium,
1199 2151 1258 2197 ut
1288 2142 1654 2198 tremefactum
1692 2159 1780 2200 re-

189 2250 345 2305 pente
387 2235 698 2290 membrum
739 2235 937 2288 rediret
974 2233 1041 2288 ad
1087 2233 1168 2288 sui
1208 2235 1400 2302 capitis
1443 2234 1772 2288 ﬁrmitatem.

188 2331 299 2384 Non
327 2331 476 2383 enim
508 2338 692 2398 posset
722 2327 938 2382 domino
969 2342 1187 2393 servus,
1226 2337 1281 2382 et
1315 2327 1569 2396 magistro
1604 2327 1776 2396 major

190 2437 305 2476 esse
344 2420 643 2489 discipulus
681 2419 898 2490 (Matth.
932 2435 999 2483 ι,
1039 2418 1148 2484 εις
1184 2417 1342 2472 Joan.
1390 2435 1475 2484 xv,
1519 2419 1644 2490 (ΞΟ),
1686 2418 1776 2490 qui

189 2515 437 2568 humana:
464 2513 769 2583 fragilitatis
791 2513 1201 2583 trepidationem
1231 2528 1338 2567 non
1371 2512 1640 2576 vinceret,
1673 2513 1772 2567 nisi

189 2607 358 2660 vietor
389 2607 586 2661 mortis
608 2616 734 2660 ante
761 2606 1046 2660 timuisset.
1075 2605 1332 2674 Respexit
1359 2621 1487 2676 ergo
1517 2605 1776 2661 Dominus

187 2698 402 2754 Petrum
433 2698 586 2768 (Luc.
615 2715 749 2766 xm,
772 2698 886 2769 61),
909 2708 962 2753 et
990 2696 1009 2736 ί
1035 2700 1175 2754 inter
1200 2700 1500 2754 calumnias
1528 2701 1776 2756 sacerdo-
1853 2746 1858 2751 .

191 2803 322 2854 tum,
373 2792 523 2846 inter
573 2791 834 2846 falsitatcs
880 2791 1119 2853 testium,
1166 2792 1305 2845 inter
1352 2793 1669 2846 caedentium
1719 2799 1777 2848 et

188 2883 602 2951 conspuentium
633 2882 857 2951 injurias
881 2883 1228 2946 constitutus,
1263 2881 1368 2935 illis
1396 2883 1664 2938 turbatum
1693 2872 1773 2938 di-

187 2975 449 3042 scipulum
470 2975 724 3029 convenit
742 2974 934 3039 oculis,
949 2974 1145 3043 quibus
1163 2988 1284 3028 eum
1313 2975 1630 3042 praeviderat
1652 2989 1774 3031 esse

188 3068 549 3122 turbandum:
578 3076 632 3121 et
652 3067 706 3121 in
733 3067 882 3122 illum
905 3076 930 3114 ε
956 3067 1196 3136 ingressa
1219 3076 1301 3122 est
1324 3069 1563 3122 veritatis
1595 3069 1774 3138 inspe-

187 3159 322 3221 ctio,
353 3159 446 3212 ubi
473 3167 593 3212 erat
623 3157 804 3213 cordis
835 3157 1075 3212 facienda
1108 3158 1411 3224 correctio;
1449 3160 1600 3229 quasi
1626 3175 1775 3230 quae-

187 3249 303 3302 dam
325 3246 353 3285 h
381 3249 497 3302 illic
525 3263 629 3302 vos
665 3249 874 3303 Domini
903 3249 1179 3305 insonaret
1216 3263 1278 3306 ac
1307 3250 1513 3306 diceret
1549 3268 1562 3304 :
1611 3250 1625 3288 ί
1654 3253 1772 3319 Quo

1880 2039 1936 2088 et
1958 2048 2052 2089 ore
2081 2035 2308 2099 polluto,
2341 2034 2525 2088 iisdem
2558 2033 2710 2089 labiis
2739 2033 2920 2088 Jesum
2949 2035 3094 2090 misit
3119 2036 3185 2090 ad
3215 2050 3455 2102 crucem,

1877 2125 2070 2194 quibus
2091 2140 2214 2179 eum
2232 2134 2270 2160 ω
2289 2126 2721 2193 pronuntiaverat
2739 2126 3100 2191 innocentem,
3118 2128 3311 2183 multas
3333 2127 3458 2183 illu-

1877 2216 2055 2271 siones
2086 2216 2334 2280 Domino,
2365 2216 2789 2272 sacerdotalibus
2807 2219 3047 2272 serviens
3071 2219 3264 2286 oculis,
3289 2218 3455 2276 licen-

1878 2310 1950 2364 tia
1981 2309 2252 2379 popularis
2281 2311 2501 2380 ingessit
2526 2328 2539 2365 :
2569 2324 2620 2365 et
2649 2311 2701 2364 in
2734 2311 3195 2368 mansuetudinem
3221 2313 3336 2382 ejus
3360 2313 3453 2383 qui

1877 2399 1992 2454 haec
2022 2413 2215 2470 sponte
2245 2402 2527 2468 tolerabat,
2557 2403 2736 2457 furens
2764 2403 2920 2458 turba
2946 2404 3174 2458 saevivit.
3200 2404 3307 2460 Sed
3330 2408 3455 2477 quia

1877 2493 2101 2547 multum
2131 2503 2234 2562 est,
2266 2495 2626 2562 dilectissimi,
2661 2507 2717 2552 ut
2746 2499 2924 2552 omnia
2957 2498 3247 2554 hodiernus
3277 2515 3456 2557 sermo

1878 2597 2178 2653 percurrat,
2211 2587 2264 2640 in
2297 2598 2540 2656 quartam
2575 2589 2791 2659 feriam,
2824 2607 2928 2660 qua
2960 2591 3124 2647 lectio
3161 2593 3456 2651 Dominicaa

1876 2673 2148 2730 Passionis
2183 2677 2490 2743 iterabitur,
2535 2679 2746 2734 residua
2786 2680 3128 2737 differantur.
3169 2683 3456 2741 Praestabit

1876 2765 2016 2821 enim
2049 2767 2324 2835 Dominus,
2351 2771 2625 2826 orantibus
2656 2772 2830 2838 vobis,
2851 2783 2907 2828 ut
2933 2775 3101 2843 ipsius
3131 2776 3453 2849 dono,quod

1876 2859 2237 2929 promittimus
2289 2859 2645 2930 impleamus:
2681 2872 2707 2899 η
2749 2878 2844 2933 per
2885 2864 3170 2922 Dominum
3211 2878 3454 2926 nostrum

1875 2951 2056 3005 lesum
2086 2951 2381 3018 Christum,
2413 2954 2502 3024 qui
2534 2953 2658 3009 vivit
2687 2965 2742 3010 et
2766 2965 2955 3027 regnat
2978 2957 3032 3013 in
3062 2959 3258 3015 saecula
3285 2974 3454 3017 sacu-

1878 3043 2072 3098 lorum.
2106 3047 2298 3100 Amen.

2234 3138 2396 3209 gos
2424 3137 2653 3194 SERMO
2690 3140 2777 3195 LV
2807 3139 2914 3213 [AL
2948 3141 3099 3215 Llll].

2093 3249 2169 3306 De
2202 3250 2450 3307 Passione
2481 3253 2689 3307 Domini
2720 3253 2824 3310 IV.
2852 3240 3010 3310 Feria
3037 3267 3239 3326 quarta.

187 3342 318 3406 abis,
352 3341 549 3396 Patre?
572 3340 699 3409 quid
731 3341 782 3394 in
811 3348 897 3394 tua
923 3340 1176 3396 recedis?
1206 3341 1272 3396 ad
1317 3356 1404 3396 me
1433 3352 1766 3408 convertere,
1798 3311 1845 3376 Ο
1875 3345 2262 3420 Svsopsts.—l.
2298 3344 2374 3399 De
2397 3346 2730 3420 cruciﬁa‘ione
2754 3347 2965 3414 Christi,
2989 3311 3158 3418 in'qna
3182 3367 3272 3420 per
3297 3352 3453 3408 latro-

188 3433 234 3484 in
258 3448 343 3487 me
359 3433 598 3498 conﬁde,
614 3448 699 3486 me
718 3447 972 3501 sequere:
994 3447 1127 3486 mea:
1153 3434 1417 3502 passionis
1435 3433 1538 3489 hoc
1563 3443 1773 3504 tempus

187 3534 295 3588 εει,
327 3523 571 3578 nondum
606 3523 677 3577 tui
711 3523 853 3578 venit
893 3523 1023 3578 hora
1056 3523 1322 3593 supplicii.
1365 3524 1501 3592 Quid
1545 3526 1770 3593 metuis,

188 3616 323 3684 quod
354 3620 520 3670 etiam
562 3615 677 3684 ipse
707 3615 1032 3684 superabis?
1067 3614 1182 3670 Non
1217 3622 1269 3669 te
1299 3615 1590 3671 confundat
1619 3617 1774 3672 infir-

187 3711 360 3773 initas,
394 3709 559 3780 207
588 3723 748 3779 quam
767 3709 964 3779 recepi.
993 3708 1107 3778 Ego
1127 3709 1195 3764 de
1221 3715 1314 3765 tuo
1335 3709 1410 3764 lui
1437 3711 1694 3780 trepidus,
1716 3721 1772 3767 tu

189 3802 247 3854 de
276 3817 398 3856 meo
432 3814 550 3855 eSto
576 3816 818 3856 securus.

255 3892 411 3946 Mane
452 3903 627 3945 autem
665 3896 823 3962 facto,
871 3892 1140 3946 consilium
1170 3892 1393 3947 inierunt
1424 3909 1597 3948 omnes
1633 3895 1778 3967 prin-

190 3986 313 4053 cipes
350 3986 682 4039 sacerdotum
717 3993 765 4037 et
797 3985 1017 4038 seniores
1057 3984 1232 4055 populi
1274 3985 1540 4040 adversum
1573 3984 1774 4054 Iesum,

193 4090 237 4132 ut
261 4094 374 4130 eum
403 4077 562 4130 morti
598 4076 856 4129 traderent
883 4075 1099 4146 (Matth.
1129 4091 1300 4139 xxvii,
1331 4074 1408 4147 1).
1447 4076 1560 4132 Hoc
1589 4093 1774 4146 mane,

195 4170 363 4235 ludzi,
390 4184 500 4224 non
527 4179 680 4224 ortus
698 4168 852 4224 vobis
877 4167 1009 4223 lucis
1027 4169 1268 4238 contigit,
1295 4170 1388 4225 sed
1412 4183 1656 4234 occasus,
1674 4185 1777 4226 nec

253 4324 274 4350 α
310 4312 447 4367 Cod.
479 4311 539 4367 S.
568 4310 735 4375 Petri,
768 4318 939 4362 nostro
965 4309 1165 4379 pallore
1185 4308 1494 4376 trepidabat,
1524 4317 1570 4362 et
1599 4325 1770 4362 susce-

196 4387 345 4453 ptione
371 4401 427 4438 se
459 4390 648 4436 nostree
668 4381 983 4453 inﬁrmitatis
1011 4380 1268 4448 induerat,
1301 4392 1354 4433 ut
1385 4389 1632 4443 nostram,
1657 4388 1762 4453 etc.

253 4457 277 4495 δ
318 4456 485 4522 Editi,
520 4453 655 4505 caeli.
691 4451 1106 4522 Emendavimus
1136 4466 1204 4504 ex
1238 4465 1367 4504 mss.
1396 4452 1766 4520 antiquissimo

200 4527 297 4582 Vat.
331 4536 386 4581 et
418 4521 478 4580 S.
511 4523 676 4577 Petri.
704 4522 880 4575 Prima
910 4521 1096 4588 editio,
1123 4532 1170 4575 et
1207 4523 1317 4576 caeli
1346 4523 1762 4575 commutatione.

201 4598 302 4652 Post
332 4611 503 4666 pauca
538 4611 633 4647 sua
652 4595 878 4666 tribuens
894 4594 1216 4666 scripsimus
1235 4607 1354 4666 cum
1383 4593 1765 4666 vetustioribus

199 4663 508 4722 editionibus
534 4680 598 4718 ac
635 4663 846 4718 duobus
869 4663 1095 4717 laudatis
1120 4663 1277 4718 codd.
1303 4663 1643 4730 Quesnellus,
1665 4679 1762 4716 sua

200 4742 482 4792 retribuens.

258 4822 275 4848 ε
313 4810 462 4864 Idem
502 4805 762 4875 antiquis.
805 4803 950 4874 Vat.,
993 4802 1230 4872 honores,
1275 4813 1329 4859 et.
1373 4803 1494 4858 dein
1525 4803 1764 4859 sanitates

202 4897 279 4948 pro
310 4880 548 4933 salutem.

257 4951 278 4988 ἀ
316 4950 626 5016 ltespicitur
665 4947 814 5001 locus
844 4946 982 5016 apud
1022 4945 1210 5001 Matth.
1257 4960 1407 5008 xxvr,
1445 4944 1621 5016 55,7in
1658 4961 1764 5014 quo

204 5024 306 5076 licet
335 5015 479 5075 nunc
513 5033 618 5071 non
652 5018 858 5086 legatur
878 5015 1061 5080 millia,
1090 5019 1166 5071 sic
1192 5027 1364 5069 tamen
1396 5016 1521 5071 olim
1550 5015 1600 5070 in
1630 5033 1764 5070 non-

203 5095 340 5146 nullis
366 5089 773 5156 exemplaribus
802 5088 1092 5157 legebatur,
1126 5087 1198 5141 uti
1228 5086 1410 5141 videre
1431 5094 1514 5141 est
1543 5087 1592 5140 in
1620 5087 1762 5141 anti-

201 5163 456 5230 quissimis
473 5158 870 5230 Evangeliariis
897 5157 1212 5230 Veronensi,
1237 5157 1484 5230 Brixiano
1516 5166 1569 5212 et
1592 5157 1761 5213 Foro-

205 5227 398 5298 iuliensi
438 5248 468 5285 a
513 5231 575 5285 P.
614 5229 930 5283 Blanchinio
965 5229 1158 5284 editis:
1205 5227 1344 5282 unde
1383 5232 1538 5283 etiam
1581 5231 1765 5298 Augu-

204 5309 348 5357 stinus
379 5305 433 5357 in
481 5302 621 5355 libro
660 5299 726 5354 de
769 5299 968 5369 Spiritu
1008 5306 1061 5353 et
1095 5298 1320 5362 Littera,
1351 5314 1400 5353 c.
1434 5299 1459 5349 i
1497 5309 1550 5353 et
1593 5301 1682 5364 55,
1713 5310 1770 5356 et

207 5374 414 5429 Hilarius
456 5373 508 5425 in
553 5370 688 5439 psal.
720 5385 835 5436 LIII,
871 5385 1019 5424 num.
1067 5371 1116 5436 1,
1151 5371 1202 5423 in
1236 5369 1372 5437 psal.
1408 5385 1512 5432 LIV,
1545 5385 1598 5422 η.
1631 5371 1684 5432 6,
1713 5381 1768 5425 et

207 5446 274 5498 lib.
305 5463 332 5500 ι
362 5448 434 5500 de
458 5443 614 5498 Trin.
647 5456 797 5496 num.
841 5439 932 5508 42,
961 5441 1210 5497 similiter
1254 5440 1305 5494 in
1346 5443 1457 5494 suis
1495 5441 1768 5496 codicibus

206 5517 447 5586 legerunt.

263 5581 282 5624 ί
321 5589 412 5643 Sic
443 5585 617 5640 nostri
641 5583 800 5639 codd.
827 5594 882 5638 et
910 5583 1040 5637 editi
1067 5590 1191 5636 ante
1221 5581 1591 5648 Quesnellum,
1624 5583 1762 5647 apud

207 5672 359 5726 quem,
389 5655 668 5727 Apostolus
691 5663 929 5727 expertus
950 5663 1045 5718 est,
1077 5654 1322 5727 cuicum.
1346 5651 1764 5727 Antiquissimus

211 5723 303 5783 \‘at.
335 5723 558 5794 praefert
580 5741 768 5780 vocem
800 5725 1004 5792 Petrus,
1029 5724 1120 5778 sed
1152 5723 1292 5777 delet
1321 5724 1616 5790 Apostolus.

265 5799 281 5837 ¹
319 5800 455 5855 Cod.
486 5798 546 5854 S.
578 5795 748 5861 Petri,
779 5797 908 5850 inter
935 5796 1192 5848 seniorum
1219 5795 1524 5846 calumnias.

264 5881 284 5916 ι
311 5871 397 5925 Sic
431 5869 838 5939 antiquissimus
863 5866 1006 5932 Vat.,
1035 5865 1192 5939 codd.
1218 5866 1274 5918 ὃ.
1303 5865 1438 5918 Petri
1469 5873 1522 5918 et
1544 5864 1650 5939 duo
1672 5865 1760 5919 alii

211 5941 358 5998 nostri
385 5935 601 5996 codices
625 5937 771 5992 Vatt.
795 5951 913 5991 cum
931 5951 1032 5991 ms.
1059 5935 1348 5991 Victorino.
1381 5951 1535 5994 quem
1559 5936 1752 5996 Ouesn.

1950 3417 2340 3492 neselectorum
2376 3426 2421 3471 et
2450 3417 2780 3492 reproliorum
2817 3420 3052 3492 discretio
3074 3417 3358 3492 figuratur.
3380 3453 3451 3465 —

1947 3485 2015 3560 ll.
2046 3486 2318 3552 Imperitos
2354 3503 2462 3560 esse
2502 3485 2802 3542 Iudaeorum
2838 3491 2888 3541 in
2927 3485 3181 3545 Christum
3221 3493 3454 3560 blasphe-

1946 3559 2095 3620 mias,
2128 3575 2239 3610 cum
2266 3559 2564 3626 praedictum
2598 3568 2761 3624 esset,
2795 3575 2895 3629 non
2925 3578 3042 3629 eum
3071 3559 3449 3629 descensurum.

1946 3630 2036 3682 sed
2065 3639 2397 3701 regnaturum
2439 3645 2469 3680 a
2509 3629 2671 3699 ligno.
2702 3659 2768 3670 -—
2794 3628 2878 3682 ΙΙΙ.
2911 3628 2975 3683 In
3014 3648 3179 3694 cruce,
3209 3650 3323 3701 quae
3351 3638 3453 3690 veri

1946 3701 2127 3777 altaris
2155 3709 2538 3777 sacramentum
2564 3709 2656 3777 est,
2693 3703 2938 3777 sanguine
2967 3701 3158 3756 Christi
3184 3701 3451 3777 chiragra-

1950 3771 2107 3837 phum
2144 3771 2334 3835 peccati
2364 3786 2474 3824 esse
2507 3769 2747 3831 deletum.
2792 3769 2838 3824 et
2875 3771 3120 3825 latronem
3156 3769 3452 3830 mirabiliter

1951 3839 2426 3911 conversum—1V.
2449 3840 2523 3892 De
2547 3852 2687 3895 aceto
2714 3841 2997 3911 degustato,
3019 3845 3165 3898 uerbo
3186 3845 3452 3901 Consum-

1949 3921 2148 3965 malum
2183 3921 2288 3974 est,
2316 3910 2645 3965 inclinatione
2688 3910 2874 3980 capitis
2905 3925 2949 3966 et
2979 3927 3132 3968 morte
3155 3914 3361 3969 Christi.
3383 3945 3453 3958 —-

1952 3982 2010 4057 V.
2054 3982 2316 4057 Charitate
2357 3991 2420 4057 et_
2445 3983 2665 4048 puritate
2701 3983 2878 4053 parari
2909 3985 3065 4038 corda
3103 3987 3169 4040 ad
3207 3988 3453 4057 paschale

1945 4055 2132 4122 festum
2154 4053 2531 4107 celebrandum.

1947 4167 2076 4221 Cn.
2109 4164 2633 4235 l.—Exspectationi
2656 4176 2882 4235 vestrae,
2913 4169 3277 4240 dilectissimi,
3308 4174 3451 4244 quod

1876 4306 1940 4360 ad
1973 4307 2264 4379 marginem
2293 4307 2756 4379 allegavit.Prima
2783 4309 2944 4364 editio
2974 4325 3172 4379 egressa
3197 4321 3292 4364 est.
3315 4311 3450 4368 Alite

1875 4377 2138 4432 editioiies
2163 4393 2282 4432 cum
2314 4394 2445 4432 mss.
2478 4378 2689 4434 collect.
2720 4381 2772 4446 ι,
2803 4377 3043 4434 conversa
3071 4387 3164 4434 est.

1945 4446 1972 4572 Ξ
2013 4447 2313 4572 ξόὶξί,ῑὶ]ιὲ.
2354 4446 2699 4505 Correximus
2740 4466 2805 4506 ex
2839 4452 3210 4507 vetustissimo
3246 4451 3366 4507 Vat.
3394 4462 3450 4510 et

1975 4560 1989 4572 .
2061 4559 2072 4570 .
2142 4535 2170 4572 θ
2199 4536 2262 4572 ΓΙ.

1871 4520 1989 4574 cod.
2017 4521 2072 4573 S.
2097 4520 2262 4574 Petri.

1951 4589 2346 4662 iPraetulimtts
2403 4592 2689 4647 lectionem
2748 4591 3100 4661 antiquissimi
3154 4593 3270 4648 Vat.
3329 4595 3444 4662 AL,

1875 4662 2012 4728 Quid
2033 4661 2204 4724 habes,
2232 4661 2422 4717 Petre.’
2445 4662 2585 4726 Quid
2604 4664 2658 4716 in
2685 4672 2820 4717 tuam
2842 4664 3202 4718 conscientiam
3219 4667 3410 4720 recedis
3425 4668 3450 4720 .’

1786 4726 1840 4786 D
1865 4726 2049 4804 Codex
2067 4731 2129 4804 S.
2146 4732 2309 4799 Petri,
2333 4735 2456 4804 quid
2486 4737 2622 4787 intus
2644 4733 2862 4801 recedis,
2889 4736 2976 4788 ubi
3005 4737 3142 4789 intus
3163 4751 3258 4802 pro
3281 4737 3334 4790 in
3357 4745 3447 4790 tua

1872 4803 2078 4857 librarii
2123 4803 2272 4873 lapsu
2319 4803 2421 4860 seri
2469 4815 2576 4859 tum
2618 4805 2849 4859 videtur.
2893 4804 3016 4860 Mox
3059 4815 3308 4861 revertere
3351 4823 3448 4876 pro

1872 4883 2155 4927 conuertere
2185 4875 2235 4927 in
2266 4890 2396 4930 mss.
2424 4821 2566 4930 eatt.
2602 4875 2818 4930 collect.
2849 4878 2882 4930 4
2906 4885 2960 4930 ot
2989 4874 3041 4930 5.
3075 4877 3447 4930 Reconvertere

1870 4883 2155 4927 conuertere
2185 4875 2235 4927 in
2266 4890 2396 4930 mss.
2424 4874 2566 4930 Vatt.
2602 4875 2818 4930 collect.
2849 4878 2882 4930 4
2906 4885 2960 4932 et
2989 4874 3041 4930 5.
3075 4874 3447 4935 Reconverterc

1869 4954 2044 4999 autem
2073 4944 2124 4998 in
2147 4946 2252 5000 alio
2286 4946 2400 5000 Vat.

1871 5086 1910 5140 Ρ
1998 5014 2322 5098 ,Αᾱὰἰόίιηυε
2354 5017 2489 5072 vobis
2521 5032 2586 5072 ex
2621 5015 2992 5087 antiquissimo
3024 5017 3143 5078 Vat.
3175 5029 3229 5074 et
3258 5036 3358 5080 ms.
3384 5021 3444 5077 S.

1912 5101 1943 5140 e
1971 5103 2033 5140 τι.

1912 5087 2033 5141 etri.

1943 5156 1968 5194 ¹ί
2009 5157 2100 5212 Sic
2128 5158 2343 5224 quidam
2387 5158 2557 5212 nostri
2594 5158 2809 5214 codices
2848 5158 2990 5213 Vatt.
3034 5168 3095 5214 ut
3129 5160 3446 5229 Quesnellus

1869 5229 2099 5294 conjecit
2118 5229 2394 5283 notatione
2412 5229 2478 5284 ad
2505 5231 2823 5299 marginem,
2847 5246 2954 5286 non
2969 5247 3134 5288 ausus
3159 5233 3445 5288 immutare

1869 5299 2152 5368 lectionem
2183 5299 2445 5368 vulgatam
2473 5299 2746 5354 hominem.
3508 5345 3527 5368 ε.

1946 5367 1964 5406 ι
2009 5370 2083 5442 ita
2114 5371 2454 5442 correximus
2487 5387 2554 5425 ex
2583 5386 2714 5425 mss.
2747 5371 2803 5426 S.
2832 5371 2977 5427 Petri
3013 5380 3064 5426 et
3102 5373 3206 5429 alio
3236 5373 3442 5428 Lectio-

1872 5454 1987 5494 nar.
2014 5441 2139 5511 Vat.
2170 5439 2391 5495 Accedit
2419 5442 2578 5495 etiam
2615 5443 3015 5511 antiquissimus
3041 5443 3159 5497 Vat.
3193 5445 3352 5509 5855,
3386 5443 3440 5498 in
3491 5438 3498 5445 ’

1869 5526 1974 5579 quo
2009 5510 2138 5593 item
2175 5512 2367 5593 legitur
2392 5529 2563 5593 quam.
2604 5511 2712 5576 AL,
2746 5510 2854 5580 iqua
2881 5523 3125 5568 excusata
3161 5523 3235 5568 est
3277 5512 3440 5568 Pilati

1868 5583 2101 5651 praesidis
2121 5583 2322 5650 ignavia
2345 5585 2506 5653 magis
2534 5599 2690 5653 quam
2719 5594 2961 5653 potestas.

1941 5661 1980 5688 ω
2019 5652 2195 5722 Aliqui
2227 5669 2356 5710 niss.
2382 5667 2434 5708 et
2466 5657 2631 5721 prima
2648 5655 2838 5724 editio,
2869 5653 3316 5724 prwnuntiaverat.

1939 5731 1968 5759 ¹³
2005 5725 2422 5790 Antiquissimus
2458 5725 2599 5791 Vat.,
2633 5723 2735 5779 Per
2768 5723 3001 5778 eumdem
3040 5723 3316 5778 Dominum
3342 5742 3437 5780 no-

1868 5801 2031 5867 strum
2049 5795 2079 5847 J
2088 5811 2225 5848 esum
2245 5793 2524 5867 Christum,
2543 5798 2625 5851 cui
2645 5805 2718 5849 est
2743 5797 2905 5849 honor
2923 5805 2976 5851 ct
2994 5794 3160 5867 gloria
3177 5796 3229 5849 in
3249 5798 3444 5855 seculo

1868 5865 2193 5919 seculorum.
2220 5866 2398 5920 Amen.
