3994 6354
520 346 625 409 3‘37

521 461 757 535 oportuit
785 461 840 516 in
881 470 1045 515 unum
1077 452 1368 511 Dominum
1413 456 1657 505 nostrum
1716 445 1900 503 Jesum
1947 441 2100 501 Chri-
2125 443 2181 503 Α

522 568 661 615 stum
690 564 746 613 et
766 555 997 610 divinam
1023 549 1380 605 ethumanam
1398 538 1693 599 convenire
1721 537 2102 602 substantiam,

524 655 585 705 ut
611 643 920 702 mortalitati
951 648 1149 695 nostrae
1178 651 1275 707 per
1303 633 1538 690 Verbum
1571 646 1790 688 carnem
1820 628 2020 687 factum
2048 636 2107 686 et

526 743 677 813 origo
702 737 826 795 novi
846 731 1081 790 hominis
1110 727 1421 786 subveniret
1443 735 1496 782 et
1523 725 1727 793 passio.

592 832 724 889 Car.
748 830 812 885 ll.
833 857 905 869 —
923 826 1058 883 Cum
1084 824 1245 895 igitur
1267 822 1320 876 in
1347 819 1563 876 Christo
1583 817 1713 875 Jesu
1752 828 1778 856 ι
1793 817 2107 874 Iudaeorum

528 925 744 981 cazcitas
783 936 903 992 qua:
932 927 1061 975 sunt
1103 916 1283 971 divina
1311 930 1418 970 non
1468 913 1670 977 videat,
1700 911 1979 983 gentilium
2021 924 2110 967 sa-

528 1015 727 1088 pientia
752 1027 873 1085 quae
902 1018 1028 1067 sunt
1059 1009 1292 1064 humana
1317 1006 1477 1080 213
1506 997 1855 1067 contemnat;
1890 1003 1993 1059 illis
2008 1002 2108 1057 ad-

528 1121 715 1165 versus
756 1104 981 1178 gloriam
1009 1101 1221 1158 Domini
1243 1098 1716 1162 calumniantibus,
1767 1095 1888 1152 istis
1921 1104 2109 1151 contra

529 1197 883 1255 humilitatem
916 1193 1352 1265 superbientibus
1396 1208 1409 1244 :
1443 1205 1543 1246 nos
1572 1190 1669 1245 Dei
1720 1187 1940 1254 Filium,
1973 1196 2028 1243 et
2057 1187 2110 1242 in

529 1291 643 1349 suis
658 1291 966 1355 virtutibus,
991 1298 1045 1344 et
1061 1290 1114 1342 in
1139 1286 1339 1341 nostris
1362 1282 1769 1337 inﬁrmitatibus
1789 1280 2111 1345 adoramus;

530 1398 632 1441 nec
659 1382 1030 1439 erubescimus
1056 1391 1273 1433 crucem
1312 1374 1533 1440 Christi,
1561 1381 1617 1429 et
1663 1374 1804 1428 inter
1843 1373 2109 1428 contradi-

533 1477 765 1531 centium
798 1473 1005 1542 linguas
1036 1484 1136 1525 nec
1178 1470 1248 1524 de
1292 1476 1465 1521 morte
1490 1464 1683 1537 ipsius,
1713 1479 1815 1521 nec
1843 1465 1912 1520 de
1938 1479 2117 1521 resur-

532 1566 774 1623 rectione
805 1561 1133 1618 dubitamus.
1161 1558 1426 1627 Quoniam
1459 1557 1600 1627 quod
1630 1556 1895 1627 superbos
1936 1556 2003 1611 ad
2036 1557 2118 1612 in-

533 1658 846 1714 ﬁdelitatem
876 1653 1061 1718 trahit,
1096 1653 1198 1708 hoc
1228 1666 1329 1707 nos
1351 1649 1419 1705 ad
1444 1648 1603 1705 iidem
1632 1649 1813 1720 dirigit
1840 1666 1855 1714 ;
1892 1659 1946 1705 et
1971 1648 2116 1720 quod

532 1748 672 1821 apud
707 1749 829 1805 illos
855 1755 940 1803 est
969 1745 1190 1800 materia
1220 1742 1579 1809 confusionis,
1607 1741 1707 1796 hoc
1736 1740 1877 1811 apud
1911 1756 2009 1795 nos
2034 1748 2119 1795 est

533 1857 695 1900 causa
721 1840 956 1911 pietatis.
989 1835 1298 1893 Admonitis
1327 1835 1492 1906 igitur
1511 1833 1791 1903 discipulis
1830 1832 2114 1899 Dominus,

535 1943 795 1991 utcontra
826 1932 932 1987 vim
964 1928 1276 1986 tentationis
1311 1925 1562 1982 instantis
1597 1926 1842 1996 vigilanti
1873 1925 2119 1981 oratione

533 2035 824 2093 certarent,
861 2025 975 2094 ipse
1013 2020 1041 2059 δ
1062 2019 1207 2075 Patri
1232 2020 1558 2090 supplicans,
1583 2019 1686 2074 ait:
1711 2016 1895 2086 Pater,
1923 2018 1969 2073 si
1998 2034 2119 2089 pos-

534 2118 681 2176 sibile
705 2128 799 2184 est,
830 2121 1061 2170 transeat
1096 2130 1129 2166 a
1168 2128 1247 2167 me
1295 2112 1431 2166 calix
1458 2111 1570 2165 iste.
1630 2108 1987 2164 Verumtamen
2017 2126 2121 2164 non

536 2214 667 2269 sicut
700 2227 793 2283 ego
819 2208 955 2274 volo,
986 2207 1075 2262 sed
1118 2206 1247 2261 sicut
1290 2213 1345 2259 tu
1375 2203 1593 2276 (Matth.
1618 2218 1763 2272 xxvt,
1796 2202 1907 2274 39).
1940 2202 2118 2259 Prima

537 2308 724 2378 petitio
744 2302 1077 2360 inﬁrmitatis
1103 2310 1209 2367 est,
1232 2298 1465 2356 secunda
1497 2298 1746 2354 virtutis:
1769 2296 1900 2353 illud
1919 2296 2123 2368 Optavit

537 2414 602 2454 ex
630 2407 836 2459 nostro,
870 2395 971 2451 hoc
994 2394 1159 2464 elegit
1192 2403 1213 2431 ο
1242 2406 1315 2447 ex
1346 2389 1569 2461 proprio
1594 2407 1608 2445 :
1640 2404 1744 2446 nec
1764 2390 1907 2445 enim
1950 2404 2124 2460 acqua-

539 2488 604 2545 lis
630 2487 774 2544 Patri
802 2485 971 2542 Filius
1013 2483 1193 2538 omnia
1218 2496 1339 2539 esse
1380 2482 1488 2536 Deo
1515 2480 1791 2551 possibilia
1823 2480 2120 2549 nesciebat,

540 2592 631 2638 aut
659 2582 726 2638 ad
757 2578 1160 2650 suscipiendam
1190 2591 1408 2633 crucem
1455 2576 1574 2631 sine
1601 2589 1695 2631 sua
1720 2576 1773 2631 in
1798 2575 1943 2632 hunc
1971 2591 2126 2631 mun-

540 2677 665 2732 dum
695 2676 974 2731 voluntate
994 2672 1368 2737 descenderat,
1389 2680 1447 2726 ut
1473 2670 1614 2728 hanc
1631 2670 1971 2728 diversarum
2002 2671 2129 2729 εσθ-

541 2771 778 2827 ctionum
827 2765 1301 2838 compugnantiam
1348 2762 1662 2836 perturbata
1727 2764 2127 2835 quodammodo

542 2870 752 2926 ratione
792 2872 1088 2939 pateretur.
1134 2863 1242 2921 Sed
1268 2870 1328 2918 ut
1363 2861 1712 2933 suscipientis
1753 2871 2128 2932 susceptaque

542 2972 750 3017 natura:
776 2968 922 3015 esset
945 2956 1227 3013 manifesta
1282 2955 1583 3023 distinctio,
1612 2954 1756 3025 quod
1787 2963 1906 3012 erat
1944 2954 2129 3011 homi-

542 3054 649 3121 nis,
675 3052 910 3107 divinam
940 3047 1269 3130 desideravit
1298 3047 1628 3117 potentiam;
1660 3046 1805 3117 qttod
1849 3055 1965 3101 erat
2007 3045 2125 3112 Dei,

542 3144 611 3228 ad
637 3158 857 3200 causam
883 3140 1123 3211 respexit
1158 3139 1467 3194 humanam.
1504 3137 1787 3208 Superiori
1840 3138 2001 3209 igitur
2030 3151 2125 3192 vo-

544 3236 736 3296 luntati
764 3237 1012 3293 voluntas
1037 3232 1202 3290 cessit
1222 3230 1467 3299 inferior,
1484 3240 1539 3288 et
1560 3230 1669 3287 cito
1697 3230 2125 3285 demonstratum

544 3330 782 3403 estquid
846 3329 1018 3398 possit
1043 3344 1072 3382 a
1117 3326 1420 3398 trepidante
1445 3324 1611 3394 orari,
1657 3333 1715 3380 et
1738 3324 1866 3395 quid
1900 3338 2006 3379 non
2034 3323 2132 3380 de-

547 3432 673 3486 beat
698 3443 731 3483 a
757 3426 1007 3484 medente
1036 3423 1282 3482 concedi.
1301 3422 1438 3489 Quia
1457 3422 1600 3478 enim
1628 3435 1726 3475 nos
1753 3420 1879 3489 quid
1903 3436 2130 3487 oremus,

548 3522 679 3575 sicut
706 3527 924 3591 oportet,
959 3518 1211 3571 nescimus
1239 3514 1419 3587 (Rom.
1448 3528 1563 3577 vnt,
1593 3511 1707 3583 26),
1742 3520 1798 3568 et
1823 3513 1951 3569 utile
1975 3512 2132 3568 nobis

551 3621 633 3670 est
657 3626 727 3668 ne
754 3611 843 3666 ﬁat
872 3610 1185 3678 plerumque
1207 3605 1349 3677 quod
1380 3604 1657 3671 volumus;
1692 3604 1833 3659 Deus
1874 3603 2047 3675 justus
2076 3612 2133 3658 et

552 3704 747 3771 bonus,
775 3700 990 3774 quando
1021 3716 1081 3756 ea
1120 3714 1241 3770 qua:
1281 3697 1526 3753 nocitura
1554 3703 1703 3763 sunt,
1733 3705 2009 3767 petuntur,
2038 3711 2134 3752 ne-

552 3794 729 3866 gando
755 3794 1063 3849 miseretur.
1096 3789 1399 3846 Voluntatis
1431 3803 1559 3859 ergo
1599 3796 1800 3843 nostra:
1845 3787 2137 3843 correctio-

554 3904 679 3944 nem
710 3887 971 3943 Dominus
997 3899 1119 3940 cum
1146 3883 1288 3938 trina
1316 3882 1562 3937 oratione
1580 3881 1869 3948 ﬁrmasset,
1903 3879 2139 3951 gravatis

554 3980 731 4035 adhuc
756 3992 992 4036 mturare
1014 3975 1315 4046 discipulis,
1347 3975 1578 4030 Dormite
1596 3975 1732 4043 jam,
1764 3972 1957 4043 inquit,
1984 3982 2032 4027 et
2060 3987 2141 4028 re-

556 4072 813 4147 quiescite.
844 4069 975 4125 Ecce
997 4067 1424 4141 apprOpinquavit
1452 4068 1601 4135 hora,
1630 4075 1678 4121 et
1709 4064 1881 4120 Filius
1919 4064 2141 4120 hominis

559 4165 789 4219 tradetur
813 4166 866 4218 in
893 4178 1077 4216 manus
1111 4169 1452 4229 peccatorum.
1486 4158 1715 4231 Surgite,
1737 4157 1764 4195 ά
1787 4174 1983 4212 eamus.
2008 4154 2145 4212 Ecce

559 4257 981 4330 appropinquavit
1008 4254 1095 4325 qui
1118 4272 1195 4309 me
1227 4257 1392 4309 tradet
1413 4251 1629 4325 (Matth.
1666 4251 1924 4320 xxvr,45,
1954 4250 2069 4323 46).

627 4353 757 4407 CAP.
792 4350 881 4405 lli.
913 4380 982 4392 --
1021 4349 1167 4405 inter
1197 4352 1311 4419 ipsa
1342 4356 1520 4403 autem
1558 4345 1721 4403 verba
1764 4345 2012 4413 Domini,
2050 4343 2145 4416 qui

562 4444 802 4514 praedicti
832 4442 1067 4511 fuerant,
1089 4445 1382 4507 irruerunt,
1406 4452 1459 4498 et
1484 4454 1607 4495 cum
1629 4436 1820 4508 gladiis
1841 4446 1897 4492 et
1917 4435 2145 4493 fustibus

1640 332 1699 389 S.
1741 325 1986 387 LEONIS
2021 322 2235 383 MAGNI
2252 398 2255 401 _
2271 316 2664 380 SERMONES.

2153 3194 2200 3259 C

3652 309 3752 376 δίε

2203 445 2393 496 nuerat
2434 437 2488 492 in
2535 432 2774 489 facinore
2820 424 3199 498 principatum.
3239 414 3377 473 Huic
3418 428 3485 473 ne
3530 415 3753 479 criminis

2206 542 2425 588 causam
2463 527 2643 599 aliqua
2684 520 2950 594 praeberet
2992 512 3252 579 offensio,
3292 507 3435 565 nulla
3476 515 3557 564 est
3580 521 3754 582 negata

2205 622 2479 694 dignatio;
2508 617 2605 675 sed
2648 615 2791 672 illius
2820 610 3009 683 spiritu
3040 604 3400 663 inflammatus
3432 600 3649 667 exarsit,
3680 601 3757 683 cui

2205 680 2564 772 ministerium
2585 717 2779 779 sponte
2795 715 2818 743 ο
2839 680 3087 774 pra-buit;
3111 705 3166 754 et
3188 693 3400 767 qualem
3428 692 3604 749 habuit
3625 680 3758 748 men-

2209 815 2338 873 tem,
2374 803 2536 859 talem
2566 799 2769 857 invenit
2798 805 2855 854 et
2878 789 3189 866 praesidem.
3227 783 3445 849 Merito,
3474 782 3608 839 sicut
3650 781 3669 822 ί
3713 791 3763 840 et

2209 897 2467 967 propheta
2490 891 2840 964 praedixerat,
2866 884 3031 942 oratio
3053 884 3163 952 eius
3184 880 3324 949 facta
3350 884 3420 930 cst
3446 875 3499 928 in
3526 884 3763 944 peccatum

2212 965 2331 1057 (Ps.
2360 1001 2508 1052 cvm,
2540 982 2597 1056 7)
2626 1001 2640 1038 :
2676 977 2843 1054 214
2867 973 3119 1047 quoniam
3160 974 3529 1025 consummato
3554 965 3763 1028 scelere.

2214 1056 2241 1128 s
2269 1088 2374 1132 tam
2402 1087 2657 1148 perversa
2689 1072 2856 1142 ipsius
2882 1076 3173 1123 conversio
3195 1060 3315 1124 fuit,
3344 1066 3402 1113 ut
3426 1057 3585 1112 etiam
3612 1056 3767 1126 pinni-

2215 1172 2378 1227 tendo
2409 1176 2673 1241 peccaret.
2698 1163 2948 1222 Admittit
2976 1174 3105 1230 ergo
3125 1159 3178 1213 in
3205 1170 3265 1212 se
3294 1152 3459 1209 Filius
3486 1150 3577 1207 Dei
3596 1149 3769 1220 impias

2216 1280 2430 1331 manus,
2454 1272 2509 1319 et
2535 1260 2676 1333 quod
2707 1257 3040 1314 saevientium
3070 1252 3251 1308 furore
3279 1247 3472 1318 agitur,
3499 1243 3773 1314 “patientis

2216 1366 2483 1427 potestate
2532 1353 2852 1422 completur.
2900 1347 3015 1405 Hoc
3061 1345 3207 1401 enim
3252 1349 3373 1397 erat
3415 1336 3543 1393 illud
3587 1351 3774 1406 magna

2215 1426 2432 1521 pietatis
2454 1451 2875 1506 sacramentum,
2901 1437 3043 1510 quod
3073 1434 3089 1474 ί
3115 1433 3367 1490 Christus
3393 1426 3774 1485 consectabatur

2221 1518 2434 1611 injuriis
2462 1558 2476 1594 :
2510 1551 2644 1608 quas
2665 1539 2710 1591 si
2735 1540 2921 1605 aperta
2950 1527 3186 1598 potentia
3213 1534 3267 1581 et
3294 1520 3575 1578 manifesta
3599 1518 3779 1575 virtute

2218 1608 2567 1703 propelleret,
2604 1625 2779 1681 divina
2813 1630 3021 1678 tantum
3055 1622 3375 1683 exerceret,
3416 1626 3522 1666 non
3567 1608 3781 1665 humana

2220 1698 2453 1777 curaret.
2511 1717 2567 1773 In
2608 1714 2860 1772 omnibus
2884 1721 3065 1768 autem
3104 1721 3225 1779 qua:
3260 1706 3273 1756 i
3325 1702 3402 1758 illi
3450 1698 3709 1772 popularis
3733 1706 3783 1755 et

2148 1820 2196 1881 Β
2222 1814 2575 1872 sacerdotalis
2614 1811 2822 1867 insania
2860 1802 3253 1861 contumeliose
3297 1806 3354 1854 et
3384 1793 3672 1866 procaciter
3706 1791 3784 1847 in-

2224 1907 2448 1974 ferebat,
2483 1916 2681 1961 nostraa
2711 1898 3059 1958 diluebantur
3096 1890 3323 1949 maculas
3348 1929 3365 1955 ,
3397 1896 3588 1943 nostra:
3615 1882 3785 1953 expia-

2219 1972 2441 2056 banturi
2465 1996 2685 2052 otl‘ensaa
2730 2012 2744 2048 :
2795 1990 2919 2062 quia
2945 1997 3173 2054 natura,
3215 1997 3336 2054 qua:
3380 1980 3434 2035 in
3472 1977 3625 2033 nobis
3660 1972 3788 2030 ires

2221 2107 2440 2164 semper
2469 2091 2642 2145 fuerat
2670 2094 2831 2157 atque
2858 2083 3067 2153 captiva
3091 2121 3105 2148 ,
3157 2080 3213 2133 in
3238 2076 3334 2133 illo
3363 2074 3618 2129 innocens
3640 2068 3789 2138 patie-

2221 2159 2380 2242 batu—r
2411 2191 2467 2237 et
2488 2182 2689 2246 libera;
2720 2189 2777 2234 ut
2799 2176 2865 2232 ad
2900 2171 3249 2230 auferendum
3282 2173 3563 2238 peccatum
3592 2159 3790 2222 mundi,

2224 2275 2315 2331 ille
2344 2274 2578 2329 hostiam
2624 2286 2683 2327 se
2712 2274 2897 2339 Agnus
2926 2264 3180 2331 offerret,
3212 2258 3230 2297 ι
3270 2272 3433 2330 quem
3474 2262 3531 2310 et
3563 2249 3793 2307 omnibus

2224 2366 2524 2439 corporalis
2545 2362 2841 2421 sub5tantia
2860 2360 3130 2432 iungeret,
3156 2365 3211 2409 et
3240 2352 3309 2408 ab
3332 2348 3576 2405 omnibus
3597 2344 3794 2416 spirita-

2226 2464 2292 2519 lis
2318 2437 2470 2532 origo
2486 2461 2841 2515 discerneret.
2867 2454 2992 2509 Haec
3007 2450 3187 2515 hodie,
3211 2441 3572 2506 dilectissimi,
3593 2437 3794 2494 auribus

2226 2529 2428 2610 vestris
2454 2552 2723 2607 insinuata
2753 2558 2792 2585 ω
2819 2545 3107 2603 sufﬁciant.
3142 2540 3352 2597 Caetera
3383 2537 3436 2591 in
3464 2541 3699 2605 quartam
3729 2529 3797 2585 fe-

2233 2650 2367 2704 riam
2392 2647 2733 2708 dilferantur,
2761 2640 3054 2696 auxiliante
3084 2634 3315 2692 Domino
3347 2626 3674 2688 orationibus
3710 2637 3795 2678 ve-

2226 2742 2375 2806 stris,
2398 2741 2486 2810 qui
2519 2744 2775 2808 prazstare
2799 2729 3137 2803 dignabitur,
3188 2733 3247 2781 ut
3283 2721 3434 2795 quod
3461 2714 3798 2810 promittimus

2228 2834 2549 2906 impleamus
2584 2848 2597 2885 :
2630 2840 2657 2867 ιι
2689 2844 2784 2899 per
2813 2824 3065 2882 eumdem
3108 2818 3398 2876 Dominum
3432 2820 3695 2874 nostrum,
3722 2798 3801 2862 cui

2227 2904 2504 2986 cstﬁhnnor
2526 2936 2576 2981 et
2607 2924 2781 2996 gloria
2807 2921 2858 2975 in
2885 2917 3078 2974 saecula
3100 2911 3452 2991 saeculorum.
3482 2904 3674 2962 Amen.

2652 3058 2883 3116 SERMO
2922 3054 3061 3114 LVII
3098 3050 3209 3124 (Al.
3242 3046 3359 3118 LV]

2446 3155 2521 3210 De
2550 3153 2801 3210 Passione
2828 3147 3039 3205 Domini
3073 3142 3171 3199 γι.
3203 3140 3369 3195 Feria
3397 3144 3582 3207 quarta

2232 3273 2497 3329 Sruorsrs.
2545 3296 2618 3309 -—
2664 3265 2706 3320 ι.
2754 3262 3015 3317 Christum
3044 3254 3365 3329 (voluntarie
3394 3246 3808 3329 contpre‘ltensugt

2306 3314 2529 3397 ἧῦὶᾶἓέἑε
2560 3314 2789 3407 ante;
2912 3314 2989 3407 tt._
3015 3328 3274 3407 Christum
3296 3314 3680 3407 iisdem-verbis
3694 3314 3811 3407 trp:

2305 3392 2853 3467 insistentium...
2883 3404 3099 3465 cadere,
3126 3394 3365 3468 ﬁdelium
3387 3392 3548 3447 corda
3572 3392 3807 3468 ﬁrmqre;

3019 3457 3165 3556 tutam
3205 3467 3396 3556 scidit,
3429 3457 3730 3556 sacerdotali
3748 3467 3813 3556 “se

2308 3530 2506 3608 5553'};
2515 3530 2802 3622 spoliasse.
2834 3576 2895 3588 —
2923 3544 3017 3622 lli:
3062 3541 3189 3622 Quae
3225 3537 3438 3622 caecitas
3483 3530 3814 3622 sarem-tottot}2

2620 3597 3219 3696 ligant—‘Christlum
3233 3650 3247 3671 ,
3262 3617 3330 3690 ,ει
3362 3620 3547 3661 manus
3561 3597 3816 3696 .rctrqhelr:

2308 3665 2338 3748 Ξ
2361 3665 2670 3750 τωίιεῗὶάενὶ
2688 3665 2878 3744 volunt.
2903 3665 3210 3740 Eorumdem
3227 3665 3370 3732 circa
3387 3675 3659 3749 pecuniam
3675 3665 3817 3750 Iuda:

2309 3738 2448 3821 cruce
2470 3738 3039 3832 νεῖἱρὲνέιὲιὲὸῖῖᾲίιν.
3072 3751 3338 3831 Christum
3462 3758 3612 3799 cruce
3638 3738 3822 3823 erattu-

2319 3848 2427 3891 tum
2449 3811 2621 3889 amares
2648 3844 2906 3886 creaturas
2928 3828 2980 3880 in
3006 3838 3114 3880 sua
3143 3811 3822 3891 passioniscommunionem

2313 3887 2546 3963 tramissa.
2574 3935 2645 3945 ——
2669 3903 2731 3957 V.
2766 3899 3085 3956 Christianos
3122 3887 3261 3947 tanto
3289 3890 3459 3963 pretio
3496 3887 3772 3950 radentptos
3794 3892 3825 3930 a

2313 3961 2506 4034 diaboli
2550 3976 2745 4047 laqueis
2780 3966 3226 4047 cavere__debere,
3269 3961 3364 4033 qui
3406 3974 3541 4015 vana
3586 3963 3826 4009 astrorum

2314 4052 2526 4105 scicntia
2554 4040 2781 4102 homines
2813 4040 3029 4097 deludit.
3057 4105 3069 4119 .

2314 4163 2446 4219 CAP.
2471 4160 2512 4217 l.
2524 4189 2596 4202 ——
2609 4155 2929 4229 Sponsionis
2945 4157 3145 4208 nostra!
3162 4158 3463 4211 memores,
3484 4132 3829 4199 dilectissimi.

2247 4256 2515 4313 sanctitati
2555 4223 2748 4309 vesirze
2780 4246 3055 4305 reddimus
3082 4240 3227 4314 quod
3255 4239 3527 4296 debemus
3547 4275 3562 4299 ,
3586 4227 3742 4305 215
3763 4223 3832 4280 α(-

2250 4350 2484 4407 futuram
2513 4353 2797 4418 sperantes
2824 4340 3051 4413 gratiam
3072 4336 3191 4402 Dei,
3222 4341 3282 4389 ut
3317 4332 3449 4389 inde
3479 4328 3639 4386 nobis
3660 4333 3836 4394 prove.

2248 4445 2363 4499 niat
2388 4417 2635 4506 devotio,
2680 4437 2825 4493 unde
2858 4442 2943 4490 est
2983 4431 3201 4487 incitata
3232 4423 3557 4499 promissio.
3593 4417 3837 4506 Comprev

564 4505 1015 4604 comprehensum
1048 4505 1318 4587 Christum
1344 4505 1501 4586 turba
1522 4505 1811 4595 conduxit,
1843 4528 2035 4584 ducem
2062 4542 2148 4584 se-
2174 4518 2228 4578 D
2254 4535 2455 4590 hensus
2510 4505 2760 4588 Christus
2800 4525 3060 4582 Dominus
3094 4537 3126 4578 ε
3167 4519 3343 4576 turbis
3403 4529 3541 4587 quas
3587 4505 3842 4583 principe!

563 4647 732 4703 quens
762 4630 955 4687 Judam
997 4628 1285 4699 lschariot,
1313 4630 1401 4700 qui
1428 4626 1707 4700 privilegio
1737 4627 1975 4697 perfidiae
2010 4628 2154 4685 obti-

633 4801 661 4830 ⁸
691 4792 821 4849 Erat
850 4793 902 4848 in
927 4790 1160 4854 excusis,
1183 4789 1487 4844 Judazorum
1511 4786 1706 4841 duritia
1741 4801 1858 4858 qui:
1896 4792 2012 4839 sunt
2064 4786 2146 4839 di-

564 4866 711 4929 uina,
755 4863 1024 4935 gentilium
1060 4861 1261 4935 accitas
1304 4875 1417 4935 qua:
1442 4868 1560 4935 sunt
1592 4858 1815 4935 humana
1837 4864 2144 4935 contemnat.

566 4928 859 4990 Duo’Vatt.
894 4948 1025 4988 mss.
1067 4932 1284 4988 collect.
1318 4928 1359 4984 ⁷4
1379 4940 1434 4984 et
1452 4929 1508 4995 5,
1536 4936 1591 4984 et
1615 4929 1920 4984 Lectionar.
1961 4928 2143 4982 Patav.

568 5008 626 5063 S.
672 5004 921 5060 Antonii:
957 5002 1262 5060 Judworum
1313 5003 1548 5069 caecitas,
1588 5016 1703 5071 qum
1755 5008 1873 5055 sunt
1920 5000 2149 5071 humana

567 5085 888 5143 contemnat;
919 5076 1005 5131 ubi
1036 5075 1238 5130 ctecitas
1273 5072 1475 5129 .lu‘dzeis
1519 5070 1797 5137 tribuitur,
1829 5080 1885 5127 et
1911 5085 2005 5143 per
2036 5070 2144 5143 sal;

571 5160 680 5202 tum
721 5162 751 5201 a
779 5140 894 5217 quia
916 5156 1035 5200 sunt
1064 5146 1240 5217 divina
1269 5144 1361 5217 ad,
1384 5160 1499 5214 quae
1538 5152 1657 5197 sunt
1686 5144 1915 5217 humana
1942 5140 2149 5217 librarii

570 5211 1026 5300 transcurrerunt.
1085 5211 1528 5273 Emendationem
1572 5214 1972 5271 vetustissimus
2025 5211 2149 5271 Vat.

737 5307 758 5331 θ

570 5307 631 5346 su
671 5297 854 5359 gessit.

635 5306 671 5400 ἰ
702 5360 758 5415 In
789 5374 895 5415 uno
926 5359 1047 5415 Vat.
1078 5358 1233 5414 deest
1265 5358 1433 5414 Patri.

645 5444 668 5473 ο
699 5432 791 5489 Sic
826 5447 891 5487 ex
922 5431 1299 5501 antiquissimo
1331 5430 1452 5501 Vat.
1485 5430 1596 5499 AL,
1627 5431 1682 5484 in
1710 5428 1943 5501 proprio.

642 5503 669 5542 ⁴
710 5504 889 5560 Prima
915 5502 1106 5565 editio,
1129 5519 1303 5556 eamus
1342 5500 1483 5556 hinc.

647 5585 672 5614 ⁸
695 5575 1118 5646 Antiquissimus
1151 5572 1266 5628 Vat.
1311 5572 1460 5628 addit
1505 5589 1596 5640 se;
1640 5580 1697 5627 et
1731 5570 1943 5628 videtur
1980 5570 2162 5642 legen-

572 5644 704 5704 tium
736 5666 750 5702 :
783 5644 869 5701 cui
891 5647 1183 5701 ministrum
1220 5654 1401 5713 sponte
1423 5660 1476 5698 se
1496 5646 1732 5716 prtebuit.

652 5716 671 5755 ¹
698 5716 753 5772 1η
784 5717 974 5773 eodem
1006 5716 1131 5773 Vat.
1159 5716 1497 5771 desideratur
1527 5725 1594 5771 et.

650 5799 675 5836 α
707 5790 785 5844 Ex
811 5788 1000 5871 eodem
1028 5787 1401 5871 antiquissimo
1429 5786 1549 5843 Vat.
1581 5787 2007 5843 emettdatimus.
2048 5787 2162 5849 ΑΙ..

582 5872 685 5911 tam
715 5874 945 5918 perversa
972 5860 1115 5923 impii
1141 5860 1420 5913 conversio.

2256 4627 2597 4685 sacerdotum
2626 4623 2948 4681 etdoctores
2968 4617 3102 4690 legis
3119 4618 3495 4676 armaverant,
3518 4617 3578 4664 ut
3600 4602 3842 4675 impleret

2320 4782 2345 4821 ιι
2380 4782 2457 4839 ita
2487 4798 2553 4838 ex
2594 4780 2782 4837 eodem
2813 4777 3023 4843 codice,
3074 4770 3164 4830 ubi
3202 4768 3336 4828 editi
3370 4765 3657 4825 habebant
3697 4778 3712 4815 :
3760 4775 3846 4831 pa-

2249 4856 2392 4910 tienti
2422 4862 2666 4924 potestate
2698 4849 2986 4919 complevit.

2329 4903 2839 4981 i“Ptr'itiia'editiocit
2860 4903 2998 4976 unus
3023 4915 3144 4972 Vat.
3174 4913 3397 4970 collect.
3430 4910 3487 4977 5,
3513 4903 3711 4965 Christi
3731 4918 3846 4957 con-

2251 4999 2555 5053 secrabatur
2584 4995 2811 5068 injuriis.

2329 5050 2350 5119 ii
2379 5050 2694 5124 Correctqu
2720 5080 2787 5120 ex
2816 5060 3186 5119 vetustissimo
3211 5055 3337 5112 Vat.
3375 5053 3495 5118 AL,
3524 5050 3645 5106 illa.

2325 5138 2347 5177 ι
2378 5118 2903 5195 liiéi'éaaem’ms.
2955 5141 3012 5188 et
3066 5132 3233 5193 bene;
3268 5142 3398 5183 cum
3432 5140 3528 5178 rea
3565 5118 3851 5195 etucaptiva

2257 5188 2996 5278 οοηιίίᾶρόἶιεῆὶῖιῖἶηὶέοέέηιί
3022 5211 3077 5258 et
3092 5188 3281 5278 tityre.
3308 5195 3462 5278 Editi
3476 5202 3544 5278 et
3563 5192 3657 5247 alii
3675 5188 3850 5250 codd.,

2176 5300 2183 5309 ‘
2260 5285 2411 5337 victa.
2442 5268 2622 5336 Prima
2661 5279 2824 5335 editio
2852 5290 2975 5331 cum
3004 5288 3110 5329 ms.
3144 5272 3304 5337 Bon.,
3343 5268 3542 5323 vincta.

2336 5351 2351 5391 ι
2380 5352 2557 5409 Prima
2587 5327 3032 5418 edﬁioﬁqziéiiiei
3053 5327 3302 5418 omnibus
3318 5413 3329 5418 _
3347 5333 3713 5418 corporalibus
3742 5327 3859 5418 suﬁ-

2258 5397 2748 5496 διαηῖίἇξὶῖιᾷἆξξ
2760 5397 2897 5496 ξιτιξῤ
2910 5397 3158 5472 (omnibus
3200 5397 3609 5496 spirituaéibtfsp
3617 5397 3860 5496 affigit

2266 5473 2822 5551 duci).
2847 5487 2970 5545 Vat.
3005 5502 3136 5542 mss.
3168 5473 3387 5540 collect.
3429 5478 3464 5534 4
3496 5485 3554 5535 et
3576 5475 3611 5531 5
3642 5473 3860 5529 habetur

2264 5571 2486 5639 pariter,
2519 5562 2889 5639 corporalibus:

2338 5649 2377 5676 ιιι
2410 5626 2831 5706 Antiquissimus
2862 5630 3009 5698 Vat.,
3034 5626 3353 5706 suffecerint.

2341 5720 2367 5748 ιδ
2394 5693 2897 5769 Ηληοέὶειυδυιθηι,
2928 5693 3293 5772 (ιυὼᾶξβτθι,
3327 5693 3639 5772 adiecimus
3670 5703 3737 5745 ex
3774 5698 3865 5772 v3-

2272 5756 3089 5838 tttsti-s-gnin'Vvawt:rinvalio'cod.
3126 5770 3243 5823 Vat.
3280 5756 3748 5837 pro'impleamus,
3788 5756 3867 5811 lev

2272 5861 2410 5918 gitur
2438 5852 2651 5915 implere
2683 5852 2957 5900 valeamus.
