  <div class='ocr_page' id='page_1' title='image "/cluster/home/n/w/nwhite01/storage/ocr_20150623/54/hvd.32044015471584/168.png"; bbox 0 0 3994 6354; ppageno 0'>
   <div class='ocr_carea' id='block_1_1' title="bbox 206 348 299 413">
    <p class='ocr_par' dir='ltr' id='par_1_1' title="bbox 206 348 299 413">
     <span class='ocr_line' id='line_1_1' title="bbox 206 348 299 413; baseline -0.054 0"><span class='ocrx_word' id='word_1_1' title='bbox 206 348 299 413; x_wconf 69' lang='lat'><strong>329</strong></span> 
     </span>
    </p>
   </div>
   <div class='ocr_carea' id='block_1_2' title="bbox 1617 331 1814 408">
    <p class='ocr_par' dir='ltr' id='par_1_2' title="bbox 1617 342 1814 408">
     <span class='ocr_line' id='line_1_2' title="bbox 1617 342 1814 408; baseline -0.005 0"><span class='ocrx_word' id='word_1_2' title='bbox 1617 342 1814 408; x_wconf 64' lang='lat' dir='ltr'><strong>SERMt</strong></span> 
     </span>
    </p>
   </div>
   <div class='ocr_carea' id='block_1_3' title="bbox 1926 331 3483 408">
    <p class='ocr_par' dir='ltr' id='par_1_3' title="bbox 1926 331 3483 407">
     <span class='ocr_line' id='line_1_3' title="bbox 1926 331 3483 407; baseline -0.002 0"><span class='ocrx_word' id='word_1_3' title='bbox 1926 346 2047 407; x_wconf 72' lang='grc' dir='ltr'><strong>Νη.</strong></span> <span class='ocrx_word' id='word_1_4' title='bbox 2304 331 2313 347; x_wconf 76' lang='grc'>⁷</span> <span class='ocrx_word' id='word_1_5' title='bbox 3372 352 3391 393; x_wconf 68' lang='grc' dir='ltr'><strong><em>τ</em></strong></span> <span class='ocrx_word' id='word_1_6' title='bbox 3410 352 3483 405; x_wconf 64' lang='lat' dir='ltr'><strong>se</strong></span> 
     </span>
    </p>
   </div>
   <div class='ocr_carea' id='block_1_4' title="bbox 208 459 3473 540">
    <p class='ocr_par' dir='ltr' id='par_1_4' title="bbox 208 459 3473 540">
     <span class='ocr_line' id='line_1_4' title="bbox 208 459 3473 540; baseline -0.001 -17"><span class='ocrx_word' id='word_1_7' title='bbox 208 464 653 538; x_wconf 84' lang='lat' dir='ltr'><strong>dispensationem</strong></span> <span class='ocrx_word' id='word_1_8' title='bbox 678 503 695 531; x_wconf 96' lang='lat'><strong>,</strong></span> <span class='ocrx_word' id='word_1_9' title='bbox 726 470 758 502; x_wconf 80' lang='grc' dir='ltr'>ι</span> <span class='ocrx_word' id='word_1_10' title='bbox 797 460 1037 520; x_wconf 80' lang='lat' dir='ltr'><strong>cohibuit</strong></span> <span class='ocrx_word' id='word_1_11' title='bbox 1084 466 1443 532; x_wconf 87' lang='lat' dir='ltr'><strong>potestatem;</strong></span> <span class='ocrx_word' id='word_1_12' title='bbox 1475 468 1533 519; x_wconf 90' lang='lat' dir='ltr'><strong>et</strong></span> <span class='ocrx_word' id='word_1_13' title='bbox 1566 463 1783 520; x_wconf 88' lang='lat' dir='ltr'><strong>beatum</strong></span> <span class='ocrx_word' id='word_1_14' title='bbox 1811 478 1863 540; x_wconf 72' lang='grc' dir='ltr'>Α</span> <span class='ocrx_word' id='word_1_15' title='bbox 1890 480 2031 533; x_wconf 87' lang='lat' dir='ltr'><strong>rum,</strong></span> <span class='ocrx_word' id='word_1_16' title='bbox 2080 461 2329 520; x_wconf 78' lang='lat' dir='ltr'><strong>nolentes</strong></span> <span class='ocrx_word' id='word_1_17' title='bbox 2369 460 2706 530; x_wconf 84' lang='lat' dir='ltr'><strong>interﬁcere,</strong></span> <span class='ocrx_word' id='word_1_18' title='bbox 2736 468 2794 519; x_wconf 90' lang='lat' dir='ltr'><strong>et</strong></span> <span class='ocrx_word' id='word_1_19' title='bbox 2820 459 3143 529; x_wconf 83' lang='lat' dir='ltr'><strong>clamantes,</strong></span> <span class='ocrx_word' id='word_1_20' title='bbox 3190 461 3473 535; x_wconf 79' lang='lat' dir='ltr'><strong>Cruciﬁge,</strong></span> 
     </span>
    </p>
   </div>
   <div class='ocr_carea' id='block_1_5' title="bbox 206 554 1790 632">
    <p class='ocr_par' dir='ltr' id='par_1_5' title="bbox 206 554 1790 632">
     <span class='ocr_line' id='line_1_5' title="bbox 206 554 1790 632; baseline -0.003 -16"><span class='ocrx_word' id='word_1_21' title='bbox 206 560 503 632; x_wconf 72' lang='lat' dir='ltr'><strong>apostolum</strong></span> <span class='ocrx_word' id='word_1_22' title='bbox 544 557 761 612; x_wconf 88' lang='lat' dir='ltr'><strong>Petrum</strong></span> <span class='ocrx_word' id='word_1_23' title='bbox 794 555 1025 611; x_wconf 89' lang='lat' dir='ltr'><strong>humana</strong></span> <span class='ocrx_word' id='word_1_24' title='bbox 1056 554 1342 611; x_wconf 89' lang='lat' dir='ltr'><strong>adversum</strong></span> <span class='ocrx_word' id='word_1_25' title='bbox 1374 557 1649 612; x_wconf 88' lang='lat' dir='ltr'><strong>irruentes</strong></span> <span class='ocrx_word' id='word_1_26' title='bbox 1674 557 1790 611; x_wconf 89' lang='lat' dir='ltr'><strong>ani-</strong></span> 
     </span>
    </p>
   </div>
   <div class='ocr_carea' id='block_1_6' title="bbox 207 636 1794 722">
    <p class='ocr_par' dir='ltr' id='par_1_6' title="bbox 207 636 1794 722">
     <span class='ocr_line' id='line_1_6' title="bbox 207 636 1794 722; baseline -0.002 -13"><span class='ocrx_word' id='word_1_27' title='bbox 207 636 475 709; x_wconf 27' lang='lat' dir='ltr'><strong>mositate&#39;</strong></span> <span class='ocrx_word' id='word_1_28' title='bbox 516 660 884 718; x_wconf 89' lang='lat' dir='ltr'><strong>commotum,</strong></span> <span class='ocrx_word' id='word_1_29' title='bbox 954 650 1135 721; x_wconf 87' lang='lat' dir='ltr'><strong>gladio</strong></span> <span class='ocrx_word' id='word_1_30' title='bbox 1197 650 1472 707; x_wconf 85' lang='lat' dir='ltr'><strong>abstinere</strong></span> <span class='ocrx_word' id='word_1_31' title='bbox 1535 652 1794 722; x_wconf 74' lang='lat' dir='ltr'><strong>praecepit</strong></span> 
     </span>
    </p>
   </div>
   <div class='ocr_carea' id='block_1_7' title="bbox 208 741 1795 818">
    <p class='ocr_par' dir='ltr' id='par_1_7' title="bbox 208 741 1795 818">
     <span class='ocr_line' id='line_1_7' title="bbox 208 741 1795 818; baseline 0 -18"><span class='ocrx_word' id='word_1_32' title='bbox 208 744 417 818; x_wconf 70' lang='lat' dir='ltr'><strong>(Matth.</strong></span> <span class='ocrx_word' id='word_1_33' title='bbox 432 760 584 810; x_wconf 81' lang='lat' dir='ltr'><strong>xxvt,</strong></span> <span class='ocrx_word' id='word_1_34' title='bbox 604 745 719 815; x_wconf 79' lang='grc'>55).</span> <span class='ocrx_word' id='word_1_35' title='bbox 738 743 1081 814; x_wconf 87' lang='lat' dir='ltr'><strong>Superlluum</strong></span> <span class='ocrx_word' id='word_1_36' title='bbox 1100 741 1245 798; x_wconf 91' lang='lat' dir='ltr'><strong>enim</strong></span> <span class='ocrx_word' id='word_1_37' title='bbox 1263 754 1380 799; x_wconf 89' lang='lat' dir='ltr'><strong>erat</strong></span> <span class='ocrx_word' id='word_1_38' title='bbox 1396 746 1558 815; x_wconf 90' lang='lat' dir='ltr'><strong>utqui</strong></span> <span class='ocrx_word' id='word_1_39' title='bbox 1578 745 1795 800; x_wconf 79' lang='lat' dir='ltr'><strong>nolebat</strong></span> 
     </span>
    </p>
   </div>
   <div class='ocr_carea' id='block_1_8' title="bbox 205 829 1794 912">
    <p class='ocr_par' dir='ltr' id='par_1_8' title="bbox 205 829 1794 912">
     <span class='ocr_line' id='line_1_8' title="bbox 205 829 1794 912; baseline -0.001 -17"><span class='ocrx_word' id='word_1_40' title='bbox 205 841 453 912; x_wconf 68' lang='lat' dir='ltr'><strong>praesidio</strong></span> <span class='ocrx_word' id='word_1_41' title='bbox 471 829 1133 909; x_wconf 68' lang='lat' dir='ltr'><strong>angelicaruiniegiotium</strong></span> <span class='ocrx_word' id='word_1_42' title='bbox 1154 838 1354 907; x_wconf 89' lang='lat' dir='ltr'><strong>juvari,</strong></span> <span class='ocrx_word' id='word_1_43' title='bbox 1379 839 1543 893; x_wconf 92' lang='lat' dir='ltr'><strong>vellet</strong></span> <span class='ocrx_word' id='word_1_44' title='bbox 1558 854 1618 893; x_wconf 91' lang='lat' dir='ltr'><strong>se</strong></span> <span class='ocrx_word' id='word_1_45' title='bbox 1638 839 1794 893; x_wconf 89' lang='lat' dir='ltr'><strong>unius</strong></span> 
     </span>
    </p>
   </div>
   <div class='ocr_carea' id='block_1_9' title="bbox 204 929 1797 1001">
    <p class='ocr_par' dir='ltr' id='par_1_9' title="bbox 204 929 1797 1001">
     <span class='ocr_line' id='line_1_9' title="bbox 204 929 1797 1001; baseline -0.002 -15"><span class='ocrx_word' id='word_1_46' title='bbox 204 930 447 1001; x_wconf 72' lang='lat' dir='ltr'><strong>discipuli</strong></span> <span class='ocrx_word' id='word_1_47' title='bbox 508 932 855 1001; x_wconf 90' lang='lat' dir='ltr'><strong>oppositione</strong></span> <span class='ocrx_word' id='word_1_48' title='bbox 911 929 1151 984; x_wconf 81' lang='lat' dir='ltr'><strong>defendi.</strong></span> <span class='ocrx_word' id='word_1_49' title='bbox 1206 929 1614 997; x_wconf 88' lang='lat' dir='ltr'><strong>Perpetraverit</strong></span> <span class='ocrx_word' id='word_1_50' title='bbox 1674 930 1797 983; x_wconf 87' lang='lat' dir='ltr'><strong>licet</strong></span> 
     </span>
    </p>
   </div>
   <div class='ocr_carea' id='block_1_10' title="bbox 202 1020 1797 1093">
    <p class='ocr_par' dir='ltr' id='par_1_10' title="bbox 202 1020 1797 1093">
     <span class='ocr_line' id='line_1_10' title="bbox 202 1020 1797 1093; baseline -0.001 -16"><span class='ocrx_word' id='word_1_51' title='bbox 202 1024 345 1079; x_wconf 78' lang='lat' dir='ltr'><strong>ferox</strong></span> <span class='ocrx_word' id='word_1_52' title='bbox 378 1023 534 1077; x_wconf 85' lang='lat' dir='ltr'><strong>turba</strong></span> <span class='ocrx_word' id='word_1_53' title='bbox 565 1022 710 1093; x_wconf 90' lang='lat' dir='ltr'><strong>quod</strong></span> <span class='ocrx_word' id='word_1_54' title='bbox 737 1023 929 1089; x_wconf 88' lang='lat' dir='ltr'><strong>voluit,</strong></span> <span class='ocrx_word' id='word_1_55' title='bbox 962 1030 1018 1076; x_wconf 91' lang='lat' dir='ltr'><strong>et</strong></span> <span class='ocrx_word' id='word_1_56' title='bbox 1044 1022 1112 1075; x_wconf 91' lang='lat' dir='ltr'><strong>de</strong></span> <span class='ocrx_word' id='word_1_57' title='bbox 1141 1020 1368 1075; x_wconf 83' lang='lat' dir='ltr'><strong>sceleris</strong></span> <span class='ocrx_word' id='word_1_58' title='bbox 1399 1022 1482 1075; x_wconf 88' lang='lat' dir='ltr'><strong>sui</strong></span> <span class='ocrx_word' id='word_1_59' title='bbox 1513 1021 1797 1076; x_wconf 89' lang='lat' dir='ltr'><strong>exsultarit</strong></span> 
     </span>
    </p>
   </div>
   <div class='ocr_carea' id='block_1_11' title="bbox 204 1112 1795 1184">
    <p class='ocr_par' dir='ltr' id='par_1_11' title="bbox 204 1112 1795 1184">
     <span class='ocr_line' id='line_1_11' title="bbox 204 1112 1795 1184; baseline -0.001 -15"><span class='ocrx_word' id='word_1_60' title='bbox 204 1114 477 1174; x_wconf 75' lang='lat' dir='ltr'><strong>heﬂ‘ectu;</strong></span> <span class='ocrx_word' id='word_1_61' title='bbox 523 1114 701 1184; x_wconf 84' lang='lat' dir='ltr'><strong>major</strong></span> <span class='ocrx_word' id='word_1_62' title='bbox 746 1128 927 1168; x_wconf 91' lang='lat' dir='ltr'><strong>tamen</strong></span> <span class='ocrx_word' id='word_1_63' title='bbox 969 1112 1346 1181; x_wconf 91' lang='lat' dir='ltr'><strong>comprehensi</strong></span> <span class='ocrx_word' id='word_1_64' title='bbox 1394 1115 1595 1181; x_wconf 91' lang='lat' dir='ltr'><strong>virtus,</strong></span> <span class='ocrx_word' id='word_1_65' title='bbox 1638 1128 1795 1181; x_wconf 85' lang='lat' dir='ltr'><strong>quam</strong></span> 
     </span>
    </p>
   </div>
   <div class='ocr_carea' id='block_1_12' title="bbox 202 1203 1798 1277">
    <p class='ocr_par' dir='ltr' id='par_1_12' title="bbox 202 1203 1798 1277">
     <span class='ocr_line' id='line_1_12' title="bbox 202 1203 1798 1277; baseline -0.003 -13"><span class='ocrx_word' id='word_1_66' title='bbox 202 1207 780 1277; x_wconf 66' lang='lat' dir='ltr'><strong>comprehendendum</strong></span> <span class='ocrx_word' id='word_1_67' title='bbox 835 1206 955 1261; x_wconf 83' lang='lat' dir='ltr'><strong>fuit.</strong></span> <span class='ocrx_word' id='word_1_68' title='bbox 1011 1204 1324 1260; x_wconf 66' lang='lat' dir='ltr'><strong>Judieorum</strong></span> <span class='ocrx_word' id='word_1_69' title='bbox 1379 1203 1525 1261; x_wconf 88' lang='lat' dir='ltr'><strong>enim</strong></span> <span class='ocrx_word' id='word_1_70' title='bbox 1583 1207 1798 1259; x_wconf 66' lang='lat' dir='ltr'><strong>caecitas</strong></span> 
     </span>
    </p>
   </div>
   <div class='ocr_carea' id='block_1_13' title="bbox 203 1298 1797 1368">
    <p class='ocr_par' dir='ltr' id='par_1_13' title="bbox 203 1298 1797 1368">
     <span class='ocr_line' id='line_1_13' title="bbox 203 1298 1797 1368; baseline -0.004 -11"><span class='ocrx_word' id='word_1_71' title='bbox 203 1302 327 1357; x_wconf 80' lang='lat' dir='ltr'><strong>nihil</strong></span> <span class='ocrx_word' id='word_1_72' title='bbox 385 1300 672 1367; x_wconf 83' lang='lat' dir='ltr'><strong>obtinuit,</strong></span> <span class='ocrx_word' id='word_1_73' title='bbox 724 1300 829 1355; x_wconf 89' lang='lat' dir='ltr'><strong>nisi</strong></span> <span class='ocrx_word' id='word_1_74' title='bbox 881 1308 940 1353; x_wconf 90' lang='lat' dir='ltr'><strong>ut</strong></span> <span class='ocrx_word' id='word_1_75' title='bbox 969 1313 1066 1354; x_wconf 91' lang='lat' dir='ltr'><strong>sua</strong></span> <span class='ocrx_word' id='word_1_76' title='bbox 1117 1298 1394 1366; x_wconf 82' lang='lat' dir='ltr'><strong>impietate</strong></span> <span class='ocrx_word' id='word_1_77' title='bbox 1420 1312 1479 1352; x_wconf 88' lang='lat' dir='ltr'><strong>se</strong></span> <span class='ocrx_word' id='word_1_78' title='bbox 1518 1298 1797 1368; x_wconf 84' lang='lat' dir='ltr'><strong>perderet;</strong></span> 
     </span>
    </p>
   </div>
   <div class='ocr_carea' id='block_1_14' title="bbox 203 1391 1798 1465">
    <p class='ocr_par' dir='ltr' id='par_1_14' title="bbox 203 1391 1798 1465">
     <span class='ocr_line' id='line_1_14' title="bbox 203 1391 1798 1465; baseline -0.003 -14"><span class='ocrx_word' id='word_1_79' title='bbox 203 1395 404 1451; x_wconf 78' lang='lat' dir='ltr'><strong>Christi</strong></span> <span class='ocrx_word' id='word_1_80' title='bbox 440 1411 573 1451; x_wconf 88' lang='lat' dir='ltr'><strong>vero</strong></span> <span class='ocrx_word' id='word_1_81' title='bbox 612 1395 874 1465; x_wconf 85' lang='lat' dir='ltr'><strong>patientia</strong></span> <span class='ocrx_word' id='word_1_82' title='bbox 904 1394 1008 1449; x_wconf 88' lang='lat' dir='ltr'><strong>hoc</strong></span> <span class='ocrx_word' id='word_1_83' title='bbox 1037 1396 1179 1465; x_wconf 84' lang='lat' dir='ltr'><strong>egit,</strong></span> <span class='ocrx_word' id='word_1_84' title='bbox 1213 1401 1275 1448; x_wconf 92' lang='lat' dir='ltr'><strong>ut</strong></span> <span class='ocrx_word' id='word_1_85' title='bbox 1303 1408 1497 1449; x_wconf 88' lang='lat' dir='ltr'><strong>omnes</strong></span> <span class='ocrx_word' id='word_1_86' title='bbox 1536 1408 1635 1450; x_wconf 88' lang='lat' dir='ltr'><strong>sua</strong></span> <span class='ocrx_word' id='word_1_87' title='bbox 1665 1391 1798 1448; x_wconf 87' lang='lat' dir='ltr'><strong>Pas-</strong></span> 
     </span>
    </p>
   </div>
   <div class='ocr_carea' id='block_1_15' title="bbox 204 1488 646 1542">
    <p class='ocr_par' dir='ltr' id='par_1_15' title="bbox 204 1488 646 1542">
     <span class='ocr_line' id='line_1_15' title="bbox 204 1488 646 1542; baseline 0.005 -2"><span class='ocrx_word' id='word_1_88' title='bbox 204 1490 349 1542; x_wconf 83' lang='lat' dir='ltr'><strong>sione</strong></span> <span class='ocrx_word' id='word_1_89' title='bbox 379 1488 646 1542; x_wconf 88' lang='lat' dir='ltr'><strong>salvaret.</strong></span> 
     </span>
    </p>
   </div>
   <div class='ocr_carea' id='block_1_16' title="bbox 263 1579 1803 1650">
    <p class='ocr_par' dir='ltr' id='par_1_16' title="bbox 263 1579 1803 1650">
     <span class='ocr_line' id='line_1_16' title="bbox 263 1579 1803 1650; baseline -0.001 -15"><span class='ocrx_word' id='word_1_90' title='bbox 263 1580 394 1636; x_wconf 74' lang='lat' dir='ltr'><strong>CAP.</strong></span> <span class='ocrx_word' id='word_1_91' title='bbox 424 1579 496 1636; x_wconf 88' lang='lat' dir='ltr'><strong>ll.</strong></span> <span class='ocrx_word' id='word_1_92' title='bbox 518 1610 592 1622; x_wconf 95' lang='lat'><strong>—</strong></span> <span class='ocrx_word' id='word_1_93' title='bbox 616 1580 886 1637; x_wconf 90' lang='lat' dir='ltr'><strong>Perducto</strong></span> <span class='ocrx_word' id='word_1_94' title='bbox 907 1589 1091 1636; x_wconf 91' lang='lat' dir='ltr'><strong>autem</strong></span> <span class='ocrx_word' id='word_1_95' title='bbox 1119 1580 1246 1637; x_wconf 88' lang='lat' dir='ltr'><strong>Jesu</strong></span> <span class='ocrx_word' id='word_1_96' title='bbox 1278 1580 1345 1635; x_wconf 92' lang='lat' dir='ltr'><strong>ad</strong></span> <span class='ocrx_word' id='word_1_97' title='bbox 1374 1579 1632 1650; x_wconf 88' lang='lat' dir='ltr'><strong>Caipham</strong></span> <span class='ocrx_word' id='word_1_98' title='bbox 1660 1579 1803 1649; x_wconf 91' lang='lat' dir='ltr'><strong>prin-</strong></span> 
     </span>
    </p>
   </div>
   <div class='ocr_carea' id='block_1_17' title="bbox 202 1672 1804 1746">
    <p class='ocr_par' dir='ltr' id='par_1_17' title="bbox 202 1672 1804 1746">
     <span class='ocr_line' id='line_1_17' title="bbox 202 1672 1804 1746; baseline -0.002 -15"><span class='ocrx_word' id='word_1_99' title='bbox 202 1676 369 1745; x_wconf 86' lang='lat' dir='ltr'><strong>cipem</strong></span> <span class='ocrx_word' id='word_1_100' title='bbox 399 1675 770 1742; x_wconf 78' lang='lat' dir='ltr'><strong>sacerdotum,</strong></span> <span class='ocrx_word' id='word_1_101' title='bbox 800 1692 906 1746; x_wconf 92' lang='lat' dir='ltr'><strong>quo</strong></span> <span class='ocrx_word' id='word_1_102' title='bbox 934 1674 1130 1731; x_wconf 84' lang='lat' dir='ltr'><strong>scribae</strong></span> <span class='ocrx_word' id='word_1_103' title='bbox 1156 1683 1214 1731; x_wconf 90' lang='lat' dir='ltr'><strong>et</strong></span> <span class='ocrx_word' id='word_1_104' title='bbox 1244 1675 1423 1731; x_wconf 81' lang='lat' dir='ltr'><strong>oninis</strong></span> <span class='ocrx_word' id='word_1_105' title='bbox 1453 1672 1804 1729; x_wconf 83' lang='lat' dir='ltr'><strong>sacerdotalis</strong></span> 
     </span>
    </p>
   </div>
   <div class='ocr_carea' id='block_1_18' title="bbox 203 1764 1803 1839">
    <p class='ocr_par' dir='ltr' id='par_1_18' title="bbox 203 1764 1803 1839">
     <span class='ocr_line' id='line_1_18' title="bbox 203 1764 1803 1839; baseline -0.003 -17"><span class='ocrx_word' id='word_1_106' title='bbox 203 1766 329 1822; x_wconf 87' lang='lat' dir='ltr'><strong>ordo</strong></span> <span class='ocrx_word' id='word_1_107' title='bbox 354 1776 690 1822; x_wconf 83' lang='lat' dir='ltr'><strong>convenerat</strong></span> <span class='ocrx_word' id='word_1_108' title='bbox 731 1764 947 1839; x_wconf 81' lang='lat' dir='ltr'><strong>(Matth.</strong></span> <span class='ocrx_word' id='word_1_109' title='bbox 996 1782 1157 1834; x_wconf 76' lang='lat' dir='ltr'><strong>xxvr,</strong></span> <span class='ocrx_word' id='word_1_110' title='bbox 1183 1765 1296 1837; x_wconf 85' lang='lat'><strong>57),</strong></span> <span class='ocrx_word' id='word_1_111' title='bbox 1342 1766 1477 1821; x_wconf 77' lang='lat' dir='ltr'><strong>falsa</strong></span> <span class='ocrx_word' id='word_1_112' title='bbox 1516 1766 1803 1820; x_wconf 84' lang='lat' dir='ltr'><strong>adversum</strong></span> 
     </span>
    </p>
   </div>
   <div class='ocr_carea' id='block_1_19' title="bbox 1893 556 3481 631">
    <p class='ocr_par' dir='ltr' id='par_1_19' title="bbox 1893 556 3481 631">
     <span class='ocr_line' id='line_1_19' title="bbox 1893 556 3481 631; baseline -0.001 -18"><span class='ocrx_word' id='word_1_113' title='bbox 1893 560 2157 631; x_wconf 80' lang='lat' dir='ltr'><strong>crucifige.</strong></span> <span class='ocrx_word' id='word_1_114' title='bbox 2188 558 2328 626; x_wconf 86' lang='lat' dir='ltr'><strong>Quid</strong></span> <span class='ocrx_word' id='word_1_115' title='bbox 2360 558 2461 615; x_wconf 89' lang='lat' dir='ltr'><strong>hac</strong></span> <span class='ocrx_word' id='word_1_116' title='bbox 2489 562 2671 630; x_wconf 88' lang='lat' dir='ltr'><strong>specie</strong></span> <span class='ocrx_word' id='word_1_117' title='bbox 2700 557 2977 629; x_wconf 77' lang='lat' dir='ltr'><strong>religionis</strong></span> <span class='ocrx_word' id='word_1_118' title='bbox 3010 556 3298 627; x_wconf 85' lang='lat' dir='ltr'><strong>injuslius?</strong></span> <span class='ocrx_word' id='word_1_119' title='bbox 3350 556 3481 627; x_wconf 90' lang='lat' dir='ltr'><strong>quid</strong></span> 
     </span>
    </p>
   </div>
   <div class='ocr_carea' id='block_1_20' title="bbox 1892 649 3481 720">
    <p class='ocr_par' dir='ltr' id='par_1_20' title="bbox 1892 649 3481 720">
     <span class='ocr_line' id='line_1_20' title="bbox 1892 649 3481 720; baseline 0 -14"><span class='ocrx_word' id='word_1_120' title='bbox 1892 651 1994 707; x_wconf 88' lang='lat' dir='ltr'><strong>hac</strong></span> <span class='ocrx_word' id='word_1_121' title='bbox 2038 652 2339 707; x_wconf 86' lang='lat' dir='ltr'><strong>clementiae</strong></span> <span class='ocrx_word' id='word_1_122' title='bbox 2389 652 2734 707; x_wconf 88' lang='lat' dir='ltr'><strong>simulatione</strong></span> <span class='ocrx_word' id='word_1_123' title='bbox 2780 651 3095 707; x_wconf 79' lang='lat' dir='ltr'><strong>crudelius?</strong></span> <span class='ocrx_word' id='word_1_124' title='bbox 3149 649 3262 719; x_wconf 86' lang='lat' dir='ltr'><strong>Qua</strong></span> <span class='ocrx_word' id='word_1_125' title='bbox 3318 650 3481 720; x_wconf 87' lang='lat' dir='ltr'><strong>lege,</strong></span> 
     </span>
    </p>
   </div>
   <div class='ocr_carea' id='block_1_21' title="bbox 1892 742 3487 815">
    <p class='ocr_par' dir='ltr' id='par_1_21' title="bbox 1892 742 3487 815">
     <span class='ocr_line' id='line_1_21' title="bbox 1892 742 3487 815; baseline -0.003 -15"><span class='ocrx_word' id='word_1_126' title='bbox 1892 744 2084 811; x_wconf 66' lang='lat' dir='ltr'><strong>Judaei,</strong></span> <span class='ocrx_word' id='word_1_127' title='bbox 2115 744 2259 815; x_wconf 90' lang='lat' dir='ltr'><strong>quod</strong></span> <span class='ocrx_word' id='word_1_128' title='bbox 2286 743 2439 798; x_wconf 81' lang='lat' dir='ltr'><strong>vobis</strong></span> <span class='ocrx_word' id='word_1_129' title='bbox 2470 759 2574 798; x_wconf 91' lang='lat' dir='ltr'><strong>non</strong></span> <span class='ocrx_word' id='word_1_130' title='bbox 2602 744 2729 799; x_wconf 90' lang='lat' dir='ltr'><strong>licet</strong></span> <span class='ocrx_word' id='word_1_131' title='bbox 2764 743 2941 799; x_wconf 77' lang='lat' dir='ltr'><strong>facere</strong></span> <span class='ocrx_word' id='word_1_132' title='bbox 2964 784 2977 807; x_wconf 92' lang='lat'><strong>,</strong></span> <span class='ocrx_word' id='word_1_133' title='bbox 3012 743 3139 798; x_wconf 91' lang='lat' dir='ltr'><strong>licet</strong></span> <span class='ocrx_word' id='word_1_134' title='bbox 3164 742 3342 797; x_wconf 74' lang='lat' dir='ltr'><strong>velle?</strong></span> <span class='ocrx_word' id='word_1_135' title='bbox 3378 754 3487 811; x_wconf 86' lang='lat' dir='ltr'><strong>qua</strong></span> 
     </span>
    </p>
   </div>
   <div class='ocr_carea' id='block_1_22' title="bbox 1893 834 3486 907">
    <p class='ocr_par' dir='ltr' id='par_1_22' title="bbox 1893 834 3486 907">
     <span class='ocr_line' id='line_1_22' title="bbox 1893 834 3486 907; baseline -0.003 -15"><span class='ocrx_word' id='word_1_136' title='bbox 1893 838 2123 902; x_wconf 88' lang='lat' dir='ltr'><strong>ratione,</strong></span> <span class='ocrx_word' id='word_1_137' title='bbox 2154 835 2296 907; x_wconf 90' lang='lat' dir='ltr'><strong>quod</strong></span> <span class='ocrx_word' id='word_1_138' title='bbox 2324 850 2548 904; x_wconf 91' lang='lat' dir='ltr'><strong>corpora</strong></span> <span class='ocrx_word' id='word_1_139' title='bbox 2576 837 2787 905; x_wconf 87' lang='lat' dir='ltr'><strong>polluit,</strong></span> <span class='ocrx_word' id='word_1_140' title='bbox 2814 836 2979 890; x_wconf 86' lang='lat' dir='ltr'><strong>corda</strong></span> <span class='ocrx_word' id='word_1_141' title='bbox 3002 850 3107 889; x_wconf 92' lang='lat' dir='ltr'><strong>non</strong></span> <span class='ocrx_word' id='word_1_142' title='bbox 3137 834 3320 889; x_wconf 73' lang='lat' dir='ltr'><strong>laedit?</strong></span> <span class='ocrx_word' id='word_1_143' title='bbox 3342 834 3486 889; x_wconf 89' lang='lat' dir='ltr'><strong>Con-</strong></span> 
     </span>
    </p>
   </div>
   <div class='ocr_carea' id='block_1_23' title="bbox 1895 928 3491 1000">
    <p class='ocr_par' dir='ltr' id='par_1_23' title="bbox 1895 928 3491 1000">
     <span class='ocr_line' id='line_1_23' title="bbox 1895 928 3491 1000; baseline -0.001 -16"><span class='ocrx_word' id='word_1_144' title='bbox 1895 931 2142 985; x_wconf 85' lang='lat' dir='ltr'><strong>taminari</strong></span> <span class='ocrx_word' id='word_1_145' title='bbox 2176 929 2447 984; x_wconf 86' lang='lat' dir='ltr'><strong>occisione</strong></span> <span class='ocrx_word' id='word_1_146' title='bbox 2476 928 2593 999; x_wconf 89' lang='lat' dir='ltr'><strong>ejus</strong></span> <span class='ocrx_word' id='word_1_147' title='bbox 2628 931 2898 992; x_wconf 87' lang='lat' dir='ltr'><strong>metuitis,</strong></span> <span class='ocrx_word' id='word_1_148' title='bbox 2930 930 3085 1000; x_wconf 84' lang='lat' dir='ltr'><strong>cujus</strong></span> <span class='ocrx_word' id='word_1_149' title='bbox 3114 944 3279 999; x_wconf 90' lang='lat' dir='ltr'><strong>super</strong></span> <span class='ocrx_word' id='word_1_150' title='bbox 3306 942 3406 985; x_wconf 88' lang='lat' dir='ltr'><strong>vos</strong></span> <span class='ocrx_word' id='word_1_151' title='bbox 3433 935 3491 982; x_wconf 84' lang='lat' dir='ltr'><strong>et</strong></span> 
     </span>
    </p>
   </div>
   <div class='ocr_carea' id='block_1_24' title="bbox 1896 1020 3488 1094">
    <p class='ocr_par' dir='ltr' id='par_1_24' title="bbox 1896 1020 3488 1094">
     <span class='ocr_line' id='line_1_24' title="bbox 1896 1020 3488 1094; baseline 0.001 -16"><span class='ocrx_word' id='word_1_152' title='bbox 1896 1038 2059 1094; x_wconf 72' lang='lat' dir='ltr'><strong>super</strong></span> <span class='ocrx_word' id='word_1_153' title='bbox 2072 1024 2210 1077; x_wconf 85' lang='lat' dir='ltr'><strong>filios</strong></span> <span class='ocrx_word' id='word_1_154' title='bbox 2225 1030 2436 1078; x_wconf 83' lang='lat' dir='ltr'><strong>vestros</strong></span> <span class='ocrx_word' id='word_1_155' title='bbox 2454 1021 2603 1075; x_wconf 90' lang='lat' dir='ltr'><strong>fundi</strong></span> <span class='ocrx_word' id='word_1_156' title='bbox 2629 1022 2946 1091; x_wconf 89' lang='lat' dir='ltr'><strong>sanguinem</strong></span> <span class='ocrx_word' id='word_1_157' title='bbox 2966 1024 3280 1091; x_wconf 83' lang='lat' dir='ltr'><strong>postulastis</strong></span> <span class='ocrx_word' id='word_1_158' title='bbox 3298 1020 3488 1091; x_wconf 81' lang='lat' dir='ltr'><strong>(Joan.</strong></span> 
     </span>
    </p>
   </div>
   <div class='ocr_carea' id='block_1_25' title="bbox 1897 1114 3541 1187">
    <p class='ocr_par' dir='ltr' id='par_1_25' title="bbox 1897 1114 3541 1187">
     <span class='ocr_line' id='line_1_25' title="bbox 1897 1114 3541 1187; baseline -0.001 -16"><span class='ocrx_word' id='word_1_159' title='bbox 1897 1132 2047 1181; x_wconf 86' lang='lat' dir='ltr'><strong>xvnr,</strong></span> <span class='ocrx_word' id='word_1_160' title='bbox 2073 1115 2188 1186; x_wconf 79' lang='lat'><strong>‘28).</strong></span> <span class='ocrx_word' id='word_1_161' title='bbox 2217 1115 2273 1170; x_wconf 85' lang='lat' dir='ltr'><strong>Si</strong></span> <span class='ocrx_word' id='word_1_162' title='bbox 2296 1129 2401 1168; x_wconf 92' lang='lat' dir='ltr'><strong>non</strong></span> <span class='ocrx_word' id='word_1_163' title='bbox 2427 1122 2632 1168; x_wconf 89' lang='lat' dir='ltr'><strong>tantum</strong></span> <span class='ocrx_word' id='word_1_164' title='bbox 2658 1114 2866 1169; x_wconf 84' lang='lat' dir='ltr'><strong>facinus</strong></span> <span class='ocrx_word' id='word_1_165' title='bbox 2886 1124 3066 1169; x_wconf 88' lang='lat' dir='ltr'><strong>vestra</strong></span> <span class='ocrx_word' id='word_1_166' title='bbox 3091 1115 3339 1184; x_wconf 83' lang='lat' dir='ltr'><strong>impietas</strong></span> <span class='ocrx_word' id='word_1_167' title='bbox 3360 1128 3483 1187; x_wconf 87' lang='lat' dir='ltr'><strong>per-</strong></span> <span class='ocrx_word' id='word_1_168' title='bbox 3534 1160 3541 1179; x_wconf 33' lang='grc' dir='ltr'><strong>,η</strong></span> 
     </span>
    </p>
   </div>
   <div class='ocr_carea' id='block_1_26' title="bbox 1900 1204 3492 1278">
    <p class='ocr_par' dir='ltr' id='par_1_26' title="bbox 1900 1204 3492 1278">
     <span class='ocr_line' id='line_1_26' title="bbox 1900 1204 3492 1278; baseline -0.001 -16"><span class='ocrx_word' id='word_1_169' title='bbox 1900 1209 2040 1278; x_wconf 88' lang='lat' dir='ltr'><strong>agit,</strong></span> <span class='ocrx_word' id='word_1_170' title='bbox 2074 1208 2373 1278; x_wconf 88' lang='lat' dir='ltr'><strong>permittite</strong></span> <span class='ocrx_word' id='word_1_171' title='bbox 2403 1205 2695 1276; x_wconf 59' lang='lat' dir='ltr'><strong>praesidem</strong></span> <span class='ocrx_word' id='word_1_172' title='bbox 2720 1204 2965 1275; x_wconf 86' lang='lat' dir='ltr'><strong>judicare</strong></span> <span class='ocrx_word' id='word_1_173' title='bbox 2995 1205 3139 1276; x_wconf 88' lang='lat' dir='ltr'><strong>quod</strong></span> <span class='ocrx_word' id='word_1_174' title='bbox 3165 1208 3349 1262; x_wconf 87' lang='lat' dir='ltr'><strong>sentit.</strong></span> <span class='ocrx_word' id='word_1_175' title='bbox 3380 1205 3492 1262; x_wconf 89' lang='lat' dir='ltr'><strong>Sed</strong></span> 
     </span>
    </p>
   </div>
   <div class='ocr_carea' id='block_1_27' title="bbox 1900 1298 3495 1368">
    <p class='ocr_par' dir='ltr' id='par_1_27' title="bbox 1900 1298 3495 1368">
     <span class='ocr_line' id='line_1_27' title="bbox 1900 1298 3495 1368; baseline -0.001 -12"><span class='ocrx_word' id='word_1_176' title='bbox 1900 1316 1999 1356; x_wconf 89' lang='lat' dir='ltr'><strong>vos</strong></span> <span class='ocrx_word' id='word_1_177' title='bbox 2024 1300 2185 1356; x_wconf 84' lang='lat' dir='ltr'><strong>etiam</strong></span> <span class='ocrx_word' id='word_1_178' title='bbox 2214 1300 2265 1353; x_wconf 91' lang='lat' dir='ltr'><strong>in</strong></span> <span class='ocrx_word' id='word_1_179' title='bbox 2296 1299 2469 1368; x_wconf 91' lang='lat' dir='ltr'><strong>ipsum</strong></span> <span class='ocrx_word' id='word_1_180' title='bbox 2498 1311 2695 1367; x_wconf 86' lang='lat' dir='ltr'><strong>graves</strong></span> <span class='ocrx_word' id='word_1_181' title='bbox 2729 1307 2892 1368; x_wconf 91' lang='lat' dir='ltr'><strong>atque</strong></span> <span class='ocrx_word' id='word_1_182' title='bbox 2921 1299 3167 1365; x_wconf 88' lang='lat' dir='ltr'><strong>violenti,</strong></span> <span class='ocrx_word' id='word_1_183' title='bbox 3202 1300 3253 1353; x_wconf 93' lang='lat' dir='ltr'><strong>in</strong></span> <span class='ocrx_word' id='word_1_184' title='bbox 3285 1298 3339 1353; x_wconf 91' lang='lat' dir='ltr'><strong>id</strong></span> <span class='ocrx_word' id='word_1_185' title='bbox 3364 1309 3495 1355; x_wconf 91' lang='lat' dir='ltr'><strong>eum</strong></span> 
     </span>
    </p>
   </div>
   <div class='ocr_carea' id='block_1_28' title="bbox 1904 1391 3495 1461">
    <p class='ocr_par' dir='ltr' id='par_1_28' title="bbox 1904 1391 3495 1461">
     <span class='ocr_line' id='line_1_28' title="bbox 1904 1391 3495 1461; baseline -0.001 -13"><span class='ocrx_word' id='word_1_186' title='bbox 1904 1393 2182 1449; x_wconf 88' lang='lat' dir='ltr'><strong>declinare</strong></span> <span class='ocrx_word' id='word_1_187' title='bbox 2210 1406 2316 1447; x_wconf 90' lang='lat' dir='ltr'><strong>non</strong></span> <span class='ocrx_word' id='word_1_188' title='bbox 2348 1391 2547 1457; x_wconf 89' lang='lat' dir='ltr'><strong>sinitis,</strong></span> <span class='ocrx_word' id='word_1_189' title='bbox 2580 1404 2611 1444; x_wconf 91' lang='lat' dir='ltr'><strong>a</strong></span> <span class='ocrx_word' id='word_1_190' title='bbox 2640 1405 2747 1461; x_wconf 92' lang='lat' dir='ltr'><strong>quo</strong></span> <span class='ocrx_word' id='word_1_191' title='bbox 2778 1392 2877 1460; x_wconf 90' lang='lat' dir='ltr'><strong>ipsi</strong></span> <span class='ocrx_word' id='word_1_192' title='bbox 2902 1391 3237 1446; x_wconf 88' lang='lat' dir='ltr'><strong>mendaciter</strong></span> <span class='ocrx_word' id='word_1_193' title='bbox 3255 1391 3495 1447; x_wconf 88' lang='lat' dir='ltr'><strong>abstine-</strong></span> 
     </span>
    </p>
   </div>
   <div class='ocr_carea' id='block_1_29' title="bbox 1906 1482 3497 1551">
    <p class='ocr_par' dir='ltr' id='par_1_29' title="bbox 1906 1482 3497 1551">
     <span class='ocr_line' id='line_1_29' title="bbox 1906 1482 3497 1551; baseline 0 -13"><span class='ocrx_word' id='word_1_194' title='bbox 1906 1484 1995 1538; x_wconf 89' lang='lat' dir='ltr'><strong>tis.</strong></span> <span class='ocrx_word' id='word_1_195' title='bbox 2042 1484 2357 1539; x_wconf 90' lang='lat' dir='ltr'><strong>Peccaverit</strong></span> <span class='ocrx_word' id='word_1_196' title='bbox 2393 1483 2594 1538; x_wconf 85' lang='lat' dir='ltr'><strong>Pilatus</strong></span> <span class='ocrx_word' id='word_1_197' title='bbox 2628 1482 2877 1537; x_wconf 90' lang='lat' dir='ltr'><strong>faciendo</strong></span> <span class='ocrx_word' id='word_1_198' title='bbox 2911 1482 3053 1551; x_wconf 90' lang='lat' dir='ltr'><strong>quod</strong></span> <span class='ocrx_word' id='word_1_199' title='bbox 3085 1482 3282 1548; x_wconf 88' lang='lat' dir='ltr'><strong>noluit,</strong></span> <span class='ocrx_word' id='word_1_200' title='bbox 3319 1483 3371 1537; x_wconf 91' lang='lat' dir='ltr'><strong>in</strong></span> <span class='ocrx_word' id='word_1_201' title='bbox 3402 1496 3497 1538; x_wconf 88' lang='lat' dir='ltr'><strong>ve-</strong></span> 
     </span>
    </p>
   </div>
   <div class='ocr_carea' id='block_1_30' title="bbox 1904 1574 3501 1645">
    <p class='ocr_par' dir='ltr' id='par_1_30' title="bbox 1904 1574 3501 1645">
     <span class='ocr_line' id='line_1_30' title="bbox 1904 1574 3501 1645; baseline -0.001 -12"><span class='ocrx_word' id='word_1_202' title='bbox 1904 1588 2069 1633; x_wconf 87' lang='lat' dir='ltr'><strong>stram</strong></span> <span class='ocrx_word' id='word_1_203' title='bbox 2114 1588 2295 1632; x_wconf 88' lang='lat' dir='ltr'><strong>tameu</strong></span> <span class='ocrx_word' id='word_1_204' title='bbox 2339 1575 2732 1631; x_wconf 87' lang='lat' dir='ltr'><strong>conscientiam</strong></span> <span class='ocrx_word' id='word_1_205' title='bbox 2780 1574 3001 1630; x_wconf 83' lang='lat' dir='ltr'><strong>conﬂuit</strong></span> <span class='ocrx_word' id='word_1_206' title='bbox 3041 1574 3304 1645; x_wconf 85' lang='lat' dir='ltr'><strong>quidquid</strong></span> <span class='ocrx_word' id='word_1_207' title='bbox 3348 1574 3501 1631; x_wconf 84' lang='lat' dir='ltr'><strong>furor</strong></span> 
     </span>
    </p>
   </div>
   <div class='ocr_carea' id='block_1_31' title="bbox 1906 1666 3501 1725">
    <p class='ocr_par' dir='ltr' id='par_1_31' title="bbox 1906 1666 3501 1725">
     <span class='ocr_line' id='line_1_31' title="bbox 1906 1666 3501 1725; baseline -0.001 -2"><span class='ocrx_word' id='word_1_208' title='bbox 1906 1678 2087 1725; x_wconf 85' lang='lat' dir='ltr'><strong>vester</strong></span> <span class='ocrx_word' id='word_1_209' title='bbox 2116 1668 2361 1723; x_wconf 79' lang='lat' dir='ltr'><strong>extorsit.</strong></span> <span class='ocrx_word' id='word_1_210' title='bbox 2402 1667 2547 1722; x_wconf 84' lang='lat' dir='ltr'><strong>Talis</strong></span> <span class='ocrx_word' id='word_1_211' title='bbox 2578 1668 2741 1721; x_wconf 89' lang='lat' dir='ltr'><strong>etiam</strong></span> <span class='ocrx_word' id='word_1_212' title='bbox 2784 1666 2895 1722; x_wconf 89' lang='lat' dir='ltr'><strong>illic</strong></span> <span class='ocrx_word' id='word_1_213' title='bbox 2937 1675 3120 1722; x_wconf 90' lang='lat' dir='ltr'><strong>vestra</strong></span> <span class='ocrx_word' id='word_1_214' title='bbox 3155 1666 3501 1723; x_wconf 85' lang='lat' dir='ltr'><strong>observantia</strong></span> 
     </span>
    </p>
   </div>
   <div class='ocr_carea' id='block_1_32' title="bbox 1909 1758 3502 1833">
    <p class='ocr_par' dir='ltr' id='par_1_32' title="bbox 1909 1758 3502 1833">
     <span class='ocr_line' id='line_1_32' title="bbox 1909 1758 3502 1833; baseline -0.002 -15"><span class='ocrx_word' id='word_1_215' title='bbox 1909 1764 2026 1833; x_wconf 88' lang='lat' dir='ltr'><strong>fuit,</strong></span> <span class='ocrx_word' id='word_1_216' title='bbox 2057 1763 2145 1818; x_wconf 90' lang='lat' dir='ltr'><strong>ubi</strong></span> <span class='ocrx_word' id='word_1_217' title='bbox 2177 1762 2426 1831; x_wconf 88' lang='lat' dir='ltr'><strong>pretium,</strong></span> <span class='ocrx_word' id='word_1_218' title='bbox 2458 1761 2603 1830; x_wconf 88' lang='lat' dir='ltr'><strong>quod</strong></span> <span class='ocrx_word' id='word_1_219' title='bbox 2635 1760 2788 1816; x_wconf 86' lang='lat' dir='ltr'><strong>vobis</strong></span> <span class='ocrx_word' id='word_1_220' title='bbox 2809 1758 3011 1815; x_wconf 89' lang='lat' dir='ltr'><strong>Christi</strong></span> <span class='ocrx_word' id='word_1_221' title='bbox 3037 1759 3286 1815; x_wconf 90' lang='lat' dir='ltr'><strong>venditor</strong></span> <span class='ocrx_word' id='word_1_222' title='bbox 3306 1776 3502 1828; x_wconf 90' lang='lat' dir='ltr'><strong>repor-</strong></span> 
     </span>
    </p>
   </div>
   <div class='ocr_carea' id='block_1_33' title="bbox 203 1854 3505 1929">
    <p class='ocr_par' dir='ltr' id='par_1_33' title="bbox 203 1854 3505 1929">
     <span class='ocr_line' id='line_1_33' title="bbox 203 1854 3505 1929; baseline -0.001 -18"><span class='ocrx_word' id='word_1_223' title='bbox 203 1857 492 1912; x_wconf 89' lang='lat' dir='ltr'><strong>Dominum</strong></span> <span class='ocrx_word' id='word_1_224' title='bbox 530 1858 838 1913; x_wconf 88' lang='lat' dir='ltr'><strong>testimonia</strong></span> <span class='ocrx_word' id='word_1_225' title='bbox 872 1860 1284 1929; x_wconf 82' lang='lat' dir='ltr'><strong>quaerebantur;</strong></span> <span class='ocrx_word' id='word_1_226' title='bbox 1324 1862 1415 1915; x_wconf 90' lang='lat' dir='ltr'><strong>sed</strong></span> <span class='ocrx_word' id='word_1_227' title='bbox 1445 1861 1586 1916; x_wconf 87' lang='lat' dir='ltr'><strong>inler</strong></span> <span class='ocrx_word' id='word_1_228' title='bbox 1618 1861 1803 1914; x_wconf 85' lang='lat' dir='ltr'><strong>incon-</strong></span> <span class='ocrx_word' id='word_1_229' title='bbox 1836 1864 1883 1925; x_wconf 89' lang='lat' dir='ltr'><strong>B</strong></span> <span class='ocrx_word' id='word_1_230' title='bbox 1914 1861 2067 1927; x_wconf 90' lang='lat' dir='ltr'><strong>tavit,</strong></span> <span class='ocrx_word' id='word_1_231' title='bbox 2100 1858 2238 1914; x_wconf 90' lang='lat' dir='ltr'><strong>mitti</strong></span> <span class='ocrx_word' id='word_1_232' title='bbox 2268 1858 2321 1912; x_wconf 91' lang='lat' dir='ltr'><strong>in</strong></span> <span class='ocrx_word' id='word_1_233' title='bbox 2351 1855 2792 1927; x_wconf 63' lang='lat' dir='ltr'><strong>gazophylacium</strong></span> <span class='ocrx_word' id='word_1_234' title='bbox 2817 1854 3088 1919; x_wconf 83' lang='lat' dir='ltr'><strong>noluistis,</strong></span> <span class='ocrx_word' id='word_1_235' title='bbox 3112 1864 3368 1909; x_wconf 81' lang='lat' dir='ltr'><strong>caventes</strong></span> <span class='ocrx_word' id='word_1_236' title='bbox 3396 1855 3505 1909; x_wconf 88' lang='lat' dir='ltr'><strong>sci-</strong></span> 
     </span>
    </p>
   </div>
   <div class='ocr_carea' id='block_1_34' title="bbox 201 1950 1806 2019">
    <p class='ocr_par' dir='ltr' id='par_1_34' title="bbox 201 1950 1806 2019">
     <span class='ocr_line' id='line_1_34' title="bbox 201 1950 1806 2019; baseline 0.001 -14"><span class='ocrx_word' id='word_1_237' title='bbox 201 1950 337 2005; x_wconf 87' lang='lat' dir='ltr'><strong>ditas</strong></span> <span class='ocrx_word' id='word_1_238' title='bbox 378 1962 436 2007; x_wconf 92' lang='lat' dir='ltr'><strong>et</strong></span> <span class='ocrx_word' id='word_1_239' title='bbox 469 1950 723 2005; x_wconf 88' lang='lat' dir='ltr'><strong>dissonas</strong></span> <span class='ocrx_word' id='word_1_240' title='bbox 757 1966 921 2007; x_wconf 91' lang='lat' dir='ltr'><strong>voces</strong></span> <span class='ocrx_word' id='word_1_241' title='bbox 950 1952 1054 2007; x_wconf 90' lang='lat' dir='ltr'><strong>hoc</strong></span> <span class='ocrx_word' id='word_1_242' title='bbox 1083 1952 1241 2008; x_wconf 81' lang='lat' dir='ltr'><strong>Jesus</strong></span> <span class='ocrx_word' id='word_1_243' title='bbox 1275 1952 1598 2007; x_wconf 88' lang='lat' dir='ltr'><strong>mirabiliter</strong></span> <span class='ocrx_word' id='word_1_244' title='bbox 1628 1952 1806 2019; x_wconf 86' lang='lat' dir='ltr'><strong>elege-</strong></span> 
     </span>
    </p>
   </div>
   <div class='ocr_carea' id='block_1_35' title="bbox 200 2046 1808 2117">
    <p class='ocr_par' dir='ltr' id='par_1_35' title="bbox 200 2046 1808 2117">
     <span class='ocr_line' id='line_1_35' title="bbox 200 2046 1808 2117; baseline -0.002 -16"><span class='ocrx_word' id='word_1_245' title='bbox 200 2058 300 2112; x_wconf 85' lang='lat' dir='ltr'><strong>rat,</strong></span> <span class='ocrx_word' id='word_1_246' title='bbox 335 2057 359 2085; x_wconf 72' lang='grc' dir='ltr'><strong>ε</strong></span> <span class='ocrx_word' id='word_1_247' title='bbox 408 2055 467 2101; x_wconf 91' lang='lat' dir='ltr'><strong>ut</strong></span> <span class='ocrx_word' id='word_1_248' title='bbox 497 2055 723 2102; x_wconf 88' lang='lat' dir='ltr'><strong>taceret.</strong></span> <span class='ocrx_word' id='word_1_249' title='bbox 755 2046 977 2116; x_wconf 66' lang='lat' dir='ltr'><strong>Caiphae</strong></span> <span class='ocrx_word' id='word_1_250' title='bbox 1007 2058 1188 2103; x_wconf 91' lang='lat' dir='ltr'><strong>tamen</strong></span> <span class='ocrx_word' id='word_1_251' title='bbox 1221 2046 1421 2102; x_wconf 88' lang='lat' dir='ltr'><strong>dicenti</strong></span> <span class='ocrx_word' id='word_1_252' title='bbox 1466 2064 1479 2098; x_wconf 93' lang='lat'><strong>:</strong></span> <span class='ocrx_word' id='word_1_253' title='bbox 1512 2046 1716 2117; x_wconf 87' lang='lat' dir='ltr'><strong>Adjuro</strong></span> <span class='ocrx_word' id='word_1_254' title='bbox 1759 2052 1808 2098; x_wconf 90' lang='lat' dir='ltr'><strong>te</strong></span> 
     </span>
    </p>
   </div>
   <div class='ocr_carea' id='block_1_36' title="bbox 202 2136 1807 2211">
    <p class='ocr_par' dir='ltr' id='par_1_36' title="bbox 202 2136 1807 2211">
     <span class='ocr_line' id='line_1_36' title="bbox 202 2136 1807 2211; baseline -0.003 -15"><span class='ocrx_word' id='word_1_255' title='bbox 202 2158 287 2211; x_wconf 83' lang='lat' dir='ltr'><strong>per</strong></span> <span class='ocrx_word' id='word_1_256' title='bbox 318 2141 493 2195; x_wconf 85' lang='lat' dir='ltr'><strong>Deum</strong></span> <span class='ocrx_word' id='word_1_257' title='bbox 520 2142 712 2207; x_wconf 82' lang='lat' dir='ltr'><strong>vivum,</strong></span> <span class='ocrx_word' id='word_1_258' title='bbox 734 2151 792 2194; x_wconf 84' lang='lat' dir='ltr'><strong>ut</strong></span> <span class='ocrx_word' id='word_1_259' title='bbox 819 2140 962 2194; x_wconf 84' lang='lat' dir='ltr'><strong>dicas</strong></span> <span class='ocrx_word' id='word_1_260' title='bbox 992 2142 1136 2195; x_wconf 83' lang='lat' dir='ltr'><strong>nobis</strong></span> <span class='ocrx_word' id='word_1_261' title='bbox 1168 2142 1210 2196; x_wconf 83' lang='lat' dir='ltr'><strong>si</strong></span> <span class='ocrx_word' id='word_1_262' title='bbox 1233 2151 1285 2194; x_wconf 89' lang='lat' dir='ltr'><strong>tu</strong></span> <span class='ocrx_word' id='word_1_263' title='bbox 1305 2157 1355 2194; x_wconf 85' lang='lat' dir='ltr'><strong>es</strong></span> <span class='ocrx_word' id='word_1_264' title='bbox 1380 2139 1612 2195; x_wconf 74' lang='lat' dir='ltr'><strong>Christus</strong></span> <span class='ocrx_word' id='word_1_265' title='bbox 1634 2136 1807 2191; x_wconf 85' lang='lat' dir='ltr'><strong>Filius</strong></span> 
     </span>
    </p>
   </div>
   <div class='ocr_carea' id='block_1_37' title="bbox 202 2232 1809 2308">
    <p class='ocr_par' dir='ltr' id='par_1_37' title="bbox 202 2232 1809 2308">
     <span class='ocr_line' id='line_1_37' title="bbox 202 2232 1809 2308; baseline -0.001 -19"><span class='ocrx_word' id='word_1_266' title='bbox 202 2232 296 2289; x_wconf 85' lang='lat' dir='ltr'><strong>Dei</strong></span> <span class='ocrx_word' id='word_1_267' title='bbox 342 2233 538 2307; x_wconf 88' lang='lat' dir='ltr'><strong>(Ibid.,</strong></span> <span class='ocrx_word' id='word_1_268' title='bbox 586 2233 728 2308; x_wconf 75' lang='lat'><strong>63):</strong></span> <span class='ocrx_word' id='word_1_269' title='bbox 780 2235 855 2289; x_wconf 93' lang='lat' dir='ltr'><strong>ita</strong></span> <span class='ocrx_word' id='word_1_270' title='bbox 886 2236 1065 2290; x_wconf 90' lang='lat' dir='ltr'><strong>veraci</strong></span> <span class='ocrx_word' id='word_1_271' title='bbox 1112 2250 1177 2290; x_wconf 89' lang='lat' dir='ltr'><strong>ac</strong></span> <span class='ocrx_word' id='word_1_272' title='bbox 1216 2235 1442 2305; x_wconf 89' lang='lat' dir='ltr'><strong>provida</strong></span> <span class='ocrx_word' id='word_1_273' title='bbox 1488 2234 1809 2288; x_wconf 82' lang='lat' dir='ltr'><strong>auctoritate</strong></span> 
     </span>
    </p>
   </div>
   <div class='ocr_carea' id='block_1_38' title="bbox 203 2327 1809 2400">
    <p class='ocr_par' dir='ltr' id='par_1_38' title="bbox 203 2327 1809 2400">
     <span class='ocr_line' id='line_1_38' title="bbox 203 2327 1809 2400; baseline -0.001 -16"><span class='ocrx_word' id='word_1_274' title='bbox 203 2328 507 2400; x_wconf 79' lang='lat' dir='ltr'><strong>respondit,</strong></span> <span class='ocrx_word' id='word_1_275' title='bbox 537 2338 596 2383; x_wconf 89' lang='lat' dir='ltr'><strong>ut</strong></span> <span class='ocrx_word' id='word_1_276' title='bbox 618 2327 807 2384; x_wconf 81' lang='lat' dir='ltr'><strong>iisdem</strong></span> <span class='ocrx_word' id='word_1_277' title='bbox 835 2328 1013 2384; x_wconf 88' lang='lat' dir='ltr'><strong>verbis</strong></span> <span class='ocrx_word' id='word_1_278' title='bbox 1037 2338 1092 2385; x_wconf 87' lang='lat' dir='ltr'><strong>et</strong></span> <span class='ocrx_word' id='word_1_279' title='bbox 1118 2329 1416 2384; x_wconf 78' lang='lat' dir='ltr'><strong>infidelium</strong></span> <span class='ocrx_word' id='word_1_280' title='bbox 1444 2328 1809 2383; x_wconf 85' lang='lat' dir='ltr'><strong>conscientias</strong></span> 
     </span>
    </p>
   </div>
   <div class='ocr_carea' id='block_1_39' title="bbox 205 2418 1807 2489">
    <p class='ocr_par' dir='ltr' id='par_1_39' title="bbox 205 2418 1807 2489">
     <span class='ocr_line' id='line_1_39' title="bbox 205 2418 1807 2489; baseline -0.002 -13"><span class='ocrx_word' id='word_1_281' title='bbox 205 2418 231 2456; x_wconf 66' lang='grc'>⁸</span> <span class='ocrx_word' id='word_1_282' title='bbox 250 2433 511 2487; x_wconf 64' lang='lat' dir='ltr'><strong>crearet,</strong></span> <span class='ocrx_word' id='word_1_283' title='bbox 542 2430 598 2475; x_wconf 88' lang='lat' dir='ltr'><strong>et</strong></span> <span class='ocrx_word' id='word_1_284' title='bbox 626 2420 966 2476; x_wconf 86' lang='lat' dir='ltr'><strong>credentium</strong></span> <span class='ocrx_word' id='word_1_285' title='bbox 997 2421 1159 2475; x_wconf 88' lang='lat' dir='ltr'><strong>corda</strong></span> <span class='ocrx_word' id='word_1_286' title='bbox 1188 2424 1431 2476; x_wconf 84' lang='lat' dir='ltr'><strong>firmaret</strong></span> <span class='ocrx_word' id='word_1_287' title='bbox 1450 2466 1464 2489; x_wconf 91' lang='lat'><strong>,</strong></span> <span class='ocrx_word' id='word_1_288' title='bbox 1496 2419 1564 2475; x_wconf 89' lang='lat' dir='ltr'><strong>ad</strong></span> <span class='ocrx_word' id='word_1_289' title='bbox 1593 2434 1807 2473; x_wconf 91' lang='lat' dir='ltr'><strong>omnem</strong></span> 
     </span>
    </p>
   </div>
   <div class='ocr_carea' id='block_1_40' title="bbox 205 2512 1812 2584">
    <p class='ocr_par' dir='ltr' id='par_1_40' title="bbox 205 2512 1812 2584">
     <span class='ocr_line' id='line_1_40' title="bbox 205 2512 1812 2584; baseline 0.001 -17"><span class='ocrx_word' id='word_1_290' title='bbox 205 2512 687 2584; x_wconf 88' lang='lat' dir='ltr'><strong>interrogationem</strong></span> <span class='ocrx_word' id='word_1_291' title='bbox 716 2513 834 2583; x_wconf 89' lang='lat' dir='ltr'><strong>ejus</strong></span> <span class='ocrx_word' id='word_1_292' title='bbox 862 2516 1130 2580; x_wconf 82' lang='lat' dir='ltr'><strong>referens,</strong></span> <span class='ocrx_word' id='word_1_293' title='bbox 1154 2512 1237 2567; x_wconf 86' lang='lat' dir='ltr'><strong>Tu</strong></span> <span class='ocrx_word' id='word_1_294' title='bbox 1264 2514 1476 2580; x_wconf 70' lang='lat' dir='ltr'><strong>dixisti;</strong></span> <span class='ocrx_word' id='word_1_295' title='bbox 1498 2513 1812 2583; x_wconf 87' lang='lat' dir='ltr'><strong>addensque</strong></span> 
     </span>
    </p>
   </div>
   <div class='ocr_carea' id='block_1_41' title="bbox 206 2604 1809 2678">
    <p class='ocr_par' dir='ltr' id='par_1_41' title="bbox 206 2604 1809 2678">
     <span class='ocr_line' id='line_1_41' title="bbox 206 2604 1809 2678; baseline 0 -19"><span class='ocrx_word' id='word_1_296' title='bbox 206 2605 344 2678; x_wconf 89' lang='lat' dir='ltr'><strong>quod</strong></span> <span class='ocrx_word' id='word_1_297' title='bbox 375 2605 629 2675; x_wconf 82' lang='lat' dir='ltr'><strong>sequitur</strong></span> <span class='ocrx_word' id='word_1_298' title='bbox 660 2623 676 2659; x_wconf 92' lang='lat'><strong>:</strong></span> <span class='ocrx_word' id='word_1_299' title='bbox 718 2604 1081 2660; x_wconf 83' lang='lat' dir='ltr'><strong>Verumtamen</strong></span> <span class='ocrx_word' id='word_1_300' title='bbox 1113 2606 1228 2660; x_wconf 92' lang='lat' dir='ltr'><strong>dico</strong></span> <span class='ocrx_word' id='word_1_301' title='bbox 1255 2606 1390 2660; x_wconf 71' lang='lat' dir='ltr'><strong>vobis</strong></span> <span class='ocrx_word' id='word_1_302' title='bbox 1412 2648 1427 2672; x_wconf 86' lang='lat'><strong>,</strong></span> <span class='ocrx_word' id='word_1_303' title='bbox 1450 2607 1635 2661; x_wconf 89' lang='lat' dir='ltr'><strong>amodo</strong></span> <span class='ocrx_word' id='word_1_304' title='bbox 1668 2606 1809 2661; x_wconf 84' lang='lat' dir='ltr'><strong>vide-</strong></span> 
     </span>
    </p>
   </div>
   <div class='ocr_carea' id='block_1_42' title="bbox 209 2695 1813 2769">
    <p class='ocr_par' dir='ltr' id='par_1_42' title="bbox 209 2695 1813 2769">
     <span class='ocr_line' id='line_1_42' title="bbox 209 2695 1813 2769; baseline 0.001 -17"><span class='ocrx_word' id='word_1_305' title='bbox 209 2699 319 2752; x_wconf 77' lang='lat' dir='ltr'><strong>bitis</strong></span> <span class='ocrx_word' id='word_1_306' title='bbox 345 2695 555 2751; x_wconf 75' lang='lat' dir='ltr'><strong>Filium</strong></span> <span class='ocrx_word' id='word_1_307' title='bbox 574 2697 802 2752; x_wconf 84' lang='lat' dir='ltr'><strong>hominis</strong></span> <span class='ocrx_word' id='word_1_308' title='bbox 830 2698 1089 2753; x_wconf 82' lang='lat' dir='ltr'><strong>sedentem</strong></span> <span class='ocrx_word' id='word_1_309' title='bbox 1118 2717 1149 2752; x_wconf 84' lang='grc' dir='ltr'><em>α</em></span> <span class='ocrx_word' id='word_1_310' title='bbox 1174 2700 1371 2755; x_wconf 72' lang='lat' dir='ltr'><strong>dextris</strong></span> <span class='ocrx_word' id='word_1_311' title='bbox 1402 2710 1425 2737; x_wconf 78' lang='grc' dir='ltr'><strong>ο</strong></span> <span class='ocrx_word' id='word_1_312' title='bbox 1456 2701 1654 2754; x_wconf 85' lang='lat' dir='ltr'><strong>virtutis</strong></span> <span class='ocrx_word' id='word_1_313' title='bbox 1681 2698 1813 2769; x_wconf 89' lang='lat' dir='ltr'><strong>Dei,</strong></span> 
     </span>
    </p>
   </div>
   <div class='ocr_carea' id='block_1_43' title="bbox 212 2774 1813 2863">
    <p class='ocr_par' dir='ltr' id='par_1_43' title="bbox 212 2774 1813 2863">
     <span class='ocr_line' id='line_1_43' title="bbox 212 2774 1813 2863; baseline 0.002 -19"><span class='ocrx_word' id='word_1_314' title='bbox 212 2792 556 2844; x_wconf 69' lang='lat' dir='ltr'><strong>dvenientem</strong></span> <span class='ocrx_word' id='word_1_315' title='bbox 579 2791 633 2843; x_wconf 87' lang='lat' dir='ltr'><strong>in</strong></span> <span class='ocrx_word' id='word_1_316' title='bbox 656 2790 873 2845; x_wconf 77' lang='lat' dir='ltr'><strong>nubibus</strong></span> <span class='ocrx_word' id='word_1_317' title='bbox 897 2792 1006 2846; x_wconf 73' lang='lat' dir='ltr'><strong>creti</strong></span> <span class='ocrx_word' id='word_1_318' title='bbox 1026 2790 1213 2861; x_wconf 88' lang='lat' dir='ltr'><strong>(lbid.,</strong></span> <span class='ocrx_word' id='word_1_319' title='bbox 1243 2793 1356 2862; x_wconf 67' lang='grc'><strong>64).</strong></span> <span class='ocrx_word' id='word_1_320' title='bbox 1382 2774 1614 2863; x_wconf 61' lang='grc' dir='ltr'><strong>(Ξθὶριιεε</strong></span> <span class='ocrx_word' id='word_1_321' title='bbox 1634 2802 1813 2847; x_wconf 87' lang='lat' dir='ltr'><strong>autem</strong></span> 
     </span>
    </p>
   </div>
   <div class='ocr_carea' id='block_1_44' title="bbox 212 2884 1815 2955">
    <p class='ocr_par' dir='ltr' id='par_1_44' title="bbox 212 2884 1815 2955">
     <span class='ocr_line' id='line_1_44' title="bbox 212 2884 1815 2955; baseline 0.001 -18"><span class='ocrx_word' id='word_1_322' title='bbox 212 2885 272 2938; x_wconf 86' lang='lat' dir='ltr'><strong>ad</strong></span> <span class='ocrx_word' id='word_1_323' title='bbox 318 2884 757 2955; x_wconf 78' lang='lat' dir='ltr'><strong>exaggerandam</strong></span> <span class='ocrx_word' id='word_1_324' title='bbox 798 2884 970 2938; x_wconf 89' lang='lat' dir='ltr'><strong>auditi</strong></span> <span class='ocrx_word' id='word_1_325' title='bbox 1012 2887 1281 2941; x_wconf 84' lang='lat' dir='ltr'><strong>sermonis</strong></span> <span class='ocrx_word' id='word_1_326' title='bbox 1330 2886 1624 2954; x_wconf 82' lang='lat' dir='ltr'><strong>invidiam,</strong></span> <span class='ocrx_word' id='word_1_327' title='bbox 1664 2887 1815 2941; x_wconf 84' lang='lat' dir='ltr'><strong>scidit</strong></span> 
     </span>
    </p>
   </div>
   <div class='ocr_carea' id='block_1_45' title="bbox 211 2976 1814 3049">
    <p class='ocr_par' dir='ltr' id='par_1_45' title="bbox 211 2976 1814 3049">
     <span class='ocr_line' id='line_1_45' title="bbox 211 2976 1814 3049; baseline 0.002 -21"><span class='ocrx_word' id='word_1_328' title='bbox 211 2976 507 3029; x_wconf 69' lang='lat' dir='ltr'><strong>vestimenta</strong></span> <span class='ocrx_word' id='word_1_329' title='bbox 547 2992 644 3030; x_wconf 86' lang='lat' dir='ltr'><strong>sua</strong></span> <span class='ocrx_word' id='word_1_330' title='bbox 677 2991 696 3030; x_wconf 89' lang='lat'><strong><em>:</em></strong></span> <span class='ocrx_word' id='word_1_331' title='bbox 726 2986 781 3031; x_wconf 89' lang='lat' dir='ltr'><strong>et</strong></span> <span class='ocrx_word' id='word_1_332' title='bbox 812 2976 1061 3033; x_wconf 86' lang='lat' dir='ltr'><strong>nesciens</strong></span> <span class='ocrx_word' id='word_1_333' title='bbox 1083 2980 1214 3048; x_wconf 90' lang='lat' dir='ltr'><strong>quid</strong></span> <span class='ocrx_word' id='word_1_334' title='bbox 1247 2980 1345 3032; x_wconf 88' lang='lat' dir='ltr'><strong>hac</strong></span> <span class='ocrx_word' id='word_1_335' title='bbox 1375 2978 1706 3049; x_wconf 80' lang='lat' dir='ltr'><strong>signiﬁcaret</strong></span> <span class='ocrx_word' id='word_1_336' title='bbox 1730 2979 1814 3032; x_wconf 91' lang='lat' dir='ltr'><strong>in-</strong></span> 
     </span>
    </p>
   </div>
   <div class='ocr_carea' id='block_1_46' title="bbox 214 3067 1814 3141">
    <p class='ocr_par' dir='ltr' id='par_1_46' title="bbox 214 3067 1814 3141">
     <span class='ocr_line' id='line_1_46' title="bbox 214 3067 1814 3141; baseline 0.003 -20"><span class='ocrx_word' id='word_1_337' title='bbox 214 3067 373 3133; x_wconf 82' lang='lat' dir='ltr'><strong>sania,</strong></span> <span class='ocrx_word' id='word_1_338' title='bbox 407 3067 739 3122; x_wconf 83' lang='lat' dir='ltr'><strong>sacerdotali</strong></span> <span class='ocrx_word' id='word_1_339' title='bbox 761 3083 821 3123; x_wconf 91' lang='lat' dir='ltr'><strong>se</strong></span> <span class='ocrx_word' id='word_1_340' title='bbox 839 3068 1044 3125; x_wconf 89' lang='lat' dir='ltr'><strong>honore</strong></span> <span class='ocrx_word' id='word_1_341' title='bbox 1071 3069 1322 3140; x_wconf 78' lang='lat' dir='ltr'><strong>privavit.</strong></span> <span class='ocrx_word' id='word_1_342' title='bbox 1340 3069 1441 3127; x_wconf 85' lang='lat' dir='ltr'><strong>Ubi</strong></span> <span class='ocrx_word' id='word_1_343' title='bbox 1464 3070 1814 3141; x_wconf 75' lang='lat' dir='ltr'><strong>eSt,Caipha,</strong></span> 
     </span>
    </p>
   </div>
   <div class='ocr_carea' id='block_1_47' title="bbox 212 3158 1817 3233">
    <p class='ocr_par' dir='ltr' id='par_1_47' title="bbox 212 3158 1817 3233">
     <span class='ocr_line' id='line_1_47' title="bbox 212 3158 1817 3233; baseline 0.004 -21"><span class='ocrx_word' id='word_1_344' title='bbox 212 3158 467 3213; x_wconf 82' lang='lat' dir='ltr'><strong>rationale</strong></span> <span class='ocrx_word' id='word_1_345' title='bbox 498 3159 742 3228; x_wconf 85' lang='lat' dir='ltr'><strong>pectoris</strong></span> <span class='ocrx_word' id='word_1_346' title='bbox 797 3160 909 3213; x_wconf 84' lang='lat' dir='ltr'><strong>tui?</strong></span> <span class='ocrx_word' id='word_1_347' title='bbox 962 3160 1049 3216; x_wconf 89' lang='lat' dir='ltr'><strong>ubi</strong></span> <span class='ocrx_word' id='word_1_348' title='bbox 1100 3163 1460 3217; x_wconf 83' lang='lat' dir='ltr'><strong>continentiae</strong></span> <span class='ocrx_word' id='word_1_349' title='bbox 1506 3164 1817 3233; x_wconf 85' lang='lat' dir='ltr'><strong>cingulum?</strong></span> 
     </span>
    </p>
   </div>
   <div class='ocr_carea' id='block_1_48' title="bbox 1910 1950 3503 2022">
    <p class='ocr_par' dir='ltr' id='par_1_48' title="bbox 1910 1950 3503 2022">
     <span class='ocr_line' id='line_1_48' title="bbox 1910 1950 3503 2022; baseline -0.004 -10"><span class='ocrx_word' id='word_1_350' title='bbox 1910 1958 2033 2011; x_wconf 91' lang='lat' dir='ltr'><strong>licet</strong></span> <span class='ocrx_word' id='word_1_351' title='bbox 2079 1969 2148 2011; x_wconf 91' lang='lat' dir='ltr'><strong>ne</strong></span> <span class='ocrx_word' id='word_1_352' title='bbox 2203 1968 2389 2008; x_wconf 89' lang='lat' dir='ltr'><strong>sacros</strong></span> <span class='ocrx_word' id='word_1_353' title='bbox 2434 1953 2641 2007; x_wconf 89' lang='lat' dir='ltr'><strong>loculos</strong></span> <span class='ocrx_word' id='word_1_354' title='bbox 2685 1951 2915 2022; x_wconf 89' lang='lat' dir='ltr'><strong>pecunia</strong></span> <span class='ocrx_word' id='word_1_355' title='bbox 2945 1961 3167 2006; x_wconf 90' lang='lat' dir='ltr'><strong>cruenta</strong></span> <span class='ocrx_word' id='word_1_356' title='bbox 3216 1950 3503 2019; x_wconf 85' lang='lat' dir='ltr'><strong>pollueret.</strong></span> 
     </span>
    </p>
   </div>
   <div class='ocr_carea' id='block_1_49' title="bbox 1907 2042 3508 2118">
    <p class='ocr_par' dir='ltr' id='par_1_49' title="bbox 1907 2042 3508 2118">
     <span class='ocr_line' id='line_1_49' title="bbox 1907 2042 3508 2118; baseline -0.002 -16"><span class='ocrx_word' id='word_1_357' title='bbox 1907 2048 2073 2118; x_wconf 87' lang='lat' dir='ltr'><strong>Cujus</strong></span> <span class='ocrx_word' id='word_1_358' title='bbox 2104 2046 2288 2102; x_wconf 90' lang='lat' dir='ltr'><strong>cordis</strong></span> <span class='ocrx_word' id='word_1_359' title='bbox 2331 2054 2415 2100; x_wconf 88' lang='lat' dir='ltr'><strong>est</strong></span> <span class='ocrx_word' id='word_1_360' title='bbox 2460 2045 2560 2100; x_wconf 89' lang='lat' dir='ltr'><strong>ista</strong></span> <span class='ocrx_word' id='word_1_361' title='bbox 2614 2043 2925 2098; x_wconf 85' lang='lat' dir='ltr'><strong>simulatio?</strong></span> <span class='ocrx_word' id='word_1_362' title='bbox 2972 2042 3327 2098; x_wconf 87' lang='lat' dir='ltr'><strong>Sacerdotum</strong></span> <span class='ocrx_word' id='word_1_363' title='bbox 3376 2058 3508 2100; x_wconf 85' lang='lat' dir='ltr'><strong>con-</strong></span> 
     </span>
    </p>
   </div>
   <div class='ocr_carea' id='block_1_50' title="bbox 1908 2135 3501 2210">
    <p class='ocr_par' dir='ltr' id='par_1_50' title="bbox 1908 2135 3501 2210">
     <span class='ocr_line' id='line_1_50' title="bbox 1908 2135 3501 2210; baseline -0.003 -13"><span class='ocrx_word' id='word_1_364' title='bbox 1908 2141 2131 2197; x_wconf 83' lang='lat' dir='ltr'><strong>scientia</strong></span> <span class='ocrx_word' id='word_1_365' title='bbox 2162 2142 2301 2210; x_wconf 88' lang='lat' dir='ltr'><strong>capit</strong></span> <span class='ocrx_word' id='word_1_366' title='bbox 2350 2138 2494 2207; x_wconf 91' lang='lat' dir='ltr'><strong>quod</strong></span> <span class='ocrx_word' id='word_1_367' title='bbox 2526 2138 2710 2203; x_wconf 77' lang='lat' dir='ltr'><strong>templi</strong></span> <span class='ocrx_word' id='word_1_368' title='bbox 2749 2150 2874 2191; x_wconf 88' lang='lat' dir='ltr'><strong>arca</strong></span> <span class='ocrx_word' id='word_1_369' title='bbox 2904 2151 3009 2189; x_wconf 92' lang='lat' dir='ltr'><strong>non</strong></span> <span class='ocrx_word' id='word_1_370' title='bbox 3042 2135 3236 2205; x_wconf 89' lang='lat' dir='ltr'><strong>recipit</strong></span> <span class='ocrx_word' id='word_1_371' title='bbox 3279 2135 3501 2206; x_wconf 77' lang='lat' dir='ltr'><strong>(Matth.</strong></span> 
     </span>
    </p>
   </div>
   <div class='ocr_carea' id='block_1_51' title="bbox 1909 2228 3508 2299">
    <p class='ocr_par' dir='ltr' id='par_1_51' title="bbox 1909 2228 3508 2299">
     <span class='ocr_line' id='line_1_51' title="bbox 1909 2228 3508 2299; baseline -0.003 -11"><span class='ocrx_word' id='word_1_372' title='bbox 1909 2248 2077 2299; x_wconf 86' lang='lat' dir='ltr'><strong>xxvn,</strong></span> <span class='ocrx_word' id='word_1_373' title='bbox 2129 2231 2210 2295; x_wconf 89' lang='lat'><strong>6).</strong></span> <span class='ocrx_word' id='word_1_374' title='bbox 2257 2230 2547 2285; x_wconf 78' lang='lat' dir='ltr'><strong>Refulatur</strong></span> <span class='ocrx_word' id='word_1_375' title='bbox 2576 2228 2723 2283; x_wconf 90' lang='lat' dir='ltr'><strong>illius</strong></span> <span class='ocrx_word' id='word_1_376' title='bbox 2765 2228 3044 2299; x_wconf 89' lang='lat' dir='ltr'><strong>sanguinis</strong></span> <span class='ocrx_word' id='word_1_377' title='bbox 3074 2229 3307 2294; x_wconf 81' lang='lat' dir='ltr'><strong>taxatio,</strong></span> <span class='ocrx_word' id='word_1_378' title='bbox 3352 2228 3508 2299; x_wconf 83' lang='lat' dir='ltr'><strong>cujus</strong></span> 
     </span>
    </p>
   </div>
   <div class='ocr_carea' id='block_1_52' title="bbox 1911 2319 3511 2388">
    <p class='ocr_par' dir='ltr' id='par_1_52' title="bbox 1911 2319 3511 2388">
     <span class='ocr_line' id='line_1_52' title="bbox 1911 2319 3511 2388; baseline -0.001 -10"><span class='ocrx_word' id='word_1_379' title='bbox 1911 2339 2018 2379; x_wconf 91' lang='lat' dir='ltr'><strong>non</strong></span> <span class='ocrx_word' id='word_1_380' title='bbox 2070 2328 2291 2377; x_wconf 88' lang='lat' dir='ltr'><strong>timetur</strong></span> <span class='ocrx_word' id='word_1_381' title='bbox 2342 2321 2557 2377; x_wconf 75' lang='lat' dir='ltr'><strong>effusio.</strong></span> <span class='ocrx_word' id='word_1_382' title='bbox 2602 2319 2964 2388; x_wconf 84' lang='lat' dir='ltr'><strong>Quantislibet</strong></span> <span class='ocrx_word' id='word_1_383' title='bbox 3016 2321 3087 2373; x_wconf 87' lang='lat' dir='ltr'><strong>ita</strong></span> <span class='ocrx_word' id='word_1_384' title='bbox 3139 2335 3232 2374; x_wconf 86' lang='lat' dir='ltr'><strong>vos</strong></span> <span class='ocrx_word' id='word_1_385' title='bbox 3278 2320 3511 2376; x_wconf 72' lang='lat' dir='ltr'><strong>fallacia:</strong></span> 
     </span>
    </p>
   </div>
   <div class='ocr_carea' id='block_1_53' title="bbox 1912 2421 3512 2492">
    <p class='ocr_par' dir='ltr' id='par_1_53' title="bbox 1912 2421 3512 2492">
     <span class='ocr_line' id='line_1_53' title="bbox 1912 2421 3512 2492; baseline 0.001 -15"><span class='ocrx_word' id='word_1_386' title='bbox 1912 2423 2320 2492; x_wconf 86' lang='lat' dir='ltr'><strong>circumtegatis</strong></span> <span class='ocrx_word' id='word_1_387' title='bbox 2359 2421 2729 2488; x_wconf 89' lang='lat' dir='ltr'><strong>umbraculis,</strong></span> <span class='ocrx_word' id='word_1_388' title='bbox 2764 2422 2956 2477; x_wconf 89' lang='lat' dir='ltr'><strong>initum</strong></span> <span class='ocrx_word' id='word_1_389' title='bbox 2983 2431 3067 2477; x_wconf 90' lang='lat' dir='ltr'><strong>est</strong></span> <span class='ocrx_word' id='word_1_390' title='bbox 3095 2437 3217 2477; x_wconf 90' lang='lat' dir='ltr'><strong>cum</strong></span> <span class='ocrx_word' id='word_1_391' title='bbox 3250 2423 3512 2479; x_wconf 87' lang='lat' dir='ltr'><strong>traditore</strong></span> 
     </span>
    </p>
   </div>
   <div class='ocr_carea' id='block_1_54' title="bbox 1913 2515 3512 2586">
    <p class='ocr_par' dir='ltr' id='par_1_54' title="bbox 1913 2515 3512 2586">
     <span class='ocr_line' id='line_1_54' title="bbox 1913 2515 3512 2586; baseline 0 -15"><span class='ocrx_word' id='word_1_392' title='bbox 1913 2516 2302 2571; x_wconf 90' lang='lat' dir='ltr'><strong>commercium</strong></span> <span class='ocrx_word' id='word_1_393' title='bbox 2326 2556 2340 2579; x_wconf 92' lang='lat'><strong>,</strong></span> <span class='ocrx_word' id='word_1_394' title='bbox 2371 2530 2481 2585; x_wconf 92' lang='lat' dir='ltr'><strong>quo</strong></span> <span class='ocrx_word' id='word_1_395' title='bbox 2507 2515 2710 2585; x_wconf 90' lang='lat' dir='ltr'><strong>justum</strong></span> <span class='ocrx_word' id='word_1_396' title='bbox 2756 2517 3071 2586; x_wconf 88' lang='lat' dir='ltr'><strong>sanguinem</strong></span> <span class='ocrx_word' id='word_1_397' title='bbox 3091 2556 3105 2580; x_wconf 92' lang='lat'><strong>,</strong></span> <span class='ocrx_word' id='word_1_398' title='bbox 3137 2516 3277 2571; x_wconf 90' lang='lat' dir='ltr'><strong>sicut</strong></span> <span class='ocrx_word' id='word_1_399' title='bbox 3308 2531 3419 2573; x_wconf 90' lang='lat' dir='ltr'><strong>non</strong></span> <span class='ocrx_word' id='word_1_400' title='bbox 3445 2516 3512 2571; x_wconf 88' lang='lat' dir='ltr'><strong>li-</strong></span> 
     </span>
    </p>
   </div>
   <div class='ocr_carea' id='block_1_55' title="bbox 1913 2607 3213 2675">
    <p class='ocr_par' dir='ltr' id='par_1_55' title="bbox 1913 2607 3213 2675">
     <span class='ocr_line' id='line_1_55' title="bbox 1913 2607 3213 2675; baseline -0.001 -11"><span class='ocrx_word' id='word_1_401' title='bbox 1913 2609 2025 2664; x_wconf 89' lang='lat' dir='ltr'><strong>cuit</strong></span> <span class='ocrx_word' id='word_1_402' title='bbox 2054 2608 2381 2675; x_wconf 89' lang='lat' dir='ltr'><strong>comparari,</strong></span> <span class='ocrx_word' id='word_1_403' title='bbox 2418 2610 2432 2658; x_wconf 81' lang='grc' dir='ltr'><strong><em>ι</em></strong></span> <span class='ocrx_word' id='word_1_404' title='bbox 2466 2608 2544 2662; x_wconf 92' lang='lat' dir='ltr'><strong>sic</strong></span> <span class='ocrx_word' id='word_1_405' title='bbox 2582 2623 2690 2662; x_wconf 92' lang='lat' dir='ltr'><strong>non</strong></span> <span class='ocrx_word' id='word_1_406' title='bbox 2720 2607 2959 2663; x_wconf 63' lang='lat' dir='ltr'><strong>licuisset</strong></span> <span class='ocrx_word' id='word_1_407' title='bbox 2988 2608 3213 2663; x_wconf 79' lang='lat' dir='ltr'><strong>effundi.</strong></span> 
     </span>
    </p>
   </div>
   <div class='ocr_carea' id='block_1_56' title="bbox 1986 2700 3513 2770">
    <p class='ocr_par' dir='ltr' id='par_1_56' title="bbox 1986 2700 3513 2770">
     <span class='ocr_line' id='line_1_56' title="bbox 1986 2700 3513 2770; baseline 0 -13"><span class='ocrx_word' id='word_1_408' title='bbox 1986 2700 2114 2757; x_wconf 70' lang='lat' dir='ltr'><strong>Cn.</strong></span> <span class='ocrx_word' id='word_1_409' title='bbox 2148 2700 2238 2755; x_wconf 94' lang='lat' dir='ltr'><strong>lV.</strong></span> <span class='ocrx_word' id='word_1_410' title='bbox 2282 2729 2353 2741; x_wconf 91' lang='lat'><strong>——</strong></span> <span class='ocrx_word' id='word_1_411' title='bbox 2393 2700 2682 2755; x_wconf 89' lang='lat' dir='ltr'><strong>Seditiosis</strong></span> <span class='ocrx_word' id='word_1_412' title='bbox 2714 2700 2873 2770; x_wconf 90' lang='lat' dir='ltr'><strong>igitur</strong></span> <span class='ocrx_word' id='word_1_413' title='bbox 2921 2700 3249 2755; x_wconf 89' lang='lat' dir='ltr'><strong>clamoribus</strong></span> <span class='ocrx_word' id='word_1_414' title='bbox 3296 2700 3513 2757; x_wconf 68' lang='lat' dir='ltr'><strong>Iudaeo-</strong></span> 
     </span>
    </p>
   </div>
   <div class='ocr_carea' id='block_1_57' title="bbox 1917 2791 3515 2859">
    <p class='ocr_par' dir='ltr' id='par_1_57' title="bbox 1917 2791 3515 2859">
     <span class='ocr_line' id='line_1_57' title="bbox 1917 2791 3515 2859; baseline -0.002 -9"><span class='ocrx_word' id='word_1_415' title='bbox 1917 2811 2039 2850; x_wconf 90' lang='lat' dir='ltr'><strong>rum</strong></span> <span class='ocrx_word' id='word_1_416' title='bbox 2071 2792 2095 2832; x_wconf 78' lang='grc' dir='ltr'><strong>ιι</strong></span> <span class='ocrx_word' id='word_1_417' title='bbox 2127 2793 2359 2849; x_wconf 89' lang='lat' dir='ltr'><strong>cedente</strong></span> <span class='ocrx_word' id='word_1_418' title='bbox 2390 2792 2595 2859; x_wconf 89' lang='lat' dir='ltr'><strong>Pilato,</strong></span> <span class='ocrx_word' id='word_1_419' title='bbox 2645 2791 2699 2846; x_wconf 92' lang='lat' dir='ltr'><strong>in</strong></span> <span class='ocrx_word' id='word_1_420' title='bbox 2732 2792 2886 2856; x_wconf 92' lang='lat' dir='ltr'><strong>loco,</strong></span> <span class='ocrx_word' id='word_1_421' title='bbox 2918 2794 3003 2846; x_wconf 91' lang='lat' dir='ltr'><strong>cui</strong></span> <span class='ocrx_word' id='word_1_422' title='bbox 3037 2807 3232 2847; x_wconf 90' lang='lat' dir='ltr'><strong>nomen</strong></span> <span class='ocrx_word' id='word_1_423' title='bbox 3262 2802 3342 2847; x_wconf 89' lang='lat' dir='ltr'><strong>est</strong></span> <span class='ocrx_word' id='word_1_424' title='bbox 3385 2792 3515 2849; x_wconf 82' lang='lat' dir='ltr'><strong>Gol-</strong></span> 
     </span>
    </p>
   </div>
   <div class='ocr_carea' id='block_1_58' title="bbox 1917 2883 3514 2957">
    <p class='ocr_par' dir='ltr' id='par_1_58' title="bbox 1917 2883 3514 2957">
     <span class='ocr_line' id='line_1_58' title="bbox 1917 2883 3514 2957; baseline 0 -16"><span class='ocrx_word' id='word_1_425' title='bbox 1917 2886 2102 2957; x_wconf 86' lang='lat' dir='ltr'><strong>gotha,</strong></span> <span class='ocrx_word' id='word_1_426' title='bbox 2135 2885 2472 2954; x_wconf 83' lang='lat' dir='ltr'><strong>crucifigitur</strong></span> <span class='ocrx_word' id='word_1_427' title='bbox 2500 2884 2746 2939; x_wconf 88' lang='lat' dir='ltr'><strong>Christus</strong></span> <span class='ocrx_word' id='word_1_428' title='bbox 2777 2883 2991 2955; x_wconf 82' lang='lat' dir='ltr'><strong>(Matth.</strong></span> <span class='ocrx_word' id='word_1_429' title='bbox 3016 2900 3185 2949; x_wconf 84' lang='lat' dir='ltr'><strong>xxvn,</strong></span> <span class='ocrx_word' id='word_1_430' title='bbox 3217 2884 3329 2949; x_wconf 72' lang='grc'>24).</span> <span class='ocrx_word' id='word_1_431' title='bbox 3361 2885 3380 2923; x_wconf 82' lang='grc' dir='ltr'>ι</span> <span class='ocrx_word' id='word_1_432' title='bbox 3410 2886 3514 2941; x_wconf 90' lang='lat' dir='ltr'><strong>Per</strong></span> 
     </span>
    </p>
   </div>
   <div class='ocr_carea' id='block_1_59' title="bbox 1920 2975 3515 3047">
    <p class='ocr_par' dir='ltr' id='par_1_59' title="bbox 1920 2975 3515 3047">
     <span class='ocr_line' id='line_1_59' title="bbox 1920 2975 3515 3047; baseline -0.001 -15"><span class='ocrx_word' id='word_1_433' title='bbox 1920 2978 2122 3047; x_wconf 89' lang='lat' dir='ltr'><strong>lignum</strong></span> <span class='ocrx_word' id='word_1_434' title='bbox 2144 2977 2573 3047; x_wconf 81' lang='lat' dir='ltr'><strong>erigiturlapsus</strong></span> <span class='ocrx_word' id='word_1_435' title='bbox 2592 2977 2645 3031; x_wconf 93' lang='lat' dir='ltr'><strong>in</strong></span> <span class='ocrx_word' id='word_1_436' title='bbox 2677 2975 2841 3045; x_wconf 89' lang='lat' dir='ltr'><strong>ligno,</strong></span> <span class='ocrx_word' id='word_1_437' title='bbox 2869 2984 2923 3030; x_wconf 92' lang='lat' dir='ltr'><strong>et</strong></span> <span class='ocrx_word' id='word_1_438' title='bbox 2946 2986 3104 3046; x_wconf 88' lang='lat' dir='ltr'><strong>gustu</strong></span> <span class='ocrx_word' id='word_1_439' title='bbox 3134 2976 3273 3031; x_wconf 86' lang='lat' dir='ltr'><strong>fellis</strong></span> <span class='ocrx_word' id='word_1_440' title='bbox 3296 2988 3352 3031; x_wconf 89' lang='lat' dir='ltr'><strong>et</strong></span> <span class='ocrx_word' id='word_1_441' title='bbox 3372 2978 3515 3033; x_wconf 88' lang='lat' dir='ltr'><strong>aceti</strong></span> 
     </span>
    </p>
   </div>
   <div class='ocr_carea' id='block_1_60' title="bbox 1918 3067 3513 3138">
    <p class='ocr_par' dir='ltr' id='par_1_60' title="bbox 1918 3067 3513 3138">
     <span class='ocr_line' id='line_1_60' title="bbox 1918 3067 3513 3138; baseline 0.001 -15"><span class='ocrx_word' id='word_1_442' title='bbox 1918 3068 2139 3123; x_wconf 91' lang='lat' dir='ltr'><strong>diluitur</strong></span> <span class='ocrx_word' id='word_1_443' title='bbox 2171 3083 2294 3123; x_wconf 89' lang='lat' dir='ltr'><strong>esca</strong></span> <span class='ocrx_word' id='word_1_444' title='bbox 2340 3067 2566 3136; x_wconf 86' lang='lat' dir='ltr'><strong>peccati.</strong></span> <span class='ocrx_word' id='word_1_445' title='bbox 2609 3067 2801 3122; x_wconf 85' lang='lat' dir='ltr'><strong>Merito</strong></span> <span class='ocrx_word' id='word_1_446' title='bbox 2833 3068 3142 3138; x_wconf 83' lang='lat' dir='ltr'><strong>priusquam</strong></span> <span class='ocrx_word' id='word_1_447' title='bbox 3187 3069 3513 3135; x_wconf 85' lang='lat' dir='ltr'><strong>traderetur,</strong></span> 
     </span>
    </p>
   </div>
   <div class='ocr_carea' id='block_1_61' title="bbox 1920 3160 3517 3231">
    <p class='ocr_par' dir='ltr' id='par_1_61' title="bbox 1920 3160 3517 3231">
     <span class='ocr_line' id='line_1_61' title="bbox 1920 3160 3517 3231; baseline 0.001 -14"><span class='ocrx_word' id='word_1_448' title='bbox 1920 3162 2134 3217; x_wconf 86' lang='lat' dir='ltr'><strong>dixerat</strong></span> <span class='ocrx_word' id='word_1_449' title='bbox 2162 3161 2422 3215; x_wconf 76' lang='lat' dir='ltr'><strong>Dominus</strong></span> <span class='ocrx_word' id='word_1_450' title='bbox 2455 3177 2468 3214; x_wconf 92' lang='lat'><strong>:</strong></span> <span class='ocrx_word' id='word_1_451' title='bbox 2503 3160 2629 3215; x_wconf 83' lang='lat' dir='ltr'><strong>Cum</strong></span> <span class='ocrx_word' id='word_1_452' title='bbox 2655 3161 2913 3216; x_wconf 73' lang='lat' dir='ltr'><strong>exaltatus</strong></span> <span class='ocrx_word' id='word_1_453' title='bbox 2942 3162 3120 3231; x_wconf 77' lang='lat' dir='ltr'><strong>fuero,</strong></span> <span class='ocrx_word' id='word_1_454' title='bbox 3150 3164 3324 3218; x_wconf 87' lang='lat' dir='ltr'><strong>omnia</strong></span> <span class='ocrx_word' id='word_1_455' title='bbox 3346 3163 3415 3216; x_wconf 89' lang='lat' dir='ltr'><strong>ad</strong></span> <span class='ocrx_word' id='word_1_456' title='bbox 3437 3180 3517 3219; x_wconf 84' lang='lat' dir='ltr'><strong>me</strong></span> 
     </span>
    </p>
   </div>
   <div class='ocr_carea' id='block_1_62' title="bbox 216 3249 3518 3327">
    <p class='ocr_par' dir='ltr' id='par_1_62' title="bbox 216 3249 3518 3327">
     <span class='ocr_line' id='line_1_62' title="bbox 216 3249 3518 3327; baseline 0.002 -23"><span class='ocrx_word' id='word_1_457' title='bbox 216 3249 297 3304; x_wconf 87' lang='lat' dir='ltr'><strong>ubi</strong></span> <span class='ocrx_word' id='word_1_458' title='bbox 351 3250 810 3320; x_wconf 87' lang='lat' dir='ltr'><strong>superhumerale</strong></span> <span class='ocrx_word' id='word_1_459' title='bbox 869 3253 1164 3308; x_wconf 81' lang='lat' dir='ltr'><strong>virtutum?</strong></span> <span class='ocrx_word' id='word_1_460' title='bbox 1214 3256 1447 3324; x_wconf 81' lang='lat' dir='ltr'><strong>Mystico</strong></span> <span class='ocrx_word' id='word_1_461' title='bbox 1488 3256 1580 3310; x_wconf 92' lang='lat' dir='ltr'><strong>illo</strong></span> <span class='ocrx_word' id='word_1_462' title='bbox 1638 3271 1821 3311; x_wconf 86' lang='lat' dir='ltr'><strong>sacra—</strong></span> <span class='ocrx_word' id='word_1_463' title='bbox 1845 3261 1889 3323; x_wconf 71' lang='grc' dir='ltr'>ε</span> <span class='ocrx_word' id='word_1_464' title='bbox 1922 3256 2125 3308; x_wconf 88' lang='lat' dir='ltr'><strong>traham</strong></span> <span class='ocrx_word' id='word_1_465' title='bbox 2154 3252 2333 3327; x_wconf 81' lang='lat' dir='ltr'><strong>(Joan.</strong></span> <span class='ocrx_word' id='word_1_466' title='bbox 2366 3268 2460 3317; x_wconf 85' lang='lat' dir='ltr'><strong>xu,</strong></span> <span class='ocrx_word' id='word_1_467' title='bbox 2491 3251 2581 3326; x_wconf 75' lang='lat'><strong>52)</strong></span> <span class='ocrx_word' id='word_1_468' title='bbox 2609 3271 2622 3306; x_wconf 89' lang='lat'><strong>:</strong></span> <span class='ocrx_word' id='word_1_469' title='bbox 2649 3254 2701 3307; x_wconf 91' lang='lat' dir='ltr'><strong>id</strong></span> <span class='ocrx_word' id='word_1_470' title='bbox 2728 3263 2832 3320; x_wconf 89' lang='lat' dir='ltr'><strong>est,</strong></span> <span class='ocrx_word' id='word_1_471' title='bbox 2864 3264 3029 3307; x_wconf 90' lang='lat' dir='ltr'><strong>totam</strong></span> <span class='ocrx_word' id='word_1_472' title='bbox 3058 3268 3272 3309; x_wconf 89' lang='lat' dir='ltr'><strong>causam</strong></span> <span class='ocrx_word' id='word_1_473' title='bbox 3297 3254 3518 3310; x_wconf 89' lang='lat' dir='ltr'><strong>humani</strong></span> 
     </span>
    </p>
   </div>
   <div class='ocr_carea' id='block_1_63' title="bbox 218 3346 1817 3418">
    <p class='ocr_par' dir='ltr' id='par_1_63' title="bbox 218 3346 1817 3418">
     <span class='ocr_line' id='line_1_63' title="bbox 218 3346 1817 3418; baseline 0.005 -21"><span class='ocrx_word' id='word_1_474' title='bbox 218 3351 374 3414; x_wconf 87' lang='lat' dir='ltr'><strong>toque</strong></span> <span class='ocrx_word' id='word_1_475' title='bbox 430 3346 638 3399; x_wconf 87' lang='lat' dir='ltr'><strong>amictu</strong></span> <span class='ocrx_word' id='word_1_476' title='bbox 680 3348 797 3414; x_wconf 86' lang='lat' dir='ltr'><strong>ipse</strong></span> <span class='ocrx_word' id='word_1_477' title='bbox 846 3354 899 3400; x_wconf 88' lang='lat' dir='ltr'><strong>te</strong></span> <span class='ocrx_word' id='word_1_478' title='bbox 927 3346 1164 3417; x_wconf 87' lang='lat' dir='ltr'><strong>spolias,</strong></span> <span class='ocrx_word' id='word_1_479' title='bbox 1204 3356 1260 3402; x_wconf 89' lang='lat' dir='ltr'><strong>et</strong></span> <span class='ocrx_word' id='word_1_480' title='bbox 1306 3349 1538 3418; x_wconf 85' lang='lat' dir='ltr'><strong>pr0priis</strong></span> <span class='ocrx_word' id='word_1_481' title='bbox 1570 3350 1817 3406; x_wconf 88' lang='lat' dir='ltr'><strong>manibus</strong></span> 
     </span>
    </p>
   </div>
   <div class='ocr_carea' id='block_1_64' title="bbox 218 3435 1819 3513">
    <p class='ocr_par' dir='ltr' id='par_1_64' title="bbox 218 3435 1819 3513">
     <span class='ocr_line' id='line_1_64' title="bbox 218 3435 1819 3513; baseline 0.004 -23"><span class='ocrx_word' id='word_1_482' title='bbox 218 3435 547 3507; x_wconf 83' lang='lat' dir='ltr'><strong>pontiﬁcalia</strong></span> <span class='ocrx_word' id='word_1_483' title='bbox 595 3438 911 3494; x_wconf 90' lang='lat' dir='ltr'><strong>indumenta</strong></span> <span class='ocrx_word' id='word_1_484' title='bbox 949 3438 1260 3511; x_wconf 85' lang='lat' dir='ltr'><strong>discerpis,</strong></span> <span class='ocrx_word' id='word_1_485' title='bbox 1309 3442 1512 3497; x_wconf 91' lang='lat' dir='ltr'><strong>oblitus</strong></span> <span class='ocrx_word' id='word_1_486' title='bbox 1561 3442 1819 3513; x_wconf 68' lang='lat' dir='ltr'><strong>prmcepti</strong></span> 
     </span>
    </p>
   </div>
   <div class='ocr_carea' id='block_1_65' title="bbox 219 3529 1820 3603">
    <p class='ocr_par' dir='ltr' id='par_1_65' title="bbox 219 3529 1820 3603">
     <span class='ocr_line' id='line_1_65' title="bbox 219 3529 1820 3603; baseline 0.002 -20"><span class='ocrx_word' id='word_1_487' title='bbox 219 3529 383 3594; x_wconf 88' lang='lat' dir='ltr'><strong>illius,</strong></span> <span class='ocrx_word' id='word_1_488' title='bbox 414 3532 563 3600; x_wconf 88' lang='lat' dir='ltr'><strong>quod</strong></span> <span class='ocrx_word' id='word_1_489' title='bbox 612 3529 827 3600; x_wconf 86' lang='lat' dir='ltr'><strong>legeras</strong></span> <span class='ocrx_word' id='word_1_490' title='bbox 874 3530 943 3588; x_wconf 91' lang='lat' dir='ltr'><strong>de</strong></span> <span class='ocrx_word' id='word_1_491' title='bbox 980 3534 1224 3603; x_wconf 88' lang='lat' dir='ltr'><strong>principe</strong></span> <span class='ocrx_word' id='word_1_492' title='bbox 1267 3534 1612 3589; x_wconf 90' lang='lat' dir='ltr'><strong>sacerdotum</strong></span> <span class='ocrx_word' id='word_1_493' title='bbox 1671 3550 1687 3589; x_wconf 90' lang='lat'><strong>:</strong></span> <span class='ocrx_word' id='word_1_494' title='bbox 1740 3533 1820 3587; x_wconf 87' lang='lat' dir='ltr'><strong>De</strong></span> 
     </span>
    </p>
   </div>
   <div class='ocr_carea' id='block_1_66' title="bbox 218 3624 1821 3697">
    <p class='ocr_par' dir='ltr' id='par_1_66' title="bbox 218 3624 1821 3697">
     <span class='ocr_line' id='line_1_66' title="bbox 218 3624 1821 3697; baseline 0.003 -23"><span class='ocrx_word' id='word_1_495' title='bbox 218 3633 371 3691; x_wconf 75' lang='lat' dir='ltr'><strong>capite</strong></span> <span class='ocrx_word' id='word_1_496' title='bbox 420 3639 520 3676; x_wconf 84' lang='lat' dir='ltr'><strong>suo</strong></span> <span class='ocrx_word' id='word_1_497' title='bbox 570 3625 789 3677; x_wconf 86' lang='lat' dir='ltr'><strong>cidarim</strong></span> <span class='ocrx_word' id='word_1_498' title='bbox 833 3641 938 3679; x_wconf 85' lang='lat' dir='ltr'><strong>non</strong></span> <span class='ocrx_word' id='word_1_499' title='bbox 982 3624 1236 3697; x_wconf 84' lang='lat' dir='ltr'><strong>deponet,</strong></span> <span class='ocrx_word' id='word_1_500' title='bbox 1286 3635 1335 3681; x_wconf 88' lang='lat' dir='ltr'><strong>et</strong></span> <span class='ocrx_word' id='word_1_501' title='bbox 1380 3628 1677 3681; x_wconf 85' lang='lat' dir='ltr'><strong>vestimenta</strong></span> <span class='ocrx_word' id='word_1_502' title='bbox 1725 3642 1821 3680; x_wconf 85' lang='lat' dir='ltr'><strong>sua</strong></span> 
     </span>
    </p>
   </div>
   <div class='ocr_carea' id='block_1_67' title="bbox 221 3713 1821 3791">
    <p class='ocr_par' dir='ltr' id='par_1_67' title="bbox 221 3713 1821 3791">
     <span class='ocr_line' id='line_1_67' title="bbox 221 3713 1821 3791; baseline 0.003 -21"><span class='ocrx_word' id='word_1_503' title='bbox 221 3713 364 3771; x_wconf 63' lang='lat' dir='ltr'><strong>&#39;nou</strong></span> <span class='ocrx_word' id='word_1_504' title='bbox 401 3718 691 3790; x_wconf 85' lang='lat' dir='ltr'><strong>disrumpet</strong></span> <span class='ocrx_word' id='word_1_505' title='bbox 730 3716 879 3790; x_wconf 77' lang='lat' dir='ltr'><strong>(Leu.</strong></span> <span class='ocrx_word' id='word_1_506' title='bbox 914 3734 1026 3783; x_wconf 79' lang='lat' dir='ltr'><strong>nl,</strong></span> <span class='ocrx_word' id='word_1_507' title='bbox 1062 3717 1177 3791; x_wconf 83' lang='lat' dir='ltr'><strong>l0).</strong></span> <span class='ocrx_word' id='word_1_508' title='bbox 1208 3719 1286 3774; x_wconf 90' lang='lat' dir='ltr'><strong>Tu</strong></span> <span class='ocrx_word' id='word_1_509' title='bbox 1323 3735 1473 3785; x_wconf 80' lang='lat' dir='ltr'><strong>vero,</strong></span> <span class='ocrx_word' id='word_1_510' title='bbox 1514 3735 1544 3773; x_wconf 86' lang='lat' dir='ltr'><strong>a</strong></span> <span class='ocrx_word' id='word_1_511' title='bbox 1572 3736 1678 3790; x_wconf 87' lang='lat' dir='ltr'><strong>quo</strong></span> <span class='ocrx_word' id='word_1_512' title='bbox 1706 3722 1821 3790; x_wconf 86' lang='lat' dir='ltr'><strong>jam</strong></span> 
     </span>
    </p>
   </div>
   <div class='ocr_carea' id='block_1_68' title="bbox 220 3812 1823 3885">
    <p class='ocr_par' dir='ltr' id='par_1_68' title="bbox 220 3812 1823 3885">
     <span class='ocr_line' id='line_1_68' title="bbox 220 3812 1823 3885; baseline 0.002 -18"><span class='ocrx_word' id='word_1_513' title='bbox 220 3812 549 3868; x_wconf 75' lang='lat' dir='ltr'><strong>alienabatur</strong></span> <span class='ocrx_word' id='word_1_514' title='bbox 576 3816 692 3867; x_wconf 59' lang='lat' dir='ltr'><strong>hac</strong></span> <span class='ocrx_word' id='word_1_515' title='bbox 721 3812 990 3883; x_wconf 85' lang='lat' dir='ltr'><strong>dignitas,</strong></span> <span class='ocrx_word' id='word_1_516' title='bbox 1044 3814 1161 3883; x_wconf 88' lang='lat' dir='ltr'><strong>ipse</strong></span> <span class='ocrx_word' id='word_1_517' title='bbox 1190 3814 1284 3870; x_wconf 90' lang='lat' dir='ltr'><strong>tibi</strong></span> <span class='ocrx_word' id='word_1_518' title='bbox 1315 3829 1378 3870; x_wconf 90' lang='lat' dir='ltr'><strong>es</strong></span> <span class='ocrx_word' id='word_1_519' title='bbox 1407 3826 1696 3871; x_wconf 78' lang='lat' dir='ltr'><strong>exsecutor</strong></span> <span class='ocrx_word' id='word_1_520' title='bbox 1723 3830 1823 3885; x_wconf 93' lang='lat' dir='ltr'><strong>op-</strong></span> 
     </span>
    </p>
   </div>
   <div class='ocr_carea' id='block_1_69' title="bbox 220 3904 1819 3978">
    <p class='ocr_par' dir='ltr' id='par_1_69' title="bbox 220 3904 1819 3978">
     <span class='ocr_line' id='line_1_69' title="bbox 220 3904 1819 3978; baseline 0.002 -19"><span class='ocrx_word' id='word_1_521' title='bbox 220 3906 446 3974; x_wconf 86' lang='lat' dir='ltr'><strong>probrii;</strong></span> <span class='ocrx_word' id='word_1_522' title='bbox 470 3914 531 3960; x_wconf 89' lang='lat' dir='ltr'><strong>et</strong></span> <span class='ocrx_word' id='word_1_523' title='bbox 552 3905 621 3960; x_wconf 90' lang='lat' dir='ltr'><strong>ad</strong></span> <span class='ocrx_word' id='word_1_524' title='bbox 650 3904 1101 3961; x_wconf 87' lang='lat' dir='ltr'><strong>manifestandum</strong></span> <span class='ocrx_word' id='word_1_525' title='bbox 1126 3906 1289 3962; x_wconf 85' lang='lat' dir='ltr'><strong>tinem</strong></span> <span class='ocrx_word' id='word_1_526' title='bbox 1321 3908 1523 3962; x_wconf 86' lang='lat' dir='ltr'><strong>veteris</strong></span> <span class='ocrx_word' id='word_1_527' title='bbox 1553 3908 1819 3978; x_wconf 86' lang='lat' dir='ltr'><strong>instituti,</strong></span> 
     </span>
    </p>
   </div>
   <div class='ocr_carea' id='block_1_70' title="bbox 223 3998 1822 4071">
    <p class='ocr_par' dir='ltr' id='par_1_70' title="bbox 223 3998 1822 4071">
     <span class='ocr_line' id='line_1_70' title="bbox 223 3998 1822 4071; baseline 0.001 -17"><span class='ocrx_word' id='word_1_528' title='bbox 223 4006 244 4045; x_wconf 73' lang='grc' dir='ltr'><strong>ε</strong></span> <span class='ocrx_word' id='word_1_529' title='bbox 259 3999 447 4054; x_wconf 84' lang='lat' dir='ltr'><strong>eadem</strong></span> <span class='ocrx_word' id='word_1_530' title='bbox 477 3998 755 4067; x_wconf 85' lang='lat' dir='ltr'><strong>disruptio</strong></span> <span class='ocrx_word' id='word_1_531' title='bbox 778 4000 1169 4055; x_wconf 87' lang='lat' dir='ltr'><strong>sacerdotalem</strong></span> <span class='ocrx_word' id='word_1_532' title='bbox 1200 4000 1380 4055; x_wconf 82' lang='lat' dir='ltr'><strong>aufert</strong></span> <span class='ocrx_word' id='word_1_533' title='bbox 1406 4016 1679 4068; x_wconf 83' lang='lat' dir='ltr'><strong>ornatum,</strong></span> <span class='ocrx_word' id='word_1_534' title='bbox 1699 4016 1822 4071; x_wconf 66' lang='lat' dir='ltr'><strong>qua:</strong></span> 
     </span>
    </p>
   </div>
   <div class='ocr_carea' id='block_1_71' title="bbox 223 4089 1140 4159">
    <p class='ocr_par' dir='ltr' id='par_1_71' title="bbox 223 4089 1140 4159">
     <span class='ocr_line' id='line_1_71' title="bbox 223 4089 1140 4159; baseline 0.002 -15"><span class='ocrx_word' id='word_1_535' title='bbox 223 4105 333 4145; x_wconf 86' lang='lat' dir='ltr'><strong>mox</strong></span> <span class='ocrx_word' id='word_1_536' title='bbox 368 4100 429 4146; x_wconf 87' lang='lat' dir='ltr'><strong>et</strong></span> <span class='ocrx_word' id='word_1_537' title='bbox 460 4089 656 4159; x_wconf 86' lang='lat' dir='ltr'><strong>templi</strong></span> <span class='ocrx_word' id='word_1_538' title='bbox 685 4090 906 4146; x_wconf 90' lang='lat' dir='ltr'><strong>discidit</strong></span> <span class='ocrx_word' id='word_1_539' title='bbox 938 4092 1140 4148; x_wconf 87' lang='lat' dir='ltr'><strong>velum.</strong></span> 
     </span>
    </p>
   </div>
   <div class='ocr_carea' id='block_1_72' title="bbox 279 4183 1827 4257">
    <p class='ocr_par' dir='ltr' id='par_1_72' title="bbox 279 4183 1827 4257">
     <span class='ocr_line' id='line_1_72' title="bbox 279 4183 1827 4257; baseline 0.001 -17"><span class='ocrx_word' id='word_1_540' title='bbox 279 4183 411 4240; x_wconf 70' lang='lat' dir='ltr'><strong>Cn.</strong></span> <span class='ocrx_word' id='word_1_541' title='bbox 441 4183 533 4243; x_wconf 74' lang='lat' dir='ltr'><strong>Ill.</strong></span> <span class='ocrx_word' id='word_1_542' title='bbox 564 4213 637 4225; x_wconf 93' lang='lat'><strong>—</strong></span> <span class='ocrx_word' id='word_1_543' title='bbox 667 4184 800 4239; x_wconf 87' lang='lat' dir='ltr'><strong>Hinc</strong></span> <span class='ocrx_word' id='word_1_544' title='bbox 822 4186 958 4256; x_wconf 87' lang='lat' dir='ltr'><strong>jam,</strong></span> <span class='ocrx_word' id='word_1_545' title='bbox 989 4187 1353 4257; x_wconf 84' lang='lat' dir='ltr'><strong>dilectissimi,</strong></span> <span class='ocrx_word' id='word_1_546' title='bbox 1391 4188 1535 4244; x_wconf 90' lang='lat' dir='ltr'><strong>inter</strong></span> <span class='ocrx_word' id='word_1_547' title='bbox 1563 4188 1827 4256; x_wconf 83' lang='lat' dir='ltr'><strong>multipli-</strong></span> 
     </span>
    </p>
   </div>
   <div class='ocr_carea' id='block_1_73' title="bbox 225 4276 1827 4355">
    <p class='ocr_par' dir='ltr' id='par_1_73' title="bbox 225 4276 1827 4355">
     <span class='ocr_line' id='line_1_73' title="bbox 225 4276 1827 4355; baseline 0.002 -22"><span class='ocrx_word' id='word_1_548' title='bbox 225 4286 358 4333; x_wconf 65' lang='lat' dir='ltr'><strong>catos</strong></span> <span class='ocrx_word' id='word_1_549' title='bbox 387 4276 684 4332; x_wconf 86' lang='lat' dir='ltr'><strong>illusiones</strong></span> <span class='ocrx_word' id='word_1_550' title='bbox 698 4290 856 4334; x_wconf 87' lang='lat' dir='ltr'><strong>nocte</strong></span> <span class='ocrx_word' id='word_1_551' title='bbox 875 4287 1170 4347; x_wconf 83' lang='lat' dir='ltr'><strong>transacta,</strong></span> <span class='ocrx_word' id='word_1_552' title='bbox 1198 4283 1441 4337; x_wconf 88' lang='lat' dir='ltr'><strong>vinctum</strong></span> <span class='ocrx_word' id='word_1_553' title='bbox 1457 4282 1639 4338; x_wconf 84' lang='lat' dir='ltr'><strong>Jesum</strong></span> <span class='ocrx_word' id='word_1_554' title='bbox 1660 4283 1827 4355; x_wconf 69' lang='lat'><strong>216</strong></span> 
     </span>
    </p>
   </div>
   <div class='ocr_carea' id='block_1_74' title="bbox 226 4367 1827 4446">
    <p class='ocr_par' dir='ltr' id='par_1_74' title="bbox 226 4367 1827 4446">
     <span class='ocr_line' id='line_1_74' title="bbox 226 4367 1827 4446; baseline 0.004 -22"><span class='ocrx_word' id='word_1_555' title='bbox 226 4367 387 4424; x_wconf 82' lang='lat' dir='ltr'><strong>Pilato</strong></span> <span class='ocrx_word' id='word_1_556' title='bbox 416 4369 645 4439; x_wconf 66' lang='lat' dir='ltr'><strong>praesidi</strong></span> <span class='ocrx_word' id='word_1_557' title='bbox 678 4370 1038 4428; x_wconf 84' lang='lat' dir='ltr'><strong>tradiderunt.</strong></span> <span class='ocrx_word' id='word_1_558' title='bbox 1082 4374 1363 4446; x_wconf 81' lang='lat' dir='ltr'><strong>Principes</strong></span> <span class='ocrx_word' id='word_1_559' title='bbox 1393 4375 1541 4431; x_wconf 89' lang='lat' dir='ltr'><strong>enim</strong></span> <span class='ocrx_word' id='word_1_560' title='bbox 1572 4377 1827 4431; x_wconf 89' lang='lat' dir='ltr'><strong>sacerdo-</strong></span> 
     </span>
    </p>
   </div>
   <div class='ocr_carea' id='block_1_75' title="bbox 228 4460 1823 4539">
    <p class='ocr_par' dir='ltr' id='par_1_75' title="bbox 228 4460 1823 4539">
     <span class='ocr_line' id='line_1_75' title="bbox 228 4460 1823 4539; baseline 0.006 -25"><span class='ocrx_word' id='word_1_561' title='bbox 228 4470 325 4515; x_wconf 85' lang='lat' dir='ltr'><strong>tum</strong></span> <span class='ocrx_word' id='word_1_562' title='bbox 348 4470 407 4516; x_wconf 92' lang='lat' dir='ltr'><strong>et</strong></span> <span class='ocrx_word' id='word_1_563' title='bbox 430 4460 682 4517; x_wconf 86' lang='lat' dir='ltr'><strong>seniores</strong></span> <span class='ocrx_word' id='word_1_564' title='bbox 707 4463 887 4532; x_wconf 90' lang='lat' dir='ltr'><strong>populi</strong></span> <span class='ocrx_word' id='word_1_565' title='bbox 912 4464 1019 4521; x_wconf 87' lang='lat' dir='ltr'><strong>hoc</strong></span> <span class='ocrx_word' id='word_1_566' title='bbox 1045 4466 1271 4521; x_wconf 90' lang='lat' dir='ltr'><strong>consilio</strong></span> <span class='ocrx_word' id='word_1_567' title='bbox 1300 4482 1416 4523; x_wconf 90' lang='lat' dir='ltr'><strong>rem</strong></span> <span class='ocrx_word' id='word_1_568' title='bbox 1447 4470 1731 4539; x_wconf 85' lang='lat' dir='ltr'><strong>gerebant,</strong></span> <span class='ocrx_word' id='word_1_569' title='bbox 1762 4476 1823 4523; x_wconf 85' lang='lat' dir='ltr'><strong>ut</strong></span> 
     </span>
    </p>
   </div>
   <div class='ocr_carea' id='block_1_76' title="bbox 229 4554 1828 4629">
    <p class='ocr_par' dir='ltr' id='par_1_76' title="bbox 229 4554 1828 4629">
     <span class='ocr_line' id='line_1_76' title="bbox 229 4554 1828 4629; baseline 0.005 -21"><span class='ocrx_word' id='word_1_570' title='bbox 229 4555 287 4609; x_wconf 83' lang='lat' dir='ltr'><strong>ab</strong></span> <span class='ocrx_word' id='word_1_571' title='bbox 313 4554 534 4610; x_wconf 85' lang='lat' dir='ltr'><strong>actione</strong></span> <span class='ocrx_word' id='word_1_572' title='bbox 578 4556 809 4612; x_wconf 86' lang='lat' dir='ltr'><strong>sceleris</strong></span> <span class='ocrx_word' id='word_1_573' title='bbox 838 4554 864 4595; x_wconf 68' lang='grc' dir='ltr'><strong>ι</strong></span> <span class='ocrx_word' id='word_1_574' title='bbox 896 4558 981 4614; x_wconf 89' lang='lat' dir='ltr'><strong>sui</strong></span> <span class='ocrx_word' id='word_1_575' title='bbox 1012 4560 1330 4617; x_wconf 88' lang='lat' dir='ltr'><strong>viderentur</strong></span> <span class='ocrx_word' id='word_1_576' title='bbox 1356 4562 1628 4618; x_wconf 87' lang='lat' dir='ltr'><strong>immunes</strong></span> <span class='ocrx_word' id='word_1_577' title='bbox 1647 4602 1664 4629; x_wconf 94' lang='lat'><strong>,</strong></span> <span class='ocrx_word' id='word_1_578' title='bbox 1694 4561 1828 4617; x_wconf 89' lang='lat' dir='ltr'><strong>sub-</strong></span> 
     </span>
    </p>
   </div>
   <div class='ocr_carea' id='block_1_77' title="bbox 1922 3346 3518 3418">
    <p class='ocr_par' dir='ltr' id='par_1_77' title="bbox 1922 3346 3518 3418">
     <span class='ocr_line' id='line_1_77' title="bbox 1922 3346 3518 3418; baseline 0.003 -17"><span class='ocrx_word' id='word_1_579' title='bbox 1922 3350 2135 3418; x_wconf 83' lang='lat' dir='ltr'><strong>generis</strong></span> <span class='ocrx_word' id='word_1_580' title='bbox 2162 3362 2341 3417; x_wconf 85' lang='lat' dir='ltr'><strong>agam,</strong></span> <span class='ocrx_word' id='word_1_581' title='bbox 2371 3356 2426 3401; x_wconf 89' lang='lat' dir='ltr'><strong>et</strong></span> <span class='ocrx_word' id='word_1_582' title='bbox 2441 3348 2569 3402; x_wconf 92' lang='lat' dir='ltr'><strong>olim</strong></span> <span class='ocrx_word' id='word_1_583' title='bbox 2600 3346 2861 3416; x_wconf 88' lang='lat' dir='ltr'><strong>perditam</strong></span> <span class='ocrx_word' id='word_1_584' title='bbox 2886 3347 2941 3401; x_wconf 90' lang='lat' dir='ltr'><strong>in</strong></span> <span class='ocrx_word' id='word_1_585' title='bbox 2962 3347 3226 3418; x_wconf 84' lang='lat' dir='ltr'><strong>integrum</strong></span> <span class='ocrx_word' id='word_1_586' title='bbox 3252 3349 3518 3405; x_wconf 83' lang='lat' dir='ltr'><strong>revocabo</strong></span> 
     </span>
    </p>
   </div>
   <div class='ocr_carea' id='block_1_78' title="bbox 1919 3443 3516 3514">
    <p class='ocr_par' dir='ltr' id='par_1_78' title="bbox 1919 3443 3516 3514">
     <span class='ocr_line' id='line_1_78' title="bbox 1919 3443 3516 3514; baseline 0.003 -15"><span class='ocrx_word' id='word_1_587' title='bbox 1919 3454 2187 3500; x_wconf 91' lang='lat' dir='ltr'><strong>naturam.</strong></span> <span class='ocrx_word' id='word_1_588' title='bbox 2223 3443 2281 3499; x_wconf 94' lang='lat' dir='ltr'><strong>In</strong></span> <span class='ocrx_word' id='word_1_589' title='bbox 2325 3460 2412 3500; x_wconf 91' lang='lat' dir='ltr'><strong>me</strong></span> <span class='ocrx_word' id='word_1_590' title='bbox 2440 3444 2619 3499; x_wconf 86' lang='lat' dir='ltr'><strong>omnis</strong></span> <span class='ocrx_word' id='word_1_591' title='bbox 2649 3445 2934 3499; x_wconf 84' lang='lat' dir='ltr'><strong>infirmitas</strong></span> <span class='ocrx_word' id='word_1_592' title='bbox 2977 3444 3300 3514; x_wconf 90' lang='lat' dir='ltr'><strong>abolebitur,</strong></span> <span class='ocrx_word' id='word_1_593' title='bbox 3341 3446 3394 3500; x_wconf 90' lang='lat' dir='ltr'><strong>in</strong></span> <span class='ocrx_word' id='word_1_594' title='bbox 3427 3462 3516 3503; x_wconf 90' lang='lat' dir='ltr'><strong>me</strong></span> 
     </span>
    </p>
   </div>
   <div class='ocr_carea' id='block_1_79' title="bbox 1920 3539 3517 3611">
    <p class='ocr_par' dir='ltr' id='par_1_79' title="bbox 1920 3539 3517 3611">
     <span class='ocr_line' id='line_1_79' title="bbox 1920 3539 3517 3611; baseline 0.002 -18"><span class='ocrx_word' id='word_1_595' title='bbox 1920 3540 2097 3595; x_wconf 88' lang='lat' dir='ltr'><strong>omnis</strong></span> <span class='ocrx_word' id='word_1_596' title='bbox 2144 3540 2295 3611; x_wconf 89' lang='lat' dir='ltr'><strong>plaga</strong></span> <span class='ocrx_word' id='word_1_597' title='bbox 2326 3539 2627 3594; x_wconf 85' lang='lat' dir='ltr'><strong>sanabitur.</strong></span> <span class='ocrx_word' id='word_1_598' title='bbox 2667 3539 2969 3594; x_wconf 88' lang='lat' dir='ltr'><strong>Exaltatum</strong></span> <span class='ocrx_word' id='word_1_599' title='bbox 3000 3552 3178 3595; x_wconf 88' lang='lat' dir='ltr'><strong>autem</strong></span> <span class='ocrx_word' id='word_1_600' title='bbox 3210 3540 3391 3595; x_wconf 87' lang='lat' dir='ltr'><strong>Jesum</strong></span> <span class='ocrx_word' id='word_1_601' title='bbox 3445 3543 3517 3597; x_wconf 90' lang='lat' dir='ltr'><strong>ad</strong></span> 
     </span>
    </p>
   </div>
   <div class='ocr_carea' id='block_1_80' title="bbox 1921 3631 3517 3695">
    <p class='ocr_par' dir='ltr' id='par_1_80' title="bbox 1921 3631 3517 3695">
     <span class='ocr_line' id='line_1_80' title="bbox 1921 3631 3517 3695; baseline 0.003 -10"><span class='ocrx_word' id='word_1_602' title='bbox 1921 3645 1982 3686; x_wconf 87' lang='lat' dir='ltr'><strong>se</strong></span> <span class='ocrx_word' id='word_1_603' title='bbox 2033 3632 2264 3687; x_wconf 79' lang='lat' dir='ltr'><strong>traxisse</strong></span> <span class='ocrx_word' id='word_1_604' title='bbox 2307 3631 2483 3685; x_wconf 86' lang='lat' dir='ltr'><strong>omnia</strong></span> <span class='ocrx_word' id='word_1_605' title='bbox 2511 3671 2525 3695; x_wconf 92' lang='lat'><strong>,</strong></span> <span class='ocrx_word' id='word_1_606' title='bbox 2582 3645 2689 3684; x_wconf 91' lang='lat' dir='ltr'><strong>non</strong></span> <span class='ocrx_word' id='word_1_607' title='bbox 2737 3631 2908 3685; x_wconf 87' lang='lat' dir='ltr'><strong>solum</strong></span> <span class='ocrx_word' id='word_1_608' title='bbox 2963 3642 3164 3687; x_wconf 71' lang='lat' dir='ltr'><strong>nostrte</strong></span> <span class='ocrx_word' id='word_1_609' title='bbox 3199 3633 3517 3690; x_wconf 65' lang='lat' dir='ltr'><strong>substantia}</strong></span> 
     </span>
    </p>
   </div>
   <div class='ocr_carea' id='block_1_81' title="bbox 1924 3725 3518 3796">
    <p class='ocr_par' dir='ltr' id='par_1_81' title="bbox 1924 3725 3518 3796">
     <span class='ocr_line' id='line_1_81' title="bbox 1924 3725 3518 3796; baseline 0.003 -16"><span class='ocrx_word' id='word_1_610' title='bbox 1924 3726 2174 3796; x_wconf 86' lang='lat' dir='ltr'><strong>passione</strong></span> <span class='ocrx_word' id='word_1_611' title='bbox 2203 3765 2221 3792; x_wconf 88' lang='lat'><strong>,</strong></span> <span class='ocrx_word' id='word_1_612' title='bbox 2266 3725 2359 3781; x_wconf 89' lang='lat' dir='ltr'><strong>sed</strong></span> <span class='ocrx_word' id='word_1_613' title='bbox 2418 3726 2581 3781; x_wconf 84' lang='lat' dir='ltr'><strong>etiam</strong></span> <span class='ocrx_word' id='word_1_614' title='bbox 2635 3726 2799 3779; x_wconf 90' lang='lat' dir='ltr'><strong>totius</strong></span> <span class='ocrx_word' id='word_1_615' title='bbox 2850 3725 3033 3780; x_wconf 91' lang='lat' dir='ltr'><strong>mundi</strong></span> <span class='ocrx_word' id='word_1_616' title='bbox 3082 3735 3122 3765; x_wconf 72' lang='grc' dir='ltr'>ω</span> <span class='ocrx_word' id='word_1_617' title='bbox 3152 3729 3518 3784; x_wconf 88' lang='lat' dir='ltr'><strong>commotione</strong></span> 
     </span>
    </p>
   </div>
   <div class='ocr_carea' id='block_1_82' title="bbox 1924 3815 3516 3886">
    <p class='ocr_par' dir='ltr' id='par_1_82' title="bbox 1924 3815 3516 3886">
     <span class='ocr_line' id='line_1_82' title="bbox 1924 3815 3516 3886; baseline 0.003 -15"><span class='ocrx_word' id='word_1_618' title='bbox 1924 3825 2278 3871; x_wconf 89' lang='lat' dir='ltr'><strong>monstratum</strong></span> <span class='ocrx_word' id='word_1_619' title='bbox 2305 3827 2407 3871; x_wconf 91' lang='lat' dir='ltr'><strong>est.</strong></span> <span class='ocrx_word' id='word_1_620' title='bbox 2439 3815 2719 3871; x_wconf 88' lang='lat' dir='ltr'><strong>Pendente</strong></span> <span class='ocrx_word' id='word_1_621' title='bbox 2741 3817 2884 3870; x_wconf 91' lang='lat' dir='ltr'><strong>enim</strong></span> <span class='ocrx_word' id='word_1_622' title='bbox 2910 3818 2961 3872; x_wconf 91' lang='lat' dir='ltr'><strong>in</strong></span> <span class='ocrx_word' id='word_1_623' title='bbox 2992 3817 3232 3885; x_wconf 85' lang='lat' dir='ltr'><strong>patibulo</strong></span> <span class='ocrx_word' id='word_1_624' title='bbox 3249 3830 3516 3886; x_wconf 88' lang='lat' dir='ltr'><strong>creatore,</strong></span> 
     </span>
    </p>
   </div>
   <div class='ocr_carea' id='block_1_83' title="bbox 1926 3906 3522 3977">
    <p class='ocr_par' dir='ltr' id='par_1_83' title="bbox 1926 3906 3522 3977">
     <span class='ocr_line' id='line_1_83' title="bbox 1926 3906 3522 3977; baseline 0.002 -14"><span class='ocrx_word' id='word_1_625' title='bbox 1926 3909 2178 3963; x_wconf 87' lang='lat' dir='ltr'><strong>universa</strong></span> <span class='ocrx_word' id='word_1_626' title='bbox 2213 3916 2463 3963; x_wconf 88' lang='lat' dir='ltr'><strong>creatura</strong></span> <span class='ocrx_word' id='word_1_627' title='bbox 2486 3906 2815 3977; x_wconf 89' lang='lat' dir='ltr'><strong>congemuit,</strong></span> <span class='ocrx_word' id='word_1_628' title='bbox 2840 3918 2895 3961; x_wconf 92' lang='lat' dir='ltr'><strong>et</strong></span> <span class='ocrx_word' id='word_1_629' title='bbox 2924 3909 3111 3962; x_wconf 92' lang='lat' dir='ltr'><strong>Crucis</strong></span> <span class='ocrx_word' id='word_1_630' title='bbox 3132 3910 3314 3964; x_wconf 87' lang='lat' dir='ltr'><strong>clavos</strong></span> <span class='ocrx_word' id='word_1_631' title='bbox 3337 3912 3522 3965; x_wconf 85' lang='lat' dir='ltr'><strong>omnia</strong></span> 
     </span>
    </p>
   </div>
   <div class='ocr_carea' id='block_1_84' title="bbox 1925 3998 3523 4070">
    <p class='ocr_par' dir='ltr' id='par_1_84' title="bbox 1925 3998 3523 4070">
     <span class='ocr_line' id='line_1_84' title="bbox 1925 3998 3523 4070; baseline 0 -14"><span class='ocrx_word' id='word_1_632' title='bbox 1925 4002 2086 4056; x_wconf 90' lang='lat' dir='ltr'><strong>simul</strong></span> <span class='ocrx_word' id='word_1_633' title='bbox 2136 4002 2407 4057; x_wconf 88' lang='lat' dir='ltr'><strong>elementa</strong></span> <span class='ocrx_word' id='word_1_634' title='bbox 2464 4008 2769 4054; x_wconf 84' lang='lat' dir='ltr'><strong>Senserunt.</strong></span> <span class='ocrx_word' id='word_1_635' title='bbox 2812 3998 2957 4053; x_wconf 83' lang='lat' dir='ltr'><strong>Nihil</strong></span> <span class='ocrx_word' id='word_1_636' title='bbox 3004 4000 3073 4054; x_wconf 92' lang='lat' dir='ltr'><strong>ab</strong></span> <span class='ocrx_word' id='word_1_637' title='bbox 3118 3999 3215 4054; x_wconf 92' lang='lat' dir='ltr'><strong>illo</strong></span> <span class='ocrx_word' id='word_1_638' title='bbox 3253 4002 3523 4070; x_wconf 90' lang='lat' dir='ltr'><strong>supplicio</strong></span> 
     </span>
    </p>
   </div>
   <div class='ocr_carea' id='block_1_85' title="bbox 1926 4095 3519 4155">
    <p class='ocr_par' dir='ltr' id='par_1_85' title="bbox 1926 4095 3519 4155">
     <span class='ocr_line' id='line_1_85' title="bbox 1926 4095 3519 4155; baseline 0.002 -4"><span class='ocrx_word' id='word_1_639' title='bbox 1926 4096 2156 4152; x_wconf 92' lang='lat' dir='ltr'><strong>liberum</strong></span> <span class='ocrx_word' id='word_1_640' title='bbox 2195 4096 2311 4151; x_wconf 91' lang='lat' dir='ltr'><strong>fuit.</strong></span> <span class='ocrx_word' id='word_1_641' title='bbox 2350 4097 2461 4151; x_wconf 92' lang='lat' dir='ltr'><strong>lloc</strong></span> <span class='ocrx_word' id='word_1_642' title='bbox 2492 4097 2542 4149; x_wconf 93' lang='lat' dir='ltr'><strong>in</strong></span> <span class='ocrx_word' id='word_1_643' title='bbox 2573 4097 3010 4151; x_wconf 87' lang='lat' dir='ltr'><strong>communionem</strong></span> <span class='ocrx_word' id='word_1_644' title='bbox 3042 4105 3069 4134; x_wconf 76' lang='grc' dir='ltr'><strong>ιι</strong></span> <span class='ocrx_word' id='word_1_645' title='bbox 3106 4095 3189 4151; x_wconf 88' lang='lat' dir='ltr'><strong>sui</strong></span> <span class='ocrx_word' id='word_1_646' title='bbox 3232 4106 3287 4152; x_wconf 91' lang='lat' dir='ltr'><strong>et</strong></span> <span class='ocrx_word' id='word_1_647' title='bbox 3319 4108 3519 4155; x_wconf 88' lang='lat' dir='ltr'><strong>terram</strong></span> 
     </span>
    </p>
   </div>
   <div class='ocr_carea' id='block_1_86' title="bbox 1930 4188 3525 4259">
    <p class='ocr_par' dir='ltr' id='par_1_86' title="bbox 1930 4188 3525 4259">
     <span class='ocr_line' id='line_1_86' title="bbox 1930 4188 3525 4259; baseline 0.001 -16"><span class='ocrx_word' id='word_1_648' title='bbox 1930 4190 2093 4243; x_wconf 90' lang='lat' dir='ltr'><strong>traxit</strong></span> <span class='ocrx_word' id='word_1_649' title='bbox 2120 4200 2174 4243; x_wconf 91' lang='lat' dir='ltr'><strong>et</strong></span> <span class='ocrx_word' id='word_1_650' title='bbox 2207 4191 2426 4253; x_wconf 60' lang='lat' dir='ltr'><strong>caelum,</strong></span> <span class='ocrx_word' id='word_1_651' title='bbox 2459 4188 2561 4242; x_wconf 90' lang='lat' dir='ltr'><strong>hoc</strong></span> <span class='ocrx_word' id='word_1_652' title='bbox 2590 4197 2772 4257; x_wconf 88' lang='lat' dir='ltr'><strong>petras</strong></span> <span class='ocrx_word' id='word_1_653' title='bbox 2802 4188 2977 4257; x_wconf 87' lang='lat' dir='ltr'><strong>rupit,</strong></span> <span class='ocrx_word' id='word_1_654' title='bbox 3020 4199 3365 4243; x_wconf 88' lang='lat' dir='ltr'><strong>monumenta</strong></span> <span class='ocrx_word' id='word_1_655' title='bbox 3394 4204 3525 4259; x_wconf 81' lang='lat' dir='ltr'><strong>ape-</strong></span> 
     </span>
    </p>
   </div>
   <div class='ocr_carea' id='block_1_87' title="bbox 1927 4277 3526 4353">
    <p class='ocr_par' dir='ltr' id='par_1_87' title="bbox 1927 4277 3526 4353">
     <span class='ocr_line' id='line_1_87' title="bbox 1927 4277 3526 4353; baseline 0 -17"><span class='ocrx_word' id='word_1_656' title='bbox 1927 4281 2074 4347; x_wconf 88' lang='lat' dir='ltr'><strong>ruit,</strong></span> <span class='ocrx_word' id='word_1_657' title='bbox 2128 4281 2287 4353; x_wconf 75' lang='lat'><strong>217</strong></span> <span class='ocrx_word' id='word_1_658' title='bbox 2320 4279 2530 4334; x_wconf 88' lang='lat' dir='ltr'><strong>inferna</strong></span> <span class='ocrx_word' id='word_1_659' title='bbox 2564 4277 2861 4344; x_wconf 87' lang='lat' dir='ltr'><strong>reseravit,</strong></span> <span class='ocrx_word' id='word_1_660' title='bbox 2890 4286 2946 4332; x_wconf 87' lang='lat' dir='ltr'><strong>et</strong></span> <span class='ocrx_word' id='word_1_661' title='bbox 2973 4279 3261 4332; x_wconf 86' lang='lat' dir='ltr'><strong>densarum</strong></span> <span class='ocrx_word' id='word_1_662' title='bbox 3296 4279 3526 4337; x_wconf 70' lang='lat' dir='ltr'><strong>horrore</strong></span> 
     </span>
    </p>
   </div>
   <div class='ocr_carea' id='block_1_88' title="bbox 1930 4370 3523 4431">
    <p class='ocr_par' dir='ltr' id='par_1_88' title="bbox 1930 4370 3523 4431">
     <span class='ocr_line' id='line_1_88' title="bbox 1930 4370 3523 4431; baseline 0 0"><span class='ocrx_word' id='word_1_663' title='bbox 1930 4375 2281 4431; x_wconf 83' lang='lat' dir='ltr'><strong>tenebrarum</strong></span> <span class='ocrx_word' id='word_1_664' title='bbox 2312 4372 2493 4428; x_wconf 87' lang='lat' dir='ltr'><strong>radios</strong></span> <span class='ocrx_word' id='word_1_665' title='bbox 2542 4372 2675 4427; x_wconf 90' lang='lat' dir='ltr'><strong>solis</strong></span> <span class='ocrx_word' id='word_1_666' title='bbox 2703 4370 3009 4426; x_wconf 89' lang='lat' dir='ltr'><strong>abscondit.</strong></span> <span class='ocrx_word' id='word_1_667' title='bbox 3045 4371 3285 4427; x_wconf 90' lang='lat' dir='ltr'><strong>Debebat</strong></span> <span class='ocrx_word' id='word_1_668' title='bbox 3321 4380 3346 4409; x_wconf 88' lang='lat'><strong>°</strong></span> <span class='ocrx_word' id='word_1_669' title='bbox 3374 4373 3523 4431; x_wconf 89' lang='lat' dir='ltr'><strong>enim</strong></span> 
     </span>
    </p>
   </div>
   <div class='ocr_carea' id='block_1_89' title="bbox 1932 4462 3525 4531">
    <p class='ocr_par' dir='ltr' id='par_1_89' title="bbox 1932 4462 3525 4531">
     <span class='ocr_line' id='line_1_89' title="bbox 1932 4462 3525 4531; baseline -0.001 -8"><span class='ocrx_word' id='word_1_670' title='bbox 1932 4468 2037 4523; x_wconf 90' lang='lat' dir='ltr'><strong>hoc</strong></span> <span class='ocrx_word' id='word_1_671' title='bbox 2066 4466 2435 4523; x_wconf 86' lang='lat' dir='ltr'><strong>testimonium</strong></span> <span class='ocrx_word' id='word_1_672' title='bbox 2466 4479 2565 4519; x_wconf 90' lang='lat' dir='ltr'><strong>suo</strong></span> <span class='ocrx_word' id='word_1_673' title='bbox 2596 4464 2826 4519; x_wconf 90' lang='lat' dir='ltr'><strong>mundus</strong></span> <span class='ocrx_word' id='word_1_674' title='bbox 2855 4462 3061 4519; x_wconf 89' lang='lat' dir='ltr'><strong>auctori</strong></span> <span class='ocrx_word' id='word_1_675' title='bbox 3086 4506 3101 4531; x_wconf 91' lang='lat'><strong>,</strong></span> <span class='ocrx_word' id='word_1_676' title='bbox 3153 4473 3212 4519; x_wconf 90' lang='lat' dir='ltr'><strong>ut</strong></span> <span class='ocrx_word' id='word_1_677' title='bbox 3243 4466 3293 4519; x_wconf 91' lang='lat' dir='ltr'><strong>in</strong></span> <span class='ocrx_word' id='word_1_678' title='bbox 3324 4480 3525 4522; x_wconf 89' lang='lat' dir='ltr'><strong>occasu</strong></span> 
     </span>
    </p>
   </div>
   <div class='ocr_carea' id='block_1_90' title="bbox 1932 4557 3524 4629">
    <p class='ocr_par' dir='ltr' id='par_1_90' title="bbox 1932 4557 3524 4629">
     <span class='ocr_line' id='line_1_90' title="bbox 1932 4557 3524 4629; baseline -0.001 -13"><span class='ocrx_word' id='word_1_679' title='bbox 1932 4561 2231 4617; x_wconf 89' lang='lat' dir='ltr'><strong>conditoris</strong></span> <span class='ocrx_word' id='word_1_680' title='bbox 2260 4560 2342 4613; x_wconf 91' lang='lat' dir='ltr'><strong>sui</strong></span> <span class='ocrx_word' id='word_1_681' title='bbox 2376 4560 2579 4614; x_wconf 90' lang='lat' dir='ltr'><strong>vellent</strong></span> <span class='ocrx_word' id='word_1_682' title='bbox 2618 4558 2873 4612; x_wconf 85' lang='lat' dir='ltr'><strong>universa</strong></span> <span class='ocrx_word' id='word_1_683' title='bbox 2906 4557 3072 4612; x_wconf 86' lang='lat' dir='ltr'><strong>ﬁniri.</strong></span> <span class='ocrx_word' id='word_1_684' title='bbox 3112 4557 3219 4612; x_wconf 91' lang='lat' dir='ltr'><strong>Sed</strong></span> <span class='ocrx_word' id='word_1_685' title='bbox 3264 4560 3524 4629; x_wconf 75' lang='lat' dir='ltr'><strong>patientia</strong></span> 
     </span>
    </p>
   </div>
   <div class='ocr_carea' id='block_1_91' title="bbox 231 4646 3522 4725">
    <p class='ocr_par' dir='ltr' id='par_1_91' title="bbox 231 4646 3522 4725">
     <span class='ocr_line' id='line_1_91' title="bbox 231 4646 3522 4725; baseline 0 -19"><span class='ocrx_word' id='word_1_686' title='bbox 231 4646 500 4705; x_wconf 76' lang='lat' dir='ltr'><strong>trahentes</strong></span> <span class='ocrx_word' id='word_1_687' title='bbox 527 4663 697 4721; x_wconf 80' lang='lat' dir='ltr'><strong>Opera</strong></span> <span class='ocrx_word' id='word_1_688' title='bbox 726 4666 1006 4719; x_wconf 89' lang='lat' dir='ltr'><strong>manuum,</strong></span> <span class='ocrx_word' id='word_1_689' title='bbox 1038 4663 1095 4708; x_wconf 89' lang='lat' dir='ltr'><strong>et</strong></span> <span class='ocrx_word' id='word_1_690' title='bbox 1120 4649 1139 4691; x_wconf 81' lang='grc' dir='ltr'><strong>ί</strong></span> <span class='ocrx_word' id='word_1_691' title='bbox 1176 4668 1465 4713; x_wconf 89' lang='lat' dir='ltr'><strong>exerentes</strong></span> <span class='ocrx_word' id='word_1_692' title='bbox 1491 4656 1598 4711; x_wconf 90' lang='lat' dir='ltr'><strong>tela</strong></span> <span class='ocrx_word' id='word_1_693' title='bbox 1624 4651 1914 4725; x_wconf 79' lang='lat' dir='ltr'><strong>lingua-1)</strong></span> <span class='ocrx_word' id='word_1_694' title='bbox 1939 4658 2035 4714; x_wconf 91' lang='lat' dir='ltr'><strong>Dei</strong></span> <span class='ocrx_word' id='word_1_695' title='bbox 2085 4667 2267 4713; x_wconf 88' lang='lat' dir='ltr'><strong>servat</strong></span> <span class='ocrx_word' id='word_1_696' title='bbox 2291 4656 2454 4711; x_wconf 87' lang='lat' dir='ltr'><strong>rebus</strong></span> <span class='ocrx_word' id='word_1_697' title='bbox 2481 4663 2643 4724; x_wconf 87' lang='lat' dir='ltr'><strong>atque</strong></span> <span class='ocrx_word' id='word_1_698' title='bbox 2679 4651 3017 4723; x_wconf 85' lang='lat' dir='ltr'><strong>temporibus</strong></span> <span class='ocrx_word' id='word_1_699' title='bbox 3046 4652 3294 4709; x_wconf 88' lang='lat' dir='ltr'><strong>ordinem</strong></span> <span class='ocrx_word' id='word_1_700' title='bbox 3326 4668 3481 4708; x_wconf 86' lang='lat' dir='ltr'><strong>suum</strong></span> <span class='ocrx_word' id='word_1_701' title='bbox 3506 4694 3522 4719; x_wconf 85' lang='lat'><strong>,</strong></span> 
     </span>
    </p>
   </div>
   <div class='ocr_carea' id='block_1_92' title="bbox 296 4809 1821 4886">
    <p class='ocr_par' dir='ltr' id='par_1_92' title="bbox 296 4809 1821 4886">
     <span class='ocr_line' id='line_1_92' title="bbox 296 4809 1821 4886; baseline 0.001 -15"><span class='ocrx_word' id='word_1_702' title='bbox 296 4822 324 4851; x_wconf 77' lang='grc' dir='ltr'>ι</span> <span class='ocrx_word' id='word_1_703' title='bbox 355 4814 532 4879; x_wconf 83' lang='lat' dir='ltr'><strong>Editi,</strong></span> <span class='ocrx_word' id='word_1_704' title='bbox 587 4813 813 4870; x_wconf 85' lang='lat' dir='ltr'><strong>cohibet.</strong></span> <span class='ocrx_word' id='word_1_705' title='bbox 870 4813 1290 4870; x_wconf 87' lang='lat' dir='ltr'><strong>Emendavimus</strong></span> <span class='ocrx_word' id='word_1_706' title='bbox 1344 4832 1411 4873; x_wconf 88' lang='lat' dir='ltr'><strong>ex</strong></span> <span class='ocrx_word' id='word_1_707' title='bbox 1439 4809 1821 4886; x_wconf 82' lang='lat' dir='ltr'><strong>antiquissimo</strong></span> 
     </span>
    </p>
   </div>
   <div class='ocr_carea' id='block_1_93' title="bbox 235 4884 1824 4959">
    <p class='ocr_par' dir='ltr' id='par_1_93' title="bbox 235 4884 1824 4959">
     <span class='ocr_line' id='line_1_93' title="bbox 235 4884 1824 4959; baseline 0.004 -22"><span class='ocrx_word' id='word_1_708' title='bbox 235 4884 344 4959; x_wconf 66' lang='lat' dir='ltr'><strong>Vat.</strong></span> <span class='ocrx_word' id='word_1_709' title='bbox 374 4888 521 4943; x_wconf 78' lang='lat'><strong>3855</strong></span> <span class='ocrx_word' id='word_1_710' title='bbox 549 4894 697 4959; x_wconf 88' lang='lat' dir='ltr'><strong>etex</strong></span> <span class='ocrx_word' id='word_1_711' title='bbox 722 4886 1060 4959; x_wconf 86' lang='lat' dir='ltr'><strong>Lectionario</strong></span> <span class='ocrx_word' id='word_1_712' title='bbox 1089 4886 1144 4941; x_wconf 90' lang='lat' dir='ltr'><strong>S.</strong></span> <span class='ocrx_word' id='word_1_713' title='bbox 1180 4886 1352 4958; x_wconf 86' lang='lat' dir='ltr'><strong>Petri,</strong></span> <span class='ocrx_word' id='word_1_714' title='bbox 1381 4890 1434 4944; x_wconf 88' lang='lat' dir='ltr'><strong>in</strong></span> <span class='ocrx_word' id='word_1_715' title='bbox 1457 4884 1824 4959; x_wconf 49' lang='lat' dir='ltr'><strong>quo&#39;disposi-</strong></span> 
     </span>
    </p>
   </div>
   <div class='ocr_carea' id='block_1_94' title="bbox 239 4956 1044 5025">
    <p class='ocr_par' dir='ltr' id='par_1_94' title="bbox 239 4956 1044 5025">
     <span class='ocr_line' id='line_1_94' title="bbox 239 4956 1044 5025; baseline 0.004 -17"><span class='ocrx_word' id='word_1_716' title='bbox 239 4956 435 5025; x_wconf 80' lang='lat' dir='ltr'><strong>tionem,</strong></span> <span class='ocrx_word' id='word_1_717' title='bbox 468 4972 567 5023; x_wconf 89' lang='lat' dir='ltr'><strong>pro</strong></span> <span class='ocrx_word' id='word_1_718' title='bbox 587 4958 1044 5022; x_wconf 77' lang='lat' dir='ltr'><strong>dispensationem.</strong></span> 
     </span>
    </p>
   </div>
   <div class='ocr_carea' id='block_1_95' title="bbox 300 5026 1826 5100">
    <p class='ocr_par' dir='ltr' id='par_1_95' title="bbox 300 5026 1826 5100">
     <span class='ocr_line' id='line_1_95' title="bbox 300 5026 1826 5100; baseline 0.002 -17"><span class='ocrx_word' id='word_1_719' title='bbox 300 5026 327 5065; x_wconf 68' lang='grc' dir='ltr'>δ</span> <span class='ocrx_word' id='word_1_720' title='bbox 360 5029 501 5083; x_wconf 83' lang='lat' dir='ltr'><strong>Editi</strong></span> <span class='ocrx_word' id='word_1_721' title='bbox 528 5069 559 5100; x_wconf 11' lang='grc' dir='ltr'><strong>,ξ</strong></span> <span class='ocrx_word' id='word_1_722' title='bbox 603 5027 812 5094; x_wconf 73' lang='lat' dir='ltr'><strong>affectu.</strong></span> <span class='ocrx_word' id='word_1_723' title='bbox 866 5028 1273 5085; x_wconf 79' lang='lat' dir='ltr'><strong>Correctionem</strong></span> <span class='ocrx_word' id='word_1_724' title='bbox 1323 5031 1672 5100; x_wconf 62' lang='lat' dir='ltr'><strong>praebuerunt</strong></span> <span class='ocrx_word' id='word_1_725' title='bbox 1715 5031 1826 5086; x_wconf 90' lang='lat' dir='ltr'><strong>duo</strong></span> 
     </span>
    </p>
   </div>
   <div class='ocr_carea' id='block_1_96' title="bbox 242 5098 704 5154">
    <p class='ocr_par' dir='ltr' id='par_1_96' title="bbox 242 5098 704 5154">
     <span class='ocr_line' id='line_1_96' title="bbox 242 5098 704 5154; baseline 0 -2"><span class='ocrx_word' id='word_1_726' title='bbox 242 5098 433 5153; x_wconf 81' lang='lat' dir='ltr'><strong>laudati</strong></span> <span class='ocrx_word' id='word_1_727' title='bbox 458 5098 704 5154; x_wconf 89' lang='lat' dir='ltr'><strong>codices.</strong></span> 
     </span>
    </p>
   </div>
   <div class='ocr_carea' id='block_1_97' title="bbox 302 5170 1429 5239">
    <p class='ocr_par' dir='ltr' id='par_1_97' title="bbox 302 5170 1429 5239">
     <span class='ocr_line' id='line_1_97' title="bbox 302 5170 1429 5239; baseline 0.004 -16"><span class='ocrx_word' id='word_1_728' title='bbox 302 5172 327 5239; x_wconf 79' lang='lat'><strong>‘_</strong></span> <span class='ocrx_word' id='word_1_729' title='bbox 358 5173 421 5226; x_wconf 89' lang='lat' dir='ltr'><strong>ln</strong></span> <span class='ocrx_word' id='word_1_730' title='bbox 448 5186 553 5225; x_wconf 87' lang='lat' dir='ltr'><strong>ms.</strong></span> <span class='ocrx_word' id='word_1_731' title='bbox 588 5170 647 5227; x_wconf 89' lang='lat' dir='ltr'><strong>S.</strong></span> <span class='ocrx_word' id='word_1_732' title='bbox 674 5171 839 5239; x_wconf 87' lang='lat' dir='ltr'><strong>Petri,</strong></span> <span class='ocrx_word' id='word_1_733' title='bbox 869 5178 924 5224; x_wconf 88' lang='lat' dir='ltr'><strong>ut</strong></span> <span class='ocrx_word' id='word_1_734' title='bbox 947 5172 1161 5226; x_wconf 85' lang='lat' dir='ltr'><strong>tacendo</strong></span> <span class='ocrx_word' id='word_1_735' title='bbox 1189 5173 1429 5228; x_wconf 82' lang='lat' dir='ltr'><strong>vinceret.</strong></span> 
     </span>
    </p>
   </div>
   <div class='ocr_carea' id='block_1_98' title="bbox 303 5237 1832 5310">
    <p class='ocr_par' dir='ltr' id='par_1_98' title="bbox 303 5237 1832 5310">
     <span class='ocr_line' id='line_1_98' title="bbox 303 5237 1832 5310; baseline 0.001 -12"><span class='ocrx_word' id='word_1_736' title='bbox 303 5237 331 5277; x_wconf 69' lang='grc' dir='ltr'><strong><em>ἀ</em></strong></span> <span class='ocrx_word' id='word_1_737' title='bbox 358 5242 501 5298; x_wconf 80' lang='lat' dir='ltr'><strong>Editi</strong></span> <span class='ocrx_word' id='word_1_738' title='bbox 530 5253 588 5297; x_wconf 91' lang='lat' dir='ltr'><strong>et</strong></span> <span class='ocrx_word' id='word_1_739' title='bbox 618 5243 781 5310; x_wconf 81' lang='lat' dir='ltr'><strong>aliqui</strong></span> <span class='ocrx_word' id='word_1_740' title='bbox 799 5237 983 5306; x_wconf 52' lang='lat' dir='ltr'><strong>c&#39;odd.,</strong></span> <span class='ocrx_word' id='word_1_741' title='bbox 1012 5244 1343 5298; x_wconf 69' lang='lat' dir='ltr'><strong>crederet.Ex</strong></span> <span class='ocrx_word' id='word_1_742' title='bbox 1381 5245 1592 5301; x_wconf 89' lang='lat' dir='ltr'><strong>duobus</strong></span> <span class='ocrx_word' id='word_1_743' title='bbox 1621 5259 1832 5299; x_wconf 88' lang='lat' dir='ltr'><strong>memo-</strong></span> 
     </span>
    </p>
   </div>
   <div class='ocr_carea' id='block_1_99' title="bbox 242 5313 1831 5371">
    <p class='ocr_par' dir='ltr' id='par_1_99' title="bbox 242 5313 1831 5371">
     <span class='ocr_line' id='line_1_99' title="bbox 242 5313 1831 5371; baseline 0.003 -5"><span class='ocrx_word' id='word_1_744' title='bbox 242 5314 364 5368; x_wconf 82' lang='lat' dir='ltr'><strong>ratis</strong></span> <span class='ocrx_word' id='word_1_745' title='bbox 404 5328 539 5367; x_wconf 90' lang='lat' dir='ltr'><strong>mss.</strong></span> <span class='ocrx_word' id='word_1_746' title='bbox 581 5313 919 5369; x_wconf 87' lang='lat' dir='ltr'><strong>correximus</strong></span> <span class='ocrx_word' id='word_1_747' title='bbox 959 5332 973 5367; x_wconf 88' lang='lat'><strong>:</strong></span> <span class='ocrx_word' id='word_1_748' title='bbox 1025 5324 1236 5369; x_wconf 81' lang='lat' dir='ltr'><strong>ctecaret</strong></span> <span class='ocrx_word' id='word_1_749' title='bbox 1270 5329 1447 5368; x_wconf 80' lang='lat' dir='ltr'><strong>autem</strong></span> <span class='ocrx_word' id='word_1_750' title='bbox 1493 5316 1723 5371; x_wconf 84' lang='lat' dir='ltr'><strong>refertur</strong></span> <span class='ocrx_word' id='word_1_751' title='bbox 1762 5315 1831 5371; x_wconf 90' lang='lat' dir='ltr'><strong>ad</strong></span> 
     </span>
    </p>
   </div>
   <div class='ocr_carea' id='block_1_100' title="bbox 243 5384 1686 5461">
    <p class='ocr_par' dir='ltr' id='par_1_100' title="bbox 243 5384 1686 5461">
     <span class='ocr_line' id='line_1_100' title="bbox 243 5384 1686 5461; baseline 0.002 -22"><span class='ocrx_word' id='word_1_752' title='bbox 243 5384 325 5439; x_wconf 81' lang='lat' dir='ltr'><strong>illa</strong></span> <span class='ocrx_word' id='word_1_753' title='bbox 357 5384 594 5461; x_wconf 46' lang='lat' dir='ltr'><strong>Isaia-uc.</strong></span> <span class='ocrx_word' id='word_1_754' title='bbox 626 5399 700 5451; x_wconf 83' lang='lat' dir='ltr'><strong>vi,</strong></span> <span class='ocrx_word' id='word_1_755' title='bbox 727 5400 779 5438; x_wconf 92' lang='lat' dir='ltr'><strong>v.</strong></span> <span class='ocrx_word' id='word_1_756' title='bbox 805 5384 910 5461; x_wconf 54' lang='lat'><strong>30:</strong></span> <span class='ocrx_word' id='word_1_757' title='bbox 943 5384 1280 5461; x_wconf 71' lang='lat' dir='ltr'><strong>Exetecacor</strong></span> <span class='ocrx_word' id='word_1_758' title='bbox 1298 5386 1477 5461; x_wconf 81' lang='lat' dir='ltr'><strong>populi</strong></span> <span class='ocrx_word' id='word_1_759' title='bbox 1512 5389 1686 5461; x_wconf 82' lang='lat' dir='ltr'><strong>hujus.</strong></span> 
     </span>
    </p>
   </div>
   <div class='ocr_carea' id='block_1_101' title="bbox 309 5455 1623 5522">
    <p class='ocr_par' dir='ltr' id='par_1_101' title="bbox 309 5455 1623 5522">
     <span class='ocr_line' id='line_1_101' title="bbox 309 5455 1623 5522; baseline 0.004 -13"><span class='ocrx_word' id='word_1_760' title='bbox 309 5464 333 5493; x_wconf 72' lang='lat'><strong><em>°</em></strong></span> <span class='ocrx_word' id='word_1_761' title='bbox 362 5456 421 5510; x_wconf 89' lang='lat' dir='ltr'><strong>In</strong></span> <span class='ocrx_word' id='word_1_762' title='bbox 451 5455 613 5510; x_wconf 86' lang='lat' dir='ltr'><strong>editis</strong></span> <span class='ocrx_word' id='word_1_763' title='bbox 645 5464 771 5509; x_wconf 88' lang='lat' dir='ltr'><strong>ante</strong></span> <span class='ocrx_word' id='word_1_764' title='bbox 796 5455 1000 5522; x_wconf 85' lang='lat' dir='ltr'><strong>Quesn.</strong></span> <span class='ocrx_word' id='word_1_765' title='bbox 1038 5455 1376 5512; x_wconf 77' lang='lat' dir='ltr'><strong>desideratur</strong></span> <span class='ocrx_word' id='word_1_766' title='bbox 1399 5455 1623 5514; x_wconf 78' lang='lat' dir='ltr'><strong>virtutis.</strong></span> 
     </span>
    </p>
   </div>
   <div class='ocr_carea' id='block_1_102' title="bbox 309 5522 1218 5591">
    <p class='ocr_par' dir='ltr' id='par_1_102' title="bbox 309 5522 1218 5591">
     <span class='ocr_line' id='line_1_102' title="bbox 309 5522 1218 5591; baseline 0 -10"><span class='ocrx_word' id='word_1_767' title='bbox 309 5522 333 5565; x_wconf 71' lang='grc' dir='ltr'>ί</span> <span class='ocrx_word' id='word_1_768' title='bbox 363 5525 549 5582; x_wconf 80' lang='lat' dir='ltr'><strong>Codex</strong></span> <span class='ocrx_word' id='word_1_769' title='bbox 581 5527 642 5581; x_wconf 86' lang='lat' dir='ltr'><strong>S.</strong></span> <span class='ocrx_word' id='word_1_770' title='bbox 674 5526 840 5591; x_wconf 63' lang='lat' dir='ltr'><strong>Petri,</strong></span> <span class='ocrx_word' id='word_1_771' title='bbox 874 5543 974 5581; x_wconf 89' lang='lat' dir='ltr'><strong>non</strong></span> <span class='ocrx_word' id='word_1_772' title='bbox 1003 5528 1218 5581; x_wconf 80' lang='lat' dir='ltr'><strong>scindet.</strong></span> 
     </span>
    </p>
   </div>
   <div class='ocr_carea' id='block_1_103' title="bbox 312 5597 1835 5668">
    <p class='ocr_par' dir='ltr' id='par_1_103' title="bbox 312 5597 1835 5668">
     <span class='ocr_line' id='line_1_103' title="bbox 312 5597 1835 5668; baseline 0.001 -15"><span class='ocrx_word' id='word_1_773' title='bbox 312 5605 340 5646; x_wconf 70' lang='grc' dir='ltr'>ι</span> <span class='ocrx_word' id='word_1_774' title='bbox 364 5597 658 5667; x_wconf 68' lang='lat' dir='ltr'><strong>Sequenti:-</strong></span> <span class='ocrx_word' id='word_1_775' title='bbox 691 5598 1058 5668; x_wconf 78' lang='lat' dir='ltr'><strong>supplevimus</strong></span> <span class='ocrx_word' id='word_1_776' title='bbox 1086 5615 1150 5653; x_wconf 91' lang='lat' dir='ltr'><strong>ex</strong></span> <span class='ocrx_word' id='word_1_777' title='bbox 1183 5598 1537 5655; x_wconf 87' lang='lat' dir='ltr'><strong>Lectiunariis</strong></span> <span class='ocrx_word' id='word_1_778' title='bbox 1581 5598 1639 5656; x_wconf 92' lang='lat' dir='ltr'><strong>S.</strong></span> <span class='ocrx_word' id='word_1_779' title='bbox 1684 5599 1835 5655; x_wconf 89' lang='lat' dir='ltr'><strong>Petri</strong></span> 
     </span>
    </p>
   </div>
   <div class='ocr_carea' id='block_1_104' title="bbox 247 5670 1833 5741">
    <p class='ocr_par' dir='ltr' id='par_1_104' title="bbox 247 5670 1833 5741">
     <span class='ocr_line' id='line_1_104' title="bbox 247 5670 1833 5741; baseline -0.001 -16"><span class='ocrx_word' id='word_1_780' title='bbox 247 5673 302 5725; x_wconf 70' lang='lat' dir='ltr'><strong>ei</strong></span> <span class='ocrx_word' id='word_1_781' title='bbox 322 5672 703 5741; x_wconf 82' lang='lat' dir='ltr'><strong>antiquissimo</strong></span> <span class='ocrx_word' id='word_1_782' title='bbox 734 5670 855 5724; x_wconf 89' lang='lat' dir='ltr'><strong>Vat.</strong></span> <span class='ocrx_word' id='word_1_783' title='bbox 890 5670 942 5723; x_wconf 93' lang='lat' dir='ltr'><strong>in</strong></span> <span class='ocrx_word' id='word_1_784' title='bbox 974 5686 1080 5739; x_wconf 91' lang='lat' dir='ltr'><strong>quo</strong></span> <span class='ocrx_word' id='word_1_785' title='bbox 1109 5674 1278 5725; x_wconf 86' lang='lat' dir='ltr'><strong>altero</strong></span> <span class='ocrx_word' id='word_1_786' title='bbox 1309 5672 1481 5725; x_wconf 90' lang='lat' dir='ltr'><strong>solum</strong></span> <span class='ocrx_word' id='word_1_787' title='bbox 1512 5672 1702 5741; x_wconf 89' lang='lat' dir='ltr'><strong>legitur</strong></span> <span class='ocrx_word' id='word_1_788' title='bbox 1733 5687 1833 5724; x_wconf 86' lang='lat' dir='ltr'><strong>au-</strong></span> 
     </span>
    </p>
   </div>
   <div class='ocr_carea' id='block_1_105' title="bbox 250 5740 1836 5810">
    <p class='ocr_par' dir='ltr' id='par_1_105' title="bbox 250 5740 1836 5810">
     <span class='ocr_line' id='line_1_105' title="bbox 250 5740 1836 5810; baseline 0.001 -16"><span class='ocrx_word' id='word_1_789' title='bbox 250 5741 399 5810; x_wconf 77' lang='lat' dir='ltr'><strong>ferret</strong></span> <span class='ocrx_word' id='word_1_790' title='bbox 433 5755 529 5809; x_wconf 88' lang='lat' dir='ltr'><strong>pro</strong></span> <span class='ocrx_word' id='word_1_791' title='bbox 563 5740 767 5809; x_wconf 75' lang='lat' dir='ltr'><strong>aufert,</strong></span> <span class='ocrx_word' id='word_1_792' title='bbox 804 5741 856 5794; x_wconf 89' lang='lat' dir='ltr'><strong>iu</strong></span> <span class='ocrx_word' id='word_1_793' title='bbox 888 5742 1060 5795; x_wconf 91' lang='lat' dir='ltr'><strong>altero</strong></span> <span class='ocrx_word' id='word_1_794' title='bbox 1089 5752 1268 5795; x_wconf 89' lang='lat' dir='ltr'><strong>autem</strong></span> <span class='ocrx_word' id='word_1_795' title='bbox 1299 5742 1540 5795; x_wconf 76' lang='lat' dir='ltr'><strong>discindit</strong></span> <span class='ocrx_word' id='word_1_796' title='bbox 1572 5740 1706 5796; x_wconf 85' lang='lat' dir='ltr'><strong>loco</strong></span> <span class='ocrx_word' id='word_1_797' title='bbox 1755 5743 1836 5795; x_wconf 87' lang='lat' dir='ltr'><strong>di-</strong></span> 
     </span>
    </p>
   </div>
   <div class='ocr_carea' id='block_1_106' title="bbox 248 5812 1833 5883">
    <p class='ocr_par' dir='ltr' id='par_1_106' title="bbox 248 5812 1833 5883">
     <span class='ocr_line' id='line_1_106' title="bbox 248 5812 1833 5883; baseline 0.003 -18"><span class='ocrx_word' id='word_1_798' title='bbox 446 5812 581 5866; x_wconf 83' lang='lat' dir='ltr'><strong>Erat</strong></span> <span class='ocrx_word' id='word_1_799' title='bbox 608 5816 661 5866; x_wconf 90' lang='lat' dir='ltr'><strong>in</strong></span> <span class='ocrx_word' id='word_1_800' title='bbox 690 5812 920 5882; x_wconf 85' lang='lat' dir='ltr'><strong>vulgatis</strong></span> <span class='ocrx_word' id='word_1_801' title='bbox 949 5824 1004 5866; x_wconf 92' lang='lat' dir='ltr'><strong>et</strong></span> <span class='ocrx_word' id='word_1_802' title='bbox 1031 5813 1151 5867; x_wconf 81' lang='lat' dir='ltr'><strong>aliis</strong></span> <span class='ocrx_word' id='word_1_803' title='bbox 1182 5813 1344 5868; x_wconf 92' lang='lat' dir='ltr'><strong>codd.</strong></span> <span class='ocrx_word' id='word_1_804' title='bbox 1387 5828 1522 5883; x_wconf 89' lang='lat' dir='ltr'><strong>quos</strong></span> <span class='ocrx_word' id='word_1_805' title='bbox 1550 5813 1780 5867; x_wconf 90' lang='lat' dir='ltr'><strong>vidimus</strong></span> <span class='ocrx_word' id='word_1_806' title='bbox 1816 5830 1833 5870; x_wconf 89' lang='lat'><strong>:</strong></span> 
     </span>
    </p>
   </div>
   <div class='ocr_carea' id='block_1_107' title="bbox 250 5883 1835 5955">
    <p class='ocr_par' dir='ltr' id='par_1_107' title="bbox 250 5883 1835 5955">
     <span class='ocr_line' id='line_1_107' title="bbox 250 5883 1835 5955; baseline 0 -16"><span class='ocrx_word' id='word_1_807' title='bbox 250 5884 429 5939; x_wconf 65' lang='lat' dir='ltr'><strong>ceteris</strong></span> <span class='ocrx_word' id='word_1_808' title='bbox 450 5883 675 5938; x_wconf 80' lang='lat' dir='ltr'><strong>instituti</strong></span> <span class='ocrx_word' id='word_1_809' title='bbox 702 5886 917 5953; x_wconf 82' lang='lat' dir='ltr'><strong>pertinet</strong></span> <span class='ocrx_word' id='word_1_810' title='bbox 937 5883 1118 5937; x_wconf 84' lang='lat' dir='ltr'><strong>eadem</strong></span> <span class='ocrx_word' id='word_1_811' title='bbox 1136 5884 1362 5955; x_wconf 81' lang='lat' dir='ltr'><strong>diruptio</strong></span> <span class='ocrx_word' id='word_1_812' title='bbox 1378 5884 1673 5943; x_wconf 84' lang='lat' dir='ltr'><strong>sacerdotii.</strong></span> <span class='ocrx_word' id='word_1_813' title='bbox 1692 5883 1835 5940; x_wconf 76' lang='lat' dir='ltr'><strong>Hinc</strong></span> 
     </span>
    </p>
   </div>
   <div class='ocr_carea' id='block_1_108' title="bbox 529 5977 1015 6039">
    <p class='ocr_par' dir='ltr' id='par_1_108' title="bbox 529 5977 1015 6039">
     <span class='ocr_line' id='line_1_108' title="bbox 529 5977 1015 6039; baseline -0.006 0"><span class='ocrx_word' id='word_1_814' title='bbox 529 5979 806 6039; x_wconf 62' lang='lat' dir='ltr'><strong>Panos.</strong></span> <span class='ocrx_word' id='word_1_815' title='bbox 857 5977 1015 6038; x_wconf 88' lang='lat' dir='ltr'><strong>LIV.</strong></span> 
     </span>
    </p>
   </div>
   <div class='ocr_carea' id='block_1_109' title="bbox 1920 4825 3530 4953">
    <p class='ocr_par' dir='ltr' id='par_1_109' title="bbox 1920 4825 3530 4953">
     <span class='ocr_line' id='line_1_109' title="bbox 1920 4825 3530 4953; baseline 0.007 -17"><span class='ocrx_word' id='word_1_816' title='bbox 1920 4825 2321 4944; x_wconf 46' lang='lat' dir='ltr'><strong>JaT’Ritiﬁmudi</strong></span> <span class='ocrx_word' id='word_1_817' title='bbox 2352 4896 2408 4941; x_wconf 90' lang='lat' dir='ltr'><strong>et</strong></span> <span class='ocrx_word' id='word_1_818' title='bbox 2434 4886 2709 4953; x_wconf 78' lang='lat' dir='ltr'><strong>Ouesnelli</strong></span> <span class='ocrx_word' id='word_1_819' title='bbox 2756 4888 3023 4944; x_wconf 85' lang='lat' dir='ltr'><strong>editiones</strong></span> <span class='ocrx_word' id='word_1_820' title='bbox 3066 4888 3247 4944; x_wconf 84' lang='lat' dir='ltr'><strong>delent</strong></span> <span class='ocrx_word' id='word_1_821' title='bbox 3276 4890 3361 4945; x_wconf 81' lang='lat' dir='ltr'><strong>sui</strong></span> <span class='ocrx_word' id='word_1_822' title='bbox 3390 4908 3411 4947; x_wconf 90' lang='lat'><strong><em>:</em></strong></span> <span class='ocrx_word' id='word_1_823' title='bbox 3442 4905 3530 4948; x_wconf 84' lang='lat' dir='ltr'><strong>re-</strong></span> 
     </span>
    </p>
   </div>
   <div class='ocr_carea' id='block_1_110' title="bbox 1930 4958 3416 5030">
    <p class='ocr_par' dir='ltr' id='par_1_110' title="bbox 1930 4958 3416 5030">
     <span class='ocr_line' id='line_1_110' title="bbox 1930 4958 3416 5030; baseline -0.001 -13"><span class='ocrx_word' id='word_1_824' title='bbox 1930 4960 2199 5017; x_wconf 86' lang='lat' dir='ltr'><strong>stituimns</strong></span> <span class='ocrx_word' id='word_1_825' title='bbox 2229 4975 2293 5013; x_wconf 85' lang='lat' dir='ltr'><strong>ex</strong></span> <span class='ocrx_word' id='word_1_826' title='bbox 2322 4958 2682 5013; x_wconf 87' lang='lat' dir='ltr'><strong>auterioribus</strong></span> <span class='ocrx_word' id='word_1_827' title='bbox 2709 4960 2890 5023; x_wconf 89' lang='lat' dir='ltr'><strong>editis,</strong></span> <span class='ocrx_word' id='word_1_828' title='bbox 2918 4962 3222 5030; x_wconf 83' lang='lat' dir='ltr'><strong>n0strisque</strong></span> <span class='ocrx_word' id='word_1_829' title='bbox 3253 4963 3416 5017; x_wconf 85' lang='lat' dir='ltr'><strong>codd.</strong></span> 
     </span>
    </p>
   </div>
   <div class='ocr_carea' id='block_1_111' title="bbox 2009 5031 3529 5105">
    <p class='ocr_par' dir='ltr' id='par_1_111' title="bbox 2009 5031 3529 5105">
     <span class='ocr_line' id='line_1_111' title="bbox 2009 5031 3529 5105; baseline 0.003 -21"><span class='ocrx_word' id='word_1_830' title='bbox 2009 5032 2027 5068; x_wconf 71' lang='grc' dir='ltr'>ί</span> <span class='ocrx_word' id='word_1_831' title='bbox 2055 5032 2308 5105; x_wconf 72' lang='lat' dir='ltr'><strong>Quzedam</strong></span> <span class='ocrx_word' id='word_1_832' title='bbox 2331 5031 2619 5105; x_wconf 74' lang='lat' dir='ltr'><strong>editiones,</strong></span> <span class='ocrx_word' id='word_1_833' title='bbox 2641 5042 2949 5105; x_wconf 71' lang='lat' dir='ltr'><strong>exercentes,</strong></span> <span class='ocrx_word' id='word_1_834' title='bbox 2974 5031 3113 5085; x_wconf 86' lang='lat' dir='ltr'><strong>male</strong></span> <span class='ocrx_word' id='word_1_835' title='bbox 3137 5048 3151 5085; x_wconf 87' lang='lat'><strong>:</strong></span> <span class='ocrx_word' id='word_1_836' title='bbox 3176 5042 3233 5087; x_wconf 92' lang='lat' dir='ltr'><strong>et</strong></span> <span class='ocrx_word' id='word_1_837' title='bbox 3253 5035 3529 5105; x_wconf 85' lang='lat' dir='ltr'><strong>aliquanto</strong></span> 
     </span>
    </p>
   </div>
   <div class='ocr_carea' id='block_1_112' title="bbox 1936 5102 3103 5174">
    <p class='ocr_par' dir='ltr' id='par_1_112' title="bbox 1936 5102 3103 5174">
     <span class='ocr_line' id='line_1_112' title="bbox 1936 5102 3103 5174; baseline -0.002 -16"><span class='ocrx_word' id='word_1_838' title='bbox 1936 5112 2057 5174; x_wconf 88' lang='lat' dir='ltr'><strong>post</strong></span> <span class='ocrx_word' id='word_1_839' title='bbox 2087 5114 2247 5174; x_wconf 79' lang='lat' dir='ltr'><strong>totum</strong></span> <span class='ocrx_word' id='word_1_840' title='bbox 2271 5102 2472 5174; x_wconf 78' lang='lat' dir='ltr'><strong>facinus</strong></span> <span class='ocrx_word' id='word_1_841' title='bbox 2504 5104 2622 5155; x_wconf 90' lang='lat' dir='ltr'><strong>loco</strong></span> <span class='ocrx_word' id='word_1_842' title='bbox 2653 5113 2855 5156; x_wconf 87' lang='lat' dir='ltr'><strong>tantum</strong></span> <span class='ocrx_word' id='word_1_843' title='bbox 2881 5104 3103 5174; x_wconf 82' lang='lat' dir='ltr'><strong>facinus.</strong></span> 
     </span>
    </p>
   </div>
   <div class='ocr_carea' id='block_1_113' title="bbox 2010 5172 3526 5234">
    <p class='ocr_par' dir='ltr' id='par_1_113' title="bbox 2010 5172 3526 5234">
     <span class='ocr_line' id='line_1_113' title="bbox 2010 5172 3526 5234; baseline 0.006 -10"><span class='ocrx_word' id='word_1_844' title='bbox 2010 5174 2024 5224; x_wconf 86' lang='lat' dir='ltr'><strong>i</strong></span> <span class='ocrx_word' id='word_1_845' title='bbox 2068 5172 2410 5227; x_wconf 68' lang='lat' dir='ltr'><strong>Prae-ferenda</strong></span> <span class='ocrx_word' id='word_1_846' title='bbox 2448 5188 2560 5226; x_wconf 75' lang='lat' dir='ltr'><strong>vrsa</strong></span> <span class='ocrx_word' id='word_1_847' title='bbox 2608 5184 2685 5227; x_wconf 87' lang='lat' dir='ltr'><strong>est</strong></span> <span class='ocrx_word' id='word_1_848' title='bbox 2744 5176 2859 5229; x_wconf 69' lang='lat' dir='ltr'><strong>haec</strong></span> <span class='ocrx_word' id='word_1_849' title='bbox 2899 5173 3060 5229; x_wconf 85' lang='lat' dir='ltr'><strong>lectio</strong></span> <span class='ocrx_word' id='word_1_850' title='bbox 3105 5188 3208 5230; x_wconf 88' lang='lat' dir='ltr'><strong>ms.</strong></span> <span class='ocrx_word' id='word_1_851' title='bbox 3253 5174 3311 5232; x_wconf 91' lang='lat' dir='ltr'><strong>S.</strong></span> <span class='ocrx_word' id='word_1_852' title='bbox 3356 5176 3526 5234; x_wconf 86' lang='lat' dir='ltr'><strong>Petri.</strong></span> 
     </span>
    </p>
   </div>
   <div class='ocr_carea' id='block_1_114' title="bbox 1943 5242 2738 5311">
    <p class='ocr_par' dir='ltr' id='par_1_114' title="bbox 1943 5242 2738 5311">
     <span class='ocr_line' id='line_1_114' title="bbox 1943 5242 2738 5311; baseline -0.009 -11"><span class='ocrx_word' id='word_1_853' title='bbox 1943 5244 2055 5310; x_wconf 80' lang='lat' dir='ltr'><strong>A|.,</strong></span> <span class='ocrx_word' id='word_1_854' title='bbox 2090 5246 2163 5297; x_wconf 88' lang='lat' dir='ltr'><strong>ita</strong></span> <span class='ocrx_word' id='word_1_855' title='bbox 2189 5244 2360 5298; x_wconf 82' lang='lat' dir='ltr'><strong>debuit</strong></span> <span class='ocrx_word' id='word_1_856' title='bbox 2392 5258 2494 5296; x_wconf 87' lang='lat' dir='ltr'><strong>non</strong></span> <span class='ocrx_word' id='word_1_857' title='bbox 2522 5242 2738 5311; x_wconf 72' lang='lat' dir='ltr'><strong>eﬂ‘undi.</strong></span> 
     </span>
    </p>
   </div>
   <div class='ocr_carea' id='block_1_115' title="bbox 2010 5314 3533 5386">
    <p class='ocr_par' dir='ltr' id='par_1_115' title="bbox 2010 5314 3533 5386">
     <span class='ocr_line' id='line_1_115' title="bbox 2010 5314 3533 5386; baseline 0.002 -16"><span class='ocrx_word' id='word_1_858' title='bbox 2010 5314 2036 5351; x_wconf 70' lang='grc' dir='ltr'><strong><em>κ</em></strong></span> <span class='ocrx_word' id='word_1_859' title='bbox 2070 5314 2143 5370; x_wconf 85' lang='lat' dir='ltr'><strong>Ita</strong></span> <span class='ocrx_word' id='word_1_860' title='bbox 2202 5318 2420 5386; x_wconf 68' lang='lat' dir='ltr'><strong>optime</strong></span> <span class='ocrx_word' id='word_1_861' title='bbox 2447 5315 2754 5369; x_wconf 86' lang='lat' dir='ltr'><strong>emendavit</strong></span> <span class='ocrx_word' id='word_1_862' title='bbox 2805 5315 3163 5386; x_wconf 81' lang='lat' dir='ltr'><strong>Quesnellus,</strong></span> <span class='ocrx_word' id='word_1_863' title='bbox 3222 5326 3279 5371; x_wconf 91' lang='lat' dir='ltr'><strong>ut</strong></span> <span class='ocrx_word' id='word_1_864' title='bbox 3328 5315 3533 5374; x_wconf 85' lang='lat' dir='ltr'><strong>habent</strong></span> 
     </span>
    </p>
   </div>
   <div class='ocr_carea' id='block_1_116' title="bbox 1938 5385 3133 5447">
    <p class='ocr_par' dir='ltr' id='par_1_116' title="bbox 1938 5385 3133 5447">
     <span class='ocr_line' id='line_1_116' title="bbox 1938 5385 3133 5447; baseline -0.002 -4"><span class='ocrx_word' id='word_1_865' title='bbox 1938 5386 2098 5443; x_wconf 85' lang='lat' dir='ltr'><strong>etiam</strong></span> <span class='ocrx_word' id='word_1_866' title='bbox 2134 5392 2302 5440; x_wconf 86' lang='lat' dir='ltr'><strong>nostri</strong></span> <span class='ocrx_word' id='word_1_867' title='bbox 2327 5385 2484 5440; x_wconf 90' lang='lat' dir='ltr'><strong>codd.</strong></span> <span class='ocrx_word' id='word_1_868' title='bbox 2517 5386 2712 5439; x_wconf 69' lang='lat' dir='ltr'><strong>(Jteteri</strong></span> <span class='ocrx_word' id='word_1_869' title='bbox 2734 5387 2885 5447; x_wconf 79' lang='lat' dir='ltr'><strong>editi.</strong></span> <span class='ocrx_word' id='word_1_870' title='bbox 2909 5388 3133 5441; x_wconf 86' lang='lat' dir='ltr'><strong>sedente.</strong></span> 
     </span>
    </p>
   </div>
   <div class='ocr_carea' id='block_1_117' title="bbox 2016 5455 3139 5531">
    <p class='ocr_par' dir='ltr' id='par_1_117' title="bbox 2016 5455 3139 5531">
     <span class='ocr_line' id='line_1_117' title="bbox 2016 5455 3139 5531; baseline 0 -21"><span class='ocrx_word' id='word_1_871' title='bbox 2016 5455 2035 5495; x_wconf 78' lang='grc'><strong>1</strong></span> <span class='ocrx_word' id='word_1_872' title='bbox 2069 5456 2201 5531; x_wconf 66' lang='lat' dir='ltr'><strong>Cod.</strong></span> <span class='ocrx_word' id='word_1_873' title='bbox 2236 5459 2366 5511; x_wconf 83' lang='lat' dir='ltr'><strong>Bon.</strong></span> <span class='ocrx_word' id='word_1_874' title='bbox 2403 5455 2593 5531; x_wconf 58' lang='lat' dir='ltr'><strong>Merito</strong></span> <span class='ocrx_word' id='word_1_875' title='bbox 2623 5458 2783 5531; x_wconf 74' lang='lat' dir='ltr'><strong>igitur</strong></span> <span class='ocrx_word' id='word_1_876' title='bbox 2814 5475 2904 5526; x_wconf 86' lang='lat' dir='ltr'><strong>per</strong></span> <span class='ocrx_word' id='word_1_877' title='bbox 2926 5460 3139 5531; x_wconf 48' lang='lat' dir='ltr'><strong>lignum:</strong></span> 
     </span>
    </p>
   </div>
   <div class='ocr_carea' id='block_1_118' title="bbox 2011 5526 3530 5597">
    <p class='ocr_par' dir='ltr' id='par_1_118' title="bbox 2011 5526 3530 5597">
     <span class='ocr_line' id='line_1_118' title="bbox 2011 5526 3530 5597; baseline 0.001 -13"><span class='ocrx_word' id='word_1_878' title='bbox 2011 5529 2161 5584; x_wconf 73' lang='lat' dir='ltr'><strong>Ill&#39;Sic</strong></span> <span class='ocrx_word' id='word_1_879' title='bbox 2210 5544 2279 5584; x_wconf 89' lang='lat' dir='ltr'><strong>ex</strong></span> <span class='ocrx_word' id='word_1_880' title='bbox 2307 5526 2685 5597; x_wconf 72' lang='lat' dir='ltr'><strong>antiquissimo</strong></span> <span class='ocrx_word' id='word_1_881' title='bbox 2720 5529 2835 5584; x_wconf 85' lang='lat' dir='ltr'><strong>Vat.</strong></span> <span class='ocrx_word' id='word_1_882' title='bbox 2867 5543 2921 5586; x_wconf 88' lang='lat' dir='ltr'><strong>et</strong></span> <span class='ocrx_word' id='word_1_883' title='bbox 2950 5526 3052 5583; x_wconf 80' lang='lat' dir='ltr'><strong>riis.</strong></span> <span class='ocrx_word' id='word_1_884' title='bbox 3104 5528 3163 5584; x_wconf 93' lang='lat' dir='ltr'><strong>S.</strong></span> <span class='ocrx_word' id='word_1_885' title='bbox 3218 5526 3387 5584; x_wconf 87' lang='lat' dir='ltr'><strong>Petri.</strong></span> <span class='ocrx_word' id='word_1_886' title='bbox 3437 5530 3530 5586; x_wconf 84' lang='lat' dir='ltr'><strong>Al.</strong></span> 
     </span>
    </p>
   </div>
   <div class='ocr_carea' id='block_1_119' title="bbox 1942 5602 2681 5670">
    <p class='ocr_par' dir='ltr' id='par_1_119' title="bbox 1942 5602 2681 5670">
     <span class='ocr_line' id='line_1_119' title="bbox 1942 5602 2681 5670; baseline 0 -16"><span class='ocrx_word' id='word_1_887' title='bbox 1942 5613 2227 5670; x_wconf 86' lang='lat' dir='ltr'><strong>perperam</strong></span> <span class='ocrx_word' id='word_1_888' title='bbox 2268 5602 2681 5654; x_wconf 86' lang='lat' dir='ltr'><strong>commutatione.</strong></span> 
     </span>
    </p>
   </div>
   <div class='ocr_carea' id='block_1_120' title="bbox 2012 5669 3534 5743">
    <p class='ocr_par' dir='ltr' id='par_1_120' title="bbox 2012 5669 3534 5743">
     <span class='ocr_line' id='line_1_120' title="bbox 2012 5669 3534 5743; baseline 0.001 -17"><span class='ocrx_word' id='word_1_889' title='bbox 2012 5680 2043 5707; x_wconf 77' lang='grc' dir='ltr'>ιι</span> <span class='ocrx_word' id='word_1_890' title='bbox 2069 5670 2490 5740; x_wconf 81' lang='lat' dir='ltr'><strong>Antiquissimus</strong></span> <span class='ocrx_word' id='word_1_891' title='bbox 2512 5670 2655 5740; x_wconf 86' lang='lat' dir='ltr'><strong>Vat.,</strong></span> <span class='ocrx_word' id='word_1_892' title='bbox 2678 5686 2844 5737; x_wconf 87' lang='lat' dir='ltr'><strong>suam,</strong></span> <span class='ocrx_word' id='word_1_893' title='bbox 2863 5678 2917 5727; x_wconf 90' lang='lat' dir='ltr'><strong>et</strong></span> <span class='ocrx_word' id='word_1_894' title='bbox 2940 5669 3062 5727; x_wconf 88' lang='lat' dir='ltr'><strong>dein</strong></span> <span class='ocrx_word' id='word_1_895' title='bbox 3085 5677 3415 5725; x_wconf 72' lang='lat' dir='ltr'><strong>monumenta</strong></span> <span class='ocrx_word' id='word_1_896' title='bbox 3440 5690 3534 5743; x_wconf 85' lang='lat' dir='ltr'><strong>pa-</strong></span> 
     </span>
    </p>
   </div>
   <div class='ocr_carea' id='block_1_121' title="bbox 1943 5743 2131 5797">
    <p class='ocr_par' dir='ltr' id='par_1_121' title="bbox 1943 5743 2131 5797">
     <span class='ocr_line' id='line_1_121' title="bbox 1943 5743 2131 5797; baseline 0.005 -1"><span class='ocrx_word' id='word_1_897' title='bbox 1943 5743 2131 5797; x_wconf 72' lang='lat' dir='ltr'><strong>tefect&#39;t.</strong></span> 
     </span>
    </p>
   </div>
   <div class='ocr_carea' id='block_1_122' title="bbox 1992 5743 3537 5883">
    <p class='ocr_par' dir='ltr' id='par_1_122' title="bbox 1992 5743 3537 5883">
     <span class='ocr_line' id='line_1_122' title="bbox 1992 5743 3537 5883; baseline 0.003 -15"><span class='ocrx_word' id='word_1_898' title='bbox 1992 5743 2399 5870; x_wconf 47' lang='lat' dir='ltr'><strong>rgﬂkddidimus</strong></span> <span class='ocrx_word' id='word_1_899' title='bbox 2426 5814 2558 5867; x_wconf 83' lang='lat' dir='ltr'><strong>enim</strong></span> <span class='ocrx_word' id='word_1_900' title='bbox 2580 5828 2646 5867; x_wconf 89' lang='lat' dir='ltr'><strong>ex</strong></span> <span class='ocrx_word' id='word_1_901' title='bbox 2681 5812 2889 5867; x_wconf 88' lang='lat' dir='ltr'><strong>duobus</strong></span> <span class='ocrx_word' id='word_1_902' title='bbox 2940 5813 3401 5883; x_wconf 61' lang='lat' dir='ltr'><strong>priestantissimis</strong></span> <span class='ocrx_word' id='word_1_903' title='bbox 3428 5814 3537 5872; x_wconf 79' lang='lat' dir='ltr'><strong>Ro-</strong></span> 
     </span>
    </p>
   </div>
   <div class='ocr_carea' id='block_1_123' title="bbox 1942 5884 2897 5954">
    <p class='ocr_par' dir='ltr' id='par_1_123' title="bbox 1942 5884 2897 5954">
     <span class='ocr_line' id='line_1_123' title="bbox 1942 5884 2897 5954; baseline -0.002 -13"><span class='ocrx_word' id='word_1_904' title='bbox 1942 5885 2117 5943; x_wconf 82' lang='lat' dir='ltr'><strong>manis</strong></span> <span class='ocrx_word' id='word_1_905' title='bbox 2141 5884 2299 5943; x_wconf 89' lang='lat' dir='ltr'><strong>codd.</strong></span> <span class='ocrx_word' id='word_1_906' title='bbox 2343 5886 2540 5954; x_wconf 60' lang='lat' dir='ltr'><strong>saepius</strong></span> <span class='ocrx_word' id='word_1_907' title='bbox 2570 5884 2897 5941; x_wconf 88' lang='lat' dir='ltr'><strong>memoratis.</strong></span> 
     </span>
    </p>
   </div>
   <div class='ocr_carea' id='block_1_124' title="bbox 3028 5980 3095 6036">
    <p class='ocr_par' dir='ltr' id='par_1_124' title="bbox 3028 5980 3095 6036">
     <span class='ocr_line' id='line_1_124' title="bbox 3028 5980 3095 6036; baseline -0.015 0"><span class='ocrx_word' id='word_1_908' title='bbox 3028 5980 3095 6036; x_wconf 79' lang='grc'><strong>11</strong></span> 
     </span>
    </p>
   </div>
  </div>
