3994 6354
226 364 371 439 εἶξα

1639 361 1871 435 5ΕῆΜο
1910 362 2091 425 LVIII.

3427 377 3539 455 554

184 476 185 479 “
222 480 404 551 stiam
436 478 649 549 transit,
693 475 956 552 sanguine
995 476 1215 550 sanguis
1260 476 1521 548 aufertur,
1552 484 1606 533 et
1645 476 1834 549 legalis
1863 485 1914 555 Α
1941 482 2099 536 Amen
2130 481 2247 537 dico
2273 481 2430 551 vobis,
2463 485 2600 556 quod
2628 501 2757 549 unus
2788 497 3005 543 vestrum
3031 504 3109 545 me
3136 492 3419 551 traditurus
3455 505 3537 557 est

222 574 513 643 festivitas
541 573 667 629 dum
698 581 958 641 mutatur,
991 570 1269 643 impletur.

303 667 449 723 Car.
486 664 804 723 II.—.-Unde
843 680 965 729 cum
1012 664 1223 720 scribas
1251 671 1307 719 et
1353 663 1596 725 seniores
1651 659 1836 734 populi

220 771 250 800 ε
299 762 377 820 ad
434 761 657 832 impium
717 760 999 816 consilium
1068 760 1352 832 pontilices
1415 764 1833 828 congregarent,

215 858 590 929 omniumque
617 855 826 911 animos
870 853 1209 909 sacerdotum
1238 867 1367 917 cura
1416 848 1732 907 admittendi
1780 849 1835 902 in

216 950 425 1017 Iesum
458 948 681 1019 sceleris
708 954 1047 1019 occupasset,
1070 946 1171 1017 ipsi
1199 959 1259 1002 se
1284 945 1533 1000 doctores
1559 943 1691 1013 legis
1717 940 1836 1012 lege

214 1042 555 1111 privarunt,
596 1050 649 1095 et
694 1048 994 1110 spontaneo
1038 1037 1253 1095 delectu
1295 1036 1431 1092 ritus
1480 1035 1583 1091 sibi
1633 1034 1834 1104 patrios

214 1133 247 1173 δ
278 1136 654 1201 sustulerunt.
702 1134 999 1209 Incipiente
1038 1134 1183 1187 enim
1224 1130 1522 1195 festivitate
1571 1128 1831 1199 paschali,

216 1227 323 1299 qui
366 1242 567 1295 ornare
598 1225 878 1301 templum,
910 1220 1175 1291 mundare
1215 1238 1366 1290 vasa,
1410 1222 1657 1278 victimas
1705 1236 1833 1291 pro-

212 1323 445 1392 videre,
482 1330 539 1379 et
577 1321 831 1401 legitimis
867 1317 1337 1393 purilicationibus
1375 1316 1722 1383 sacratiorem
1754 1314 1834 1371 di-

208 1418 517 1491 ligentiam
539 1417 799 1477 adhibere
820 1414 1138 1479 debuerant,
1163 1412 1497 1484 parricidalis
1520 1410 1628 1467 odii
1652 1412 1834 1466 lurore

209 1525 524 1586 concepto,
555 1513 622 1577 ad
650 1528 813 1567 unum
842 1525 977 1582 opus
1004 1518 1217 1576 vacant,
1245 1515 1298 1563 et
1341 1507 1394 1561 in
1426 1522 1592 1561 unum
1624 1506 1830 1561 facinus

207 1610 396 1677 simili
427 1608 747 1673 crudelitate
777 1606 1082 1675 coniurant,
1119 1614 1141 1642 ο
1185 1602 1259 1657 nil
1290 1601 1589 1657 assecuturi
1630 1600 1833 1671 suppli-

208 1706 305 1767 cio
343 1702 669 1771 innocentia:
704 1698 808 1767 det
838 1699 1289 1761 condemnatione
1334 1695 1583 1768 iustitiae,
1632 1695 1740 1749 nisi
1774 1702 1833 1749 ut

209 1808 269 1867 et
320 1814 475 1865 quva
524 1796 778 1871 mysteria
821 1811 930 1851 non
975 1790 1467 1867 apprehenderent,
1518 1799 1571 1844 et
1610 1788 1830 1861 antiqua

1942 572 2169 645 (Matth.
2222 592 2369 645 xxvr,
2418 576 2543 651 Sil),
2580 588 2759 635 notam
2801 581 2899 636 sibi
2948 581 3244 654 proditoris
3285 589 3365 645 sui
3395 605 3532 647 con-
3592 596 3605 605 "

1939 670 2219 733 scientiam
2258 671 2652 731 demonstravit
2680 690 2696 731 :
2724 690 2834 731 non
2861 692 3051 750 aspera
3080 695 3181 739 nec
3210 694 3395 754 aperta
3423 686 3529 744 im-

1938 761 2086 833 pium
2138 764 2506 835 increpatione
2555 768 2913 842 confundens,
2963 773 3057 829 sed
3112 775 3221 831 leni
3264 791 3329 835 ac
3369 780 3530 837 tacita

1939 856 2306 919 admonitione
2333 862 2691 929 conveniens;
2719 873 2777 919 ut
2804 864 3014 921 facilius
3034 870 3329 941 corrigeret
3354 872 3529 942 paeni-

1938 950 2091 1020 tudo,
2126 968 2281 1023 qnem
2312 953 2457 1009 nulla
2496 953 2851 1013 deformasset
2895 959 3147 1030 abjectio.
3179 959 3309 1031 Cur,
3342 963 3531 1024 infelix

1937 1041 2096 1113 Juda,
2127 1053 2271 1101 tanta
2296 1046 2629 1121 benignitate
2654 1063 2761 1104 non
2786 1050 2996 1107 uteris?
3021 1053 3157 1111 Ecce
3180 1058 3351 1129 parcit
3374 1056 3390 1109 l
3431 1075 3529 1115 au-

1934 1136 2084 1192 sibus
2137 1140 2245 1195 tuis
2295 1140 2572 1211 Dominus,
2624 1152 2676 1199 et
2721 1144 2853 1199 nulli
2887 1154 2960 1213 te,
2998 1145 3103 1201 nisi
3158 1151 3274 1217 tibi,
3327 1152 3533 1211 indicat

1935 1228 2182 1289 Christus
2212 1250 2225 1287 :
2258 1248 2356 1295 nec
2388 1249 2583 1290 nomen
2615 1244 2786 1303 tuum,
2816 1250 2919 1291 nec
2957 1252 3184 1307 persona
3234 1241 3523 1317 detegitur,

1936 1328 2030 1385 sed
2064 1331 2306 1387 veritatis
2337 1340 2391 1387 et
2446 1332 2834 1393 misericordiae
2861 1334 3050 1404 verbo,
3087 1336 3266 1394 cordis
3316 1349 3526 1405 tantum

1936 1423 2011 1479 tui
2042 1439 2234 1479 arcana
2266 1434 2579 1497 tanguntur.
2621 1426 2741 1489 Non
2782 1428 3063 1499 apostolici
3092 1430 3300 1491 ordinis
3329 1432 3526 1505 honor,

1936 1532 2043 1573 non
2084 1528 2547 1576 sacramentorum
2582 1522 2676 1576 tibi
2702 1523 3013 1578 communio
3040 1524 3358 1597 denegatur.
3391 1526 3529 1587 Redi

1934 1609 1988 1664 in
2016 1610 2307 1682 integrum,
2333 1623 2386 1667 et
2416 1613 2662 1683 deposito
2692 1612 2874 1673 lurore
2910 1614 3188 1687 resipisce.
3224 1618 3527 1675 Clementia

1933 1701 2143 1769 invitat,
2176 1704 2319 1758 salus
2345 1706 2540 1774 pulsat,
2574 1706 2598 1742 κ
2623 1705 2689 1759 ad
2713 1706 2876 1760 vitam
2904 1707 3009 1761 vita
3040 1716 3092 1763 te
3117 1718 3355 1765 revocat.
3384 1710 3528 1765 Ecce

1932 1794 2259 1851 immaculati
2293 1803 2349 1852 et
2380 1798 2541 1875 221
2572 1797 2886 1857 innocentes
2914 1798 3268 1871 condiscipuli
3302 1803 3373 1863 tui
3408 1800 3427 1840 1
3456 1803 3528 1860 ad

210 1891 521 1957 violarent.
558 1888 972 1955 Providentibus
1014 1900 1143 1956 ergo
1171 1883 1527 1955 principibus,
1562 1897 1629 1936 ne
1658 1882 1711 1935 in
1740 1880 1818 1935 die

1934 1886 2380 1959 significationem
2408 1889 2664 1944 facinoris
2687 1898 3070 1967 expavescunt,
3102 1900 3157 1955 et
3186 1907 3374 1953 omnes
3395 1894 3522 1965 sibi,

211 1993 239 2021 ε
266 1992 479 2039 sancto
507 1983 761 2047 tumultus
793 1983 1049 2049 oriretur,
1087 1995 1195 2045 non
1236 1978 1533 2042 festivitati,
1569 1975 1666 2032 sed
1696 1974 1828 2033 faci-

206 2080 347 2145 nori
375 2077 727 2147 studebatur;
756 2091 856 2143 nec
888 2074 1133 2145 religioni
1169 2071 1188 2109 τ
1224 2072 1496 2137 serviebat
1527 2069 1642 2125 hzec
1672 2084 1823 2135 cura,

206 2169 317 2239 sed
354 2169 595 2239 crimini.
646 2168 937 2239 Diligentes
985 2166 1126 2231 enim
1172 2164 1461 2236 pontiﬁces
1507 2170 1562 2223 et
1611 2158 1828 2219 solliciti

207 2261 579 2333 sacerdotes,
628 2260 925 2327 seditiones
972 2258 1253 2321 turbarum
1298 2254 1416 2317 fieri
1459 2253 1509 2309 in
1555 2255 1826 2324 praecipua

205 2356 575 2427 splemnitate
620 2354 952 2422 metuebant,
1002 2353 1167 2435 220
1216 2366 1323 2417 non
1353 2359 1414 2413 ut
1459 2349 1685 2422 populus
1719 2364 1825 2404 non

208 2458 510 2520 mearet,
540 2446 639 2515 sed
652 2462 731 2515 ne
752 2446 1007 2513 Christus
1037 2444 1319 2515 evaderet.

285 2544 431 2613 ευ,
454 2544 556 2611 λιιι.
576 2571 647 2583 —-
664 2544 735 2613 At
755 2542 913 2609 Jesus
939 2542 1149 2598 consilii
1174 2542 1257 2605 sui
1282 2546 1485 2605 certus,
1511 2546 1566 2594 et
1588 2538 1638 2591 in
1658 2551 1829 2609 opere

210 2649 475 2710 paternas
508 2647 533 2685 ε
560 2638 931 2709 dispositionis
976 2636 1297 2706 intrepidus,
1327 2642 1479 2689 vetus
1505 2634 1825 2689 Testamen-

208 2744 334 2799 tum
366 2732 803 2801 consummabant,
829 2741 886 2812 et
914 2746 1111 2797 novum
1140 2730 1348 2795 Pascha
1374 2729 1662 2789 condebat.
1695 2729 1821 2784 Dis-

208 2828 607 2897 cutnbentibus
648 2830 795 2895 enim
835 2824 864 2863 ιι
892 2842 1079 2895 secum,
1121 2826 1399 2895 discipulis
1438 2824 1507 2883 ad
1556 2823 1822 2887 edendam

209 2922 510 2993 mysticam
556 2936 793 2989 ctenim),
834 2935 955 2975 cum
989 2920 1041 2977 in
1072 2918 1290 2991 Caipha:
1333 2917 1469 2983 atrio
1500 2926 1825 2981 tractamur

210 3016 501 3089 quomodo
523 3016 771 3083 Christus
796 3023 983 3086 posset
1004 3014 1203 3081 occidi,
1238 3014 1327 3071 ille
1354 3012 1598 3081 corporis
1624 3022 1677 3066 et
1698 3026 1825 3071 san-

210 3111 399 3180 guinis
440 3110 529 3175 sui
577 3109 834 3175 ordinans
884 3118 1320 3175 sacramentum,
1373 3106 1601 3169 docebat
1649 3105 1824 3175 qualus

212 3202 334 3259 Deo
384 3201 564 3267 hostia
615 3202 839 3257 deberet
878 3199 1085 3269 oIIcrri,
1118 3215 1186 3255 ne
1218 3199 1284 3259 ab
1317 3200 1419 3261 hoc
1456 3198 1672 3269 quidem
1704 3213 1822 3268 my-

1933 1994 2038 2033 non
2063 1979 2212 2034 edito
2244 1979 2537 2049 impietatis
2585 1992 2826 2051 auctore,
2861 1982 3172 2041 formidant.
3204 1984 3524 2040 Contristati

1932 2074 2074 2131 enim
2106 2083 2251 2143 sunt,
2287 2090 2394 2129 non
2426 2075 2492 2133 de
2530 2075 2875 2135 conscientia:
2903 2088 3076 2147 reatu,
3110 2078 3204 2141 sed
3235 2078 3307 2143 de
3334 2084 3523 2134 Imma-

1932 2183 2015 2223 na:
2062 2166 2436 2223 mutabilitatis
2465 2168 2695 2238 incerto,
2731 2171 2979 2231 timentes
3015 2186 3081 2227 ne
3112 2170 3290 2233 minus
3334 2188 3526 2231 verum

1931 2269 2074 2317 esset
2111 2262 2256 2331 quod
2288 2262 2340 2316 in
2381 2277 2440 2318 se
2470 2264 2697 2333 quisque
2744 2273 2989 2333 noverat,
3035 2280 3194 2335 quam
3226 2267 3366 2337 quod
3407 2268 3527 2339 ipsa

1931 2351 2149 2415 Veritas
2198 2353 2546 2423 prmvidchat.
2598 2353 2675 2411 Tu
2720 2365 2897 2415 autem
2929 2354 2981 2415 in
3024 2356 3123 2421 hac
3163 2358 3525 2431 trepidatione

1929 2456 2240 2509 sanctorum
2271 2447 2508 2502 abuteris
2537 2446 2746 2501 Domini
2775 2448 3052 2519 patientia,
3091 2457 3147 2513 et,
3182 2448 3439 2505 abscondi
3473 2459 3528 2517 te

1930 2546 2021 2597 tua
2052 2538 2228 2594 credis
2258 2538 2502 2594 audacia.
2536 2538 2704 2595 Addis
2747 2539 3134 2609 impudentiam
3179 2541 3393 2606 sceleri,
3424 2557 3526 2598 nec

1930 2634 2084 2706 signo
2112 2633 2447 2691 evidentiore
2474 2634 2718 2691 terreris.
2747 2634 2989 2707 Cumque
3019 2650 3078 2692 se
3102 2650 3132 2690 a
3162 2637 3286 2691 cibo
3315 2636 3429 2703 alii,
3470 2637 3529 2694 in

1929 2743 2037 2801 quo
2088 2727 2343 2785 indicium
2371 2737 2411 2764 ιιι
2438 2728 2691 2784 Dominus
2741 2739 3015 2801 posuerat,
3068 2732 3431 2799 continerent,
3465 2738 3528 2786 tu

1929 2836 2149 2885 manum
2168 2835 2276 2881 non
2311 2820 2543 2883 retrahis
2579 2836 2608 2876 a
2653 2822 2962 2894 paropside,
2982 2822 3107 2892 quia
3126 2824 3364 2881 animum
3413 2839 3525 2880 non

1928 2916 2129 2973 avertis
2152 2931 2183 2973 a
2208 2915 2457 2975 crimine.

1999 3008 2127 3069 ω.
2156 3007 2601 3069 1V.—Secutum
2633 3015 2716 3067 est
2757 3006 2962 3080 itaque,
2994 3007 3351 3080 dilectissimi,
3381 3008 3525 3068 sicut

1927 3099 2165 3159 Joannes
2189 3100 2535 3171 Evangelista
2556 3109 2583 3136 ιι
2612 3105 2873 3167 narravit,
2900 3113 2956 3163 ut
2978 3115 3103 3159 cum
3146 3102 3394 3159 traditori
3424 3118 3527 3160 suo

1929 3195 2190 3253 Dominus
2214 3196 2552 3255 manifestius
2585 3196 2920 3268 designando
2953 3212 3145 3269 panem
3189 3197 3527 3269 porrexisset

210 3295 389 3359 sterio
419 3295 683 3361 traditore
711 3294 990 3360 submoto;
1016 3303 1082 3359 ut
1122 3291 1503 3357 ostenderetur
1555 3291 1696 3351 nulla
1738 3291 1817 3349 iu-
1848 3273 1903 3345 (λ
1928 3290 2237 3360 intinctam,
2270 3300 2443 3347 totum
2468 3290 2660 3355 Judam
2704 3291 2951 3348 diabolus
3000 3300 3289 3362 occuparet
3342 3290 3524 3363 (Joan.

208 3387 359 3455 juris
396 3397 779 3458 exasperatus,
817 3387 905 3456 qui
950 3386 1006 3443 iu
1042 3386 1345 3447 voluntaria
1384 3392 1500 3449 erat
1541 3384 1818 3453 impietate

216 3477 233 3519 ί
269 3482 583 3553 pit-ascitus.
630 3480 752 3553 Ipse
796 3482 940 3547 enim
987 3480 1090 3537 sibi
1138 3479 1241 3545 fuit
1278 3478 1505 3543 materia
1553 3481 1724 3543 ruina:
1763 3487 1820 3537 et

211 3590 379 3639 causa
406 3574 670 3648 perﬁdiis,
724 3588 956 3646 sequens
988 3573 1262 3639 diabolum
1296 3573 1510 3641 ducem,
1547 3581 1601 3635 et
1627 3572 1817 3635 nolens

216 3663 495 3735 Christian
524 3668 725 3735 habere
753 3675 1045 3737 rectorem.
1080 3666 1276 3731 Diceris
1300 3667 1483 3739 itaque
1518 3666 1775 3733 Dominus
1802 3682 1815 3721 :

221 3851 428 3905 collect.
458 3850 494 3903 4
523 3857 577 3904 et
603 3848 854 3918 exemplo
880 3848 1029 3902 Pauli
1064 3848 1302 3915 Diaconi,
1338 3865 1464 3902 novo
1496 3849 1807 3905 excluditur.

222 3922 381 3976 Paulo
420 3930 549 3989 post
577 3936 701 3975 cum
744 3920 1031 3987 Quesnello
1073 3921 1390 3974 rctinuimus
1428 3921 1680 3989 aufertur,
1736 3922 1812 3975 uti

219 3995 409 4061 legitur
448 3996 508 4048 in
537 3992 701 4049 codd.
747 3993 804 4047 S.
844 3992 1011 4057 Petri,
1062 3990 1292 4055 Verceli.
1322 4002 1377 4044 et
1409 3992 1608 4047 Ilomil.
1658 3992 1813 4049 Pauli

221 4064 458 4120 Diaconi.
498 4064 922 4129 Antiiiuissimus
952 4064 1072 4117 Vat.
1107 4064 1207 4117 hoc
1240 4064 1359 4117 loco
1389 4062 1548 4117 habet
1577 4064 1813 4123 excludi-

221 4147 313 4195 tur.
343 4136 576 4191 Creten-in
621 4136 889 4195 editiones
918 4151 1040 4193 cum
1070 4150 1200 4195 mss.
1232 4135 1444 4195 collect.
1474 4133 1529 4202 5,
1573 4132 1609 4189 4
1651 4144 1707 4191 et
1750 4136 1806 4203 5,

219 4210 518 4279 sanguinem
546 4208 757 4277 sanguis
784 4206 1033 4279 excludit.

284 4276 321 4316 ’ν’
348 4280 441 4337 Sic
466 4296 540 4335 ex
565 4276 937 4338 vetustissimo
962 4278 1081 4333 Vat.
1115 4276 1394 4341 Consilium
1418 4278 1619 4337 habent
1645 4280 1810 4335 etiam

217 4350 315 4405 duo
347 4351 510 4405 codd.
553 4351 615 4405 S.
652 4351 793 4404 I'etri
830 4358 884 4404 et
916 4352 1199 4417 exemplar
1246 4350 1390 4403 Pauli
1434 4350 1605 4415 Diac-o
1638 4364 1691 4407 et
1718 4367 1809 4406 re-

218 4423 379 4483 fertur
402 4424 473 4481 ad
502 4424 595 4477 illa
623 4422 858 4479 Matthaai
891 4436 1041 4485 xxvr,
1084 4420 1118 4473 ι
1144 4440 1156 4473 :
1186 4419 1255 4474 Et
1282 4419 1551 4481 consilium
1579 4426 1812 4491 fecerunt

218 4505 265 4547 ut
291 4493 472 4549 Jecur»
498 4494 623 4549 dolo
647 4504 889 4555 tenerent,
921 4502 1027 4549 etc.
1074 4493 1214 4551 Editi
1252 4509 1377 4551 cum
1410 4494 1532 4547 aliis
1561 4510 1714 4559 mss.,
1745 4494 1813 4551 ad

218 4565 496 4633 impietatis
544 4568 839 4620 concilium.
898 4564 1033 4618 Cum
1073 4565 1394 4631 Quesnellus
1442 4568 1712 4621 notaverit
1757 4566 1813 4625 in

216 4641 453 4706 margine
480 4641 601 4691 :Al.
626 4640 696 4691 ad
718 4639 952 4706 impium,
970 4636 1107 4691 hanc
1136 4635 1442 4697 lectionem,
1465 4652 1626 4703 quam
1654 4637 1814 4691 nulla:

219 4682 493 4763 mea;
510 4682 1814 4777 ὸῖὲῐὲτᾶἱίἶξῖὶῖὶιίἷιίὶἦιὶιίζέὖῖἑ’ἕόιῖιιῗῖθὸἑὲἰῖἷ
1839 4682 1894 4745 Β

219 4778 375 4833 Paulo
405 4790 532 4835 ante
556 4796 655 4849 pro
678 4780 870 4837 scribas
889 4787 936 4834 et
961 4781 1184 4836 leuiores
1212 4779 1264 4833 in
1286 4779 1405 4834 Vat.
1440 4780 1544 4834 566
1576 4790 1659 4834 est
1685 4782 1813 4835 scri-

218 4851 285 4905 ιε
312 4860 363 4905 et
390 4853 645 4918 certiorem
674 4854 746 4907 ita
779 4862 836 4907 ut
859 4852 942 4907 hie
974 4865 1136 4907 voces
1179 4860 1369 4919 regant
1410 4853 1634 4909 verbum
1680 4868 1811 4905 con-

218 4933 482 4993 gregarent
493 4962 506 4975 .

282 4995 307 5032 δ
351 4996 420 5047 Ita
455 4993 788 5061 Quesnellns
830 5002 884 5050 et
924 4993 1330 5063 priestantiores
1365 4995 1533 5051 nostri
1568 4994 1808 5051 codices.

216 5064 309 5119 Alii
340 5080 477 5122 mss.
499 5082 624 5120 cum
653 5076 816 5121 antea
856 5066 1014 5120 editis
1057 5066 1392 5122 abstulerunt.
1428 5068 1641 5127 Postea,
1669 5067 1813 5119 ordi-

217 5152 333 5191 nare
357 5139 604 5207 templum
632 5139 681 5189 in
714 5138 1085 5205 antiquissimo
1116 5136 1393 5203 Vaticano,
1414 5148 1467 5191 et
1488 5140 1805 5207 sagacioram

217 5209 611 5282 diligentiorem
638 5209 851 5282 duobus
876 5223 1006 5282 mss.
1030 5207 1089 5282 S_.
1118 5209 1259 5263 Petri
1294 5218 1347 5263 et
1373 5211 1480 5264 alio
1510 5209 1625 5263 Vat.

280 5280 317 5318 ε’
347 5281 478 5335 Erat
503 5284 554 5335 in
578 5282 737 5335 editis
759 5289 814 5334 et
835 5281 888 5334 in
909 5280 1153 5349 pluribus
1177 5294 1330 5345 mss.,
1355 5281 1478 5351 quid
1499 5282 1806 5337 assecuturi.

214 5352 641 5481 legis
664 5352 779 5408 visa
798 5360 885 5408 est
902 5352 1063 5408 lectio
1087 5352 1263 5408 textui
1285 5353 1486 5408 inserta
1507 5369 1574 5408 ex
1596 5353 1805 5409 duobus

273 5494 303 5569 ἐ
342 5497 488 5552 Editi
517 5498 776 5552 omittunt
819 5498 1259 5569 coniunctionem
1304 5505 1374 5567 et,
1416 5514 1577 5567 quam
1626 5498 1804 5568 aptius

211 5567 511 5638 adiecimus
530 5584 600 5624 ex
628 5567 997 5626 vetustissimo
1038 5571 1299 5626 Vaticano
1326 5587 1341 5623 :
1365 5571 1631 5640 siquidem
1665 5567 1804 5624 reti-

209 5642 405 5697 nendas
435 5642 772 5697 credidimus
792 5657 953 5700 voces
972 5642 1393 5699 condemnatione
1414 5643 1657 5712 justitia,
1678 5656 1801 5712 quae

211 5719 383 5770 tamen
408 5715 611 5785 abeunt
630 5718 685 5769 in
708 5730 838 5769 mss.
870 5718 928 5771 S.
964 5716 1109 5772 Petri
1139 5724 1194 5771 et
1218 5713 1450 5772 Vemell.
1497 5714 1643 5769 Idem
1669 5729 1798 5769 vero

210 5786 375 5857 gadet
402 5786 527 5842 Vat.
574 5785 631 5841 in
659 5790 1007 5857 sequentibus
1038 5788 1221 5851 habet,
1262 5788 1361 5841 nisi
1392 5796 1446 5840 ut
1476 5796 1523 5840 et
1564 5796 1795 5841 nostrum

211 5852 408 5930 Ραιξι
430 5875 535 5913 non
564 5852 1030 5930 apprehenderat,
1061 5869 1109 5912 et
1136 5876 1232 5914 sua
1260 5860 1392 5929 festa
1420 5859 1684 5913 violarent.

272 5938 296 5967 ε
337 5928 481 5986 Editi
516 5928 645 5986 ante
670 5931 1020 5998 Quesnellum
1050 5934 1176 6003 festo
1209 5928 1309 6001 pro
1334 5941 1531 6001 sancto,
1558 5939 1611 5987 ot
1633 5932 1694 5985 tle
1708 5946 1790 5984 vo~

1926 3400 2040 3451 xm,
2070 3384 2163 3456 26)
2188 3402 2201 3451 ;
2233 3394 2287 3440 et
2313 3401 2471 3454 quem
2498 3384 2752 3455 malignis
2787 3385 3203 3457 cogitationibus
3234 3384 3525 3455 obligarat,

1916 3480 2028 3549 jam
2058 3480 2176 3550 ipso
2206 3478 2503 3550 impietatis
2546 3493 2710 3549 opere
2738 3478 3063 3550 possideret.
3087 3476 3331 3547 Corpore
3376 3479 3529 3535 enim

1923 3581 2129 3635 tantum
2162 3588 2285 3633 cum
2328 3572 2673 3639 crepantibus
2709 3572 3083 3643 recumbebat,
3117 3580 3305 3629 mente
3343 3580 3527 3631 autem

1922 3664 2265 3731 sacerdotum
2291 3664 2580 3733 invidiam,
2614 3664 2839 3731 testium
2866 3664 3179 3735 falsitatem,
3206 3664 3525 3727 etlurorem

1918 3849 2049 3902 tioni
2082 3864 2178 3913 pro
2222 3846 2504 3913 festiuitati.
2539 3846 2665 3901 Ητεο
2696 3846 2856 3900 lectio
2896 3847 3182 3915 praefertur
3207 3863 3314 3903 non
3346 3848 3524 3905 solum

1917 3921 1971 3974 in
2002 3919 2161 3974 Codd.
2198 3919 2563 3987 posteriorum
2591 3918 2996 3987 collectionum,
3032 3919 3126 3973 sed
3154 3922 3319 3975 etiam
3349 3922 3401 3975 in
3430 3936 3525 3977 ve-

1920 3992 2218 4049 tustissimo
2239 4006 2343 4051 ms.
2370 3990 2651 4047 Vaticano.
2678 3989 3024 4051 Prmtulimus
3046 3992 3335 4049 lectionem
3358 3993 3518 4048 codd.

1914 4064 1971 4118 ὃ.
2001 4064 2163 4127 Petri,
2191 4078 2313 4121 cum
2335 4063 2531 4132 quibus
2552 4064 2849 4121 concinnat
2871 4077 2971 4121 ms.
3000 4061 3231 4119 Vercell.
3257 4075 3309 4121 et
3333 4080 3523 4121 errem.-

1918 4136 2033 4201 plar
2058 4135 2206 4189 Pauli
2244 4136 2387 4187 Diae.
2422 4134 2741 4199 Quesnellus
2767 4132 2969 4201 pariter
2996 4149 3065 4187 ex
3100 4136 3213 4189 suis
3242 4136 3409 4195 codd.
3440 4136 3525 4191 in-

1914 4208 2085 4262 seruit
2115 4206 2279 4261 textui
2308 4221 2497 4260 vocem
2518 4216 2722 4273 sancto,
2753 4214 2810 4260 et
2834 4205 2890 4261 in
2918 4207 3166 4275 margine
3200 4206 3340 4274 :Al.,
3367 4212 3518 4277 festo,

1917 4287 1973 4333 at
2002 4278 2215 4333 retinuit
2246 4277 2523 4331 devotioni.

1994 4348 2013 4386 ί
2054 4350 2152 4403 Ms.
2191 4348 2450 4413 Vcrcell.,
2481 4348 2793 4404 seroiebatur
2820 4349 2917 4404 hac
2951 4364 3097 4405 cura.

1990 4432 2015 4492 tt
2060 4419 2348 4486 Exemplar
2380 4420 2527 4474 Pauli
2570 4419 2746 4485 Diac.,
2778 4420 3195 4492 dispensationis.

1988 4489 2018 4528 ιλ
2059 4492 2174 4545 Vox
2215 4507 2385 4547 secum
2414 4491 2598 4546 addita
2624 4507 2692 4546 ex
2720 4489 3261 4561 mss.'antiquissimo
3311 4492 3430 4551 Vat.
3461 4502 3521 4553 et

1916 4561 2149 4635 Vercell.
2180 4578 2243 4616 ac
2272 4562 2440 4629 prima
2468 4563 2725 4619 editione.
2761 4564 2911 4632 Mox,
2937 4565 3098 4635 possit
3137 4566 3311 4620 occidi
3340 4566 3395 4625 in
3424 4583 3519 4623 co.

1918 4634 2039 4689 dice
2068 4634 2421 4691 Vercelleusi.

1996 4706 2013 4744 ί
2038 4708 2127 4761 Sic
2150 4706 2474 4780 Quesnellus
2498 4721 2563 4761 ex
2581 4715 2813 4774 quatuor
2841 4710 2955 4767 suis
2970 4707 3129 4763 codd.
3152 4708 3516 4780 RegimVicL,

1918 4778 2125 4833 Thuan.
2155 4789 2211 4833 et
2232 4778 2402 4851 Corb.
2422 4793 2544 4833 cum
2567 4780 2764 4849 quibus
2785 4782 3127 4835 conveniunt.
3147 4778 3387 4851 plerique
3409 4778 3509 4840 no?

1917 4852 2035 4906 stri.
2062 4850 2465 4924 Primaeditio,
2496 4853 2847 4924 prastitutus;
2874 4851 3015 4919 aliae,
3049 4850 3379 4924 perstiturus.

1992 4926 2007 4973 l
2062 4922 2207 4981 Unus
2238 4921 2377 4986 Vat.,
2409 4923 2622 4981 auribus
2649 4924 2773 4976 tuis.

1990 4992 2015 5030 ιι
2055 4994 2111 5048 In
2154 4995 2362 5047 duobus
2403 4993 2561 5048 codd.
2600 4994 2741 5049 Vatt.
2773 4993 2926 5051 deest
2969 4995 3040 5049 ad
3068 4995 3243 5051 eum.
3290 4995 3351 5054 In
3383 4997 3516 5055 Ver-

1914 5064 2036 5120 cell.
2072 5067 2225 5120 abest
2258 5076 2325 5117 te.

1994 5135 2011 5174 1
2044 5135 2176 5192 Cod.
2220 5136 2583 5191 Vcrcellensis
2619 5137 2788 5206 addit,
2820 5139 3011 5193 conscii
3040 5139 3155 5203 sibi,
3199 5140 3411 5196 scilicet
3440 5142 3511 5199 de

1914 5222 2011 5282 sua
2032 5209 2281 5275 prmsenti
2312 5210 2633 5282 innocentia,
2658 5222 2717 5264 ut
2748 5211 2801 5264 in
2829 5214 3181 5279 sequentibus
3197 5216 3511 5282 exponitur.

1915 5280 1983 5361 βε
2005 5283 2161 5362 paulo
2175 5280 2486 5351 posthabet,
2510 5283 2573 5335 de
2591 5282 2830 5337 [tunth
2855 5284 3211 5338 mutabilitatis
3228 5280 3513 5356 defection

1910 5364 2115 5407 incerti.

1986 5433 2026 5462 ω
2058 5424 2541 5500 Editi,judi¢iuue;
2562 5425 2897 5500 Quersneilus
2914 5428 2971 5500 in
2988 5427 3230 5500 margine
3256 5428 3460 5500 notavit
3488 5442 3506 5483 :

1913 5495 2083 5562 forte,
2128 5495 2395 5552 indicium.
2427 5497 2485 5552 Id
2514 5499 2815 5567 reperimus
2843 5501 2898 5556 in
2927 5495 3137 5553 duobus
3164 5511 3295 5553 mss.
3328 5499 3385 5553 S.
3412 5498 3507 5553 Pe~

1911 5569 1979 5623 tri
2022 5579 2078 5624 et
2108 5570 2160 5624 in
2213 5584 2319 5625 uno
2366 5569 2517 5636 Vat.,
2574 5573 2715 5626 unde
2759 5571 2926 5627 textui
2977 5569 3323 5625 inseruimus.
3375 5567 3509 5624 Post

1912 5654 2101 5709 pauca,
2116 5644 2347 5715 animum
2364 5657 2461 5715 pro
2474 5642 2703 5715 «unum
2721 5658 2789 5699 ex
2810 5640 3320 5715 potioribgsnostris
3341 5640 3503 5715 codd.

1908 5727 1974 5768 ex
2000 5716 2174 5785 prima
2214 5712 2489 5784 editione,
2521 5729 2586 5771 ac
2613 5714 2809 5770 Homil.
2854 5712 3005 5769 Pauli
3046 5712 3192 5768 Diae.
3225 5713 3507 5771 revocavi-

1907 5801 2043 5841 mus.

1976 5868 2003 5896 ιι
2040 5859 2445 5919 Vetustissimos
2478 5860 2621 5930 Vat.,
2656 5864 2975 5913 narrarunt.
