3980 6352
499 394 610 457 335

1642 381 1706 439 S.
1745 372 1989 437 LEONIS
2024 368 2241 433 MAGNI
2280 368 2670 431 SERMONES.

3641 374 3737 439 336

496 510 767 585 imperitae
807 505 981 580 plebis
1008 500 1274 561 armabat.
1306 497 1549 570 Denique
1592 497 1781 553 videns
1820 496 2082 551 Dominus
2108 497 2164 561 Α
2186 493 2295 548 ulla
2322 500 2535 563 poterat
2560 488 2770 546 ratione
2796 483 3165 585 turbariquod
3191 492 3320 585 ante
3339 492 3533 546 aeterna
3560 497 3746 555 saecula

496 610 581 664 cui
624 604 824 672 ﬂagitio
852 599 1016 657 Judas
1041 606 1184 653 esset
1212 594 1471 660 intentus,
1508 591 1659 658 Quod
1690 591 1841 662 facis,
1887 590 2077 661 inquit,

502 701 581 772 (ac
623 708 647 734 α
690 698 837 750 citius
868 692 1043 764 (Joan.
1078 704 1192 757 xm,
1223 688 1340 757 27).
1373 685 1489 740 Vox
1532 684 1647 740 haec
1696 700 1801 739 non
1836 682 2082 754 jubentis

500 800 605 855 est,
631 789 723 843 sed
757 786 985 849 silentis,
1019 797 1117 837 nec
1139 778 1353 848 trepidi,
1388 778 1481 833 sed
1514 780 1682 847 parati
1712 780 1836 848 :qui
1874 775 2082 830 habens

498 881 737 936 omnium
761 886 1062 945 temporum
1088 880 1403 942 poteStatem
1429 870 1659 926 ostendit
1680 868 1776 925 seb
1801 879 1853 924 et
1875 883 2080 923 moram

501 989 607 1026 non
633 971 809 1024 facere
846 966 1111 1032 tradituri,
1153 978 1206 1020 et
1235 966 1311 1020 sic
1341 966 1407 1018 ad
1445 964 1867 1031 redemptionem
1899 960 2083 1016 mundi

496 1074 777 1134 paternam
806 1059 1026 1128 exsequi
1048 1058 1409 1123 voluntatem,
1438 1066 1493 1110 ut
1520 1054 1723 1109 facinus
1739 1054 1879 1125 quod
1906 1070 1937 1107 a
1960 1069 2084 1122 per-

498 1156 845 1227 sequentibus
880 1152 1172 1223 parabatur
1214 1166 1314 1206 nec
1350 1150 1675 1217 impelleret,
1700 1164 1799 1203 nec
1846 1150 2079 1202 timeret.

497 1248 790 1319 Postquam
812 1246 978 1317 igitur
1007 1244 1171 1299 Judas
1196 1258 1485 1313 persuasus
1524 1256 1552 1295 a
1592 1240 1805 1295 diabolo
1833 1237 2085 1294 discessit

498 1356 530 1396 a
557 1342 795 1406 Christo,
829 1354 995 1409 seque
1022 1354 1049 1390 a
1079 1350 1305 1404 corpore
1336 1334 1642 1403 apostolica:
1668 1333 1887 1387 unitatis
1910 1330 2086 1385 absci-

500 1433 601 1497 dit,
626 1434 773 1489 nullo
797 1432 1054 1485 Dominus
1085 1442 1283 1497 pavore
1308 1426 1575 1494 turbatus,
1606 1425 1700 1480 sed
1732 1426 1799 1479 de
1842 1426 1959 1480 sola
2001 1440 2086 1479 re-

500 1524 874 1582 dimendorum
901 1522 1071 1574 salute
1087 1518 1374 1580 sollicitus,
1399 1534 1559 1571 omne
1580 1512 1835 1586 temporis
1854 1517 2085 1584 spatium

501 1617 642 1688 quod
669 1632 696 1668 a
726 1612 1163 1683 persequentium
1184 1611 1407 1667 vacabat
1434 1611 1677 1673 incurSu,
1702 1610 1947 1681 mysticis
1972 1624 2087 1663 ser-

499 1709 751 1764 monibus
777 1712 1108 1773 sacratzeque
1135 1704 1420 1770 doctrinae,
1450 1714 1471 1742 ε
1499 1704 1635 1757 sicut
1666 1704 1891 1759 Joannis
1915 1704 2087 1757 Evan—

500 1803 645 1873 gelio
672 1799 999 1860 declaratur,
1031 1797 1321 1866 impendit:
1352 1799 1513 1869 222
1550 1797 1765 1850 elevans
1795 1796 1859 1849 ad
1888 1796 2084 1851 cmlum

2188 595 2244 643 et
2262 584 2688 641 misericorditer
2699 578 3166 649 eratdispositum,
3182 586 3237 634 et
3257 579 3748 645 incommutabiliter

2186 679 2533 751 praeﬁnitum.
2554 677 2651 746 Qui
2678 691 2805 747 ergo
2823 690 3032 741 verum,
3063 671 3089 710 ιι
3111 673 3473 741 dilectissimi,
3495 687 3747 751 totumque

2185 772 2457 829 hominem
2482 769 2795 838 assumpsit,
2814 784 2971 823 veros
2984 777 3038 823 et
3054 767 3291 837 corporis
3314 784 3497 824 sensus
3520 780 3573 826 et
3594 776 3742 831 animi

2185 865 2419 935 suscepit
2442 864 2685 919 allectus.
2722 861 2832 916 Nec
2860 862 2983 932 quia
3011 860 3195 915 omnia
3230 860 3280 913 in
3308 860 3402 915 illo
3425 862 3576 929 plena
3606 876 3746 921 erant

2185 958 2562 1023 Sacramentis,
2591 956 2745 1025 plena
2774 953 3067 1016 miraculis,
3092 952 3217 1022 ideo
3246 950 3494 1007 autfalsis
3516 953 3747 1025 lacrymis

2186 1034 2356 1117 ﬂevit,
2374 1060 2463 1105 aut
2487 1049 2730 1104 mendaci
2748 1046 3120 1103 esurieribum
3144 1045 3386 1115 sumpsit,
3411 1054 3498 1099 aut
3520 1047 3751 1104 simulato

2188 1158 2389 1213 sopore
2416 1142 2689 1197 dormivit.
2714 1141 2770 1196 In
2796 1148 2975 1194 nostra
3005 1138 3316 1195 humilitate
3339 1149 3681 1209 contemptus,
3703 1142 3750 1197 in

2187 1246 2375 1292 nostra
2394 1230 2795 1290 maestitudinel
2818 1231 3185 1299 contristatus,
3210 1231 3263 1283 in
3284 1241 3467 1284 nostro
3488 1241 3567 1285 est
3587 1233 3755 1289 dolore

2188 1332 2507 1387 cruciﬁxus.
2537 1331 2824 1386 Passiones
2853 1331 2996 1386 enim
3019 1329 3358 1384 mortalitatis
3380 1339 3570 1384 nostra:
3583 1332 3646 1385 ob
3666 1332 3757 1389 hoc

2188 1424 2563 1480 misericordia
2584 1424 2769 1488 subiit,
2797 1432 2857 1479 ut
2877 1432 3115 1487 sanaret,
3142 1423 3210 1477 ob
3238 1423 3339 1476 hoc
3362 1423 3530 1478 virtus
3552 1426 3756 1495 recepit,

2188 1527 2248 1572 ut
2269 1518 2527 1571 vinceret.
2562 1516 2713 1585 Quod
2740 1517 2905 1571 Isaias
2937 1515 3280 1587 apertissime
3308 1516 3657 1586 prophetarit,
3682 1519 3758 1574 di-

2188 1624 2348 1665 cens:
2382 1609 2483 1663 Hic
2507 1621 2718 1676 peccata
2746 1618 2923 1663 nostra
2954 1616 3145 1674 portat,
3175 1618 3220 1661 et
3252 1623 3346 1677 pro
3374 1608 3517 1661 nobis
3543 1609 3764 1675 dolet;et

2190 1719 2281 1756 nos
2313 1702 2604 1771 putavimus
2637 1701 2785 1755 illum
2810 1716 2917 1754 esse
2940 1700 2993 1753 in
3026 1700 3227 1767 dolore,
3265 1699 3427 1771 223
3453 1710 3500 1753 et
3529 1701 3579 1754 in
3602 1700 3761 1773 plaga,

2188 1804 2237 1849 et
2260 1795 2312 1848 in
2332 1796 2612 1849 vexatione.
2639 1794 2662 1846 Ι
2670 1810 2757 1865 pse
2781 1802 2949 1847 autem
2974 1791 3269 1845 vulneratus
3289 1802 3364 1845 est
3384 1803 3586 1861 propter
3607 1801 3645 1829 ω
3664 1810 3767 1850 uoc-

501 1893 711 1959 oculos,
738 1898 795 1946 et
821 1903 919 1959 pro
946 1888 1194 1942 universa
1228 1888 1469 1941 Ecclesia
1499 1888 1809 1957 supplicans
1841 1886 2007 1956 Patri,
2034 1895 2092 1940 ut
2122 1891 2171 1953 B
2197 1898 2311 1943 cata
2338 1897 2535 1953 nostra,
2569 1895 2613 1940 et
2654 1886 2943 1955 inﬁrmatus
2972 1894 3048 1939 est
3087 1895 3291 1953 propter
3320 1884 3551 1953 facinora
3589 1894 3766 1953 nostra,

501 2000 693 2041 omnes
736 1998 870 2054 quos
895 1980 1156 2047 dedisset,
1197 1980 1526 2050 daturusque
1556 1990 1699 2035 esset
1741 1980 1878 2034 Filio
1904 1980 2085 2045 Pater,

502 2093 669 2135 unum
719 2076 909 2132 ﬂerent
938 2072 1119 2146 (Joau.
1172 2088 1307 2139 xvii,
1360 2072 1473 2141 lt),
1521 2081 1575 2127 et
1616 2072 1667 2125 in
1715 2067 1939 2141 gloriad
1979 2070 2085 2125 Re-

503 2170 802 2241 demptoris
818 2167 1078 2223 individui
1102 2174 1517 2236 permanerent;
1538 2164 1798 2234 adjiciens
1819 2176 2090 2234 postremo

503 2265 653 2322 illam
676 2265 973 2320 orationem
994 2276 1097 2331 qua
1116 2261 1190 2315 ait
1212 2277 1227 2315 ε
1259 2258 1439 2322 Pater,
1456 2261 1500 2313 si
1522 2260 1633 2330 fieri
1654 2268 1839 2330 potest,
1866 2266 2091 2313 transeat

504 2378 539 2416 α
564 2377 647 2415 me
667 2358 804 2414 calia:
833 2361 925 2412 iste
947 2355 1165 2425 (Matth.
1188 2369 1334 2423 xxvr,
1369 2352 1483 2424 59).
1507 2353 1605 2408 Ubi
1638 2370 1742 2407 non
1773 2354 2093 2407 existiman-

506 2455 634 2511 dum
661 2463 744 2508 est
768 2450 917 2522 quod
940 2449 1199 2503 Dominus
1218 2445 1374 2501 Jesus
1396 2446 1705 2515 passionem
1732 2453 1787 2499 et
1833 2451 2087 2509 mortem,

506 2545 784 2613 cujusjatn
810 2540 1085 2609 discipulis
1113 2544 1489 2592 esacramenta
1518 2534 1834 2598 tradiderat,
1861 2534 2095 2589 voluerit

507 2637 809 2701 declinare;
834 2634 1083 2702 cumipse
1107 2632 1319 2684 beatum
1344 2630 1643 2699 apOstolum
1667 2628 1882 2682 Petrum
1901 2626 2092 2681 devota

507 2730 615 2785 ﬁde
644 2739 699 2783 et
737 2727 1003 2782 cliaritate
1043 2724 1361 2787 ferventem,
1406 2723 1481 2775 uti
1513 2720 1800 2775 adversum
1841 2733 2097 2788 persecu-

506 2835 653 2879 tores
674 2822 851 2892 gladio
874 2828 1042 2883 vetet,
1074 2816 1293 2871 dicens:
1326 2812 1551 2867 Calicem
1595 2828 1743 2883 quem
1785 2810 1925 2863 dedit
1972 2810 2097 2863 mihi

507 2914 687 2979 Pater,
717 2930 817 2967 non
848 2911 920 2964 vis
952 2920 1005 2962 ut
1030 2909 1196 2961 bibam
1234 2905 1381 2959 illum
1413 2904 1600 2977 (Joan.
1636 2918 1784 2967 xvttl,
1818 2901 1943 2973 il)?
1970 2917 2093 2957 cer-

506 3017 725 3077 tumque
754 3006 823 3058 sit
847 3001 866 3040 ί
902 3011 956 3056 et
986 3002 1126 3069 quod
1160 2998 1454 3052 secundum
1501 2995 1848 3064 Evangelium
1874 2994 2097 3049 Joannis

505 3098 768 3155 Dominus
788 3096 895 3149 ait:
930 3092 1018 3149 Sic
1043 3093 1181 3144 enim
1212 3090 1348 3144 Deus
1379 3088 1558 3141 dilexit
1605 3088 1875 3151 mundum,
1916 3097 1968 3140 ut
1999 3087 2096 3140 Fi-

508 3190 635 3245 lium
657 3203 807 3242 suum
828 3186 1145 3256 unigenitum
1185 3182 1329 3234 daret
1355 3196 1373 3233 :
1405 3189 1460 3232 ut
1488 3178 1651 3231 omnis
1680 3178 1766 3246 qui
1799 3177 1959 3231 credit
1990 3187 2015 3225 Β
2042 3177 2097 3231 in

2192 1987 2238 2033 et
2270 1980 2429 2032 livore
2454 1979 2565 2047 eius
2597 1977 2766 2031 sanati
2797 1992 2973 2029 sumus
3002 1972 3156 2046 (Isai.
3184 1989 3299 2039 Litt,
3330 1972 3387 2036 4.
3415 1973 3492 2045 5).

2262 2071 2393 2125 CAP.
2428 2070 2587 2123 V.—
2617 2070 2751 2123 Cum
2798 2069 2998 2138 itaque,
3054 2066 3418 2132 dilectissimi,
3470 2065 3564 2121 Dei
3618 2066 3771 2125 Filius

2192 2162 2323 2217 dicit
2357 2178 2372 2216 :
2408 2160 2588 2229 Pater,
2612 2161 2657 2215 si
2703 2161 2816 2227 ﬁeri
2856 2169 3040 2231 potest,
3064 2167 3291 2213 transeat
3340 2174 3374 2211 a
3412 2173 3492 2211 me
3532 2156 3667 2214 calix
3687 2159 3774 2215 iste

2193 2256 2410 2330 (Matth.
2446 2272 2590 2321 xxvn,
2614 2254 2733 2325 59),
2759 2264 2960 2309 nostrae
2990 2256 3157 2309 utitur
3177 2268 3321 2309 voce
3353 2262 3777 2320 naturm,etcau-

2194 2366 2308 2405 sam
2338 2350 2447 2417 agit
2494 2349 2798 2419 fragilitatis
2822 2358 2878 2403 et
2910 2347 3281 2418 trepidationis
3330 2346 3579 2402 humana:
3606 2362 3622 2401 :
3649 2354 3705 2403 ut
3728 2348 3776 2403 in

2196 2444 2265 2498 iis
2310 2459 2429 2513 quae
2472 2442 2751 2498 toleranda
2799 2452 2944 2505 sunt,
2974 2454 3029 2497 et
3076 2442 3345 2512 patientia
3392 2442 3689 2508 roboretur,
3729 2447 3781 2497 et

2196 2536 2427 2591 formido
2458 2536 2711 2605 pellatur.
2739 2534 2979 2604 Denique
2999 2549 3219 2589 cessans
3248 2535 3359 2589 hoc
3382 2534 3551 2603 ipsum
3583 2542 3776 2603 petere,

2196 2638 2455 2684 excusato
2484 2627 2883 2697 quodammodo
2930 2634 3128 2681 nostra:
3169 2625 3507 2680 infirmitatis
3543 2634 3703 2689 metu,
3730 2624 3778 2678 in

2196 2736 2302 2790 quo
2334 2720 2488 2775 nobis
2520 2734 2800 2775 remanere
2846 2734 2950 2772 non
2991 2718 3234 2786 espedit,
3262 2720 3321 2772 in
3357 2717 3517 2771 alium
3548 2717 3779 2773 affectum

2197 2814 2413 2879 transit,
2446 2821 2500 2867 et
2528 2812 2657 2866 dicit
2687 2829 2701 2866 :
2748 2812 3103 2866 Verumtamen
3130 2828 3232 2865 non
3265 2810 3405 2865 sicut
3429 2826 3519 2883 ego
3541 2809 3671 2873 volo,
3701 2810 3781 2865 sed

2198 2911 2327 2964 sicut
2350 2919 2405 2963 tu
2433 2908 2647 2981 (Ibid.);
2672 2921 2725 2964 et
2750 2911 2940 2964 iterum
2977 2928 2988 2962 :
3022 2908 3081 2965 Si
3106 2926 3207 2963 non
3228 2918 3425 2979 potest,
3451 2906 3636 2975 inquit,
3660 2904 3783 2957 calix

2198 3005 2297 3058 iste
2340 3004 2561 3056 transire
2588 3020 2619 3056 a
2647 3020 2743 3068 me,
2770 3003 2869 3056 nisi
2908 3002 3075 3055 bibam
3117 2989 3291 3067 illum,
3331 3001 3420 3068 ﬁat
3449 3000 3676 3053 voluntas
3704 3008 3784 3049 tua

2202 3095 2392 3168 (lbid.,
2412 3095 2529 3165 42).
2553 3095 2676 3150 Haec
2696 3112 2798 3151 vox
2824 3096 3015 3165 capitis
3041 3096 3185 3150 salus
3216 3105 3300 3149 est
3336 3092 3499 3147 totius
3521 3088 3780 3159 corporis;

2202 3188 2317 3242 haec
2348 3203 2450 3242 Vox
2480 3203 2672 3243 omnes
2701 3189 2888 3243 lideles
2922 3186 3193 3255 instruxit,
3225 3200 3427 3241 omnes
3461 3184 3783 3239 confessores

507 3303 645 3354 eum,
680 3300 778 3337 non
807 3289 997 3353 pereat,
1022 3279 1112 3333 sed
1134 3278 1317 3330 habeat
1362 3277 1514 3329 vitam
1550 3285 1789 3329 (sternam
1812 3273 1989 3347 (Joan.
2021 3291 2101 3344 ιιι,
2132 3279 2179 3343 C
2210 3281 2475 3346 accendit,
2506 3296 2694 3335 omnes
2726 3293 2991 3354 martyres
3018 3278 3477 3335 coronavit.Nam
3508 3278 3623 3348 quis
3645 3290 3785 3330 mun-

509 3378 635 3446 16);
666 3384 719 3429 et
740 3372 881 3444 quod
912 3372 978 3426 de
1008 3372 1125 3439 ipso
1156 3370 1231 3423 ait
1275 3369 1555 3436 apostolus
1592 3367 1789 3422 Paulus
1818 3386 1829 3420 ε
1866 3367 2100 3424 Christus

507 3484 601 3523 nos
631 3466 830 3529 dilexit,
863 3472 909 3517 et
942 3464 1153 3516 tradidit
1172 3462 1500 3529 semetipsum
1526 3456 1554 3496 ιι
1577 3476 1670 3529 pro
1700 3459 1844 3513 nobis
1873 3458 2098 3514 hostiam

510 3558 619 3617 Deo
648 3560 701 3611 in
723 3558 932 3611 odorem
961 3552 1230 3607 suavitatis
1262 3549 1477 3622 (Ephes.
1505 3566 1561 3618 v,
1593 3550 1673 3619 2).
1720 3549 1777 3605 lu
1826 3550 2100 3605 salvandis

510 3652 651 3705 enim
681 3645 699 3684 ί
734 3645 984 3701 omnibus
1014 3660 1111 3715 per
1134 3658 1351 3697 crucem
1380 3641 1579 3697 Christi
1611 3644 1625 3691 l
1655 3642 1957 3695 communis
1983 3651 2102 3697 erat

516 3741 758 3797 voluntas
797 3736 972 3794 Patris
1010 3746 1066 3792 et
1110 3735 1255 3806 Filii,
1303 3750 1594 3791 commune
1636 3736 1959 3803 consilium;
1996 3750 2099 3792 nec

581 3973 607 4002 ι
639 3961 862 4017 Celerius
896 3957 1154 4012 exhibent
1185 3956 1592 4026 antiquissimus
1619 3955 1743 4012 Vat.
1786 3964 1840 4011 et
1868 3956 1976 4011 duo
2006 3957 2099 4012 alii

514 4036 727 4162 gillect.
746 4035 780 4087 4
810 4038 866 4085 et
884 4029 938 4095 5,
973 4045 1071 4084 nec
1100 4044 1207 4083 non
1233 4028 1601 4083 Vercell.cum
1624 4028 1920 4097 exemplari
1944 4028 2098 4083 Pauli

560 4121 753 4161 tarum.

560 4121 753 4161 lal‘ONI.

580 4177 608 4216 ι)
639 4177 827 4231 Plures
871 4172 1083 4227 codices
1114 4185 1234 4225 cum
1268 4170 1426 4224 editis
1468 4179 1593 4223 ante
1622 4170 1967 4235 Quesnellum
1995 4171 2093 4227 de-

507 4248 619 4303 lent
670 4246 1103 4315 coniunctionem
1143 4252 1221 4303 et,
1252 4255 1388 4315 qua:
1430 4253 1605 4315 tamen
1648 4242 1716 4315 in_
1757 4241 2095 4296 Lectionario

508 4313 835 4373 Vercellen~i
886 4327 938 4369 et
968 4315 1019 4367 iu
1051 4314 1299 4377 exemplo
1330 4313 1478 4367 Pauli
1528 4316 1671 4366 Diac.
1707 4313 1920 4381 legitur.
1948 4316 2089 4375 Mox,

508 4406 608 4459 pro
662 4401 707 4443 et
753 4388 847 4447 sic,
882 4386 1019 4439 idem
1056 4384 1515 4459 VerCellrhaliet,
1566 4396 1612 4437 et
1652 4401 1722 4437 se.
1778 4384 1907 4437 Drin
1948 4386 2088 4459 apud

509 4455 732 4517 Paulum
764 4459 979 4521 Diac.,a
1000 4455 1428 4522 persecutoribus,
1465 4457 1583 4507 loco
1608 4473 1639 4508 a
1662 4456 2092 4523 persequentibus.

584 4543 605 4571 ε
630 4531 761 4585 Cod.
804 4529 1028 4583 Vercell.
1048 4567 1061 4590 ,
1087 4526 1216 4578 sicut
1245 4524 1471 4595 Joannes
1502 4527 1809 4595 evangelista
1840 4528 2093 4593 declarat;

508 4618 573 4657 ac
617 4604 761 4667 dein,
798 4598 1015 4653 omi-sis
1062 4596 1305 4651 vocibus.
1353 4594 1491 4647 Filio
1526 4596 1707 4658 Pater,
1732 4597 1914 4662 habet,
1948 4598 2098 4651 datu-

508 4690 697 4733 rusque
721 4672 876 4740 foret.
910 4670 963 4721 in
991 4683 1146 4718 unum
1177 4667 1377 4740 fierent.

580 4742 608 4781 ά
642 4736 752 4795 [tuo
782 4738 924 4792 Vatt.
958 4752 1115 4803 mss.,
1148 4736 1533 4806 redemptionis.

2201 3371 2252 3427 di
2287 3372 2429 3433 odia,
2453 3373 2573 3441 quis
2604 3374 2957 3427 tentationum
2987 3372 3247 3436 turbines,
3273 3372 3401 3437 quis
3426 3379 3607 3440 posset
3634 3377 3783 3437 npet-

2204 3471 2514 3519 secutorum
2548 3479 2805 3533 superare
2839 3475 3098 3530 terrores,
3123 3464 3223 3518 nisi
3260 3460 3521 3517 Christus
3550 3462 3599 3515 in
3626 3456 3786 3514 omni-

2202 3557 2304 3611 bus
2350 3567 2405 3613 et
2444 3573 2543 3628 pro
2581 3559 3103 3613 omtiibtts°diceret
3149 3556 3297 3611 Patri
3337 3574 3351 3609 :
3396 3554 3523 3609 Fiat
3568 3554 3789 3609 voluntas

2204 3652 2329 3705 tua?
2356 3652 2375 3721 (
2408 3662 2435 3702 P
2458 3651 2676 3706 Discant
2717 3652 2876 3722 igitur
2910 3650 3048 3705 hanc
3077 3665 3263 3705 vocem
3290 3664 3511 3705 omnes.
3548 3646 3785 3702 Ecclesiae

2202 3740 2299 3795 lilii
2330 3758 2524 3813 magno
2549 3744 2721 3813 pretio
2749 3743 3035 3813 redempti,
3058 3744 3227 3813 gratis
3250 3740 3535 3811 iustificati
3561 3756 3577 3808 ;
3600 3748 3786 3795 etcum

2203 3958 2343 4029 quod
2392 3960 2444 4013 in
2494 3959 2609 4013 suis
2661 3974 2793 4014 mss.
2843 3958 3332 4025 desiderarentur,
3387 3968 3448 4013 ut
3497 3958 3695 4013 notavit
3724 3956 3788 4029 in

2204 4028 2465 4099 margine.
2518 4030 2627 4085 Nos
2671 4041 2889 4085 econtra
2932 4031 3122 4085 eadem
3168 4031 3538 4091 restituimus,
3574 4031 3691 4096 quia
3721 4028 3790 4083 le-

2200 4105 2491 4226 gunitttbin
2542 4102 2793 4156 omnibus
2820 4102 3018 4157 nostris
3044 4101 3205 4156 codd.
3236 4116 3345 4157 nec
3375 4117 3486 4157 non
3518 4100 3574 4155 in
3602 4098 3789 4155 Homil.

2243 4187 2309 4225 au
2338 4191 2352 4226 1
2430 4189 2529 4226 tac.

2243 4187 2352 4227 auu
2384 4187 2529 4227 tuac.

2278 4244 2292 4280 ί
2329 4245 2395 4297 Ita
2426 4259 2490 4299 ex
2524 4243 2731 4299 duobus
2753 4243 3012 4299 Romanis
3031 4243 3399 4300 Lectionariis
3418 4244 3479 4301 S.
3499 4242 3664 4299 Petri.
3688 4240 3791 4307 AL,

2196 4313 2506 4370 hominibus.
3672 4346 3675 4349 ί

2275 4390 2289 4437 t
2346 4388 2469 4440 Ilzcc
2518 4387 2880 4457 antiquissimi
2930 4386 3048 4441 Vat.
3096 4386 3263 4442 lectio
3318 4385 3496 4447 magis
3542 4384 3791 4441 Leonina.

2200 4458 2314 4518 AL.
2346 4460 2631 4512 communis
2662 4459 2896 4513 voluntas
2922 4467 3032 4513 erat
3059 4457 3237 4513 Patris
3267 4466 3318 4513 et
3350 4457 3503 4524 Fiiii,
3545 4469 3797 4511 commune

2200 4530 2488 4583 consilium.

2280 4600 2304 4636 ¹ί
2340 4602 2647 4667 Adjecimus
2669 4642 2683 4665 ,
2735 4600 3078 4664 dilectissimi,
3111 4616 3175 4655 ex
3206 4599 3427 4655 duobus
3458 4614 3591 4653 mss.
3623 4598 3681 4653 S.
3708 4595 3800 4651 Pe-

2207 4670 2298 4733 tri,
2352 4686 2415 4725 ex
2451 4671 2683 4725 Vercell.
2729 4687 2791 4725 ac
2825 4674 3021 4731 Homil,
3055 4672 3199 4725 Pauli
3234 4672 3417 4736 Diac.,
3450 4671 3505 4725 iu
3535 4685 3643 4740 quo
3669 4682 3799 4738 prie-

2208 4749 2353 4795 terea
2403 4743 2621 4811 legitur,
2674 4752 2931 4813 totumque
2979 4743 3257 4807 assumpsit
3305 4743 3574 4796 hominem
3616 4780 3628 4793 .
3673 4780 3685 4793 .
3715 4778 3729 4793 .
3759 4748 3802 4813 et

588 4824 611 4851 ε
642 4788 779 4866 :l‘res
799 4788 1545 4881 coddstiue'snelli,ﬁotitiam
1570 4808 1873 4881 tradiderat.
1907 4809 2100 4865 Exem-
2130 4788 2182 4849 Ῑ)
2206 4788 2365 4866 ἐπὶιίὖῆ
2404 4788 2621 4877 ’ἶὲἱξῆίί
3616 4788 3802 4879 recepit

512 4885 629 4957 plar
657 4884 805 4957 Pauli
854 4881 999 4957 Iliae.
1038 4886 1093 4933 et
1120 4879 1238 4933 cod.
1281 4877 1534 4945 Vercel|.,
1566 4879 1680 4947 jam
1710 4880 1973 4950 discipulis
1995 4884 2101 4936 suis

512 4953 793 5011 indiderat
827 4953 1106 5006 notionem.

590 5026 607 5064 ῐ
648 5027 784 5079 Εὼιι
816 5031 939 5078 ante
966 5023 1192 5089 Quesn.,
1248 5020 1387 5089 quod
1429 5030 1475 5075 et
1508 5021 1754 5075 Dominus
1785 5031 1995 5077 testatus
2025 5034 2101 5079 est

510 5098 620 5170 ipse
671 5098 842 5170 dicens
886 5112 904 5148 :
947 5094 1038 5148 Sic
1085 5095 1222 5170 enim
1250 5093 1411 5170 Deus,
1462 5105 1570 5170 etc.
1606 5093 1780 5146 Prima
1831 5096 2017 5170 editio,
2051 5105 2099 5170 et

511 5164 650 5240 quod
687 5167 955 5240 Dominus,
991 5176 1091 5240 etc.
1126 5164 1350 5240 Quidam
1384 5165 1619 5240 codices,
1647 5174 1717 5240 ‘et
1745 5166 1887 5240 quod
1923 5165 2101 5220 Domi-

514 5234 612 5293 nus
640 5243 768 5301 ipse.
787 5250 889 5291 etc.
909 5234 1089 5291 Secnti
1118 5249 1304 5289 smnus
1332 5237 1618 5290 lectionem
1637 5234 2096 5304 Quesnelliauam,

556 5328 636 5364 mg
684 5323 764 5363 est
810 5304 1236 5373 praestandorum
1306 5318 1612 5360 nostrorum
1664 5308 1928 5361 codicum.
1999 5310 2108 5363 Ad-

556 5328 636 5364 ";g
684 5326 764 5363 νει
810 5326 1236 5373 ιιινωκιιιιιιιιιτιιιιι
1306 5326 1612 5360 ηυδιΓοιῚιιιι
1664 5326 1928 5361 COHlCllﬂl.
1999 5326 2103 5363 Aa-

513 5326 751 5437 gidimus
799 5387 1000 5429 tantum
1050 5379 1486 5445 coniunctionem
1533 5386 1603 5442 et,
1656 5393 1812 5445 quam
1853 5395 1974 5432 curn
2024 5382 2103 5435 le-

515 5457 697 5508 ctioiie
719 5452 884 5506 textui
910 5446 1115 5503 inserta
1142 5448 1437 5519 prmlerunt
1458 5464 1590 5503 mss.
1617 5447 1674 5504 S.
1702 5450 1847 5506 Petri
1883 5460 1937 5505 et
1968 5452 2107 5507 alius

520 5523 640 5579 Vat.

594 5605 620 5641 ι
652 5594 783 5649 Cod.
843 5592 1099 5658 Vercell.,
1143 5592 1197 5645 in
1241 5592 1374 5659 ipso.
1429 5592 1558 5646 Dein
1609 5606 1797 5647 vocem
1843 5591 2047 5647 Paulus
2074 5609 2106 5649 a

518 5665 809 5733 Quesnello
859 5668 1115 5719 omissam
1163 5679 1230 5719 ex
1274 5666 1473 5718 nostris
1502 5664 1777 5719 codicibus
1807 5675 1860 5719 et
1891 5667 2107 5721 caeteris

519 5736 683 5793 editis
714 5738 1105 5791 revocavimus.

502 5830 508 5861 ι
591 5806 623 5845 h
653 5806 788 5860 ωιιὶ
819 5818 943 5862 ante
970 5811 1173 5873 Quesn.
1207 5814 1260 5860 et
1288 5806 1403 5877 ipse
1426 5806 1672 5877 Apostoli
1699 5817 1875 5863 textus
1907 5807 2106 5864 habent

506 5877 708 5946 verba,
752 5893 845 5946 pro
888 5880 1030 5933 nobis
1062 5880 1299 5933 hostiam.
1344 5876 1437 5933 Ille
1478 5876 1613 5935 vero
1644 5880 1759 5935 hzec
1789 5881 2009 5946 delevit,
2040 5896 2104 5937 eo

2200 4881 2432 4949 eﬁ'ectus.

2280 4953 2298 4993 ι
2339 4956 2627 5025 Exemplar
2654 4953 2805 5009 Pauli
2838 4955 3011 5018 Diac.,
3040 4954 3399 5010 conturbatus.

2274 5036 2314 5064 ω
2349 5021 2767 5096 Antiqitissituus
2787 5028 2910 5081 cod.
2940 5026 3057 5081 Vat.
3083 5042 3206 5081 cum
3248 5025 3357 5081 alio
3388 5040 3495 5081 ms.
3527 5024 3618 5080 hic
3653 5021 3808 5078 habet

2202 5098 2471 5168 facinora;
2513 5100 2657 5161 dein,
2692 5109 2917 5168 peccata.

2277 5178 2304 5205 ιι
2334 5170 2451 5224 Duo
2496 5170 2655 5223 codd.
2693 5164 2753 5224 Β.
2788 5169 2934 5223 Petri
2984 5176 3034 5223 et
3084 5167 3369 5233 exemplar
3422 5165 3584 5221 Pauli
3636 5164 3807 5229 Diae,

2203 5242 2636 5312 persecutionum.

2286 5320 2310 5347 ο
2366 5312 2571 5376 Vulgati
2642 5319 2767 5366 ante
2829 5310 3033 5377 Quesn.
3088 5310 3361 5369 addebant
3410 5309 3670 5378 patiens;
3724 5303 3811 5358 ille

2211 5392 2389 5438 autem
2449 5383 2641 5437 delevit
2680 5428 2694 5449 ,
2752 5384 2876 5453 quia
2934 5382 3123 5435 abesse
3172 5381 3542 5449 deprehendit
3596 5394 3629 5453 a
3681 5389 3806 5431 mss.

2210 5454 2399 5517 Corb.,
2437 5455 2573 5508 Vict.
2607 5464 2660 5507 et
2687 5452 2897 5508 Tuuan.
2930 5454 3161 5507 duobus.
3204 5454 3368 5506 Deest
3399 5454 3573 5506 etiam
3620 5452 3674 5502 in
3717 5459 3811 5501 no-

2211 5528 2337 5580 stris
2365 5525 2523 5579 cndtt.
2556 5524 2740 5579 Solum
2776 5527 2827 5579 in
2871 5524 3083 5579 duobus
3130 5538 3263 5578 mss.
3294 5522 3355 5578 S.
3394 5521 3550 5577 Petri
3584 5534 3682 5590 pro
3711 5517 3812 5571 Pa-

2211 5598 2296 5662 tri,
2327 5596 2514 5666 legitur
2549 5594 2725 5649 Pater.

2282 5678 2311 5718 P
2339 5661 2467 5733 una:
2502 5667 2668 5739 lineis
2687 5666 3031 5720 includuntur
3060 5666 3255 5739 desunt
3284 5665 3337 5719 in
3370 5677 3521 5739 mss;
3541 5661 3712 5739 Corb.
3761 5664 3815 5739 et

2210 5732 2439 5813 Tliuau.
2471 5738 2609 5807 apud
2634 5737 3031 5813 Quesnellum,
3084 5746 3142 5813 et
3168 5738 3221 5791 in
3246 5745 3447 5813 nostro
3481 5732 3813 5813 Yercellensi

2210 5826 2274 5865 ac
2320 5810 2371 5863 in
2403 5805 2596 5864 "omit.
2629 5808 2781 5862 Pauli
2812 5810 2960 5866 Diae.
2991 5809 3100 5867 Sed
3130 5809 3184 5864 in
3210 5807 3331 5863 aliis
3358 5805 3625 5862 omnibus
3651 5805 3813 5860 etiam

2212 5880 2512 5952 potioribus
2541 5876 2810 5949 leguntur.
