3980 6352
196 400 319 460 ³37

1654 397 1889 458 SERMU
1925 397 2063 454 LIX.

3388 398 3499 461 358

195 512 506 571 adversitas
536 513 786 569 violentae
813 512 1041 585 alicujus
1071 510 1389 569 tentatlonis
1413 519 1440 549 ι
1471 509 1799 577 incubuerit,
1827 515 1879 572 Α
1906 511 2048 566 servi
2097 510 2226 566 nihil
2258 510 2419 589 235
2446 512 2649 583 peccati
2684 508 2711 547 ιι
2737 510 2985 567 habentis
3030 511 3229 583 objecit
3256 529 3270 566 :
3298 522 3356 567 ut
3401 526 3499 582 per

197 610 464 686 prasidio
482 612 872 683 potentissimae
900 610 1161 668 orationis
1189 620 1406 666 utantur
1429 627 1443 664 :
1468 617 1529 665 ut
1548 618 1801 680 superato

197 714 453 761 tremore
480 704 803 773 formidinis,
824 706 1087 775 accipiant
1116 704 1455 759 tolerantiam
1488 701 1799 774 passionis.)

194 796 225 839 δ
258 798 552 868 Hincjam,
584 798 948 861 dilectissimi.
974 798 1038 852 ad
1060 796 1531 868 perstringendum
1555 794 1799 850 ordinem

196 892 509 948 Dominica:
538 891 800 961 passionis
840 906 1019 946 sermo
1055 900 1137 946 est
1167 889 1503 959 dirigendus,
1535 904 1694 958 quem
1734 904 1799 944 ne

193 1003 299 1043 vos
332 988 557 1044 cumulo
588 985 910 1055 prolixitatis
938 999 1249 1048 oneremus,
1276 983 1327 1037 in
1356 994 1379 1023 ο
1406 993 1648 1053 quartam
1680 982 1801 1037 sab-

194 1081 341 1148 δοῦ,
365 1081 543 1135 diviSo
564 1082 838 1135 communi
876 1079 1082 1142 labore,
1107 1076 1435 1132 differamus.
1469 1076 1658 1129 Aderit
1684 1090 1802 1141 pre-

193 1174 460 1229 cantibus
486 1174 637 1228 vobis
666 1173 838 1243 gratia
872 1171 991 1237 Dei,
1023 1186 1143 1238 quae
1183 1169 1312 1224 mihi
1363 1168 1607 1223 solvendi
1638 1167 1802 1223 debiti

195 1266 411 1320 tribuat
442 1264 773 1321 facultatem.
807 1261 834 1302 ἀ
864 1266 963 1319 Per
990 1263 1278 1318 Dominum
1324 1274 1567 1316 nostrum
1617 1261 1802 1316 Jesnm

192 1356 510 1420 Christum.
544 1359 810 1414 viventem
840 1366 895 1414 et
921 1366 1233 1428 regnantem
1260 1371 1383 1409 cum
1421 1354 1581 1409 Patre
1610 1364 1665 1409 et
1685 1353 1806 1424 Spi-

192 1451 306 1505 ritu
337 1461 531 1507 sancto
561 1452 611 1505 in
638 1452 835 1507 stecnla
860 1452 1203 1506 saeculorum.
1232 1450 1427 1505 Amen.

536 1565 697 1639 224
724 1566 960 1622 δεξιΜο
1000 1567 1113 1621 th
1139 1544 1251 1639 [Αι.
1294 1564 1474 1639 LVII].

268 1658 360 1714 De
389 1658 640 1714 Passione
671 1660 882 1713 Domini
913 1658 1061 1715 VIII
1078 1679 1095 1725 ;
1127 1661 1257 1731 feria
1294 1671 1477 1732 quarta
1509 1658 1733 1715 habitus.

194 1750 569 1810 Smoesrs.—
597 1755 636 1809 1.
666 1752 947 1819 Christum,
981 1754 1196 1817 depulsa
1230 1757 1564 1825 trepidatione
1591 1755 1810 1823 inﬁrmi-

266 1828 419 1883 tatis.
452 1843 507 1880 se
543 1827 790 1879 volentem
820 1826 954 1879 trahi
984 1843 1193 1894 passum
1223 1844 1328 1880 esse
1356 1844 1446 1895 pro
1477 1826 1808 1880 omnibus.—

1902 620 2026 661 eum
2070 616 2319 675 ageretur
2368 606 2606 660 omnium
2636 618 2821 673 causa,
2857 605 2910 659 in
2950 619 3057 676 quo
3080 605 3201 661 solo
3234 614 3351 661 erat
3378 619 3498 661 om-

1904 698 2054 754 nium
2083 708 2272 752 natura
2303 698 2422 753 sine
2448 699 2626 768 culpa.
2657 698 2937 754 Irruerunt
2964 713 3092 768 ergo
3116 698 3169 753 in
3193 697 3371 753 lumen
3399 712 3497 753 ve-

1904 806 2022 846 rum
2058 791 2154 845 lilii
2192 790 2562 852 tenebrarum,
2588 798 2643 845 et
2679 801 2889 845 utentes
2930 792 3117 846 faculis
3142 800 3303 860 atque
3330 790 3497 845 later-

1904 883 1987 937 nis
2010 897 2114 937 non
2146 891 2437 937 evaserunt
2463 881 2790 938 inﬁdelitatis
2826 898 2937 938 sua:
2972 894 3206 945 noctem.
3238 882 3360 952 quia
3386 898 3498 938 non

1904 974 2289 1031 intellexerunt
2320 975 2459 1030 lucis
2497 986 2793 1031 auctorem.
2820 976 3097 1044 Occupant
3125 986 3369 1048 paratum
3416 988 3499 1033 te-

1905 1074 2046 1135 neri,
2069 1079 2122 1125 et
2152 1068 2369 1124 trahunt
2391 1070 2661 1124 volentem
2698 1069 2835 1124 trahi
2868 1086 2881 1123 :
2914 1072 3006 1140 qui
3038 1074 3081 1126 si
3117 1070 3276 1125 vellet
3299 1070 3495 1141 obniti,

1906 1162 2038 1217 nihil
2062 1162 2277 1232 quidem
2303 1163 2357 1216 in
2389 1162 2637 1231 injuriam
2672 1162 2789 1233 ejus
2822 1162 3002 1233 impia:
3037 1179 3223 1217 manus
3254 1173 3496 1233 possent,

1906 1257 2001 1313 sed
2041 1256 2225 1311 mundi
2260 1256 2563 1327 redemptio
2599 1258 2618 1294 ί
2646 1256 2974 1323 tardaretur,
3008 1267 3063 1312 et
3095 1258 3297 1311 nullum
3323 1260 3501 1313 salva—

1908 1361 1990 1409 ret
2017 1352 2240 1418 illaesus,
2269 1353 2358 1423 qui
2391 1367 2489 1422 pro
2531 1352 2774 1407 omnium
2820 1352 2996 1408 salute
3034 1362 3149 1406 erat
3184 1353 3499 1406 moriturus.

1978 1444 2109 1500 CAP.
2142 1444 2205 1501 ll.
2232 1474 2304 1487 —-
2332 1444 2528 1501 Sinens
2557 1444 2721 1516 igitur
2746 1443 2935 1499 inferri
2980 1445 3082 1499 sibi
3120 1443 3377 1515 quidquid
3409 1459 3501 1498 sa-

1908 1537 2190 1592 cerdotum
2218 1540 2232 1589 l
2270 1537 2639 1593 incitamentis
2668 1538 2817 1592 l'uror
2841 1538 3118 1607 popularis
3146 1537 3399 1605 audebat,
3432 1535 3504 1591 ad

1910 1630 2121 1685 Annam
2152 1627 2369 1700 Caiphae
2398 1645 2671 1695 socerum,
2704 1645 2767 1685 ac
2797 1630 2993 1685 deinde
3034 1630 3100 1684 ad
3145 1627 3403 1699 Caipham
3435 1644 3505 1684 ex

1910 1724 2081 1780 Anna:
2107 1724 2524 1780 transmissione
2550 1725 2868 1793 perducitur
2896 1742 2908 1776 :
2932 1732 2988 1779 et
3013 1733 3133 1790 post
3161 1722 3381 1777 insanas
3412 1736 3506 1776 ca-

1910 1816 2287 1871 lumniantium
2317 1814 2342 1853 ι
2367 1817 2725 1885 obiectiones,
2777 1826 2897 1885 post
2939 1814 3336 1870 comtnentitias
3374 1814 3505 1868 sub-

269 1897 345 1979 l};
382 1898 525 1979 Quot
555 1898 873 1979 prtejttdiciis
904 1896 1134 1979 Pilatum
1161 1898 1426 1979 Judteiud
1452 1900 1804 1979 damnandum

1931 1920 2225 1964 trnatorum
2252 1909 2469 1965 testium
2501 1908 2759 1964 falsitates
2782 1948 2798 1975 ,
2836 1905 2856 1946 ι
2890 1913 2955 1963 ad
2986 1908 3313 1962 audientiam
3346 1906 3506 1961 Pilati

269 1967 561 2022 Christum
590 1967 883 2039 impulerint
898 1985 919 2039 ί
959 1978 1149 2037 quauta
1206 1969 1295 2022 ille
1332 1970 1538 2037 ignavia
1594 1971 1801 2022 cesserit

270 2038 743 2093 clamantibusy—
770 2039 855 2093 111.
888 2038 1047 2093 Pilati
1079 2041 1430 2093 crudelitatem
1460 2042 1513 2093 in
1542 2040 1803 2095 Christum

269 2128 349 2166 ex
379 2112 631 2164 nonnulla
670 2112 937 2164 clementia
966 2112 1300 2173 descendere;
1327 2110 1540 2165 Judtros
1569 2121 1673 2166 toto
1695 2128 1805 2165 sce-

269 2185 387 2236 lere
432 2183 657 2252 gravari.
690 2212 758 2221 —
791 2181 878 2235 IV.
909 2182 1187 2246 Christum,
1217 2184 1341 2236 dum
1369 2183 1567 2253 lignum
1596 2181 1804 2249 suppli-

273 2255 348 2305 cii
378 2255 592 2322 gestavit
618 2254 670 2305 in
696 2263 953 2315 sceptrum
976 2257 1299 2307 convertisse.
1323 2284 1395 2294 —
1424 2253 1484 2305 V.
1506 2253 1607 2307 Per
1634 2254 1806 2310 Simo-

270 2341 399 2377 nem
430 2323 731 2395 Cyrenteum
766 2324 1015 2395 ﬁguratas
1039 2342 1145 2378 esse
1172 2334 1343 2395 gentes
1369 2326 1437 2378 ad
1464 2326 1614 2391 ﬁdem
1637 2326 1804 2378 crucis

274 2395 484 2450 Christi
526 2397 801 2460 rocandas,
835 2405 881 2448 et
908 2411 1037 2448 novo
1076 2397 1337 2461 sacriﬁcio
1385 2397 1801 2463 sanctiﬁcandus.

272 2495 355 2508 —
380 2465 478 2521 Vl.
516 2464 760 2521 Interiori
811 2468 1093 2532 prtesertim
1134 2468 1322 2521 intuitu
1368 2482 1566 2520 crucem
1614 2466 1807 2521 Christi

273 2538 641 2606 aspiciendam
670 2554 799 2591 esse.
830 2566 901 2577 —
922 2536 1032 2592 VII.
1068 2538 1337 2602 Quomodo
1376 2537 1611 2592 Christus
1659 2539 1804 2591 eral-

275 2618 428 2663 tatus
460 2610 632 2662 omnia
661 2610 831 2661 trahat
855 2610 923 2661 ad
953 2610 1040 2663 se?
1072 2609 1200 2675 Quae
1227 2609 1525 2663 excellentia
1562 2607 1811 2662 Christia-

276 2696 370 2734 na
406 2680 708 2750 religionis?
759 2678 963 2746 Quanta
1003 2681 1169 2733 crucis
1212 2682 1408 2735 virtus?
1432 2679 1654 2734 —-V|ll.
1687 2679 1810 2734 Non

279 2751 439 2805 nobis
470 2768 576 2805 esse
616 2752 900 2812 vivendum.
932 2752 1022 2806 sed
1060 2750 1263 2806 Christo
1292 2769 1385 2821 pro
1408 2752 1551 2805 nobis
1585 2762 1807 2806 mortuo.

276 2841 425 2899 CAP.
458 2843 626 2898 l.—°
658 2842 932 2910 Decursis,
960 2843 1320 2911 dilectissimi,
1354 2856 1606 2898 sermone
1632 2844 1815 2913 proxi-

204 2949 307 2991 mo
338 2932 409 2988 iis
427 2949 551 3003 qua:
578 2934 1119 3003 comprehensionem
1150 2934 1361 2989 Domini
1394 2944 1813 3005 praecesserunt,

207 3036 475 3097 superest
508 3043 651 3082 nunc
693 3036 753 3082 ut
784 3027 1078 3083 auxiliante
1108 3027 1205 3082 Dei
1240 3028 1431 3097 gratia.
1469 3028 1535 3083 de
1558 3029 1675 3098 ipso
1702 3029 1814 3097 jam

211 3120 496 3191 passionis
520 3121 733 3187 ordine,
752 3122 891 3176 sicut
913 3122 1285 3190 promisimus,
1304 3121 1656 3177 disseramus.
1680 3120 1814 3177 Nam

212 3227 346 3268 cum
388 3211 570 3267 verbis
601 3227 769 3267 sacras
808 3213 1069 3267 orationis
1099 3228 1211 3267 suae
1245 3213 1501 3268 Dominus
1544 3213 1819 3268 declaras-

1908 2004 2225 2075 pontilicum
2266 2003 2607 2073 delegatione
2646 2002 2987 2057 transfertur.
3020 2002 3141 2070 Qui,
3174 2002 3355 2055 divino
3381 2000 3507 2070 jure

1907 2098 2156 2167 neglecto
2178 2135 2193 2160 ,
2226 2095 2526 2151 clamantes
2558 2112 2613 2150 se
2639 2112 2808 2166 regem
2839 2112 2941 2149 non
2972 2095 3162 2149 habere
3202 2094 3301 2148 nisi
3332 2092 3505 2148 Cresa-

1908 2206 2017 2244 rem
2043 2188 2228 2259 (Joan.
2262 2188 2530 2257 xtx,15),
2566 2197 2839 2255 tat-uuam
2893 2188 3154 2242 Romanis
3197 2187 3377 2242 devoti
3421 2186 3504 2241 le-
3574 2244 3579 2248 _

1908 2282 2083 2353 gibus,
2115 2296 2276 2336 omne
2301 2280 2561 2351 judicium
2594 2281 2846 2351 potestati
2879 2290 2917 2317 ω
2948 2280 3197 2350 praesidis
3228 2293 3506 2335 reservas-

1910 2381 2054 2436 seut,
2088 2374 2432 2444 expetierunt
2461 2381 2837 2427 exsecutorem
2877 2371 3046 2441 magis
3089 2372 3309 2426 savitiae
3339 2386 3505 2440 quam

1911 2468 2174 2522 arbitrum
2205 2482 2405 2522 causae.
2440 2466 2749 2521 Oderebant
2778 2465 2920 2520 enim
2949 2465 3130 2520 Jesum
3160 2465 3310 2519 duris
3348 2463 3507 2519 nexi-

1912 2561 2014 2617 bus
2038 2561 2303 2626 vinctum,
2337 2560 2584 2629 colaphis
2609 2568 2663 2615 et
2690 2560 2861 2629 alapis
2892 2558 3261 2630 frequentibus
3280 2573 3505 2623 caesum.

1913 2652 2085 2722 sputis
2136 2652 2387 2718 oblitum,
2440 2650 2769 2705 clamoribus
2798 2650 3247 2719 praedamnatum,
3280 2660 3334 2703 ut
3366 2650 3508 2705 inter

1916 2753 1994 2799 tot
2023 2742 2364 2813 prtejudicia,
2397 2758 2557 2813 quem
2591 2756 2781 2797 omnes
2811 2742 3009 2797 vellent
3040 2742 3239 2811 perire,
3275 2756 3381 2795 non
3410 2755 3508 2794 au-

1914 2837 2071 2893 deret
2117 2836 2322 2891 Pilatus
2369 2835 2672 2891 absolvere.
2707 2836 2948 2904 Denique
2973 2844 3003 2872 τι
3036 2850 3135 2890 nec
3174 2835 3227 2888 in
3258 2841 3508 2889 accn~ato

1915 2943 2041 2985 eum
2074 2929 2345 2999 reperisse
2374 2927 2611 2997 culpam,
2640 2942 2739 2982 nec
2764 2928 2816 2983 in
2842 2927 3107 2982 sententia
3140 2941 3237 2981 sua
3268 2926 3509 2980 tenuisse

1917 3024 2320 3091 constantiam,
2376 3022 2533 3079 docet
2584 3024 2698 3091 ipsa
2748 3021 3025 3093 cognitio:
3057 3021 3110 3074 in
3150 3036 3253 3089 qua
3299 3019 3503 3087 judex,

1917 3133 2078 3189 quem
2128 3116 2473 3173 innocentem
2530 3116 2872 3184 pronuntiat,
2930 3114 3190 3173 damnat.
3248 3111 3507 3166 addicens

1920 3210 2106 3280 iniquo
2128 3210 2327 3280 papulo
2349 3210 2663 3279 sanguinem
2697 3216 2723 3244 ο
2754 3207 2905 3277 justi,
2937 3222 2966 3260 a
2994 3221 3100 3276 quo
3130 3203 3509 3260 abstinendum

214 3314 305 3361 set
358 3302 643 3360 verissime
684 3304 785 3359 sibi
826 3313 988 3375 atque
1016 3304 1330 3373 plenissime
1362 3313 1416 3357 et
1448 3304 1734 3358 humanam
1761 3312 1817 3359 et
1844 3296 1891 3361 C
1922 3303 2047 3372 sibi,
2080 3314 2136 3358 et
2162 3304 2437 3358 intellectu
2470 3304 2689 3373 proprio
2719 3312 2983 3367 senserat,
3011 3312 3065 3356 et
3092 3301 3302 3356 somnio
3325 3298 3512 3354 uxoris

215 3396 461 3452 divinam
492 3397 674 3453 inesse
699 3407 967 3463 naturam,
996 3395 1291 3451 ostendens
1331 3397 1473 3452 unde
1499 3404 1642 3450 esset
1673 3397 1815 3466 quod

218 3490 333 3559 pati
366 3488 561 3554 nollet,
593 3496 647 3543 et
684 3489 825 3545 unde
865 3489 1007 3559 quod
1040 3489 1237 3555 vellet;
1272 3485 1293 3526 ί
1322 3489 1542 3559 depulsa
1576 3488 1807 3558 trepida-

219 3584 374 3638 tione
400 3580 754 3646 inlirmitatis,
786 3590 841 3637 et
874 3581 1195 3637 confirmata
1237 3583 1675 3652 magnanimitate
1708 3582 1819 3637 vir-

221 3676 378 3738 tutis,
402 3673 563 3727 rediit
586 3674 638 3728 in
662 3675 987 3729 sententiam
1008 3683 1158 3728 εδοξε
1181 3673 1551 3743 dispositionis
1574 3685 1813 3745 aeternae,

221 3779 279 3826 et
299 3768 548 3824 saevienti
569 3767 785 3824 diabolo
802 3783 897 3839 per
919 3768 1219 3824 ministeria
1237 3767 1569 3835 Judzcorum,
1589 3767 1815 3822 formam

295 3935 325 3962 ι
356 3923 779 3989 Antiquissimus
800 3921 948 3988 Vat.,
978 3922 1273 3987 intumbet;
1311 3932 1360 3976 et
1392 3922 1540 3987 dein,
1572 3923 1811 3987 rationis,

226 4010 325 4064 pro
358 3995 628 4058 orationis.
675 4003 733 4047 ut
760 4003 877 4047 erat
922 3996 971 4046 in
1002 3993 1162 4047 editis
1192 4002 1315 4048 ante
1344 3992 1545 4060 Quesn.
1582 4008 1679 4047 nec
1709 4010 1814 4049 non

229 4068 279 4127 in
309 4068 586 4136 plerisque
610 4080 739 4118 mss.
775 4065 985 4133 legitur.
1022 4066 1168 4119 Unus
1195 4064 1312 4119 Vat.
1339 4064 1501 4119 habet
1526 4064 1813 4119 lectionem

230 4152 257 4190 a
285 4137 586 4205 Quesnello
618 4136 907 4205 vulgatam,
936 4136 1208 4203 orationis,
1238 4150 1360 4205 quae
1388 4136 1663 4191 cantcxtui
1695 4150 1813 4191 ma-

230 4210 305 4278 gis
336 4209 607 4277 congruit.

297 4279 323 4317 ι’
354 4280 409 4333 1η
444 4276 552 4350 uno
578 4292 681 4350 ms.
711 4277 966 4350 S._Petri,
1001 4276 1099 4350 Hic
1114 4281 1248 4350 jam.

301 4361 325 4388 ε
352 4348 523 4403 Codd.
576 4348 734 4417 Reg.,
775 4347 935 4401 Corh.
967 4359 1021 4403 et
1041 4347 1250 4403 Tliuan.
1285 4349 1389 4402 duo
1419 4348 1558 4416 apud
1585 4347 1813 4414 Ouesn.,

234 4430 285 4475 et
304 4436 441 4475 unus
496 4430 682 4473 n0ster
706 4435 826 4474 cum
874 4421 1065 4474 Homil.
1095 4420 1243 4474 Pauli
1272 4418 1443 4484 Diac.,
1467 4430 1680 4474 sextam.
1709 4421 1816 4475 Sed

236 4495 499 4561 vulgatam
551 4492 833 4545 lectionem
867 4492 1207 4554 retinuimus.
1246 4493 1443 4561 quippe
1469 4509 1585 4559 qua:
1608 4504 1656 4547 et
1682 4507 1812 4546 con-

234 4562 477 4617 ﬁrmatur
502 4564 621 4616 aliis
644 4563 1104 4629 priestantioribus
1128 4563 1324 4617 nostris
1352 4578 1479 4616 mss.
1501 4602 1514 4623 .
1550 4573 1605 4617 ct
1637 4562 1817 4617 colite-

235 4647 313 4689 ret
351 4650 474 4689 cum
526 4634 644 4687 aliis
670 4645 724 4687 et
767 4634 1207 4704 antecedentibus
1258 4642 1312 4686 et
1360 4634 1815 4704 consequentibus

236 4705 426 4760 [mnis
448 4704 792 4759 sermonibus
814 4704 880 4757 de
903 4702 1159 4759 Passione
1186 4704 1397 4758 Domini
1419 4705 1504 4757 die
1538 4702 1815 4760 Dominico

1921 3406 2169 3453 noverat.
2202 3396 2319 3451 Non
2351 3408 2576 3467 purgant
2606 3398 3029 3452 contaminatum
3051 3393 3289 3449 animum
3319 3407 3512 3447 manus

1920 3490 2067 3559 lotae,
2103 3506 2204 3547 nec
2235 3492 2290 3546 in
2320 3493 2556 3560 aSpersis
2594 3506 2733 3560 aqua
2774 3491 2955 3561 digitis
2984 3492 3237 3561 expiatur
3262 3486 3404 3556 quod
3436 3487 3511 3541 la-

1922 3584 2165 3639 mulante
2196 3585 2358 3651 impia
2389 3593 2570 3638 mente
2601 3585 2980 3639 committitur.
3016 3582 3263 3638 Excessit
3290 3580 3511 3652 quidem

1920 3674 2080 3732 Pilati
2118 3678 2333 3746 culpam
2364 3677 2570 3732 facinus
2605 3678 2914 3733 Iudaeorum
2942 3719 2955 3742 .
2990 3678 3081 3749 qui
3113 3678 3259 3731 illum
3293 3674 3512 3730 nomine

1923 3766 2151 3824 Caesaris
2184 3770 2431 3825 territum
2473 3778 2530 3825 et
2568 3769 2847 3825 invidiosis
2894 3771 3116 3825 vocibus
3150 3770 3511 3842 increpatum,

1922 3924 2226 3992 conﬁrmata
2250 3925 2437 4000 virtute
2459 3925 2633 4000 diuina
2656 3925 2825 3979 rediit.
2847 3926 2905 3979 In
2932 3925 3131 4000 Homil.
3154 3925 3303 3983 Pauli
3332 3928 3509 4000 Diac.,

1922 4010 2022 4064 pro
2054 3996 2762 4069 magnanimitate._habelu_r.
2788 3998 3160 4068 magnitudine.
3224 4064 3227 4069 η

1997 4076 2023 4113 ι
2057 4065 2253 4120 Vocem
2279 4083 2387 4121 sua:
2420 4084 2447 4121 a
2490 4067 2779 4132 Quesnello
2806 4065 3123 4135 expunctam
3152 4065 3227 4123 et‘
3250 4071 3511 4125 omissam

1923 4138 2084 4191 etiam
2120 4139 2171 4189 in
2215 4138 2534 4207 quibusdam
2564 4142 2761 4192 nostris
2809 4140 2967 4192 codd.
3008 4141 3377 4194 revocavimus
3416 4157 3513 4196 au-

1922 4208 2182 4279 ctoritate
2214 4224 2343 4261 tnss.
2372 4208 2429 4264 S.
2460 4208 2623 4279 Petri,
2651 4218 2703 4261 et
2731 4210 2956 4263 aliorum
2986 4212 3401 4279 quamplurium.

1995 4276 2021 4314 ιι
2055 4278 2172 4331 Duo
2192 4281 2350 4351 codd.
2382 4279 2441 4334 S.
2479 4278 2639 4345 Petri,
2674 4279 2935 4351 habentem
2962 4276 3195 4351 subjecit.
3216 4281 3346 4335 Dein
3374 4296 3511 4337 unus

1926 4348 2047 4404 Vat.
2065 4351 2279 4473 ctzllcct.
2313 4350 2367 4419 5,
2392 4352 2445 4403 in
2475 4365 2575 4418 quo
2601 4349 2715 4403 sola
2736 4362 2861 4404 erat.
2887 4350 2946 4405 In
2972 4348 3141 4421 prima
3173 4350 3430 4421 editione,
3453 4354 3509 4407 in

1926 4437 2023 4473 ouo
2049 4437 2104 4473 so
2132 4438 2235 4473 um.

1921 4437 2023 4491 quo
2049 4437 2235 4473 satum.

2000 4494 2024 4565 ξ
2052 4494 2139 4544 Sic
2159 4507 2281 4546 cum
2304 4491 2597 4558 Quesnello
2614 4490 2783 4546 nostri
2804 4491 2963 4547 codd.
2977 4491 3202 4549 Caetera
3216 4494 3510 4565 editiones,

1919 4563 2236 4631 differretur.

1999 4636 2134 4689 iSic
2162 4650 2227 4689 ex
2256 4633 2463 4688 duobus
2514 4634 2672 4689 codd.
2726 4632 2783 4689 S.
2839 4634 2982 4689 Petri
3029 4644 3081 4690 et
3124 4636 3319 4691 Homil.
3358 4637 3510 4692 Pauli

1929 4705 2071 4760 Diae.
2099 4706 2320 4776 Vulgati
2355 4706 2620 4759 instinctu.
2668 4705 2787 4759 Mox
2838 4714 2958 4773 post
3008 4708 3234 4761 verbum
3263 4710 3507 4776 audebat,

240 4753 474 4840 ιῖἆῐιίὶίἒξ
486 4753 883 4848 initiatae;-
903 4753 1244 4843 ἲὲίἰάηὶῖιῖέ
1268 4753 1817 4848 ἔόάὲιῖίέιῗςῖἱῶἐήῖἱι
1844 4753 1900 4814 Ι)
1924 4753 2141 4830 sese.
2162 4753 2864 4848 ”ί“ἓέὶέτέῆξᾶἰίἰζ”ὲυῐᾶἧυῖ
2878 4753 3512 4848 ia'aiiiqiis'i'iaﬁsii:

238 4848 545 4902 disserenda
583 4847 634 4899 in
665 4846 851 4899 feriam
900 4855 1160 4914 quartam,
1202 4860 1306 4900 non
1336 4855 1515 4900 autem
1548 4847 1598 4898 in
1627 4858 1820 4900 sextam

238 4922 535 4973 remittunt.
576 4916 745 4971 Porro
786 4918 837 4970 in
880 4928 1116 4983 quartam
1162 4920 1342 4987 feriam
1378 4934 1473 4985 pro
1500 4918 1552 4970 in
1586 4926 1819 4985 quartam

239 4991 429 5042 sabbati
481 4996 564 5042 est
622 4990 675 5041 in
718 4987 987 5055 aliquibus
1036 4990 1231 5042 nostris
1285 4988 1443 5043 codd.
1498 4990 1823 5058 Antiquissi-

242 5077 357 5142 tuus
386 5061 507 5115 Vat.
537 5058 737 5113 omittit
766 5072 973 5124 vocem,
998 5060 1275 5127 communi,
1298 5070 1352 5113 et
1403 5057 1654 5129 prtel'ert,
1673 5057 1823 5125 di/fe—

242 5147 412 5185 "mus.

304 5200 331 5237 δ
362 5201 667 5256 Clausulam
719 5200 1048 5269 sumpsimus
1091 5216 1157 5256 ex
1209 5200 1418 5255 duobus
1468 5200 1819 5255 Lectionariis

242 5271 295 5325 S.
319 5274 485 5328 Petri.
520 5272 577 5326 lo
605 5272 764 5327 editis
800 5282 915 5326 erat
946 5271 1046 5326 Per
1073 5272 1346 5326 Dominum
1384 5284 1613 5326 nostrum
1637 5270 1821 5325 Jesum

242 5342 492 5397 Christum
514 5344 606 5414 qui
625 5344 745 5398 civit
768 5355 811 5397 et
829 5344 1070 5414 regnatin
1088 5345 1273 5397 sarcula
1284 5351 1607 5397 stecutorum.
1638 5346 1817 5396 Amen.

244 5412 653 5485 Antiquissimus
698 5414 844 5479 γαίη
884 5413 988 5468 Per
1028 5412 1206 5467 Iesum
1243 5413 1496 5468 Christum
1544 5414 1822 5467 Dominum

243 5500 467 5540 nostrum
488 5526 505 5552 ,
545 5487 633 5540 cui
665 5496 737 5540 est
761 5486 925 5541 honor
946 5496 993 5540 et
1012 5486 1182 5557 gloria
1205 5486 1258 5538 in
1277 5486 1469 5539 stecula
1496 5489 1820 5539 swaulorum.

470 5628 845 5694 antiquissimo
899 5626 1015 5682 Vat.
1043 5628 1183 5683 3855
1225 5634 1281 5681 et
1322 5627 1373 5681 in
1403 5626 1682 5681 Casinensi
1714 5626 1817 5681 alia

243 5699 519 5754 verborum
559 5701 770 5771 syntaxi
821 5700 902 5755 sic
946 5702 1221 5754 exorditur
1276 5714 1454 5771 sermo
1506 5714 1520 5749 ε
1573 5698 1819 5771 Sermone

242 5773 494 5842 patrima,
511 5766 853 5837 dilictissimi,
876 5771 939 5824 iis
959 5786 1071 5838 qute
1086 5770 1585 5837 comprehensionem
1604 5766 1817 5823 Domini

242 5856 559 5911 processere.
584 5842 833 5910 decursis,
866 5855 1112 5912 superest,
1137 5849 1241 5896 etc.

310 5908 334 5953 ί
370 5912 428 5953 In
457 5914 650 5953 mlum
690 5912 789 5953 Vat
884 5914 1096 5953 donulsn
1132 5911 1369 5953 lrons’rlnli

369 5912 430 5971 In
457 5914 652 5971 eodem
690 5912 847 5983 Vat.,
884 5910 1097 5983 depulsa
1132 5911 1466 5983 trepidatione
1500 5910 1727 5967 humana
1764 5916 1813 5964 et

1926 4858 2037 4915 post
2068 4848 2275 4901 insanas
2304 4848 2355 4901 in
2394 4846 2603 4917 Caiphae
2642 4849 2817 4919 domo,
2840 4846 3261 4903 calumniantium
3314 4868 3460 4905 uoces

1925 4930 2039 5042 post
2087 4919 2453 4973 commentitias
2497 4920 2698 4972 testium
2745 4918 2996 4989 falsitates
3022 4964 3035 4987 ,
3067 4922 3136 4973 ad
3166 4938 3376 4975 examen
3408 4918 3505 4975 Pié

1946 5000 2014 5041 att
2041 5032 2057 5042 .
2100 4997 2208 5042 etc.

1946 4990 2016 5041 ati
2041 5032 2057 5055 ,
2100 4997 2208 5044 etc.

2001 5058 2026 5097 ¹ι
2060 5060 2199 5114 Editi
2229 5070 2352 5113 ante
2382 5059 2608 5127 Quesn.,
2632 5076 2798 5123 voces,
2825 5074 2945 5114 cum
2979 5076 3109 5117 mss.
3160 5063 3368 5117 collect.
3399 5064 3433 5119 ὅ
3458 5073 3514 5118 et

1930 5130 1984 5195 5,
2013 5146 2112 5185 nec
2143 5147 2248 5185 non
2276 5131 2328 5185 in
2361 5132 2725 5184 vetustissimo
2758 5131 2874 5186 Vat.
2929 5135 2995 5185 At
3043 5136 3348 5195 obiectiones
3387 5149 3511 5188 cum

1930 5200 2223 5268 Quesnello
2252 5202 2547 5275 praeferunt
2575 5202 2730 5256 codd.
2762 5204 2817 5257 S.
2851 5203 2993 5259 Petri
3022 5244 3035 5267 ,
3088 5200 3203 5259 Vat.
3231 5206 3444 5260 collect.
3473 5203 3531 5275 4,

1922 5284 1976 5326 et
2005 5270 2281 5341 exemplar
2305 5270 2456 5326 Pauli
2490 5273 2635 5327 Diae.

2002 5341 2022 5382 1
2060 5346 2222 5409 Editi,
2254 5345 2321 5396 ad
2366 5361 2596 5397 examen.
2643 5344 2807 5413 Magis
2827 5344 3030 5414 placuit
3074 5348 3143 5399 ad
3167 5345 3507 5410 audientiam,

1925 5416 2247 5469 auctoritate
2280 5430 2408 5469 mss.
2441 5415 2499 5470 S.
2534 5415 2673 5469 Petri
2706 5426 2756 5469 et
2793 5416 2986 5469 Homil.
3018 5417 3164 5470 Pauli
3199 5419 3341 5471 Dine.

1997 5494 2038 5523 ω
2068 5486 2488 5557 Antiquissimus
2524 5485 2643 5540 Vat.
2676 5495 2729 5540 et
2759 5488 2897 5541 alius
2923 5490 3136 5541 collect.
3166 5488 3199 5541 5
3223 5528 3239 5552 ,
3267 5485 3506 5541 Caesaris.

1998 5564 2026 5592 η
2060 5556 2174 5610 Duo
2204 5573 2332 5611 mss.
2367 5558 2425 5613 S.
2463 5557 2602 5611 Petri
2632 5566 2687 5611 et
2714 5574 2849 5611 unus
2882 5557 3025 5624 Vat.,
3072 5574 3160 5611 nec
3194 5560 3246 5609 in
3272 5573 3330 5609 eo
3355 5572 3507 5627 repe-

1926 5628 2054 5681 risse
2082 5645 2289 5681 causam
2329 5630 2573 5697 aliquam.
2604 5630 2655 5681 ln
2681 5631 2847 5694 prima
2869 5630 3106 5681 editione
3129 5638 3182 5682 et
3200 5630 3321 5681 cod.
3341 5627 3504 5699 Βοιι.⁹

1924 5715 2017 5752 nec
2043 5701 2095 5751 in
2119 5710 2352 5753 accusata
2378 5700 2604 5763 aliquam
2632 5701 2875 5769 reperisse
2898 5714 3118 5753 causam.

1996 5779 2021 5805 ο
2052 5770 2226 5824 Prima
2252 5771 2439 5841 editio,
2459 5773 2680 5841 justum.
2714 5770 2838 5841 Post
2865 5782 3033 5841 pauca
3107 5782 3402 5841 agnoverat,
3446 5772 3502 5827 in

1918 5841 2306 5911 antiquissimo
2337 5838 2471 5898 Vat.’
2493 5849 2549 5898 et
2576 5840 2682 5895 alio
2710 5838 2923 5895 collect.
2951 5839 3004 5896 5.
