3980 6352
477 323 584 381 545

1606 318 1665 375 S.
1705 319 1951 374 LEONIS
1992 315 2203 373 MAGNI
2253 314 2632 371 SERMONES.

3650 311 3763 369 5M

476 445 686 495 ctamus
732 436 1184 494 manifestandum
1207 476 1223 503 ,
1255 434 1351 491 sed
1391 434 1503 504 jam
1534 432 1822 487 adoramus
1861 429 2055 499 imple-
2083 429 2133 490 Α
2161 427 2424 483 scuranda
2443 427 2788 495 solemnitas;
2810 442 2911 485 nec
2923 440 3048 484 cum
3064 429 3281 486 tristitia
3303 427 3460 485 nobis
3478 437 3761 500 gestorum

420 580 423 581 ν
472 540 609 586 tum.
632 538 655 565 ιι
673 526 1133 584 Concurrentibus
1153 527 1312 597 igitur
1334 526 1401 579 ad
1423 523 1783 580 eruditionem
1821 532 2060 577 nostram

471 628 530 678 et
556 619 712 675 novis
741 618 1065 675 testimoniis
1090 628 1143 673 et
1171 616 1424 687 antiquis,
1469 617 1596 671 dum
1644 614 1788 687 quod
1827 611 2062 684 prophe-

474 717 582 773 tica
611 716 806 772 cecinit
838 715 986 779 tuba,
1020 712 1329 784 evangelica
1358 712 1542 782 pandit
1571 711 1821 777 historia,
1847 719 1903 763 et
1922 708 2064 763 sicut

472 811 737 879 scriptum
768 816 879 861 est:
914 805 1140 877 Abyssus
1161 806 1400 876 abyssum
1428 806 1657 871 invocat,
1684 806 1738 858 in
1765 819 1886 858 voce
1920 810 2064 857 cata-

436 972 437 977 χ
470 910 733 954 ractarum
761 897 787 937 δ
812 908 1019 952 tuarum
1050 897 1171 963 (Ps.
1212 900 1377 969 xui);
1410 898 1664 969 quoniam
1698 896 1764 951 ad
1803 908 2064 951 enarran-

469 994 591 1049 dam
620 993 848 1064 gloriam
876 993 1065 1063 gratia:
1090 993 1182 1049 Dei
1210 994 1427 1064 paribus
1449 993 1551 1048 sibi
1584 993 1827 1059 vocibus,
1857 992 2060 1046 utrius-

387 1087 395 1097 '
470 1100 575 1155 que
606 1085 936 1140 Testamenti
968 1084 1193 1141 altitudo
1226 1085 1545 1155 respondet;
1570 1092 1626 1139 et
1653 1084 1795 1152 quod
1824 1092 1942 1139 erat
1962 1082 2062 1137 sub

428 1240 429 1249 χ
468 1178 738 1235 velamine
788 1181 1077 1252 figurarum
1120 1180 1479 1250 profundum,
1515 1179 1573 1234 ﬁt
1611 1178 1851 1234 revelata
1885 1189 1907 1217 ο
1940 1177 2062 1233 luce

428 1258 429 1261 “
469 1274 837 1343 perspicuum.
877 1273 934 1329 Si
968 1281 1149 1328 tamen
1190 1274 1332 1328 inter
1372 1274 1460 1329 illa
1490 1269 1519 1310 (ι
1550 1271 1810 1327 miracula
1866 1270 2059 1328 Salva-

469 1366 627 1433 toris,
652 1382 772 1434 qua:
798 1367 897 1421 sub
935 1367 1255 1436 populorum
1278 1366 1609 1436 gerebantur
1629 1372 1876 1434 aspectu,
1907 1363 2060 1433 pauci

468 1456 729 1514 Veritatis
752 1458 1094 1527 prtesentiam
1138 1458 1462 1520 sentiebant.
1505 1466 1529 1495 °
1567 1458 1777 1527 ipsique
1812 1455 2059 1523 discipuli

468 1554 770 1607 voluntaria
820 1552 1026 1606 Domini
1076 1553 1324 1623 passione
1361 1551 1580 1620 turbati,
1625 1567 1733 1606 non
1772 1561 2060 1606 evaserunt

469 1644 781 1698 scandalum
820 1643 996 1699 crucis
1030 1645 1147 1699 sine
1198 1645 1491 1700 tentatione
1532 1645 1869 1711 formidinis;
1919 1645 2063 1702 unde

465 1733 604 1791 ﬁdes
636 1744 816 1789 nostra
845 1736 1256 1806 intelligentiam
1290 1738 1710 1803 sumeret,unde
1733 1736 1753 1776 τ
1779 1739 2063 1794 conscien-

2166 519 2298 575 ordo
2348 520 2673 574 recolendus
2711 532 2834 586 est,
2889 536 3012 577 cum
3061 522 3135 578 ita
3188 521 3449 577 Dominus
3493 536 3618 577 usus
3681 521 3758 578 sit

2164 615 2366 670 malitia
2393 614 2725 681 Judaeorum,
2751 625 2808 670 ut
2839 615 2906 671 de
2932 615 3232 672 intentione
3260 616 3537 679 facinoris.
3562 615 3760 672 volun-

2164 722 2247 769 tas
2270 715 2340 767 sit
2372 709 2394 751 1
2428 713 2646 782 impleta
2676 713 3001 769 miserentis.
3036 713 3094 771 Si
3118 722 3299 770 autem
3339 712 3393 769 in
3414 714 3560 771 exitu
3587 711 3760 770 Israel

2164 809 2232 865 de
2260 808 2495 882 Egypto
2522 808 2644 879 agni
2694 810 2911 881 sanguis
2950 808 3048 865 fuit
3070 810 3342 865 restitutio
3378 808 3665 875 libertatis,
3698 816 3758 866 et

2165 903 2533 956 sacratissima
2562 911 2645 957 est
2693 902 2832 956 facta
2875 903 3165 969 festivitas,
3208 916 3329 970 quae
3370 916 3469 972 per
3515 902 3754 957 hostiam

2164 999 2387 1072 pecudis
2415 1000 2550 1057 iram
2579 1008 2623 1038 ιιι
2648 1009 2919 1056 averteret
2960 1000 3285 1067 vaSIatoris;
3308 1008 3502 1070 quanta
3538 998 3756 1069 populis

2162 1089 2488 1148 Christianis
2536 1093 2892 1161 concipienda
2946 1102 3071 1147 sunt
3123 1092 3357 1162 gaudia,
3407 1107 3511 1163 pro
3560 1091 3759 1163 quibus

2164 1188 2507 1253 omnipotens
2547 1188 2707 1243 Pater
2737 1186 2881 1241 Filio
2913 1204 3008 1241 suo
3056 1187 3322 1258 unigenito
3350 1203 3455 1241 non
3490 1187 3756 1255 pepercit,

2163 1280 2253 1333 sed
2285 1296 2376 1347 pro
2402 1280 2545 1334 nobis
2579 1280 2812 1334 omnibus
2838 1280 3051 1334 tradidit
3080 1280 3229 1334 illum
3275 1279 3453 1349 (Rom.
3487 1295 3597 1345 vnt,
3625 1279 3756 1349 53);
3790 1352 3791 1355 η

2164 1381 2223 1426 ut
2248 1372 2299 1426 in
2326 1373 2599 1428 occisione
2636 1371 2859 1442 Christi,
2890 1372 3094 1428 Pascha
3128 1382 3275 1427 esset
3300 1388 3488 1429 verum
3518 1415 3533 1433 .
3566 1383 3619 1427 et
3641 1373 3766 1429 sin-

2163 1464 2351 1533 gulare
2381 1465 2731 1530 sacriﬁcium,
2756 1481 2862 1535 quo
2894 1481 2999 1519 non
3032 1481 3096 1520 ex
3128 1464 3493 1519 dominatione
3516 1464 3766 1520 Pharao-

2164 1556 2247 1611 nis
2289 1573 2427 1613 unus
2471 1559 2732 1628 populus,
2781 1558 2877 1615 sed
2919 1574 2988 1614 ex
3033 1558 3231 1614 diaboli
3278 1557 3585 1629 captivitate
3612 1567 3801 1625 totus,

2165 1649 2395 1703 mundus
2422 1648 2649 1705 eruitur.

2237 1743 2367 1797 Cu».
2398 1742 2483 1798 Ill.
2510 1773 2581 1783 —
2608 1744 2720 1798 lloc
2755 1743 2922 1814 igitur
2950 1741 3083 1797 illud
3115 1749 3219 1808 est,
3267 1742 3627 1809 dilectissimi,
3666 1756 3767 1797 sa-

466 1828 545 1882 tia
597 1829 761 1882 robur
798 1830 1099 1896 acciperet,
1154 1829 1257 1883 nisi
1294 1845 1411 1900 quae
1456 1829 1595 1885 facta
1645 1833 2057 1902 cognoscimus,
2091 1817 2139 1878 Β
2168 1848 2523 1903 cramentum,
2556 1837 2643 1891 cui
2694 1836 2764 1892 ab
2790 1838 2946 1892 initio
2971 1836 3151 1891 omnia
3182 1845 3310 1891 sunt
3357 1836 3609 1891 famulata
3640 1852 3769 1907 my-

463 1918 725 1988 prtedicta
757 1919 1102 1989 legeremus?

539 2014 666 2068 Car.
691 2013 755 2067 ll.
783 2044 848 2055 —
879 2014 1109 2069 Peracto
1139 2015 1319 2086 igitur,
1364 2016 1727 2084 dilectissimi,
1759 2017 2058 2073 Salvatoris

464 2106 778 2175 triumpho,
836 2118 891 2162 et
941 2110 1327 2164 consummatis
1373 2110 1869 2177 dispensationibus
1917 2126 2052 2181 quas

465 2199 644 2252 omnia
678 2201 879 2255 veteris
908 2201 1241 2255 Testatnenti
1284 2202 1496 2270 eloquia
1526 2203 1685 2273 231
1721 2204 2054 2269 nuntiarunt,

462 2291 645 2362 lugeat
670 2293 903 2347 carnalis
941 2292 1182 2357 Judaaus,
1214 2294 1309 2349 sed
1339 2294 1601 2362 spiritalis
1643 2295 1871 2365 gaudeat
1902 2294 2059 2349 (ΖΙ)τί-

462 2386 711 2439 stiantts:
754 2394 809 2440 et
835 2384 1120 2451 feativitas,
1150 2401 1270 2456 quae
1300 2386 1412 2441 illis
1452 2400 1715 2442 conversa
1748 2397 1830 2440 est
1875 2387 1927 2440 in
1962 2402 2060 2439 no-

462 2482 629 2542 ctem,
659 2477 817 2531 nobis
844 2487 1091 2532 coruscet
1119 2477 1174 2531 in
1207 2478 1411 2544 lucem;
1442 2478 1696 2546 quoniam
1742 2493 1871 2531 crux
1901 2476 2058 2532 Chri-

462 2569 533 2623 sti
566 2568 756 2623 eadem
790 2576 876 2625 est
915 2577 970 2623 et
1006 2570 1341 2625 credentium
1392 2570 1586 2640 gloria,
1616 2578 1673 2623 et
1701 2584 1807 2623 non
1830 2568 2058 2624 creden-

462 2662 596 2715 tium
624 2676 806 2731 poena.
830 2662 1091 2731 Quamvis
1113 2664 1255 2718 enim
1282 2663 1722 2732 persequentium
1747 2661 1899 2717 furor
1926 2662 2058 2717 nihil

464 2754 612 2809 aliud
662 2756 716 2810 in
748 2756 1033 2810 Dominum
1088 2757 1385 2826 majestatis
1430 2766 1686 2826 operatus
1740 2755 1844 2821 sit,
1897 2770 2059 2827 quam

462 2857 704 2904 atrocem
760 2850 1135 2905 crudelitatem
1189 2860 1244 2905 et
1296 2851 1503 2906 immite
1559 2851 1912 2921 supplicium;
1973 2865 2061 2905 re-

462 2940 696 3011 demptis
719 2952 897 2998 tamen
923 2951 949 2990 ε
982 2942 1083 2998 hac
1110 2942 1323 2998 Domini
1358 2944 1609 3011 passione
1632 2945 1814 2998 verior
1838 2943 2061 3013 justior—

462 3048 571 3103 que
602 3034 817 3089 laetandi
858 3044 942 3090 est
989 3035 1127 3089 ratio
1170 3050 1332 3105 quam
1367 3034 1609 3090 dolendi.
1640 3032 1668 3073 ιι
1701 3034 1885 3089 Fuerit
1932 3044 2061 3090 tunc

464 3125 852 3196 discipulorum
899 3127 1224 3183 excusabilis
1252 3142 1439 3198 pavor,
1473 3143 1574 3182 nec
1601 3126 1926 3183 difﬁdentia:
1946 3127 2058 3182 cul-

2164 1933 2348 1985 steria.
2389 1939 2418 1968 ιι
2463 1930 2614 1985 Nunc
2659 1929 2878 2000 sanguis
2922 1929 3055 1999 justi
3106 1929 3238 1983 Abel
3292 1937 3518 1983 mortem
3562 1928 3770 1983 summi

2167 2023 2410 2077 Pastoris
2440 2024 2717 2091 eloquitur
2738 2064 2753 2087 ,
2785 2030 2841 2075 et
2873 2023 2924 2076 in
2960 2022 3245 2090 parricidio
3272 2022 3580 2077 Judatorum
3626 2020 3770 2076 Cain

2166 2116 2483 2172 interfector
2512 2116 2693 2170 fratris
2714 2116 2874 2188 232
2897 2116 3206 2185 agnoscitur
3224 2112 3376 2185 (Gen.
3404 2130 3478 2176 tv,
3502 2114 3577 2185 8).
3607 2112 3772 2170 Nunc

2163 2209 2424 2263 diluvium
2474 2218 2529 2263 et
2576 2208 2688 2263 Noe
2739 2223 2860 2263 arca
2916 2205 3078 2277 (Ibid.
3123 2222 3215 2269 vtt,
3265 2207 3357 2275 17)
3408 2206 3764 2276 manifestat,

2162 2301 2293 2372 quid
2334 2300 2402 2354 sit
2434 2299 2801 2354 renovationis
2827 2301 2877 2352 in
2902 2298 3194 2367 baptismo,
3246 2307 3299 2350 et
3329 2296 3455 2367 quid
3490 2298 3677 2352 salutis
3706 2295 3770 2351 in

2163 2393 2329 2461 ligno.
2347 2390 2499 2446 Nunc
2516 2390 2781 2444 Abraham
2798 2391 3033 2458 gentium
3058 2400 3208 2457 pater
3224 2390 3516 2458 promissos
3529 2388 3772 2459 acquirit

2164 2485 2449 2550 haeredes;
2483 2492 2539 2540 et
2564 2484 2615 2538 in
2645 2485 2850 2537 semine
2875 2484 3021 2552 ejus,
3056 2497 3163 2536 non
3182 2496 3402 2551 germen
3432 2480 3639 2551 carnis,
3660 2480 3769 2538 sed

2164 2578 2289 2634 ﬁdei
2318 2594 2555 2649 propago
2575 2577 2909 2633 benedicitur
2930 2576 3081 2649 (Gen.
3102 2593 3231 2643 xxtt,
3250 2578 3346 2644 l8;
3382 2576 3764 2646 Rom.tv,H).

2164 2670 2318 2726 Nunc
2347 2672 2413 2725 ad
2440 2672 2861 2741 praenuntiatum
2907 2671 3057 2725 festis
3090 2670 3340 2723 omnibus
3373 2668 3566 2723 festum
3601 2682 3771 2724 sacer

2165 2778 2430 2817 novorum
2456 2762 2659 2817 mensis
2687 2771 2711 2798 ο
2738 2762 2952 2826 enituit,
2986 2771 3041 2815 ut
3068 2762 3120 2815 in
3153 2776 3260 2831 quo
3288 2760 3495 2829 accepit
3523 2759 3773 2815 mundus

2165 2854 2483 2921 exordium,
2530 2857 2581 2907 in
2630 2852 2819 2907 eodem
2864 2854 3090 2907 haberet
3142 2850 3451 2907 Christiana
3509 2861 3772 2906 creatura

2166 2947 2509 3016 principium.
2538 2946 2797 3012 Quamvis
2824 2947 2988 3016 igitur
3006 2955 3032 2994 Ρ
3058 2944 3489 3016 furetttesJudzri
3517 2943 3777 3000 fecerunt.

2166 3038 2221 3093 in
2248 3039 2543 3094 Dominum
2575 3037 2757 3092 Jesum
2788 3052 3144 3107 quacumque
3170 3037 3478 3102 voluerunt,
3502 3045 3555 3090 et
3576 3048 3776 3090 susce-

2170 3132 2244 3198 pti
2280 3129 2513 3184 lt0minis
2538 3129 2817 3184 veritatem
2866 3128 3029 3182 nullis
3057 3144 3242 3183 eorum
3271 3128 3491 3182 ausibus
3519 3134 3773 3196 potestas

461 3229 590 3287 pam
630 3217 961 3286 apostolicus
993 3233 1200 3273 mmror
1250 3217 1547 3285 inciderit,
1588 3219 1803 3287 quando
1830 3234 2061 3276 concur-
2085 3201 2130 3263 (ἶ
2164 3220 2345 3275 divina
2378 3220 2743 3286 subtraxerit;
2778 3220 3036 3291 patientia
3066 3230 3245 3274 tamen
3293 3219 3504 3274 Domini
3545 3219 3776 3275 consilii

463 3308 710 3365 rentibus
736 3310 800 3365 ad
832 3326 997 3365 unum
1039 3312 1216 3366 scelus
1236 3309 1436 3366 Judazis
1466 3310 1887 3380 Judatorumque
1911 3315 2060 3383 prin-

466 3402 709 3474 cipibus,
749 3405 1016 3474 superbus
1069 3416 1345 3459 taurorum
1399 3404 1675 3475 pinguium
1735 3414 1953 3476 tumor,
2006 3415 2062 3463 et

464 3507 714 3568 proterva
751 3498 1044 3554 vitulorum
1070 3499 1363 3565 petulantia
1390 3498 1680 3564 saeviebat;
1715 3499 1932 3568 quando
1959 3501 2059 3555 sub

466 3593 637 3647 oculis
662 3591 867 3659 ovium,
895 3592 1128 3661 pastoris
1147 3591 1279 3660 ju5ti
1309 3592 1625 3661 sanguinem
1656 3588 1675 3629 ἱ
1711 3589 2058 3647 frementium

465 3684 764 3741 bestiarum
798 3682 979 3739 rabies
1011 3682 1331 3752 expetebat;
1371 3682 1586 3752 quando
1623 3681 1860 3751 denique
1892 3683 2055 3738 etiam

465 3777 610 3849 ipse,
640 3777 730 3848 qui
763 3775 875 3847 pati
922 3785 1169 3840 venerat,
1216 3774 1286 3829 de
1334 3782 1533 3830 nostra:
1572 3783 1776 3828 natura:
1814 3789 2057 3829 commu-

466 3871 631 3925 nione
652 3870 895 3925 dicebat:
928 3868 1114 3924 Tristis
1140 3877 1213 3923 est
1231 3868 1405 3922 aninta
1428 3883 1541 3921 mea
1570 3883 1731 3939 usque
1752 3870 1820 3922 ad
1847 3880 2060 3923 mortem

469 3962 689 4037 (Matth.
718 3979 865 4033 xxvt,
898 3962 1014 4035 58).
1043 3963 1195 4019 Nunc
1235 3973 1415 4020 autem
1445 3973 1729 4035 postquam
1761 3962 1775 4015 i
1817 3980 1915 4036 per
1938 3980 2060 4020 sus.

469 4058 774 4127 ceptionem
804 4056 1132 4111 inﬁrmitatis
1183 4056 1425 4127 potentia
1454 4067 1537 4111 est
1567 4055 1858 4111 clariﬁcata
1891 4059 2064 4113 virtu-

470 4150 565 4220 tis,
600 4149 746 4206 nulla
782 4149 1021 4206 ﬁdelium
1057 4148 1428 4206 mmstitudine
1470 4147 1745 4218 paschalis
1782 4155 1867 4204 est
1898 4146 1922 4185 κ
1966 4149 2062 4205 ob-

544 4361 572 4391 ει
602 4353 677 4406 Ita
706 4367 772 4406 ex
801 4350 1011 4406 duobus
1034 4366 1165 4406 mss.
1200 4349 1258 4406 S.
1306 4350 1473 4406 Petri.
1519 4348 1668 4406 Alias
1711 4349 2056 4405 continuatur

471 4423 728 4495 periodus
749 4424 1104 4485 antecedens,
1131 4422 1331 4495 omisso
1354 4422 1537 4492 igitur.

543 4495 572 4534 δ
614 4494 703 4550 Sic
746 4509 935 4548 omnes
972 4495 1142 4547 nostri
1172 4490 1391 4548 codices
1416 4502 1470 4547 et
1506 4491 1639 4547 editi
1668 4499 1794 4548 ante
1823 4490 2050 4559 Quesn.,

471 4565 612 4636 apud
635 4580 816 4633 quem,
842 4581 1072 4636 suarum.

548 4647 571 4675 ο
604 4632 716 4689 Duo
745 4636 902 4689 codd.
936 4636 992 4691 S.
1024 4634 1166 4689 Petri
1198 4643 1252 4688 et
1278 4634 1414 4687 alius
1448 4632 1592 4700 Vat.,
1624 4648 1767 4686 voce.

543 4705 569 4743 ἀ
601 4706 942 4775 Quesnellus,
975 4704 1221 4772 pericula.
1266 4701 1606 4759 Retinttitnus
1635 4703 1924 4758 lectionem
1952 4718 2052 4757 an-

474 4786 559 4831 tea
593 4780 881 4843 vulgatam,
913 4792 1071 4845 quam
1113 4790 1301 4829 omnes
1334 4775 1519 4845 nostri
1549 4790 1680 4829 mss.
1731 4776 2053 4845 approbant.

474 4849 617 4913 Mox,
637 4862 733 4915 pro
763 4848 807 4899 si
834 4844 1023 4911 tamen,
1054 4847 1460 4915 antiquissimus
1482 4844 1599 4899 Vat.
1630 4844 1846 4913 ptafert
1874 4846 1936 4900 Si
1966 4863 2063 4899 att-

474 4928 593 4973 tem.
626 4918 759 4973 Cod.
786 4917 1019 4973 Vercell.
1046 4928 1101 4972 et
1129 4917 1364 4987 exempl.
1383 4916 1529 4971 Pauli
1557 4917 1731 4983 Diac.,
1758 4916 2056 4971 Sictamen.

552 4999 574 5026 θ
606 4989 660 5044 In
702 4990 911 5069 duobus
950 5004 1081 5044 mss.
1110 4989 1168 5044 S.
1194 4988 1361 5053 Petri,
1402 4996 1460 5043 ut
1498 4997 1543 5042 et
1589 4988 1691 5059 ipsi
1721 4988 2057 5060 discipuli...

475 5078 581 5115 non
605 5069 873 5115 evaserint.

553 5129 571 5168 ί
605 5133 676 5185 Ita
710 5132 1033 5199 Quesnellus
1061 5146 1127 5187 ex
1155 5141 1385 5200 quatuor
1411 5130 1523 5187 suis
1556 5130 1741 5196 codd.,
1787 5131 1861 5185 ttti
1892 5133 2053 5186 etiam

478 5202 682 5274 legitur,
704 5205 754 5256 in
785 5204 989 5273 aliquot
1019 5205 1220 5258 nostris
1250 5219 1405 5265 tnss..
1444 5219 1510 5258 ac
1548 5202 1849 5271 prtesertim
1876 5204 1929 5257 in
1957 5218 2052 5256 au-

480 5273 781 5340 tiquissitno
824 5274 944 5328 Vat.
975 5286 1028 5329 et
1072 5275 1301 5344 exempl.
1352 5275 1497 5329 Pauli
1545 5275 1692 5328 Diae.
1740 5275 2056 5330 Anteriores

479 5345 741 5417 editiones
758 5360 877 5401 cum
905 5347 1023 5399 aliis
1050 5347 1234 5413 codd.,
1258 5346 1560 5401 constantia.
1588 5345 1754 5401 Paulo
1767 5356 1909 5417 post,
1925 5362 2057 5415 prato

476 5416 648 5471 dicata
679 5433 775 5487 pro
807 5419 1050 5483 pradicta
1080 5419 1130 5471 in
1164 5434 1291 5473 mss.
1316 5419 1373 5473 S.
1407 5418 1571 5472 Petri.

551 5498 576 5560 tt
608 5488 663 5542 In
682 5486 1038 5544 vetustissimo
1055 5488 1174 5543 Vat.
1191 5499 1245 5544 et
1267 5491 1317 5544 itt
1332 5490 1505 5560 prima
1521 5488 1756 5543 editione
1767 5486 1923 5560 deest
1938 5489 2057 5542 Itac.

547 5556 577 5596 ιι
604 5560 704 5616 Ms.
739 5560 1047 5632 Vercell.et
1076 5561 1311 5631 exempl.
1335 5556 1504 5616 'Pauli
1554 5560 1727 5632 Diac.,
1759 5558 1977 5629 Fuerat,
2005 5570 2062 5617 et

477 5632 641 5702 paulo
675 5640 814 5702 post,
846 5631 1119 5688 inciderat.

555 5701 573 5740 ί
603 5700 736 5757 Cod.
764 5701 1106 5758 Corhetensis
1133 5703 1429 5771 Quesnelli,
1457 5702 1791 5758 saevientium.

552 5783 569 5824 ι
607 5772 662 5826 ln
691 5774 898 5828 duobus
922 5775 1077 5831 codd.
1109 5778 1166 5832 S.
1193 5776 1334 5830 Petri
1365 5777 1647 5843 susceptio,
1685 5774 1758 5829 ita
1787 5783 1845 5829 ut
1876 5784 2056 5844 poten-

479 5844 555 5901 tia
579 5844 811 5904 ablativo
850 5859 981 5903 casu
1010 5847 1282 5907 efferatur.
1315 5847 1593 5906 Editiones
1637 5856 1761 5906 ante
1788 5846 2055 5917 Quesnel-

2165 3312 2250 3369 sui
2299 3327 2496 3366 munus
2524 3312 2808 3383 implevit,
2843 3326 2895 3367 et
2926 3313 3223 3383 pertinacia
3262 3313 3538 3381 sacrilegae
3568 3313 3777 3368 crude-

2166 3404 2333 3460 litatis
2366 3404 2600 3474 profecit
2629 3405 2784 3475 operi
2829 3406 3126 3461 Salvatoris
3153 3423 3166 3459 :
3192 3406 3338 3476 quod
3388 3420 3494 3460 non
3531 3404 3770 3471 Scribm,

2164 3514 2274 3553 non
2331 3496 2633 3563 Pharisaei,
2670 3512 2768 3552 nec
2822 3496 3021 3552 summi
3074 3495 3395 3551 intellexere
3444 3495 3772 3564 pontifices:

2168 3602 2197 3640 ει
2224 3590 2286 3647 Si
2313 3592 2448 3646 enim
2477 3591 2845 3662 cognovissent,
2865 3608 3146 3659 numquam
3177 3590 3453 3645 Dominum
3477 3590 3773 3662 majestatis

2166 3684 2546 3752 cruciﬁxissent
2576 3684 2617 3755 (Ι
2643 3685 2764 3739 Cor.
2794 3699 2853 3747 tt,
2882 3684 2961 3754 8).
2988 3684 3099 3739 Nec
3130 3685 3283 3753 ipser
3309 3684 3489 3754 itaque
3517 3683 3775 3739 diabolus

2166 3777 2475 3843 intellexit,
2525 3777 2668 3848 quod
2719 3777 2991 3832 saeviendo
3021 3778 3074 3832 in
3100 3779 3407 3844 Christum,
3462 3793 3617 3833 suum
3666 3776 3777 3833 de-

2170 3881 2405 3927 strueret
2430 3871 2807 3941 principatum,
2851 3873 2973 3943 quia
3009 3872 3242 3941 antiqum
3277 3871 3620 3941 fraudisjura
3651 3887 3774 3931 non

2169 3962 2442 4031 perderet,
2473 3963 2519 4017 si
2550 3976 2608 4017 se
2636 3977 2663 4015 a
2702 3962 2915 4017 Domini
2956 3961 3083 4018 Jesu
3132 3965 3392 4032 sanguine
3433 3964 3771 4021 contineret.

2169 4057 2276 4113 Sed
2306 4056 2512 4111 malitia
2542 4058 2769 4111 nocendi
2817 4064 2839 4091 ⁸
2869 4057 3047 4125 avida,
3098 4057 3226 4112 dum
3256 4057 3430 4119 irruit,
3466 4058 3603 4124 ruit;
3628 4057 3777 4115 dum

2166 4150 2332 4221 capit,
2367 4159 2525 4222 capta
2552 4159 2676 4217 est;
2709 4150 2837 4205 dum
2867 4151 3208 4221 persequitur
3240 4151 3547 4231 mortalem,
3573 4151 3780 4209 incidit

2164 4349 2273 4421 lum
2292 4366 2412 4405 cum
2433 4365 2563 4405 mss.
2587 4350 2951 4418 posteriorum
2979 4351 3366 4406 collectiouum
3380 4396 3394 4420 ,
3415 4351 3775 4421 susceptione.

2164 4420 2476 4476 Lectionem
2517 4432 2698 4478 textus
2744 4424 3151 4491 antiquissimus
3194 4422 3314 4477 Vat.
3348 4437 3471 4477 cum
3503 4423 3623 4477 aliis
3660 4439 3776 4479 no-

2164 4494 2293 4562 stris
2321 4494 2479 4547 codd.
2508 4493 2751 4562 praefert.

2234 4560 2465 4635 IfPrima
2497 4560 2665 4618 editio
2690 4576 2741 4619 et
2764 4565 2873 4619 duo
2904 4581 3031 4620 mss.
3064 4566 3121 4624 S.
3146 4566 3316 4635 Petri,
3347 4565 3692 4620 observanda.

2244 4631 2263 4670 ι
2302 4636 2712 4689 VetustiSsimns
2748 4636 2886 4703 Vat.,
2919 4637 3198 4702 implenda.

2233 4714 2276 4781 ιξι
2304 4705 2367 4781 In
2392 4707 2581 4781 eodem
2610 4706 2796 4781 codice
2816 4718 3101 4781 ,‘verterat.
3146 4709 3288 4773 Mox,
3322 4722 3419 4776 pro
3443 4716 3636 4781 quanta
3671 4726 3770 4781 po-

2167 4778 2330 4846 pulis.
2357 4779 2408 4832 in
2439 4778 2624 4833 Codice
2658 4777 2915 4850 Vercell.,
2951 4792 3145 4849 quanto
3176 4782 3337 4850 magis
3367 4779 3566 4845 populi.

2244 4850 2368 4922 éltt
2400 4850 2638 4922 exempl.
2682 4850 2829 4904 Pauli
2874 4848 3044 4913 Diac.,
3097 4851 3237 4904 Nam
3264 4848 3513 4922 sanguis.
3559 4848 3681 4904 Mox
3709 4849 3775 4907 in

2173 4920 2297 4974 cod.
2328 4920 2590 4986 Vercell.,
2633 4931 2799 4974 morte
2830 4936 2926 4987 pro
2956 4932 3191 4976 mortem.

2241 4999 2265 5027 ο
2300 4992 2498 5046 Homil.
2533 4991 2677 5047 Pauli
2712 4991 2862 5047 Diac.
2894 5004 2946 5045 et
2978 4993 3115 5046 alius
3143 4992 3290 5057 cod.,
3327 4992 3552 5046 emicuit.

2243 5071 2272 5113 ιι
2302 5064 2357 5117 ln
2388 5064 2578 5118 eodem
2625 5064 2965 5126 Homiliario,
3009 5065 3301 5134 frementes.
3328 5064 3471 5126 Mox.
3500 5077 3596 5134 pro
3624 5063 3777 5134 fece-

2164 5145 2307 5209 runt,
2347 5135 2399 5189 in
2430 5136 2698 5209 aliquibus
2739 5134 2897 5209 codd.
2939 5144 2994 5190 et
3023 5138 3191 5209 prima
3214 5136 3779 5209 _editione.fecerint,

2161 5207 2303 5273 quod
2335 5208 2582 5277 congruit
2605 5222 2725 5261 cum
2754 5206 3122 5276 subsequenti,
3143 5206 3469 5262 subtraxerit.
3495 5206 3783 5272 Deiu,pr6

2159 5280 2449 5339 uoluerunt,
2465 5277 2631 5344 prima
2655 5278 2820 5332 editio
2838 5287 2890 5332 et
2908 5278 3101 5332 Homil.
3126 5277 3271 5331 Pauli
3289 5278 3462 5340 Diac.,
3488 5278 3777 5332 volurrint.

2232 5358 2261 5398 (ι
2285 5348 2341 5403 In
2370 5351 2741 5419 antiquissimo
2775 5348 2918 5413 Vat.,
2946 5349 3005 5404 Si
3037 5350 3167 5403 enim
3198 5348 3587 5405 intellexissent.
3614 5349 3775 5415 Mox,

2161 5420 2340 5492 gloriae
2360 5436 2455 5492 pro
2488 5420 2933 5489 majestatis,'erat
2968 5423 3018 5475 in
3046 5420 3203 5475 editis
3230 5430 3354 5475 ante
3382 5420 3738 5489 Quesnellutn
3756 5463 3775 5484 ,

2166 5491 2226 5545 ut
2254 5493 2305 5545 in
2353 5491 2508 5546 codd.
2563 5493 2919 5556 posteriorum
2971 5492 3359 5547 collectionum
3409 5506 3508 5547 nec
3554 5505 3660 5544 non
3713 5493 3778 5545 in

2165 5564 2403 5631 exempl.
2431 5562 2583 5618 Pauli
2616 5562 2766 5617 Diae.
2804 5567 2867 5635 A_t
2888 5564 3127 5632 potiores
3147 5572 3203 5618 et
3230 5561 3564 5635 antiquiores
3592 5576 3665 5617 no
3699 5563 3788 5620 tri

2174 5634 2334 5689 codd.
2368 5636 2656 5705 majestatis
2702 5633 3013 5701 praeferunt.

2238 5716 2260 5744 τ
2293 5705 2429 5780 Cod.
2470 5705 2697 5780 Vercell.
2726 5706 2871 5780 delet
2912 5707 3105 5774 itaque.
3130 5705 3357 5780 Postea,
3375 5706 3465 5778 qui
3483 5718 3583 5777 pro
3611 5707 3782 5780 quia,

2168 5778 2223 5836 in
2256 5777 2527 5848 plerisque
2550 5776 2709 5832 editis
2740 5788 2793 5831 et
2821 5778 2872 5831 in
2901 5780 3093 5834 eodem
3130 5777 3363 5833 Vercell.

2240 5846 2271 5889 ί
2296 5846 2591 5912 Editi’aute
2622 5848 2826 5919 Quesn.
2851 5863 2975 5909 cum
2997 5849 3321 5922 quibusdam
3344 5846 3528 5917 codd.,
3552 5852 3777 5918 «triduo,
