3980 6352
207 363 309 421 ω

1646 353 1880 413 SERMO
1906 353 2043 411 LXI.

3364 362 3470 423 346

207 470 258 530 in
289 469 648 529 Salvatorem.
694 470 906 528 invenit
933 485 1069 529 sane
1108 471 1161 527 in
1190 470 1283 528 illo
1320 470 1599 527 molimine
1626 480 1652 509 ι
1678 472 1783 527 im-
1810 474 1865 533 Α
1891 491 1998 532 non
2046 477 2278 533 timeret.
2309 478 2323 529 l
2356 475 2460 535 Per
2508 477 2693 535 Iesum
2718 477 2995 535 Christum
3041 477 3327 537 Dominum
3373 497 3473 539 noa

210 564 481 638 prudentis
533 562 779 621 audaciae
823 566 1042 636 dignum
1072 574 1503 635 cooperatorem,
1534 563 1784 633 dignum-

210 672 304 729 que
331 668 664 728 consortem,
696 675 815 715 cum
866 661 1064 731 impius
1109 659 1275 717 Judas
1325 660 1513 716 maluit
1539 658 1785 717 minister

210 766 318 807 esse
346 749 548 805 diaboli
598 768 756 822 quam
803 753 1084 823 apostolus
1133 754 1356 817 Christi,
1388 769 1546 825 quem
1580 769 1683 807 non
1714 756 1781 809 ti-

206 845 362 899 moris
393 845 802 913 perturbatione
827 846 1086 914 deseruit,
1108 845 1202 902 sed
1230 847 1473 916 pecuniae
1497 845 1786 917 cupiditate

205 937 467 993 distraxit.

267 1027 398 1083 Cn.
430 1028 523 1085 IV.
550 1061 622 1070 —
649 1031 869 1100 Videte,
895 1034 1236 1091 dilectissimi
1254 1076 1268 1100 ,
1307 1044 1362 1091 et
1390 1036 1681 1107 prudenter
1708 1037 1790 1093 in-

203 1120 388 1190 spicite
432 1137 556 1191 quae
582 1124 825 1193 germina
856 1134 909 1180 et
937 1128 1125 1197 quales
1178 1125 1384 1183 fructus
1434 1129 1503 1183 de
1549 1130 1789 1185 avaritia:

201 1215 363 1284 stirpe
396 1226 711 1283 nascantur,
759 1233 918 1287 quam
973 1218 1169 1274 merito
1216 1221 1513 1290 Apostolus
1553 1222 1787 1277 radicem

202 1310 436 1363 omnium
494 1310 760 1365 malorum
808 1326 928 1367 esse
957 1309 985 1350 ι’
1018 1311 1260 1367 definivit
1305 1313 1350 1383 (1
1376 1312 1512 1369 Tim.
1546 1330 1631 1380 vt,
1664 1313 1787 1387 10);

200 1399 314 1469 quia
338 1402 548 1455 nullum
581 1412 859 1471 peccatum
892 1404 1011 1460 sine
1050 1405 1345 1473 cupiditate
1390 1408 1748 1463 committitur
1770 1449 1789 1476 ,

198 1501 248 1548 et
271 1495 453 1549 omnis
481 1497 699 1552 illicitus
721 1502 1013 1569 appetitus,
1049 1501 1203 1558 istius
1236 1503 1510 1558 aviditatis
1529 1512 1618 1560 est
1643 1520 1791 1561 mor-

199 1584 314 1640 bus.
360 1588 550 1643 Amori
589 1594 834 1659 pecunia:
882 1604 903 1631 ο
937 1594 1055 1648 vilis
1100 1605 1181 1650 est
1232 1596 1409 1651 omnis
1456 1597 1695 1662 atl‘ectio.
1736 1608 1792 1655 et

197 1681 371 1734 anima
409 1682 549 1737 lucri
598 1685 792 1755 cupida
847 1688 1007 1742 etiam
1058 1703 1154 1757 pro
1208 1691 1404 1759 exiguo
1457 1693 1637 1760 perire
1684 1708 1791 1750 non

197 1775 418 1840 metuit;
470 1775 788 1846 nullumque
816 1787 898 1832 est
946 1779 999 1833 in
1051 1779 1143 1833 illo
1184 1781 1348 1836 corde
1381 1783 1597 1851 iustitiae
1628 1786 1791 1840 vesti-

1883 578 2082 639 strum,
2114 571 2200 627 cui
2222 580 2304 627 est
2335 572 2511 627 honor
2535 580 2588 627 et
2612 570 2780 642 gloria
2813 571 2868 627 in
2899 572 3098 630 saecula
3123 575 3464 635 saeculorum.

1885 664 2081 721 Amen.

2311 757 2543 814 SERMO
2578 758 2830 833 LXIjAl.
2866 762 3040 837 LIX].

2323 892 2403 950 De
2442 893 2695 950 Passione
2733 894 2942 953 Domini
2970 897 3042 957 Χ.

1889 1030 2328 1112 8γΝοΡειε.⁸-πι.
2367 1033 2688 1112 Quamvane
2717 1036 2784 1112 de
2806 1035 3234 1112 olfectatoregno
3264 1058 3474 1097 accusa-

1962 1114 2043 1158 tus
2067 1114 2138 1156 est
2162 1104 2489 1159 Christus.—
2507 1104 2565 1158 ll.
2590 1105 2853 1176 Quidquid
2881 1112 2979 1178 egit
3003 1104 3257 1172 Christus,
3288 1115 3474 1167 divinat

1963 1180 2226 1255 potestatis
2270 1178 2445 1241 fuisse,
2482 1193 2592 1255 non
2641 1180 2826 1255 terreni
2884 1182 3035 1248 regis.
3074 1212 3145 1223 —
3171 1183 3334 1255 23$
3381 1184 3470 1240 Ill.

1962 1244 2067 1323 Qur
2096 1247 2339 1323 _Christus
2386 1248 2658 1323 vigiliarum
2696 1244 2957 1323 lacryntas
3000 1244 3379 1323 compos—cuiu.
3404 1284 3476 1298 -

1960 1318 2049 1372 ιν.
2083 1320 2351 1382 Quomodo
2404 1318 2640 1391 Christus
2690 1318 2945 1391 supplicia
2992 1327 3041 1375 in
3083 1318 3271 1377 hostem
3327 1344 3476 1381 suum

1961 1394 2317 1444 retorserit.—
2350 1391 2409 1443 V.
2438 1389 2857 1457 ΒίηδρΙιαηιιιὴνεδ
2886 1397 2937 1446 in
2979 1392 3239 1448 Christum
3263 1394 3478 1452 Iudaeos

1962 1477 2135 1515 omnes
2166 1473 2411 1517 creatura
2450 1467 2825 1529 condemnant;
2852 1473 2898 1517 et
2938 1482 3027 1519 eos
3068 1467 3304 1521 omnibus
3347 1470 3477 1522 reli-

1962 1534 2127 1603 gionis
2140 1536 2470 1590 sacramentis
2492 1537 2715 1607 privatos
2731 1538 2891 1589 celum
2905 1539 3120 1591 scissum
3141 1540 3476 1595 demonstrat.

1962 1670 2091 1726 CAP.
2127 1670 2165 1726 l.
2190 1700 2255 1710 -—
2287 1669 2420 1726 Cum
2445 1673 2631 1727 multis
2654 1674 2848 1736 modis,
2885 1674 3478 1743 dilectissimiJuduica

1892 1764 2141 1833 impietas
2170 1766 2461 1833 laboraret,
2480 1776 2536 1821 ιιι
2564 1765 2589 1806 l‘
2623 1783 2839 1824 Causam
2865 1770 3097 1839 aliquam
3132 1772 3475 1841 perpetrandi

196 1860 361 1930 gittm,
414 1864 467 1917 in
502 1880 609 1934 quo
659 1867 761 1922 sibi
806 1868 1032 1923 avaritia
1080 1870 1207 1927 fecit
1258 1872 1641 1933 habitaculum.
1676 1877 1778 1934 Hoc

1903 1859 1949 1913 in
1977 1859 2260 1914 Dominum
2298 1859 2483 1915 Jesum
2526 1860 2748 1916 sceleris
2779 1862 3063 1929 inveniret,
3092 1875 3145 1920 et
3176 1864 3477 1931 mendacia,

196 1954 438 2023 perﬁdus
466 1957 635 2013 ludas
658 1960 955 2017 inebriatus
992 1979 1222 2032 veneno,
1251 1966 1378 2021 dum
1411 1969 1523 2023 sitit
1554 1970 1787 2039 lucrum,

193 2051 443 2117 pervenit
490 2053 653 2123 233
694 2054 761 2110 ad
810 2055 1057 2129 laqueum
1094 2077 1107 2113 :
1149 2069 1203 2116 et
1240 2071 1345 2116 tam
1389 2065 1550 2120 stulte
1595 2068 1790 2137 impius

192 2139 327 2209 fuit,
354 2154 415 2198 ut
462 2145 679 2216 triginta
728 2152 1000 2218 argenteis
1037 2163 1090 2207 et
1129 2154 1412 2209 Dominum
1453 2157 1711 2213 venderet
1736 2170 1791 2216 et

194 2235 532 2307 Magistrum.
567 2239 704 2295 Cum
736 2254 915 2299 autem
963 2260 1022 2299 se
1053 2249 1118 2301 ad
1166 2249 1542 2319 excipiendum
1589 2253 1785 2324 iniqui-

192 2332 315 2386 tatis
342 2333 615 2401 judicium
636 2335 728 2389 Dei
744 2334 915 2391 Filius
934 2340 1271 2409 prabuisset,
1296 2342 1487 2399 beatus
1509 2346 1788 2413 apostolus

189 2423 405 2493 Petrus,
439 2426 600 2497 cujus
640 2428 776 2486 ﬁdes
809 2446 870 2484 ea
900 2431 1189 2491 devotione
1218 2434 1485 2506 fervebat,
1519 2449 1576 2492 ut
1604 2439 1789 2495 Domi-

189 2532 260 2572 no
302 2530 357 2573 et
388 2520 627 2590 compati
682 2530 902 2590 paratus
940 2536 1087 2581 esset
1135 2534 1191 2582 et
1243 2529 1537 2594 commori,
1591 2530 1785 2587 ancilla

188 2610 489 2666 sacerdotis
534 2613 900 2670 calumniante
948 2622 1291 2686 perterritus,
1320 2616 1348 2657 δ
1370 2635 1436 2676 ex
1471 2620 1786 2680 inﬁrmitate

188 2704 494 2773 periculum
524 2708 829 2777 negationis
856 2710 1109 2765 incurrit;
1132 2712 1200 2766 ob
1232 2712 1353 2777 hoc,
1378 2714 1781 2787 sicutapparet,

188 2796 443 2854 haesitare
487 2801 806 2868 permissus,
838 2812 897 2857 ut
927 2804 979 2857 in
1017 2804 1272 2860 Ecclesia:
1325 2806 1563 2879 principe
1603 2824 1783 2865 reme-

187 2888 331 2945 dium
376 2894 721 2961 pamitentia:
759 2895 1119 2963 conderetur;
1178 2907 1233 2953 et
1260 2914 1418 2953 nemo
1466 2902 1687 2956 auderet
1716 2901 1785 2959 de

189 2998 280 3037 sua
308 2986 514 3042 virtute
545 2987 853 3056 conlidere,
886 2992 1101 3060 quando
1147 2994 1522 3049 mutabilitatis
1568 2996 1783 3067 pericu-

186 3075 293 3129 lum
341 3093 442 3132 nec
475 3079 669 3133 beatus
697 3079 889 3136 Petrus
926 3084 1189 3151 potuisset
1231 3086 1485 3141 evadere.
1523 3087 1780 3146 Dominus

187 3181 361 3225 autem
389 3170 573 3239 Jesus,
620 3175 711 3244 qui
755 3176 889 3228 intra
942 3178 1249 3247 pontiﬁcale
1282 3188 1305 3217 ο
1333 3180 1625 3235 concilium
1659 3183 1779 3237 solo

1892 1968 2011 2022 qure
2058 1951 2176 2004 falsi
2236 1963 2401 2008 testes
2456 1953 2667 2023 injustis
2734 1955 3104 2010 sacerdotibus
3172 1955 3479 2012 famulando

1896 2040 1914 2080 1
1950 2044 2307 2113 protulerant,
2343 2045 2473 2101 nihil
2502 2046 2643 2112 quod
2675 2057 2848 2102 morte
2888 2048 3106 2117 dignum
3141 2060 3284 2105 esset
3318 2049 3479 2104 alier-

1891 2147 2046 2203 rent;
2082 2139 2179 2190 hoc
2222 2140 2374 2207 quasi
2425 2140 2788 2208 insttperabile
2835 2151 3172 2209 repererunt,
3200 2152 3254 2194 ιιι
3300 2141 3480 2195 Domi-

1891 2244 2017 2284 num
2079 2231 2294 2297 mundi,
2346 2230 2579 2286 affectati
2631 2233 2781 2302 regni
2847 2235 3044 2287 invidia
3109 2243 3477 2306 pertttgerent.

1890 2324 2130 2393 Cumque
2166 2326 2367 2381 Pilatus
2394 2326 2600 2394 Jesum,
2636 2342 2795 2397 quem
2827 2330 3019 2383 frustra
3053 2329 3267 2383 videbat
3307 2330 3477 2398 argui,

1891 2419 2053 2474 vellet
2080 2429 2116 2456 ω
2142 2420 2368 2487 absolvi,
2396 2421 2727 2477 calumniose
2763 2431 2817 2476 et
2858 2422 3141 2477 minaciter
3178 2422 3478 2478 conclama-

1890 2524 2015 2569 runt
2041 2534 2052 2568 :
2089 2514 2150 2570 Si
2182 2516 2320 2569 hunc
2340 2516 2577 2581 dimittis,
2605 2534 2705 2569 non
2736 2533 2786 2570 es
2802 2518 2993 2571 amicus
3019 2517 3239 2572 Cwsari:
3267 2534 3286 2573 :
3316 2518 3479 2573 omnis

1889 2610 2021 2660 enim
2045 2608 2133 2677 qui
2154 2625 2205 2661 se
2234 2625 2398 2677 regem
2427 2610 2570 2678 facit,
2606 2610 2909 2663 con'radicit
2944 2608 3135 2664 Ctesari
3163 2607 3343 2678 (Joan.
3369 2626 3477 2678 xtx,

1890 2701 2017 2773 19).
2042 2710 2069 2738 υ
2100 2701 2323 2757 Stttltam
2366 2704 2821 2757 insimulationem
2859 2703 3249 2769 imprudenter.
3284 2701 3477 2769 Pilale,

1888 2794 2136 2851 timuisti.
2171 2803 2196 2831 ο
2221 2795 2324 2849 Sed
2360 2794 2692 2850 lormidabile
2724 2793 2886 2848 fuerit
2918 2808 3114 2847 nomen
3156 2792 3387 2864 regium,
3422 2799 3479 2848 ut

1888 2904 1985 2958 pro
2017 2890 2243 2958 imperio
2268 2886 2499 2944 Cmsaris
2540 2888 2771 2959 opprimi
2815 2889 3062 2943 debuerit
3087 2902 3239 2942 nova:
3270 2885 3479 2943 molitio

1888 2983 2203 3052 potestatis,
2240 2982 2283 3036 si
2333 2982 2640 3036 dominandi
2693 2982 2975 3035 consilium
3031 2982 3338 3051 tyrannicus
3382 2978 3479 3037 tibi

1890 3074 2123 3143 prodidit
2149 3085 2460 3143 apparatus,
2493 3075 2538 3129 si
2572 3076 2810 3144 provisio
2850 3089 3147 3140 armorum,
3182 3074 3224 3124 si
3257 3086 3477 3141 congre-

1884 3166 2028 3238 ε-ἰιίο
2058 3167 2396 3232 divitiarum,
2428 3168 2470 3220 si
2520 3168 2766 3236 praesidia
2810 3168 3017 3220 delet-ta
3056 3174 3177 3219 sunt
3222 3164 3473 3219 militum.

187 3277 409 3333 corpore
436 3266 750 3331 tenebatur,
785 3268 1197 3338 trepidationem
1236 3272 1487 3341 discipuli
1514 3273 1648 3331 foris
1680 3292 1775 3344 ρο⁴

1903 3261 2022 3330 )uid
2056 3276 2177 3313 eum
2211 3260 2420 3325 gravari
2454 3261 2586 3314 sinis
2622 3261 2688 3314 de
2734 3259 2979 3313 all‘o‘ctztta
3030 3258 3291 3326 potentia,
3322 3258 3476 3326 cujus

187 3355 269 3411 siti
298 3358 485 3414 divino
518 3359 654 3414 vidit
683 3360 906 3427 intuitu;
936 3372 991 3418 et
1027 3361 1046 3401 ί
1073 3366 1316 3435 paventis
1347 3368 1611 3435 animum,
1651 3386 1776 3427 mox

187 3460 243 3505 ut
271 3455 535 3522 respexit,
568 3454 762 3522 erexit,
788 3455 915 3510 etin
948 3456 1106 3511 ﬂetus
1138 3459 1485 3527 ptenitudinis
1512 3459 1772 3519 incitavit.

185 3546 409 3614 Felices,
440 3562 637 3605 sancte
674 3552 938 3619 apostole,
974 3552 1228 3622 lacryma:
1272 3565 1410 3622 tute,
1460 3571 1580 3625 qua:
1606 3557 1671 3610 ad
1696 3556 1778 3611 di-

187 3642 435 3698 tuendam
461 3644 679 3714 culpam
711 3647 1033 3715 negatiOnis,
1080 3649 1333 3701 virtutem
1362 3648 1500 3702 sacri
1539 3648 1776 3704 habuere

185 3733 547 3803 baptismatis.
580 3735 746 3791 Ασηῑι
774 3738 919 3792 enim
950 3737 1172 3793 dextera
1209 3740 1420 3794 Domini
1447 3739 1573 3795 Jesu
1618 3740 1775 3797 Chri-

184 3828 263 3893 sti,
294 3842 419 3898 qua:
453 3828 729 3884 labentem
760 3841 832 3893 te,
860 3831 1173 3899 priusquam
1204 3840 1228 3879 Β
1256 3832 1594 3901 dejicereris,
1624 3833 1775 3889 exci-

184 3930 321 3987 peret
344 3961 363 3985 ,
396 3929 456 3975 et
490 3920 799 3975 ﬁrmitatem
834 3923 1009 3977 standi
1040 3923 1093 3977 in
1134 3922 1252 3993 ipso
1279 3925 1502 3979 cadendi
1536 3928 1774 3993 periculo

186 4014 449 4085 recepisti.
499 4014 648 4070 Vidit
676 4015 731 4070 in
776 4024 829 4073 te
869 4016 1128 4072 Dominus
1158 4032 1264 4073 non
1296 4018 1456 4074 tidem
1480 4016 1507 4055 ιλ
1532 4020 1729 4074 victum
1754 4065 1768 4089 ,

184 4121 276 4161 non
307 4106 667 4163 dilectionem
715 4123 1000 4177 aversam,
1046 4110 1141 4165 sed
1194 4112 1554 4165 constantiam
1608 4111 1772 4168 fuisse

185 4200 469 4255 turbatam.
498 4199 811 4255 Abundavit
835 4200 1011 4265 ﬂetus,
1043 4201 1129 4256 ubi
1154 4217 1258 4255 non
1302 4200 1501 4257 deiecit
1526 4201 1768 4271 allectus,

182 4302 223 4347 et
247 4291 373 4348 fons
401 4292 692 4347 charitatis
720 4292 848 4347 lavit
874 4293 1035 4349 verba
1068 4292 1375 4348 formidinis
1408 4312 1420 4347 :
1463 4310 1562 4348 nec
1594 4296 1775 4350 tarda-

185 4396 278 4441 tum
309 4394 399 4440 est
427 4385 734 4440 remedium
758 4385 1092 4451 abolitionis,
1116 4385 1205 4441 ubi
1238 4401 1346 4441 non
1377 4386 1475 4441 fuit
1507 4387 1771 4455 judicium

182 4479 493 4535 voluntatis.
537 4476 659 4532 Cito
706 4478 886 4546 itaque
934 4479 987 4532 in
1028 4478 1359 4534 soliditatem
1413 4493 1562 4533 suam
1609 4478 1772 4533 rediit

155 4636 161 4643 ,
190 4572 200 4609 ί
225 4583 396 4642 petra,
425 4580 635 4625 tantam
668 4568 934 4639 recipiens
959 4568 1357 4637 fortitudinem,
1386 4580 1441 4625 ut
1472 4573 1613 4638 quod
1639 4575 1768 4624 tunc

1883 3354 2134 3424 specialis
2164 3353 2261 3407 fuit
2292 3352 2358 3407 de
2398 3352 2696 3406 humilitate
2732 3351 3009 3405 doctrina?
3052 3350 3308 3404 Romanis
3346 3351 3474 3419 legi-

1884 3450 1982 3502 bus
2014 3464 2117 3502 non
2149 3446 2497 3510 cttnlradixit,
2521 3461 2742 3500 censum
2768 3444 2953 3509 subiit,
2982 3444 3260 3506 didragma
3286 3444 3468 3508 solvit,

1882 3540 2165 3609 vectigalia
2215 3556 2317 3591 non
2352 3538 2604 3599 inhibuit,
2636 3554 2753 3605 qua!
2805 3536 2901 3590 Dei
2941 3545 3063 3590 sunt
3106 3535 3237 3601 Deo,
3268 3544 3323 3591 et
3352 3552 3471 3605 quae

1880 3643 2005 3689 sunt
2030 3633 2259 3687 Caesaris
2284 3631 2484 3686 Caesari
2521 3631 2794 3686 reddenda
2828 3629 3140 3695 con~tituit;
3173 3640 3463 3699 pauperta-

1881 3740 1986 3783 tem
2014 3728 2198 3797 elegit,
2227 3725 2588 3781 obedientiam
2616 3726 2805 3791 suasit,
2840 3724 3306 3779 mansuetudinem
3340 3738 3471 3792 prce-

1880 3822 2075 3877 dicavit
2102 3839 2113 3874 :
2158 3820 2258 3875 hoc
2286 3827 2367 3874 est
2397 3834 2544 3888 vere,
2577 3834 2684 3873 non
2714 3818 2983 3872 Caesarem
3010 3813 3463 3887 impngnare,sed

1872 3914 2087 3985 juVare.

1949 4009 2078 4063 CAP.
2110 4007 2176 4062 ll.
2201 4036 2269 4049 -—-
2294 4006 2672 4061 Verumtamen
2704 4018 2771 4057 ne
2801 4002 2854 4056 in
2882 4010 3052 4057 totum
3080 4000 3256 4054 inanis
3286 3998 3470 4054 videa-

1879 4109 1963 4154 tur
1990 4100 2298 4154 Judzeorum
2339 4096 2591 4166 objectio,
2629 4094 2838 4150 discute
2878 4094 3208 4163 diligentius,
3248 4106 3464 4162 praeses,

1876 4192 2001 4261 quid
2048 4192 2115 4247 de
2165 4190 2376 4244 Domini
2424 4190 2553 4245 Jesu
2595 4186 2848 4257 operibus
2900 4196 3082 4239 notum
3125 4185 3214 4248 sit,
3245 4184 3369 4255 quid
3399 4184 3467 4237 de

1875 4294 2143 4356 potestate
2182 4294 2540 4351 compertum.
2568 4278 2739 4334 Ctecis
2761 4280 2956 4342 visum,
2985 4277 3161 4332 surdis
3199 4277 3461 4343 auditum,

1875 4379 2081 4435 claudis
2111 4392 2377 4447 gressum,
2404 4376 2564 4430 mutis
2591 4374 2811 4427 donavit
2835 4374 3130 4442 eloquium,
3164 4371 3339 4425 febres
3371 4371 3465 4423 ab-

1875 4475 2004 4542 egit,
2036 4473 2252 4526 dolores
2300 4469 2557 4533 resolvit,
2592 4468 2856 4522 dtemonia
2905 4462 3081 4534 ojecit,
3111 4475 3350 4519 mortuos
3381 4464 3465 4518 vi-

1875 4567 2127 4630 vilicavit,
2160 4565 2291 4621 mari
2343 4575 2399 4619 et
2445 4561 2641 4628 ventis,
2679 4571 2735 4613 nt
2782 4560 3139 4629 quiescerent,
3186 4558 3468 4623 imperavit

184 4665 226 4719 in
247 4663 448 4720 Christi
482 4672 783 4733 expaverat
812 4662 1086 4733 passione,
1130 4661 1183 4716 in
1212 4648 1313 4716 suo
1346 4669 1466 4731 post
1504 4662 1768 4731 supplicio
1796 4657 1850 4718 D
1877 4660 2093 4733 (Matth.
2114 4655 2358 4729 vm,27).
2386 4654 2631 4726 Magnum
2655 4668 2878 4724 prorsus
2898 4667 3078 4722 regem
3111 4651 3211 4706 ista
3236 4651 3464 4707 demou-

184 4823 315 4877 itaut
335 4821 441 4877 hoc
468 4820 792 4891 adjeCIivum
814 4820 1079 4875 referatur
1104 4818 1170 4873 ad
1194 4818 1492 4891 diabolum,
1510 4827 1560 4873 et
1578 4818 1766 4874 eadem

186 4896 400 4961 ratione,
435 4904 635 4974 captus.
667 4904 741 4974 est
773 4901 1043 4974 proncapta
1060 4902 1153 4946 est.
1192 4890 1348 4957 Dein,
1374 4900 1420 4944 et
1451 4890 1571 4943 dum
1595 4906 1766 4960 perse-

184 4969 341 5035 quitur
373 4968 425 5019 in
459 4962 659 5020 Homil.
692 4964 835 5017 Pauli
866 4962 1010 5016 Diac.

244 5048 268 5075 ι
300 5038 477 5091 Prima
511 5036 677 5090 editio
694 5043 748 5088 et
770 5033 888 5088 cod.
921 5033 1434 5103 Bon.,impudentis,
1461 5041 1516 5088 et
1549 5040 1762 5103 postea,

187 5110 460 5172 discipulus
487 5123 584 5176 pro
622 5107 869 5160 minister.

246 5180 269 5218 δ
303 5180 482 5234 Prima
516 5177 705 5236 editio.
736 5176 935 5242 deﬁnit.

250 5263 270 5289 ε
292 5251 429 5305 Cod.
461 5249 719 5313 Vcrcell.,
752 5245 942 5317 vigilis.
970 5246 1101 5303 Dein
1129 5260 1227 5317 pro
1253 5248 1373 5319 fecit
1397 5246 1565 5316 prima
1595 5245 1761 5301 editio

188 5325 294 5389 facit
325 5320 701 5375 habitaculum.

245 5393 271 5429 «ι
301 5394 417 5447 Duo
451 5406 581 5445 mss.
615 5390 675 5445 S.
696 5389 861 5454 Petri,
892 5387 1013 5443 cod.
1043 5387 1270 5443 Vercell.
1301 5398 1355 5443 et
1385 5388 1578 5443 Homil.
1609 5387 1762 5443 Pauli

190 5460 343 5531 Diac.,
375 5463 729 5533 inﬁrmitatem
758 5461 1043 5533 negationis
1067 5461 1304 5514 incurrit.

249 5545 271 5571 ο
316 5529 761 5599 ᾹΙ.,’σοηεξιὶιιηι,
812 5529 955 5601 quod
1000 5546 1097 5601 pro
1154 5539 1299 5587 coetu
1364 5529 1762 5588 consulentium

190 5620 575 5677 nonnumquam
617 5608 867 5677 sumitur.

253 5678 268 5713 ί
299 5674 723 5743 Antiquissimus
752 5674 896 5741 Vat.,
930 5674 1223 5747 pavitantia.

250 5749 513 5806 Iusss.
545 5747 714 5814 Petri,
763 5744 1041 5802 deciderem
1090 5746 1212 5803 Mox
1258 5747 1310 5803 in
1363 5745 1560 5802 Homil.
1608 5744 1761 5802 Pauli

187 5818 344 5892 Di_ac.,
374 5831 537 5892 etquo
577 5819 895 5890 ﬁrmitatem.

244 5889 505 5969 ⁸Υιιιςὰῑὶ
554 5889 685 5957 ante
726 5892 1071 5963 Quesnellum
1113 5893 1283 5963 fictam
1322 5906 1443 5951 cum
1475 5903 1605 5948 mss.
1649 5889 1762 5945 col-

1885 4818 2010 4881 lect,
2039 4817 2074 4871 ’5
2100 4822 2155 4868 et
2182 4830 2230 4865 Is.
2266 4810 2508 4881 rotiores
2549 4821 2680 4881 vero
2710 4807 2877 4861 nostri
2910 4805 3071 4861 codd.
3102 4815 3156 4862 et
3194 4807 3465 4877 praecipue

1878 4886 2209 4943 Lt'ctionaria
2242 4884 2299 4939 S.
2328 4880 2492 4943 Petri,
2525 4880 2727 4933 victam.

1953 4961 1967 4997 ἱ
1997 4958 2088 5014 Sic
2117 4971 2305 5010 omnes
2339 4954 2504 5006 nostri
2535 4950 2829 5002 Cudtl.Cllm
2863 4949 3109 5017 exemplo
3137 4949 3283 5003 Pauli
3312 4949 3461 5006 Diac.

1875 5040 1925 5084 et
1950 5031 2215 5085 editiones
2240 5038 2427 5078 omnes
2452 5032 2576 5076 ante
2605 5021 2805 5088 Quesn.
2838 5021 2950 5087 Qua
2980 5036 3108 5074 vero
3138 5021 3459 5076 :IUCIOIilale

1875 5103 1964 5156 ille
2005 5102 2202 5154 nullam
2251 5098 2544 5150 variantem
2588 5092 2831 5147 indicans
2872 5092 3218 5161 supposuerit
3254 5092 3459 5158 Petrus,

1877 5173 2212 5246 ignoramus.
2386 5237 2416 5246 __
2490 5235 2501 5246 ⁸
2722 5210 2723 5213 η
2835 5236 2865 5246 Α,
2950 5235 2960 5245 ¹
3027 5235 3037 5246 ⁸

1948 5248 1962 5293 t
2000 5241 2303 5296 Clausulam
2334 5235 2629 5305 adjecimus
2654 5249 2720 5287 ex
2758 5235 3135 5300 antiquisdmo
3156 5233 3279 5305 Vat.

1940 5315 1967 5351 ιι
2001 5314 2071 5368 Ita
2102 5328 2221 5365 cum
2267 5302 2558 5375 QueJnello
2599 5306 2837 5375 potiores
2869 5306 3036 5360 nostri
3068 5304 3228 5361 codd.
3259 5302 3433 5359 Caetet

1873 5386 2092 5455 vulgati,
2119 5383 2455 5455 occasionem.

1947 5444 2143 5512 1“Unus
2190 5454 2311 5509 cod.
2362 5455 2420 5509 S.
2457 5448 2621 5515 Petri,
2664 5449 3011 5519 pratulerant.
3046 5444 3306 5511 Vercell.,
3335 5462 3430 5518 pro

1868 5529 2115 5584 viderant.

1939 5610 1980 5637 ω
2012 5599 2189 5654 Prima
2221 5595 2410 5658 editio,
2438 5593 2720 5649 absolvere.

1942 5681 1968 5708 η
1999 5670 2147 5726 Unus
2178 5684 2276 5724 ms.
2313 5667 2456 5735 Vat.,
2488 5668 2644 5720 stulta
2675 5663 3076 5735 insimulatione.

1942 5752 1967 5779 °
1998 5742 2264 5797 Particula
2304 5741 2394 5792 sed
2417 5732 2682 5793 omittitur
2712 5736 2761 5790 itt
2798 5735 2909 5786 Vat.
2936 5733 3096 5787 5855.
3132 5732 3303 5786 Prima
3333 5732 3453 5791 edi-

1868 5815 1963 5888 tio,
1987 5815 2032 5869 si
2056 5810 2391 5888 formidabile
2412 5811 2528 5878 fuit.
2572 5810 2693 5888 Mox'
2724 5816 2772 5888 et
2805 5805 3139 5888 prouimperio
3174 5804 3229 5861 in
3265 5807 3454 5866 eadem

1868 5874 2103 5944 editione
2133 5895 2186 5942 et
2209 5883 2264 5941 in
2295 5874 2482 5940 eodem
2506 5878 2866 5937 vetustissimo
2891 5874 3009 5933 Vat.
