3980 6352
508 394 615 457 3M

1641 392 1700 450 s.
1746 389 1989 449 LEONIS
2028 390 2247 450 Mitem
2289 361 2695 467 santiones;

3044 342 3053 347 ν
3087 325 3139 339 ’Ἰδ

3072 349 3167 365 \J.

508 508 656 579 fidei,
687 524 848 582 quam
874 520 991 567 erat
1029 508 1439 581 praedicaturus,
1489 507 1742 563 audiret:
1774 508 1856 562 Tu
1895 524 1948 563 es
1990 506 2090 562 Pe-
2116 508 2171 569 Δ
2199 511 2588 583 redemptionis
2641 511 2891 569 Christus
2940 512 3211 584 impleret.
3259 512 3392 570 Nam
3439 524 3656 571 mortuo
3684 529 3790 586 pro

508 610 641 669 trus,
665 612 713 657 et
736 620 893 671 super
918 602 1053 657 hanc
1077 612 1277 674 petram
1297 601 1567 671 aediﬁcabo
1591 599 1877 657 Ecclesium
1900 619 2087 671 meam,

509 705 557 749 et
585 706 747 766 porte
765 696 921 766 inferi
951 712 1053 750 non
1080 697 1436 763 pravalcbunt
1455 696 1700 751 adversus
1725 712 1839 750 eam
1865 695 2085 765 (Matth.

511 786 621 850 xvi,
648 791 757 857 l6).
790 788 1112 843 Christiana:
1140 791 1296 859 igitur
1330 788 1453 845 fidei
1496 789 1783 855 fortitudo,
1814 806 1931 859 qua:
1963 804 2092 858 por-

514 892 594 938 tas
625 886 813 937 mortis
842 897 1005 953 super
1054 885 1519 954 inexpugnabilem
1572 895 1778 955 petram
1828 883 2089 940 ediﬁcata

512 989 619 1029 non
671 976 883 1038 metuit,
916 990 1079 1029 unum
1132 975 1415 1030 Dominum
1458 976 1641 1032 Jesum
1699 974 1994 1040 Christum,
2038 982 2095 1029 et

512 1081 697 1121 verum
735 1068 924 1133 Deum,
957 1078 1012 1123 et
1040 1084 1226 1124 verum
1272 1068 1541 1124 hominem
1572 1070 1891 1133 confitetur;
1935 1083 2091 1124 eum-

510 1158 633 1214 dem
663 1160 891 1216 credens
917 1161 1083 1215 lilium
1112 1160 1369 1232 Virginis,
1399 1161 1493 1232 qui
1524 1171 1715 1217 auctor
1753 1171 1835 1217 est
1868 1164 2088 1228 matris;

510 1254 761 1309 eumdem
813 1265 997 1309 natum
1034 1257 1085 1309 in
1121 1256 1226 1311 line
1271 1256 1619 1319 saeculorum,
1653 1256 1743 1325 qui
1774 1266 1989 1310 creator
2013 1263 2097 1311 est

510 1354 850 1417 temporum;
878 1349 1124 1403 eumdem
1155 1349 1436 1402 Dominum
1466 1349 1706 1402 omnium
1734 1349 2011 1417 virtutum,
2040 1357 2093 1404 et

511 1452 673 1493 unum
724 1440 792 1496 de
822 1441 989 1510 stirpe
1038 1442 1379 1505 mortalium;
1428 1441 1677 1496 eumdem
1732 1445 1934 1510 peccati
1988 1459 2084 1497 ne-

511 1532 705 1599 scium,
739 1542 793 1588 et
819 1537 870 1588 in
893 1533 1243 1589 similitudine
1270 1534 1450 1588 carnis
1483 1536 1686 1604 peccati
1718 1550 1815 1606 pro
1841 1547 2094 1606 peccato-

512 1621 663 1676 rib‘us
693 1623 1048 1677 immolatum.

581 1716 708 1770 Car.
747 1713 832 1769 Ill.
868 1746 938 1757 —
960 1717 1062 1785 Qui
1096 1728 1156 1772 ut
1184 1720 1472 1773 humanum
1505 1734 1672 1789 genus
1696 1721 1926 1776 vinculis
1949 1737 2095 1776 rnor-

513 1808 686 1865 tiferae
715 1812 1173 1880 praevaricationis
1194 1815 1588 1884 absolveret,et
1617 1817 1859 1871 smvienti
1882 1818 2096 1873 diabolo

513 1906 806 1972 potentiam
851 1922 962 1961 suae
1010 1909 1307 1977 maiestatis
1336 1910 1593 1977 occuluit,
1624 1920 1677 1965 et
1728 1911 2093 1967 infirmitatem
2127 1895 2175 1958 Β

514 2008 715 2051 nostra:
741 1997 1058 2055 humilitatis
1085 2001 1303 2069 objecit.
1331 2001 1387 2057 Si
1431 2006 1574 2057 enim
1620 2003 1857 2059 crudelis
1901 2015 1954 2059 et
2002 2019 2096 2059 su-

514 2089 716 2159 perbus
765 2092 1017 2147 inimicus
1049 2095 1337 2149 consilium
1381 2096 1765 2151 misericordias
1798 2097 1891 2151 Dei
1937 2111 2097 2152 nosse

518 2185 803 2253 potuisset,
844 2185 1150 2241 Judmorum
1197 2189 1408 2243 animos
1459 2192 1873 2245 mansuetudine
1922 2192 2097 2259 potius

519 2286 843 2345 temperare,
894 2294 1054 2348 quam
1111 2279 1327 2350 injnstis
1372 2282 1511 2337 odiis
1563 2285 1859 2338 studuisset
1907 2300 2097 2338 acceno

514 2370 675 2438 dere;
702 2386 768 2427 ne
799 2374 1035 2427 omnium
1061 2377 1394 2443 captivorum
1434 2377 1706 2433 amitteret
1753 2378 2095 2445 servitutem,

512 2463 639 2518 dum
672 2464 806 2519 nihil
841 2465 939 2519 sibi
972 2466 1217 2521 debentis
1251 2469 1590 2538 persequitur
1634 2470 1954 2524 libertatem.
1994 2469 2097 2524 Fe-

513 2554 653 2609 fellit
699 2570 827 2625 ergo
869 2557 1015 2612 illum
1049 2560 1352 2628 malignitas
1383 2576 1477 2615 sua
1510 2578 1526 2616 :
1558 2562 1741 2616 intulit
1771 2563 2096 2632 supplicium

510 2640 651 2700 Filio
680 2645 795 2713 Dei,
824 2648 967 2718 quod
1011 2651 1222 2704 cunctis
1258 2652 1381 2705 liliis
1412 2650 1688 2708 hominum
1718 2654 1767 2708 in
1800 2656 2094 2709 remedium

511 2748 837 2795 verteretur.
869 2740 1029 2796 Fudit
1071 2744 1388 2813 sanguinem
1435 2747 1662 2815 justum,
1713 2749 1804 2817 qui
1858 2750 2096 2803 reconci-

420 2862 423 2863 ν
513 2829 697 2885 liando
724 2832 925 2887 mundo
955 2843 1009 2889 et
1037 2838 1265 2904 pretium
1290 2848 1434 2892 esset
1456 2848 1510 2891 et
1543 2840 1812 2906 poculum.
1848 2840 2101 2909 Suscepit

512 2921 792 2991 Dominus,
850 2927 991 2995 quod
1042 2930 1339 2984 secundum
1390 2930 1554 3003 240
1597 2935 1936 3001 βιόιιοείιιιιιι
1986 2950 2099 2988 sua:

509 3019 806 3076 voluntatis
828 3022 1009 3093 elegit.
1044 3024 1273 3078 Admisit
1306 3026 1357 3079 in
1388 3042 1446 3080 se
1479 3028 1673 3096 impias
1698 3042 1886 3082 manus
1914 3029 2097 3083 furen-

511 3112 668 3179 tium,
717 3129 835 3182 quze
866 3115 990 3168 dum
1040 3118 1263 3187 proprio
1304 3117 1625 3173 incumbunt
1653 3120 1868 3187 sceleri,
1921 3120 2097 3176 famu-

511 3204 635 3260 latae
662 3216 789 3261 sunt
820 3206 1193 3278 Redemptori.
1220 3208 1388 3281 Cujus
1409 3213 1571 3267 etiam
1608 3215 1749 3268 circa
1784 3214 2099 3270 interfecto-

512 3313 601 3354 res
640 3314 769 3357 suos
812 3312 955 3356 tanta
1010 3311 1127 3358 erat
1183 3305 1396 3371 pietatis
1446 3304 1682 3373 affectio,
1713 3318 1769 3361 ut
1824 3309 1891 3363 de
1936 3280 2170 3365 cruceC

512 3394 822 3462 supplicans
853 3394 1021 3462 Patri,
1050 3411 1155 3450 non
1180 3411 1239 3452 se
1264 3397 1549 3464 vindicari,
1574 3400 1668 3453 sed
1710 3400 1815 3455 illis
1867 3405 2101 3470 postula-

511 3494 597 3541 ret
632 3487 861 3557 ignosci,
894 3489 1086 3546 dicens
1120 3509 1130 3544 :
1170 3490 1350 3560 Pater,
1386 3501 1411 3528 ει
1434 3494 1633 3547 dimitte
1677 3495 1804 3559 illis,
1840 3497 1963 3563 quia
2006 3513 2098 3549 ne-

513 3578 686 3631 sciunt
712 3580 837 3648 quid
865 3582 1067 3650 faciunt
1098 3580 1252 3651 (Luc.
1284 3599 1440 3645 χχιιι,
1476 3586 1591 3653 54).
1626 3585 1704 3641 De
1731 3586 1884 3655 cujus
1914 3588 2099 3657 utique

511 3673 772 3726 orationis
804 3677 1043 3741 potentia
1068 3673 1186 3739 fuit,
1221 3684 1277 3729 ut
1321 3677 1629 3744 praedicatio
1664 3680 1808 3733 Petri
1840 3680 2094 3746 apostoli,

512 3778 579 3817 ex
605 3764 671 3820 iis
697 3768 787 3836 qui
816 3766 1072 3823 dixerunt
1097 3788 1109 3821 :
1148 3769 1375 3841 Sanguis
1402 3770 1428 3808 ι)
1465 3771 1607 3826 illius
1633 3792 1786 3843 super
1810 3791 1902 3828 nos
1928 3785 1976 3829 et
2008 3793 2098 3830 su-

513 3871 603 3909 ver
623 3856 760 3923 ﬁlios
784 3869 988 3912 nostros
1013 3859 1230 3930 (Matth.
1257 3877 1422 3927 xxvtt,
1444 3862 1560 3932 25),
1590 3868 1877 3919 multorum
1894 3868 1957 3918 ad
1986 3882 2100 3936 pa:-

519 3948 802 4004 nitentiam
826 3952 986 4005 corda
1012 3964 1377 4021 coiiverteret,
1412 3964 1467 4009 et
1496 3972 1602 4010 uno
1627 3957 1716 4011 die
1760 3959 2101 4027 baptizaren-

510 4048 600 4094 tttr
620 4041 722 4096 tria
756 4043 868 4098 fere
893 4044 1058 4099 millia
1083 4045 1391 4101 Judaaorum
1422 4049 1559 4119 (Act.
1592 4066 1648 4114 ll,
1676 4049 1801 4121 4’1);
1838 4052 2099 4121 fieretque

520 4138 758 4193 omnium
783 4154 878 4193 cor
907 4155 1069 4195 unum
1097 4150 1152 4195 et
1178 4143 1356 4195 anima
1405 4158 1504 4196 una
1539 4142 1701 4215 (Ibid.
1736 4161 1812 4208 tv,
1853 4145 1967 4216 52),
2005 4164 2095 4214 pa-

517 4240 760 4287 raturum
782 4232 891 4300 jam
908 4248 1003 4301 pro
1025 4248 1090 4288 eo
1114 4235 1249 4289 mori
1278 4250 1435 4303 quem
1453 4247 1808 4305 potioscerant
1830 4238 2091 4307 crucifigi.

581 4322 712 4380 CAP.
744 4324 830 4380 iV.
862 4356 932 4367 —
959 4327 1040 4382 Ad
1075 4328 1211 4383 lianc
1250 4328 1637 4399 indulgentiam
1675 4332 1904 4386 traditur
1932 4332 2096 4387 Judas

510 4417 797 4487 pervenire
830 4433 933 4473 non
985 4420 1160 4488 potuit
1209 4423 1510 4492 :quoniam
1565 4424 1882 4491 perditionis
1930 4423 2095 4490 filius,

511 4512 596 4566 cui
618 4511 864 4568 diabolus
895 4515 1072 4568 stabat
1098 4531 1124 4567 a
1154 4515 1361 4570 dextris
1385 4516 1507 4583 (Ps.
1535 4516 1711 4587 cvm),
1747 4520 1894 4586 prius
1926 4520 1978 4571 in
2002 4520 2101 4572 de-

513 4606 879 4676 sperationem
932 4608 1161 4672 transiit,
1193 4621 1353 4677 quam
1394 4620 1791 4663 sacramentum
1829 4611 2098 4678 generalis

2197 605 2449 662 omnibus
2479 606 2657 675 impiis
2683 605 2932 676 Domino,
2968 606 3235 676 potuisset
3271 607 3434 665 etiam
3469 618 3495 648 ο
3524 607 3669 666 forte
3696 607 3790 667 hic

2195 703 2452 771 consequi
2487 701 2808 766 remedium,
2834 703 2878 756 si
2911 716 3016 757 non
3062 702 3373 759 festinasset
3403 703 3471 758 ad
3508 704 3788 775 laqueum.

2194 796 2300 852 Sed
2332 796 2568 867 maligno
2594 797 2771 861 cordi,
2798 794 2827 833 ἀ
2857 806 2913 854 et
2940 813 3083 852 nunc
3115 797 3244 852 furti
3278 796 3556 853 fraudibus
3575 798 3790 866 dedito,

2196 904 2338 946 nunc
2363 891 2775 959 parricidalibus
2808 890 3160 947 commerciis
3176 901 3466 961 occupato,
3496 891 3628 946 nihil
3661 906 3793 947 um-

2195 1001 2355 1054 quam
2388 986 2844 1040 documentorum
2884 983 3273 1040 misericordiae
3301 984 3600 1039 Salvatoris
3645 984 3797 1039 inse-

2196 1076 2371 1133 derat.
2408 1087 2432 1116 ο
2463 1076 2648 1145 impiis
2697 1086 3073 1146 acceptaverat
3115 1076 3336 1133 auribus
3360 1076 3570 1131 Domini
3623 1076 3795 1129 verba

2196 1171 2480 1226 dicentis:
2527 1169 2650 1226 Non
2702 1173 2818 1226 veni
2866 1188 3049 1226 vocare
3094 1172 3287 1242 justas,
3347 1172 3437 1226 sed
3496 1181 3797 1242 peccatores

2198 1263 2413 1336 (Matth.
2444 1279 2521 1327 lx,
2549 1265 2675 1333 l3);
2721 1274 2775 1318 et
2803 1282 2815 1316 :
2849 1262 3027 1317 Filius
3057 1264 3279 1317 hominis
3323 1264 3458 1318 venit
3486 1278 3719 1334 quarere
3742 1265 3802 1313 er

2195 1357 2402 1411 salvare
2442 1357 2578 1427 quod
2610 1357 2831 1427 perierat
2867 1356 3017 1426 (Luc.
3051 1374 3105 1422 v,
3139 1356 3263 1426 32);
3297 1370 3394 1412 nec
3443 1354 3798 1410 intellexerat

2196 1449 2537 1504 clementiam
2568 1448 2797 1515 Christi,
2833 1452 2925 1520 qui
2961 1465 3069 1504 non
3111 1450 3285 1503 solum
3334 1448 3612 1516 corporeis
3639 1444 3798 1500 infir-

2196 1544 2476 1598 mitatibus
2518 1543 2857 1608 medebatur,
2892 1543 2985 1597 sed
3038 1544 3202 1597 etiam
3256 1543 3477 1595 vulnera
3529 1540 3799 1594 debilium

2196 1636 2419 1691 curabat
2446 1635 2763 1699 animarum,
2789 1632 3012 1688 dicens‘
3039 1634 3335 1705 paralytico
3352 1651 3364 1685 :
3384 1630 3634 1687 Constans
3657 1639 3796 1697 esto,

2199 1728 2296 1796 ﬁli,
2323 1727 2537 1780 remissa
2586 1737 2705 1780 sunt
2733 1728 2824 1780 tibi
2868 1736 3079 1797 peccata
3128 1737 3216 1778 tua
3243 1724 3464 1795 (Matth.
3497 1740 3570 1780 lx.
3595 1722 3684 1793 3);
3708 1721 3801 1777 di-

2200 1830 2401 1877 censet
2431 1822 2624 1875 oblata!
2642 1820 2745 1874 sibi
2775 1820 3067 1873 adulterae:
3094 1818 3204 1873 Nec
3230 1835 3324 1890 ego
3344 1828 3391 1872 te
3421 1814 3797 1882 condemnabo,

2201 1918 2330 1969 vade
2362 1926 2387 1963 ε
2416 1925 2464 1970 et
2505 1916 2731 1983 amplius
2773 1915 2883 1969 noli
2931 1933 3141 1986 peccare
3181 1915 3379 1986 (Joan.
3416 1931 3528 1982 vm,
3563 1916 3620 1969 11
3653 1916 3704 1984 );
3734 1919 3805 1969 ιιι

2203 2024 2301 2076 per
2327 2010 2506 2061 omnia
2536 2023 2700 2074 Opera
2758 2023 2854 2062 sua
2906 2008 3243 2070 ostenderet,
3304 2010 3355 2061 in
3412 2009 3505 2061 illo
3558 2007 3804 2061 adventu

2201 2115 2300 2155 suo
2326 2100 2655 2155 salvatorem
2706 2099 2892 2155 mundi
2924 2115 2982 2154 se
3011 2102 3250 2167 Venisse,
3298 2115 3404 2154 non
3430 2100 3691 2169 judicent.
3744 2100 3795 2153 Α

2201 2210 2306 2263 quo
2333 2193 2609 2247 intellectu
2649 2194 2918 2248 alienatus
2964 2192 3159 2261 impius
3202 2191 3451 2256 traditor,
3500 2192 3805 2248 insunrexit

2200 2287 2254 2342 in
2288 2288 2634 2355 semetipsum
2663 2282 2714 2350 δ,
2750 2300 2856 2339 non
2878 2284 3088 2354 judicio
3118 2284 3453 2352 paenitentis,
3487 2284 3581 2338 sed
3608 2281 3803 2337 furore

2200 2382 2477 2451 pereuntis
2520 2398 2532 2433 :
2590 2389 2648 2433 ut
2694 2380 2785 2450 qui
2841 2381 2963 2433 vitae
3015 2389 3292 2433 auctorem
3352 2378 3804 2432 interfectoribus

2201 2476 2566 2538 vendidisset,
2602 2475 2653 2528 in
2685 2480 3029 2543 augmentum
3084 2470 3449 2526 damnationis
3474 2487 3587 2526 sua:
3628 2472 3805 2526 etiam

2201 2565 2481 2621 moriendo
2514 2574 2781 2634 peccaret.

2273 2657 2402 2713 Ωιι».
2438 2657 2499 2713 V.
2527 2687 2595 2698 —
2622 2656 2776 2723 Quod
2823 2673 2952 2727 ergo
2996 2656 3115 2711 falsi
3161 2664 3352 2718 testes,
3393 2653 3535 2724 quod
3584 2652 3808 2708 cruenti

2204 2751 2495 2820 principes.
2515 2751 2654 2820 quod
2681 2750 2827 2819 impii
2850 2746 3197 2804 sacerdotesi
3227 2748 3279 2802 in
3312 2746 3598 2801 Dominum
3630 2742 3803 2816 241

2202 2843 2384 2899 Jesnm
2411 2840 2683 2895 Christum
2712 2842 3016 2895 ministerio
3049 2842 3220 2910 ignavi
3250 2837 3499 2909 praesidis
3540 2847 3594 2891 et
3624 2839 3809 2890 famu-

2204 2934 2311 2989 latu
2344 2936 2607 3004 imperitae
2637 2934 2877 2989 cohortis
2899 2942 3146 3003 egerunt,
3180 2942 3233 2986 et
3259 2929 3640 2987 detestandum
3672 2928 3809 2982 uni-

2202 3029 2373 3085 versis
2425 3029 2658 3092 szrculis,
2714 3036 2771 3083 et
2817 3012 3253 3096 amplectendum
3288 3025 3409 3079 fuit.
3462 3021 3608 3079 Crux
3647 3023 3807 3077 enim

2204 3122 2436 3187 Domini,
2463 3124 2602 3176 sicut
2633 3122 2647 3171 i
2684 3120 2737 3175 in
2784 3120 3095 3176 .lndzeorum
3130 3128 3250 3173 erat
3291 3125 3478 3172 mente
3525 3115 3802 3179 crudelis,

2202 3214 2274 3268 ita
2307 3222 2390 3268 est
2416 3214 2470 3267 in
2517 3212 2771 3267 Cruciﬁxi
2816 3212 3015 3266 virtute
3046 3209 3330 3265 mirabilis.
3363 3208 3514 3263 Furit
3545 3210 3596 3261 in
3630 3222 3808 3260 unum

2206 3310 2461 3379 populus,
2490 3317 2545 3361 et
2586 3306 2871 3361 miseretur
2901 3306 3141 3359 omnium
3190 3304 3460 3359 Christus.
3497 3301 3651 3367 Quod
3695 3315 3811 3354 sa:-

2204 3402 2336 3455 vitia
2360 3398 2607 3463 infertur,
2644 3395 2673 3434 ¹ι
2706 3397 2982 3452 voluntate
3024 3396 3321 3463 suscipitur
3345 3412 3358 3448 :
3382 3404 3440 3448 ut
3478 3394 3693 3447 licentia
3717 3390 3813 3445 fa-

2204 3494 2405 3548 cinoris
2437 3503 2653 3546 aeternae
2685 3505 2823 3559 opus
2858 3490 3081 3559 impleat
3135 3488 3451 3543 voluntatis.
3496 3485 3650 3542 Unde
3676 3499 3810 3539 om-

2181 3586 2289 3639 ‘nis
2316 3585 2447 3638 ordo
2477 3599 2655 3638 rerum
2687 3593 2977 3652 gestarum,
3006 3598 3166 3653 quem
3210 3582 3523 3649 plenissime
3554 3595 3805 3648 evange-

2205 3678 2305 3733 lica
2354 3680 2590 3732 narratio
2618 3674 2637 3713 ι
2667 3677 2947 3745 perCnrrit,
2978 3677 3047 3730 ita
3074 3675 3311 3729 fidelium
3342 3684 3423 3729 est
3447 3672 3811 3741 accipiendus

2205 3772 2413 3836 auditu,
2445 3780 2504 3824 ut
2539 3771 2683 3823 salva
2720 3769 2879 3842 242
2927 3770 3030 3823 ﬁde
3075 3770 3369 3832 actionum,
3400 3784 3519 3836 quae
3549 3778 3809 3835 tempore

2205 3864 2496 3917 Dominicae
2542 3860 2808 3931 passionis
2838 3860 3075 3929 impletae
3113 3869 3255 3923 sunt,
3290 3858 3651 3927 intelligamus
3680 3871 3807 3913 non

2204 3958 2377 4012 solum
2412 3957 2784 4010 remissionem
2813 3966 3158 4023 peccatorum
3209 3953 3260 4008 in
3294 3953 3517 4007 Christo
3546 3953 3807 4021 comple-

2203 4062 2332 4116 tam,
2367 4052 2460 4105 sed
2508 4052 2666 4105 etiam
2716 4050 2941 4103 lormam
2987 4048 3209 4116 iustitiae
3256 4061 3379 4101 esse
3436 4044 3803 4115 propositam.

2204 4156 2242 4183 ιη
2266 4147 2479 4207 Verum,
2497 4140 3247 4211 uthocdiligentius.jnvante
3281 4138 3533 4203 Domino,
3559 4136 3814 4192 dissera-

2204 4248 2308 4301 tur,
2344 4240 2458 4293 ha’e
2494 4237 2760 4291 sermonis
2792 4236 2965 4302 portio
2998 4235 3047 4287 in
3092 4242 3335 4302 quartam
3366 4230 3578 4285 sabbati
3609 4246 3809 4285 reser-

2203 4339 2379 4384 vetur.
2398 4326 2580 4382 Aderit
2608 4336 2666 4379 ut
2686 4326 3173 4395 speramus,gratia
3204 4323 3318 4388 Dei,
3348 4338 3469 4391 qua:
3496 4338 3593 4377 nos
3619 4336 3805 4377 oran—

2203 4424 2348 4478 tibus
2372 4412 2528 4476 vobis
2562 4421 2721 4474 faciat
2754 4417 3017 4488 promissa
3048 4418 3350 4486 complere:
3377 4431 3473 4485 per
3497 4415 3803 4470 Dominum

2204 4524 2446 4571 nostrum
2477 4512 2658 4567 Jesum
2690 4511 2986 4575 Christum,
3026 4510 3115 4578 qui
3158 4524 3280 4564 cum
3316 4509 3473 4564 Patre
3502 4519 3553 4564 et
3582 4507 3807 4579 Spiritu

2204 4624 2393 4667 sancto
2430 4618 2619 4679 regnat
2648 4613 2702 4663 in
2740 4607 2935 4662 saecula
2967 4606 3310 4661 saeculorum.
3344 4608 3534 4660 Amen.

513 4765 727 4822 affixam
772 4768 1127 4836 expendimus
1154 4769 1205 4823 in
1252 4767 1722 4823 observationibus
1767 4770 1831 4825 ad
1886 4788 2099 4829 sermo-
2125 4774 2179 4836 D
2206 4772 2441 4831 Vercell.

515 4853 636 4895 nem
669 4844 904 4893 tertium.

586 4918 614 4946 α
643 4911 729 4965 Sic:
761 4911 875 4985 duo
908 4910 1066 4985 codd.
1100 4910 1159 4966 S.
1188 4910 1331 4985 Petri
1352 4920 1416 4985 et
1453 4911 1601 4985 apud
1625 4910 1927 4985 Remigium
1958 4914 2099 4985 Lug-

514 4979 812 5055 dunensem
846 4983 913 5035 de
936 4982 1124 5055 _tr_i_bns
1167 4983 1411 5055 epistolis
1447 4979 1504 5036 cI
1542 4983 1629 5055 19.
1663 4979 1832 5046 Alias,
1865 4979 2096 5055 ignosce.

586 5052 616 5091 ιι
641 5053 694 5107 In
717 5068 826 5136 uno
850 5052 971 5135 cod.
991 5052 1109 5107 Vat.
1136 5064 1188 5136 et
1214 5056 1265 5108 in
1291 5053 1519 5122 Bonon.,
1544 5053 1724 5126 hujus.
1758 5054 1817 5110 In
1839 5052 1944 5111 alio
1975 5056 2096 5113 Vat.

515 5136 571 5181 et
593 5125 730 5193 apud
759 5125 1079 5208 Remigium,
1111 5125 1244 5193 ejus.

594 5207 615 5267 ς
650 5193 828 5251 Prima
857 5195 1023 5251 ednto
1058 5206 1266 5263 ignorat
1297 5200 1428 5267 forte

587 5266 615 5305 ά
642 5267 718 5340 lta
748 5268 1153 5340 emendavimus
1188 5284 1257 5322 ex
1284 5268 1494 5323 duobus
1522 5283 1653 5324 mss.
1682 5267 1741 5325 S.
1769 5269 1936 5326 Petri.
1978 5270 2091 5340 AL,

516 5353 653 5396 nunc
681 5338 829 5410 furtis
853 5338 1115 5408 fraudium
1142 5339 1333 5393 dedito.

594 5420 617 5450 ο
649 5412 739 5467 Sic
778 5412 969 5466 melius
999 5425 1064 5464 ex
1088 5411 1275 5465 iisdem
1307 5425 1435 5465 mss.
1469 5420 1524 5465 et
1560 5410 1667 5464 alio
1700 5410 1820 5467 Vat.
1845 5411 1901 5465 lu
1939 5412 2097 5467 editis

518 5490 575 5538 et
611 5483 881 5538 nonnullis
922 5480 1109 5545 codd.,
1160 5483 1263 5536 alia
1314 5481 1769 5549 interpunctione,
1812 5484 2090 5545 insederat,

519 5569 611 5610 nec
640 5556 739 5621 piis
760 5562 1130 5627 acceptaverat.
1171 5553 1229 5609 ln
1268 5552 1481 5609 duobus
1507 5551 1654 5620 Vat.,
1705 5566 1969 5624 acceperat
2000 5568 2097 5624 pro

515 5636 885 5697 acceptaverat.

600 5692 784 5755 ltoil.
835 5696 1068 5753 Vercell.
1112 5704 1166 5753 et
1217 5695 1391 5765 prima
1422 5692 1623 5765 editio,
1673 5693 1965 5765 paralytico
2010 5711 2098 5749 sa-

520 5769 810 5847 nato.__blox
833 5769 963 5825 editi
1000 5778 1123 5824 ante
1144 5764 1369 5847 Quesn.,
1401 5764 1637 5847 Conﬁde,
1676 5764 1782 5847 ﬁli,
1826 5766 2098 5847 remittun-

523 5852 611 5897 tur
645 5842 733 5895 tibi
774 5851 980 5911 peccata
1018 5852 1127 5894 tua.
1158 5838 1467 5911 Lectionem
1496 5838 1564 5911 ab
1588 5852 1653 5911 eo
1682 5835 1954 5911 inductam
1984 5844 2038 5911 et
2066 5852 2095 5893 a

522 5911 681 5973 nobis
703 5906 967 5972 retentam
994 5912 1251 5971 exhibent
1284 5910 1392 5970 duo
1420 5908 1578 5969 codd.
1602 5910 1659 5968 S.
1694 5906 1843 5967 Petri
1875 5918 1926 5966 et
1956 5908 2095 5966 alius

2280 4854 2305 4891 s
2332 4844 2422 4899 Sic
2470 4841 2635 4895 nostri
2683 4839 2898 4894 codices
2938 4848 2992 4894 et
3035 4839 3164 4893 editi
3212 4852 3401 4893 omnes
3430 4847 3557 4892 ante
3586 4835 3809 4903 Quesn.

2206 4917 2346 4986 apud
2377 4920 2629 4986 quem,_et
2657 4912 2844 4964 amodo
2884 4911 2992 4965 noli
3021 4927 3251 4986 peccare.

2279 4984 2311 5023 ιι
2354 4978 2672 5053 ρἰιθεηεηιιε
2727 4994 2847 5051 post
2891 4978 3049 5036 voces
3101 4983 3153 5034 in
3209 4982 3529 5053 semetipsum
3588 4978 3818 5036 addidit

2207 5052 2432 5126 impius,
2486 5070 2644 5126 qnam
2673 5068 2859 5109 vocem
2910 5068 3006 5107 nec
3060 5055 3226 5107 nostri
3275 5052 3437 5108 codd.
3488 5065 3586 5107 nec
3634 5064 3823 5110 antea

2210 5129 2341 5187 editi
2375 5126 2653 5183 exhibent.

2286 5198 2303 5236 ί
2341 5199 2469 5254 Erat
2497 5199 2548 5251 in
2576 5196 2760 5260 editis,
2798 5193 2873 5248 uti
2905 5194 2957 5248 in
2990 5194 3259 5259 aliquibus
3292 5208 3446 5255 mss.
3477 5193 3529 5246 in
3582 5191 3823 5248 Domini

2204 5269 2331 5326 Iesu
2358 5269 2550 5324 Christi
2603 5268 2845 5339 mysterio
2894 5265 3102 5339 ignavia
3157 5264 3821 5339 prasidisAetjamulalts.

2205 5341 2402 5397 Veram
2429 5335 2712 5396 lectionem
2752 5335 3032 5392 hansitnus
3055 5350 3121 5391 ex
3148 5337 3360 5392 duobus
3390 5336 3448 5393 S.
3474 5335 3616 5390 Petri
3645 5337 3824 5394 codi-

2205 5417 2485 5539 ωἶυῧιιιιε
2514 5497 2614 5537 ms.
2650 5480 2794 5543 Vnt.,
2822 5481 2874 5532 in
2905 5478 3217 5531 invidorum.

2277 5552 2302 5591 ιι
2334 5553 2539 5609 Placuit
2566 5552 2827 5606 voluntate
2864 5564 2957 5617 pro
2988 5558 3234 5620 potestate
3263 5562 3525 5617 reponere
3567 5561 3635 5602 ex
3663 5562 3817 5606 mss.

2205 5625 2630 5750 ὃίρδὶἷέέοόᾱ.
2663 5691 2787 5747 Vat.
2820 5699 2874 5746 et
2904 5690 3077 5760 prima
3104 5690 3292 5755 editio,
3320 5690 3660 5760 percucurrit.

2205 5838 2221 5895 1
2274 5740 2630 5851 uestigiis
2659 5740 3346 5835 asﬁ'ue'aid'it'a‘éﬁi'déls'uiti
3360 5740 3428 5818 iit
3445 5740 3549 5817 ius;
3570 5740 3818 5824 viaea.

2226 5854 2363 5895 ensi.

2226 5854 2363 5896 ensi.
