3980 6352
200 441 284 503 353
1610 436 1734 493 SER

1840 452 1844 480 ι
1880 430 2067 494 Lxut.
3297 424 3425 497 δεῖ

205 548 3391 581 ww

857 639 1314 706 ADMONITIO
1354 639 1429 701 ΙΝ
1474 640 1674 701 TRES
1716 639 2136 703 SERMONES
2178 639 2660 712 SEQUENTES.

251 768 358 823 Post
382 764 756 821 antecedentem
774 779 1058 820 sermonem
1085 763 1411 833 perturbatus
1440 771 1547 815 erat
1576 762 1824 834 inpeditis,
1853 762 1983 834 sicut
2010 772 2060 816 et
2088 761 2141 815 in
2164 779 2264 834 non
2298 762 2477 831 paucis
2500 778 2616 834 mss.
2643 763 2841 833 aliquot
2860 763 3274 834 subsequentium
3294 782 3402 820 ser-

196 854 362 895 mortem
385 837 527 901 ordo,
557 836 645 902 qui
664 846 933 907 propterea
954 852 986 887 a
1011 832 1154 907 nobis
1171 835 1332 907 plane
1366 833 1711 907 immolandas
1743 834 1858 905 fuit.
1890 832 2217 907 Antecedenti
2248 838 2470 907 sermoni
2500 832 2863 907 subjiciebatur
2890 832 3058 907 sermo
3090 837 3171 889 cui
3192 837 3401 892 initium

195 923 265 965 est.
288 908 461 963 Omnia
484 902 699 976 quidem
724 902 985 972 tempora.
1016 904 1125 959 Sub
1152 904 1304 973 ﬁnem
1333 920 1447 957 vero
1478 905 1731 976 sermonis
1744 902 2094 976 antecedentis
2121 905 2435 974 promittitur
2460 902 2600 976 alius
2630 921 2795 959 sermo
2819 905 2953 960 feria
2987 916 3175 976 quarta
3207 907 3401 963 haben-

195 984 285 1041 du,
304 980 349 1031 in
373 996 468 1040 quo
497 974 555 1032 S.
580 975 682 1030 Leo
710 977 780 1029 ita
802 993 857 1030 se
880 978 1170 1029 locuturum
1196 976 1431 1048 spondet,
1461 986 1516 1027 ιιι
1537 975 1682 1028 salva
1716 974 1819 1029 ﬁde
1839 976 2129 1048 aetionum,
2162 990 2281 1044 qua:
2313 987 2551 1048 tempore
2586 975 2875 1048 Dominicis;
2916 974 3177 1042 passionis
3206 980 3396 1048 imple-

194 1064 243 1107 ta
265 1063 392 1114 sunt,
415 1048 772 1119 intelligamus
799 1062 905 1119 non
933 1048 1108 1100 solum
1136 1044 1509 1119 remissionem
1547 1056 1884 1119 peccatorum:
1928 1046 1978 1097 in
2002 1045 2215 1098 Chrism
2238 1045 2559 1119 completam
2589 1044 2747 1119 (quod
2776 1063 2834 1119 eo
2854 1063 3084 1119 sermone
3104 1044 3396 1119 statuerat),

194 1122 263 1176 sed
286 1124 428 1172 etiam
461 1117 685 1171 formam
716 1117 932 1186 iustitia:
962 1133 1083 1171 esse
1106 1118 1465 1184 propositam;
1496 1118 1630 1185 quod
1654 1118 1705 1169 in
1734 1114 1918 1171 feriam
1949 1124 2192 1184 quartam
2220 1116 2573 1185 exponendum
2596 1114 2831 1171 remittit.
2868 1118 2938 1170 De
2960 1117 3056 1171 hoc
3077 1130 3245 1173 autem
3270 1114 3400 1175 nihil

191 1194 449 1245 ittsermone
482 1188 673 1243 Omnia
707 1188 921 1257 quidem
962 1189 1291 1259 temporaria
1326 1187 1477 1259 editis
1507 1190 1767 1259 subjecto;
1794 1188 1914 1255 quin
1946 1188 2032 1259 in;
2050 1188 2162 1259 ipso
2191 1186 2323 1259 alius
2351 1188 2553 1259 pariter,
2566 1202 2730 1240 sermo
2756 1187 2885 1259 feria
2909 1200 3095 1257 quarta
3140 1191 3401 1245 habendus

192 1261 480 1331 promittitur,
502 1260 589 1329 qui
612 1276 643 1311 a
670 1256 814 1331 nobis
838 1269 1008 1326 postea
1030 1258 1361 1331 indicabitur.
1386 1256 1450 1312 At
1473 1256 1704 1311 sermone
1723 1256 1972 1323 sequenti,
1995 1256 2199 1331 Gloria,
2226 1257 2581 1331 dilectissimi,
2605 1256 2769 1331 cap._l
2784 1298 2799 1323 ,
2824 1268 2868 1331 et
2889 1256 3239 1329 promissionis
3262 1279 3403 1316 uten-

192 1328 341 1384 tionem
366 1328 519 1400 facit,
540 1340 588 1383 et
618 1330 761 1383 addit
792 1346 811 1384 :
834 1330 1267 1400 Qumpmninica
1301 1330 1479 1395 passio
1502 1344 1691 1383 Omlle
1725 1344 1820 1383 nos
1864 1337 1918 1382 et
1938 1330 2194 1400 redemit,
2230 1338 2281 1381 et
2303 1328 2503 1400 docuit,
2538 1336 2599 1383 ut
2628 1328 2769 1384 unde
2806 1330 2988 1384 datum
3022 1340 3105 1384 est
3144 1332 3400 1399 pretium,

190 1403 284 1457 inde
305 1398 575 1467 etjustitia
603 1411 925 1455 sumeretur.
961 1398 1028 1451 Et
1050 1417 1164 1470 cap.
1191 1402 1225 1455 5
1251 1416 1264 1452 :
1298 1401 1362 1452 Et
1391 1408 1781 1452 sacramentum
1812 1398 2049 1470 condidit
2080 1409 2129 1453 et
2163 1399 2493 1470 exemplum,
2527 1410 2577 1453 ut
2614 1414 2777 1452 unum
2814 1400 3281 1470 apprehenilerent
3313 1398 3401 1457 re?

189 1474 430 1532 nascendo,
453 1471 693 1543 alterum
730 1470 1400 1543 sequerenturimitando,
1434 1471 1640 1543 quaead
1675 1475 2000 1539 propositam
2023 1469 2250 1537 justitize
2281 1469 2507 1543 fortnam
2547 1469 2858 1543 referuntur.
2896 1470 2997 1524 Hic
3020 1472 3179 1543 igitur
3210 1488 3401 1541 sermo,

190 1544 289 1595 relut
310 1540 577 1594 auterioris
606 1542 874 1595 sermonis
905 1543 1079 1607 portio
1104 1541 1153 1594 in
1184 1552 1427 1611 quartam
1460 1540 1665 1611 sabbati
1694 1554 1985 1604 reservata,
2011 1551 2245 1611 nouerat
2268 1541 2669 1611 disjungendus.
2708 1540 2831 1594 Post
2862 1543 2993 1595 hunc
3022 1540 3259 1597 dabimus
3289 1540 3400 1597 ser;

192 1628 367 1677 mouent,
398 1611 591 1665 Omnia
620 1614 837 1681 quidem
868 1620 1134 1680 tempora,
1174 1613 1256 1663 die
1290 1610 1556 1663 Dominico
1597 1610 1825 1663 habitum
1863 1622 2041 1663 contra
2090 1610 2475 1680 Eutychianos,‘
2504 1612 2559 1663 in
2597 1614 2746 1681 cujus
2776 1611 2878 1680 ﬁne
2903 1630 3018 1666 cum
3057 1616 3192 1667 alius
3234 1630 3403 1669 sermo

189 1685 324 1735 eodem
341 1699 487 1752 super
513 1699 571 1735 re
597 1683 730 1736 feria
757 1695 943 1752 quarta
972 1681 1294 1752 adjiciendus
1330 1682 1553 1743 dicatur,
1588 1698 1677 1733 nec
1702 1684 1874 1734 statim
1900 1682 2155 1751 subjectus
2181 1683 2489 1734 inveniretur
2520 1682 2572 1734 in
2609 1681 2780 1741 editis,
2816 1698 2908 1737 nos
2928 1684 3258 1752 subjecimus.
3303 1687 3404 1738 Ue-

192 1754 508 1820 prehendmus
535 1763 709 1805 autent
733 1752 869 1806 hunc
898 1769 1177 1806 sermonem
1200 1768 1308 1806 esse
1332 1753 1483 1805 illum
1512 1752 1596 1819 qui
1634 1752 1814 1817 incipit
1844 1768 1862 1803 :
1884 1755 2224 1813 Sermonem,
2259 1753 2615 1813 dilectissimi,
2642 1752 2706 1803 de
2734 1752 2964 1820 gloriosa
2998 1752 3208 1809 Domini
3238 1755 3405 1809 nostri

188 1825 283 1877 leso
304 1822 491 1877 Christi
528 1823 777 1890 passione
810 1826 1159 1892 promissam;
1207 1824 1290 1876 ubi
1335 1822 1396 1877 S.
1432 1822 1658 1891 pontifex
1704 1826 1757 1875 in
1799 1820 2051 1892 Eutychis
2096 1839 2321 1876 errorem
2352 1826 2544 1890 pariter
2578 1822 2801 1876 disserit.
2850 1823 3119 1879 Enimvero
3159 1825 3253 1877 hos
3280 1827 3409 1880 duos

186 1910 392 1947 sermones
423 1894 485 1946 ob
507 1895 946 1948 continuationem
975 1899 1108 1947 velut
1146 1910 1303 1947 unum
1332 1895 1610 1957 habendos,
1654 1902 1789 1957 patet
1816 1908 1881 1946 ex
1920 1895 2064 1956 epist.
2112 1892 2213 1946 1:24
2244 1904 2288 1945 et
2320 1893 2442 1959 165,
2476 1894 2527 1946 in
2563 1894 2742 1960 quibus
2784 1906 3055 1962 postquam
3082 1898 3140 1951 S.
3174 1894 3277 1949 Leo
3304 1898 3410 1950 duo

187 1968 267 2035 fere
286 1966 467 2035 integra
500 1975 762 2029 postrema
788 1966 957 2032 capita
988 1966 1022 2019 5
1050 1976 1097 2019 et
1126 1964 1159 2016 4
1190 1965 1455 2035 descripsit
1486 1980 1817 2037 exserm’one,
1849 1966 1935 2033 qui
1964 1964 2142 2033 incipit
2173 1981 2192 2020 :
2215 1963 2651 2037 omniaquidem
2685 1973 2948 2033 tempora,
2980 1967 3221 2020 continuo
3250 1967 3412 2037 subji-

185 2037 235 2088 cit
255 2034 577 2106 fragmentum
598 2036 751 2103 primi
780 2038 962 2106 capitis
988 2053 1051 2090 ex
1073 2037 1177 2088 alio
1201 2034 1458 2096 sermone,
1481 2035 1567 2102 qui
1596 2034 1802 2106 inchoat
1828 2050 1849 2088 :
1875 2034 2611 2106 berln0ltem,_dllCCllSSlllli;
2646 2037 2781 2089 unde
2808 2039 2938 2089 alter
2967 2038 3178 2091 alterius
3203 2048 3274 2091 est
3294 2034 3410 2102 por-

186 2107 254 2162 tio.
282 2105 391 2159 Haec
413 2108 593 2159 omnia
623 2104 893 2173 confirmat
924 2109 1050 2160 ordo
1091 2108 1177 2173 qui
1214 2106 1463 2159 invenitur
1490 2106 1541 2158 in
1564 2104 1759 2159 duobus
1783 2107 2008 2175 antiquis
2047 2122 2169 2159 mss.
2205 2104 2541 2158 Lectiouariis
2580 2105 2808 2162 basilicae
2841 2106 2901 2162 S.
2938 2106 3101 2171 Petri,
3133 2124 3275 2162 num.
3309 2110 3411 2165 105

185 2185 220 2228 et
246 2178 347 2240 107,
378 2177 463 2229 ubi
494 2179 633 2231 inter
658 2192 914 2231 sermones
933 2179 996 2230 de
1021 2176 1270 2229 Passione
1296 2186 1407 2245 post
1435 2193 1739 2241 sermonem,
1768 2176 2081 2230 Desuderata
2116 2177 2291 2243 nobis,
2318 2178 2553 2231 subditur
2576 2192 2593 2229 :
2622 2176 2825 2241 Gloria,
2862 2179 3196 2233 dlieCliSSlllti
3220 2196 3235 2243 ;
3260 2180 3411 2233 dein:

185 2246 332 2328 Omnia
360 2248 892 2328 quidem-tettipora;
924 2264 984 2300 ac
1026 2259 1223 2328 postea,
1254 2246 1593 2328 Segntouem,
1636 2246 1993 2314 dilectissimi,
2022 2248 2091 2303 de
2119 2248 2376 2319 gloriosa,
2407 2258 2504 2306 etc.
2537 2246 2692 2301 ldem'
2720 2251 2873 2303 etiam
2909 2250 3038 2304 ordo
3066 2248 3327 2305 exhibetur
3354 2252 3409 2305 in

185 2318 308 2371 tribu
334 2318 447 2372 aliis
477 2317 746 2373 codicibus
775 2316 1062 2389 prastantis
1098 2319 1294 2373 collect.
1322 2316 1376 2371 2.
2126 2316 2143 2319 ⁷
3350 2349 3355 2354 ι

614 2450 775 2525 243
815 2451 1048 2507 SERMO
1086 2450 1265 2507 Lxm.

235 2542 298 2599 De
322 2543 576 2599 Passione
620 2543 828 2598 Domini
868 2541 1021 2610 III;
1053 2542 1256 2597 habitus
1294 2544 1427 2612 feria
1451 2551 1655 2614 quarta.

184 2641 405 2699 Suoms.
428 2669 502 2681 —
526 2638 574 2695 1.
612 2639 735 2692 Non
762 2639 872 2691 sola
899 2655 990 2691 sua
1012 2638 1237 2707 potentia
1266 2649 1550 2708 pugnatum
1571 2655 1677 2693 esse
1697 2654 1731 2691 a

1756 2461 1808 2521 Α
1837 2452 1928 2525 (Ill
1974 2452 2094 2508 Cor.
2137 2469 2191 2519 v,
2248 2450 2339 2523 i9)
2381 2468 2397 2507 :
2446 2462 2721 2507 ostensum
2770 2456 2887 2519 est,‘
2926 2452 3049 2521 quia
3099 2451 3417 2522 Unigenitus

1832 2544 2027 2597 summi
2056 2543 2229 2597 Patris
2261 2543 2367 2597 tale
2394 2543 2513 2597 iniit
2541 2557 2662 2597 cum
2691 2542 2922 2596 humana
2960 2542 3260 2598 humilitate
3288 2558 3420 2598 con-

1831 2634 2082 2701 sortium,
2112 2645 2133 2673 ο
2165 2645 2221 2689 ιιι
2252 2645 2497 2699 suscepta
2536 2645 2730 2689 nostrae
2758 2634 2935 2689 carnis
2969 2633 3268 2703 animaeque
3292 2634 3420 2690 sub-

236 2711 433 2774 Christo,
463 2712 563 2764 sed
585 2726 648 2763 ea:
680 2711 962 2762 humilitate
986 2720 1182 2767 nostra,
1208 2720 1262 2761 ut
1283 2710 1486 2777 justitia
1506 2724 1734 2762 servare-

233 2791 317 2836 tur.
345 2812 412 2824 —
441 2781 501 2835 ll.
548 2780 817 2851 Quidquid
853 2780 1093 2832 habemus
1122 2781 1475 2851 adimpletum.
1516 2781 1569 2831 id
1599 2782 1735 2833 anli.

233 2870 335 2922 quos
356 2853 600 2907 habuisse
622 2851 1008 2922 obumbratum;
1038 2866 1288 2909 unamque
1316 2850 1470 2917 ﬁdem
1502 2866 1563 2902 ac
1590 2867 1733 2918 spem

232 2920 321 2976 esse
363 2926 618 2977 omnium.
645 2952 716 2963 —
748 2922 831 2977 Ill.
884 2920 1281 2992 Inseparabilem
1340 2936 1458 2992 esse,
1496 2922 1733 2976 unionem

234 2993 397 3047 Christi
423 3012 546 3048 cum
596 3004 811 3062 utroque
849 2990 1061 3062 corpore
1089 3007 1202 3051 suo,
1254 2990 1479 3044 naturali
1528 3005 1575 3044 et
1614 3008 1732 3062 my-

234 3067 353 3117 stico.
381 3094 449 3105 —
480 3064 581 3119 IV.
615 3061 734 3118 Hoc?
756 3064 978 3116 maxime
1006 3061 1301 3116 Christiano
1329 3063 1643 3124 enitendum,
1673 3061 1733 3116 ut

235 3146 358 3206 caput
388 3152 545 3189 suum
597 3137 843 3189 imitetur.
862 3164 932 3174 —
960 3133 1021 3187 V.
1058 3132 1184 3187 Sola
1219 3144 1472 3206 prrecepta
1495 3149 1733 3187 caeremo-

237 3204 371 3259 nialia
398 3224 508 3260 esse
544 3217 748 3259 mutata
774 3221 793 3271 ;
819 3205 1039 3276 gratiam
1062 3216 1229 3257 autem
1261 3204 1435 3276 datam
1469 3206 1537 3255 ad
1565 3221 1734 3257 mora-

234 3276 306 3331 lia.
330 3307 397 3318 —
425 3277 511 3330 Vi.
564 3275 830 3331 Christum
861 3278 1153 3328 innumeros
1191 3276 1282 3328 sibi
1319 3275 1457 3341 ﬁlios
1485 3278 1734 3345 baptismo

236 3364 413 3414 parere,
444 3350 496 3400 in
526 3364 637 3415 quo
661 3347 838 3401 mortis
867 3359 913 3401 et
942 3347 1328 3398 resurrectionis
1354 3348 1521 3416 imago
1550 3349 1733 3400 elucet.

232 3447 287 3458 —
327 3418 433 3472 VII.
485 3418 661 3471 Omne
706 3416 986 3471 Christiani
1031 3418 1306 3478 meritum,
1367 3417 1587 3487 gloriam
1631 3433 1738 3471 esse

235 3488 431 3553 Christi;
461 3495 553 3557 qui
581 3505 709 3559 quos
739 3504 889 3542 carne
911 3504 1003 3541 sua
1028 3488 1214 3558 pascit,
1246 3488 1433 3557 spiritu
1454 3489 1607 3540 etiam
1631 3490 1738 3558 agit

1832 2726 2027 2782 stantia
2057 2741 2198 2781 unus
2224 2737 2383 2797 atque
2429 2726 2568 2781 idem
2613 2725 2708 2782 Dei
2740 2725 2905 2781 Filius
2933 2737 3295 2795 permaneret,
3324 2741 3421 2781 no-

1833 2829 1943 2872 stra
1986 2818 2254 2889 augendo,
2305 2834 2413 2873 non
2456 2822 2673 2888 pr0pria
2702 2817 2729 2856 d
2761 2836 2775 2871 :
2809 2820 2932 2888 quia
2982 2810 3267 2873 inﬁrmitas
3304 2824 3422 2874 erat

1834 2910 2203 2979 provelicnda,
2237 2926 2344 2964 non
2369 2911 2542 2964 virtus
2576 2928 2588 2962 :
2628 2920 2685 2964 ut
2723 2925 2844 2964 cum
2874 2925 2974 2965 suo
3003 2911 3243 2966 Creatori
3270 2926 3423 2967 crea-

1836 3011 1950 3056 tura
1982 3012 2127 3058 esset
2150 3004 2317 3071 unita,
2353 3003 2487 3057 nihil
2516 3001 2680 3075 244
2718 3012 2974 3073 ιεδιιιιιμιυ
2999 3003 3263 3071 divinum,
3287 3004 3423 3061 nihil

1833 3096 2128 3149 assumenti
2161 3096 2370 3149 deesset
2400 3094 2711 3148 humanum.

1905 3188 2035 3244 CAP.
2070 3188 2134 3244 ll.
2166 3218 2236 3229 —-
2268 3190 2378 3243 lloc
2408 3189 2691 3243 consilium
2720 3188 3105 3244 misericordia:
3126 3198 3179 3245 et
3201 3188 3424 3261 justititn
3478 3214 3481 3233 π

1836 3281 1953 3347 Dei,
1987 3282 2109 3337 licet
2148 3282 2201 3335 in
2243 3282 2531 3351 praeteritis
2559 3282 2770 3336 szecnlis
2799 3282 3115 3351 quibusdam
3144 3282 3424 3338 velamini-

1836 3372 1936 3428 bus
1960 3372 2124 3427 fuerit
2154 3374 2556 3438 obumbrntum,
2590 3388 2694 3427 non
2726 3384 2903 3429 tamen
2933 3374 3005 3428 ita
3034 3376 3306 3431 obtectam
3338 3383 3425 3432 est

1836 3478 1893 3521 ut
1938 3478 2270 3531 sanctorum,
2315 3468 2405 3533 qui
2442 3476 2465 3504 °
2492 3466 2562 3521 ab
2608 3466 2762 3523 initio
2807 3483 2974 3538 usque
3016 3469 3083 3522 ad
3131 3468 3423 3525 adventum

235 3569 272 3611 et
286 3560 419 3613 reait.

235 3577 334 3613 etre
384 3577 419 3612 ι.

234 3577 403 3706 Cmgi.
424 3680 498 3691 —
518 3650 735 3715 Gloria,
760 3650 1113 3716 dilectissimi,
1136 3650 1426 3705 Dominicaz
1449 3650 1737 3720 passionis,

183 3740 232 3796 de
251 3758 337 3812 qua
375 3758 471 3798 nos
499 3744 674 3800 etiam
718 3743 875 3797 hodie
906 3744 1184 3799 locuturos
1210 3758 1331 3799 esse
1371 3743 1736 3812 promisimus,

1838 3559 2054 3613 Domini
2089 3559 2389 3614 laudabiles
2411 3559 2759 3624 exstiterunt,
2784 3559 3075 3615 intellecmi
3107 3571 3421 3633 negaretur:

1838 3667 1958 3706 cum
1990 3662 2043 3707 et
2079 3655 2407 3724 propheticis
2436 3653 2639 3719 verbis,
2672 3663 2726 3707 et
2754 3669 2932 3709 rerum
2956 3663 3225 3724 gestarum
3254 3656 3423 3727 signi-

1842 3742 2202 3811 ﬁcationibus,
2234 3746 2379 3800 salus
2409 3761 2528 3814 qua:
2560 3746 2613 3799 in
2644 3745 2860 3800 Christo
2890 3760 3004 3800 erat
3034 3761 3278 3814 ventura,
3311 3764 3426 3817 pro-

186 3832 455 3889 hutnilitatis
482 3834 729 3889 maxime
754 3844 835 3889 est
868 3834 1108 3889 miranda
1150 3835 1438 3905 mysterio;
1468 3850 1587 3905 quae
1612 3852 1734 3889 om-
1764 3843 1813 3907 Β
1840 3838 2002 3893 missa
2033 3838 2140 3899 sit;
2165 3854 2321 3904 quam
2365 3853 2471 3893 non
2500 3839 2672 3893 solum
2710 3840 2798 3909 qui
2839 3840 3207 3911 praedicabant
3245 3842 3425 3914 adepti

182 3938 254 3979 nes
275 3940 362 3980 nos
379 3934 434 3982 et
459 3926 703 3982 redemit
728 3935 782 3980 et
800 3924 981 3980 docuit
1006 3941 1021 3979 :
1046 3935 1106 3980 ut
1128 3926 1269 3980 unde
1297 3925 1478 3981 datum
1505 3936 1587 3980 est
1608 3942 1733 3996 pre-
1833 3936 1978 3997 sunt,
1998 3929 2093 3983 sed
2122 3944 2311 3984 omnes
2330 3931 2489 3984 etiam
2508 3930 2598 4000 qui
2624 3946 2718 3998 pra
2735 3930 3037 3987 dicantihus
3054 3932 3423 3989 crediderunt.

184 4017 301 4087 tium,
325 4021 443 4076 inde
472 4029 531 4075 et
561 4020 771 4089 justitia
800 4028 1125 4074 sumeretur.
1158 4020 1557 4086 Omnipotentia
1587 4023 1730 4076 enim
1836 4018 1953 4075 Una
1973 4022 2117 4076 enim
2145 4021 2276 4077 ﬁdes
2285 4022 2545 4091 justiﬁcat
2576 4024 2952 4079 universorum
2986 4034 3285 4095 temporum
3308 4043 3424 4084 san-

183 4109 271 4166 Filii
304 4113 411 4177 Dei,
444 4123 471 4150 ι
507 4128 620 4184 qua
663 4128 758 4181 per
786 4111 1032 4167 eamdem
1078 4111 1368 4166 essentiam
1400 4112 1621 4182 aequalis
1650 4120 1734 4168 est
1835 4124 1972 4179 etos,
1992 4114 2128 4169 etad
2148 4116 2391 4170 eamdem
2416 4114 2601 4185 fspem
2628 4116 2864 4172 ﬁdelium
2888 4108 3141 4188 pertinet,
3162 4122 3425 4192 quidquid

182 4200 310 4271 Patri,
339 4207 613 4275 potuisset
643 4206 936 4260 humanum
974 4219 1144 4275 genus
1167 4220 1195 4258 a
1226 4206 1504 4260 dominatu
1534 4205 1733 4261 diaboli
1837 4222 1932 4276 per
1976 4207 2327 4263 mediatorem
2375 4208 2470 4263 Dei
2513 4219 2566 4264 et
2614 4210 2889 4265 hominum
2926 4212 3110 4267 Jesuin
3140 4212 3420 4271 Christum

183 4296 267 4350 solo
290 4298 510 4368 imperio
541 4313 661 4353 sua:
693 4297 981 4352 voluntatis
1009 4312 1222 4363 eruere,
1254 4298 1354 4353 nisi
1384 4298 1578 4353 divinis
1600 4313 1733 4368 ope-
1837 4299 1882 4372 (Ι
1916 4298 2050 4356 Tim.
2079 4316 2135 4355 ιι.
2169 4300 2249 4371 5),
2281 4303 2363 4357 vel
2392 4315 2490 4357 nos
2528 4302 2851 4357 conﬁtemur
2882 4303 3099 4370 factum,
3129 4306 3210 4361 vel
3244 4315 3424 4375 patres

180 4387 292 4444 ribus
317 4391 553 4446 maxime
604 4389 962 4460 congruisset,
994 4398 1053 4444 ut
1102 4388 1355 4460 nequitia:
1396 4390 1607 4445 hostilis
1642 4391 1737 4445 ad-
1839 4394 2007 4448 nostri
2040 4394 2379 4449 Badoravere
2423 4394 2744 4449 faciendum.
2786 4395 2895 4451 Nec
2927 4397 3067 4452 inter
3102 4396 3317 4454 Judaos
3344 4409 3426 4455 at-

182 4481 361 4536 rersitas
408 4482 478 4537 de
530 4496 605 4539 eo
649 4481 790 4553 quod
846 4482 1050 4538 vicerat
1092 4484 1424 4551 vinceretur,
1486 4493 1540 4540 et
1583 4482 1611 4522 ι’
1642 4500 1737 4555 per
1836 4499 1943 4555 que
1970 4485 2198 4554 gentiles
2237 4482 2685 4541 ullahdistinctio
2712 4496 2814 4544 est.
2860 4488 3161 4560 Siquidem,
3188 4493 3328 4547 sicut
3350 4492 3427 4550 ait

182 4570 312 4641 ipsam
358 4585 612 4631 naturam
661 4576 919 4631 naturalis
960 4586 1303 4646 repararetur
1348 4578 1587 4647 libertas,
1640 4594 1737 4648 per
1838 4574 2147 4646 Apostolus,
2196 4576 2517 4630 circumcisio
2566 4577 2699 4631 nihil
2739 4586 2835 4644 est,
2868 4589 2917 4633 et
2945 4581 3257 4651 prceputium
3296 4582 3428 4639 nihil

182 4678 302 4733 quam
324 4668 601 4739 generalis
630 4666 801 4723 luerat
847 4668 992 4723 illata
1034 4669 1339 4738 captivitas.
1374 4669 1596 4725 Dicente
1634 4684 1732 4725 au-
1840 4679 1934 4733 est,
1988 4670 2078 4724 sed
2134 4669 2414 4725 observatio
2467 4670 2830 4726 mandatorum
2880 4672 2979 4728 Dei
3015 4672 3194 4743 (Rom.
3232 4690 3291 4743 ιι,
3323 4674 3425 4743 25;

180 4766 258 4811 tem
283 4761 615 4832 evangelista
636 4759 778 4830 quod
816 4757 1041 4813 Verbum
1061 4776 1182 4814 caro
1208 4761 1401 4830 factum
1425 4772 1521 4828 est,
1550 4769 1597 4816 et
1632 4759 1732 4816 ha-
1838 4764 1860 4820 Ι
1890 4762 2011 4818 Cor.
2037 4778 2131 4833 ut,
2168 4762 2295 4836 l9);
2326 4779 2445 4835 qua:
2488 4765 2533 4819 si
2562 4778 2684 4819 cum
2714 4767 3021 4837 integritate
3056 4767 3181 4824 ﬁdei
3208 4783 3429 4825 serven-

180 4848 313 4904 ln'tsrit
354 4851 406 4906 in
445 4852 599 4907 nobis
644 4848 825 4921 (Joan.
860 4866 898 4917 ι,
939 4850 1060 4920 14);
1104 4860 1159 4907 et
1202 4852 1417 4908 dicente
1474 4854 1731 4920 Apostolo
1838 4864 1946 4921 tur,
1985 4870 2144 4911 veros
2189 4854 2422 4911 Abrahte
2468 4855 2628 4922 ﬁlios,
2683 4857 2735 4913 id
2781 4865 2865 4913 est
2912 4858 3180 4930 perfectos
3220 4861 3426 4917 faciunt

180 4943 287 5011 quod
313 4942 449 5000 Deus
497 4954 612 4999 erat
639 4944 695 4998 in
723 4942 927 5000 Christo
963 4944 1209 5000 mundum
1250 4945 1589 5002 reconcilians
1631 4947 1729 5003 sibi
1835 4946 2168 5003 Christianos
2193 4987 2209 5013 ,
2258 4945 2473 5004 dicente
2520 4947 2713 5005 eodem
2756 4948 3016 5021 Apostolo
3050 4969 3064 5007 :
3101 4953 3423 5025 Quicumque

229 5165 581 5251 tlnntlllﬂbus
608 5186 742 5251 mss.
774 5172 926 5251 Van,
958 5172 1012 5229 in
1056 5172 1291 5230 Vercell.
1333 5182 1387 5229 et
1414 5174 1481 5251 lin
1524 5172 1726 5231 Homil.
1755 5173 1802 5240 C
1832 5174 2002 5245 prima
2034 5173 2270 5231 editione
2291 5179 2348 5229 et
2375 5170 2573 5229 Homil.
2606 5172 2757 5228 Pauli
2784 5172 2960 5242 Diac.,
2986 5190 3103 5231 cum
3138 5192 3233 5232 suo
3262 5174 3423 5231 Creo.

182 5227 293 5317 Paij
320 5236 465 5294 Diae.
491 5256 560 5317 ag
581 5243 750 5310 prima
770 5227 1039 5317 sanitas,
1058 5227 1190 5317 gis
1207 5227 1303 5317 si;
1329 5227 1724 5317 tandem?"
1761 5227 1802 5240 “”
1833 5227 1966 5313 tat;
1987 5227 2288 5317 perper-aui.

228 5302 251 5341 δ
272 5304 338 5362 lt:
367 5325 491 5365 cum
520 5302 723 5378 Quesn.
752 5314 858 5369 duo
888 5302 1109 5372 mss.'S'.
1148 5302 1289 5371 Pe'tri
1333 5329 1385 5371 et
1427 5332 1565 5371 unus
1606 5315 1729 5373 Vat.
1908 5302 2234 5371 *liomiliar.
2278 5313 2425 5369 Pauli
2457 5314 2626 5375 Diac.,
2652 5314 2716 5369 ab
2737 5316 2889 5371 initio
2918 5318 3116 5372 mundi.

180 5372 645 5471 gagatem
685 5385 804 5440 aliis
831 5386 989 5441 codd.
1030 5396 1084 5443 et
1131 5386 1327 5443 Bomil.
1376 5388 1527 5444 Pauli
1558 5372 1731 5458 Diam,
1852 5385 1931 5471 ﬁt
1964 5388 2281 5471 lta,_pr:eter
2310 5384 2511 5471 uomit“.
2542 5372 2892 5471 Pauli-plac”
2922 5401 3111 5471 omnes
3138 5387 3303 5471 nostri
3328 5402 3423 5471 co-

181 5456 247 5509 Ρσ
274 5464 428 5519 Ipsam
458 5456 751 5511 materiam.
1714 5456 1722 5458 '

187 5526 251 5602 _7f
274 5516 323 5571 In
364 5523 488 5577 eod.
523 5526 803 5602 γεώδη..
854 5545 943 5597 per
992 5539 1277 5602 susceptam
1327 5538 1514 5585 nostra
1565 5530 1734 5585 carnis

1840 5457 1985 5513 dices
2023 5466 2078 5513 et
2129 5458 2256 5512 editi
2305 5467 2431 5511 ante
2469 5456 2837 5525 Quesnellam,
2878 5463 2967 5528 qui
3009 5474 3147 5529 spem
3192 5466 3238 5511 et
3265 5457 3423 5526 ﬁdem

1840 5530 1996 5602 nulla
2013 5529 2330 5602 auctoritate
2358 5528 2589 5602 indicata
2621 5531 2923 5602 supposuit.
3157 5596 3170 5602 _
3403 5598 3417 5602 _

180 5598 422 5669 arguteque
448 5596 812 5669 substantiam.
858 5596 861 5597 ⁷
1134 5596 1146 5602 ⁷
1910 5609 1937 5648 8
1963 5600 2131 5663 Editi,
2170 5600 2498 5662 adoptavere.
2546 5599 2867 5667 Quesnellus
2911 5599 2963 5654 in
3006 5596 3283 5669 margine,
3323 5598 3421 5658 sed

232 5656 407 5743 fidem
454 5661 684 5726 Vei'Cell.
731 5669 1068 5743 codaaddit,
1100 5673 1495 5743 relinquendo;
1549 5672 1690 5728 male
1714 5716 1730 5743 ,
1840 5673 2011 5743 prima
2037 5656 2220 5743 editio,
2252 5656 2548 5743 adoravere.

182 5728 389 5813 lit-liquet
411 5752 480 5791 ex
508 5741 988 5813 consequentibus,
1019 5728 1143 5811 quia
1174 5728 1447 5812 inﬁrmitas
1474 5728 1581 5797 erat
1605 5728 1732 5813 pro:
1841 5728 1858 5743 ’
1908 5739 1937 5779 ¹ι
1963 5741 2117 5811 Apud
2154 5728 2524 5813 Quesnellum,
2576 5739 2824 5794 distantia
2861 5748 2957 5813 est,
2998 5742 3421 5813 repugnantibus

184 5800 389 5885 tifhmda,
422 5822 530 5885 non
554 5800 737 5885 virtus',
759 5828 877 5883 qua:
905 5800 987 5868 ad'
1014 5800 1357 5884 augmentum
1399 5800 1616 5885 quidem
1644 5830 1736 5869 no-
1837 5800 2089 5885 omnibus
2111 5800 2271 5885 editis
2301 5800 2603 5885 nosuisque
2634 5824 2766 5885 mss.
2807 5800 3227 5885 ΔειειῌΗοιιιῖιίιιῖἥο
3272 5800 3421 5877 Pauli

184 5877 277 5960 ille
301 5876 647 5960 humanitatis
665 5876 1037 5960 alﬁr'mandum
1062 5876 1395 5960 [divinitatis
1416 5876 1600 5941 autem
1619 5902 1737 5958 pro-
1843 5883 1988 5942 Diac.
2012 5884 2162 5941 Pauli
2182 5886 2343 5942 etiam
2372 5876 2546 5939 textus
2571 5881 2752 5947 habet,
2783 5880 3062 5939 distinctio.

183 5948 285 6001 tria
333 5948 683 6010 inﬂciandum
733 5948 1070 6013 releruntuh
1111 5956 1230 6013 Mox
1279 5958 1421 6014 idem
1470 5971 1572 6014 ms.
1614 5948 1738 6016 cum
2110 5980 2115 5985 λ
2210 5979 2217 5984 ·
2442 5975 2449 5981 ·
2546 5974 2553 5979 ‘
