3980 6352
562 365 687 435 δΰθρ

1684 364 1748 424 s.
1784 361 2032 426 morus
2068 314 2286 426 liscui
2321 360 2713 424 SERMONES.

3731 358 3829 424 560

564 479 849 553 posteritas
871 493 980 540 uno
1006 477 1168 539 simul
1187 478 1408 536 vulnere
1436 476 1672 534 sauciata
1702 488 2002 546 corruerat,
2049 494 2148 537 nec
2174 483 2224 547 Α
2249 478 2475 551 singulis
2504 484 2707 533 mortes
2728 474 2967 543 fuerunt,
2999 485 3102 533 nec
3124 471 3350 532 alterius
3375 471 3654 545 quisquam
3684 472 3823 534 debi-

563 578 668 634 ulla
696 587 1004 635 sanctorum
1050 575 1239 633 merita
1283 574 1649 629 conditionem
1693 582 1941 643 poterant
1978 574 2144 630 illata

559 674 750 727 mortis
793 671 1061 738 evincere,
1110 666 1258 724 venit
1293 683 1324 723 e
1362 668 1503 723 caelo
1546 667 1789 725 medicus
1826 667 2139 740 singularis,

558 765 744 821 multis
764 778 908 834 saepe
929 760 1409 832 signiﬁcationibus
1436 764 1731 832 nuntiatus,
1752 771 1807 819 et
1829 762 2142 833 prophetica

557 858 647 914 diu
687 856 1070 928 pollicitatione
1108 858 1439 926 promissus,
1477 856 1567 927 qui
1606 872 1831 913 manens
1871 860 1928 913 in
1970 857 2144 913 forma

556 951 672 1016 Dei,
714 958 772 1007 et
798 949 930 1004 nihil
969 949 1199 1021 propriae
1230 950 1526 1019 majestatis
1564 949 1839 1016 amittens,
1881 951 1932 1005 in
1962 951 2143 1007 carnis

552 1052 753 1097 nostra:
792 1045 1093 1113 animaeque
1131 1054 1341 1107 natura,
1389 1043 1508 1097 sine
1544 1043 1865 1113 contagione
1906 1044 2145 1110 antiqua:

552 1137 1009 1206 praevaricationis
1031 1138 1284 1193 oriretur.
1308 1135 1472 1210 2&9
1492 1137 1648 1193 Solus
1665 1139 1807 1193 enim
1832 1138 2141 1193 beataeVir-

550 1233 691 1303 ginis
720 1245 876 1289 natus
915 1242 999 1287 est
1039 1232 1180 1287 ﬁlius
1218 1232 1425 1301 absque
1455 1232 1673 1297 delicto,
1716 1246 1822 1286 non
1855 1241 2143 1287 extraneos

548 1326 619 1381 ab
643 1326 917 1381 hominum
945 1341 1162 1398 genere,
1186 1326 1281 1380 sed
1307 1325 1516 1380 alienus
1541 1339 1571 1379 a
1601 1326 1829 1381 crimine
1869 1325 1921 1397 (ιι
1946 1326 1997 1379 in
2035 1339 2143 1395 quo

554 1418 703 1475 illius
739 1419 805 1474 ad
838 1420 1120 1489 imaginem
1150 1429 1205 1473 et
1247 1417 1652 1473 similitudinem
1688 1419 1777 1474 Dei
1818 1418 2041 1483 conditi,
2089 1427 2144 1474 et

548 1510 785 1579 perfecta
802 1518 947 1564 esset
968 1508 1271 1563 innocentia
1294 1518 1347 1562 et
1373 1523 1499 1563 vera
1520 1506 1757 1578 natura),
1781 1525 1902 1563 cum
1928 1508 1997 1564 de
2009 1508 2144 1564 Adae

549 1603 844 1672 pr0pagine
870 1617 1008 1656 unus
1033 1602 1289 1656 existeret
1320 1600 1373 1655 in
1400 1616 1507 1668 quo
1535 1600 1783 1657 diabolus
1811 1600 1953 1671 quod
1982 1616 2139 1656 suum

548 1692 757 1750 diceret
787 1710 892 1749 non
926 1694 1168 1750 haberet.
1215 1694 1315 1761 Qui
1361 1693 1488 1750 dum
1535 1695 1589 1749 in
1628 1710 1752 1750 eum
1791 1696 1944 1751 saevit
1983 1711 2142 1764 quem

547 1787 650 1843 sub
680 1790 883 1855 peccati
916 1789 1035 1859 lege
1065 1804 1172 1843 non
1204 1788 1391 1857 tenuit,
1428 1788 1519 1860 jus
1550 1789 1726 1859 impiae
1762 1789 2145 1847 dominationis

550 1880 752 1935 amisit.

614 1973 747 2030 Car.
779 1972 866 2028 Ill.
896 2003 969 2015 —
992 1971 1020 2012 δ
1050 1972 1254 2029 Etl'usio
1289 1974 1431 2031 enim
1468 1989 1566 2045 pro
1603 1975 1817 2043 injustis
1859 1975 2139 2047 sanguinis

544 2068 669 2140 justi
698 2079 805 2123 tam
837 2078 1027 2137 potens
1058 2068 1160 2122 fuit
1198 2067 1263 2122 ad
1314 2068 1683 2138 privilegium,
1718 2079 1825 2124 tam
1873 2069 2031 2124 dives
2072 2069 2140 2124 ad

546 2162 803 2232 pretium,
825 2163 937 2215 utsi
952 2161 1280 2214 universitas
1297 2163 1629 2229 Captivorum
1651 2160 1705 2215 in
1721 2161 2140 2229 Redempturem

544 2268 700 2310 suum
730 2255 998 2321 crederet,
1029 2254 1234 2308 nullum
1259 2258 1534 2325 tyrannica
1566 2254 1783 2309 vincula
1819 2256 2137 2310 retinerent.

548 2348 826 2415 Quoniam,
852 2346 993 2401 sicut
1010 2348 1299 2416 Apostolus
1333 2346 1428 2409 ait,
1452 2347 1537 2400 ubi
1556 2347 1831 2401 abundavit
1856 2358 2137 2415 peccatum,

542 2441 974 2512 superabundavit
1011 2451 1058 2493 et
1098 2440 1269 2511 gratia
1311 2438 1488 2512 (Rom.
1537 2456 1624 2507 xv,
1655 2439 1771 2509 20).
1811 2442 2016 2495 Etcum
2040 2445 2141 2497 sub

543 2536 747 2603 peccati
772 2532 1081 2603 prmjudicio
1100 2534 1208 2587 nati
1235 2542 1551 2602 potestatem
1574 2518 1880 2604 acceperint
1900 2537 1965 2589 ad
1984 2535 2141 2604 justio

543 2628 674 2681 tiam
708 2624 1045 2688 renascendi,
1081 2626 1305 2679 Validius
1328 2626 1527 2680 donum
1552 2624 1749 2679 factum
1773 2637 1855 2682 est
1878 2628 2140 2682 libertatis

543 2733 702 2787 quam
751 2719 994 2773 debitum
1034 2716 1328 2772 servitutis.
1371 2717 1540 2785 Quam
1570 2719 1748 2788 itaque
1770 2719 1871 2774 sibi
1902 2722 1951 2773 in
1984 2720 2142 2790 hujus

543 2816 865 2867 sacramenti
890 2810 1141 2880 pra-sidit)
1165 2826 1314 2879 spem
1347 2811 1677 2877 relinquunt,
1708 2812 1798 2879 qui
1826 2812 1877 2865 in
1901 2812 2145 2868 Salvato-

543 2905 621 2961 ris
645 2904 814 2959 nostri
844 2918 1073 2974 carpere
1105 2911 1303 2973 negant
1322 2902 1572 2957 humanas
1603 2903 1914 2957 substantiae
1946 2906 2145 2959 verita-

546 2999 688 3055 tem?
712 2999 1020 3068 Dicantqno
1042 2997 1309 3052 sacriﬁcio
1328 2996 1680 3060 reconciliati,
1706 3008 1727 3035 ο
1751 3014 1857 3067 quo
1880 2997 2143 3067 sanguine

546 3090 658 3145 sint
694 3090 975 3158 redempti.
1012 3088 1142 3155 Quis
1180 3098 1262 3142 est
1303 3089 1390 3159 qui
1436 3087 1648 3142 tradidit
1685 3090 2011 3161 semetipsum
2048 3106 2142 3159 pro

548 3180 695 3235 nobis
732 3179 1041 3234 oblationem
1073 3192 1117 3233 et
1154 3178 1376 3233 hostiam
1424 3177 1533 3235 Deo
1558 3181 1613 3234 in
1642 3180 1850 3236 odorem
1873 3183 2142 3238 suavitatis

2251 583 2363 628 tum
2388 570 2417 611 ά
2447 588 2547 629 suo
2573 572 2679 627 ﬁne
2707 572 2999 643 persolvit,
3039 587 3161 628 cum
3199 570 3341 627 inter
3384 568 3522 626 ﬁlios
3564 567 3827 630 hominum

2247 684 2389 726 unus
2426 670 2575 726 solus
2622 668 2882 726 Dominus
2923 677 3107 724 noster
3143 665 3301 723 Jesus
3327 666 3618 732 exstiterit,
3646 664 3701 720 in
3727 680 3826 738 quo

2245 779 2438 821 omnes
2458 764 2721 831 cruciﬁxi,
2746 778 2933 818 omnes
2956 763 3175 829 mortui,
3198 775 3387 816 omnes
3407 758 3627 829 sepulti,
3650 774 3825 818 omnes

2245 857 2406 913 etiam
2438 867 2463 896 ο
2494 859 2603 914 sint
2628 857 2907 923 sus-citati;
2935 855 3004 913 de
3034 857 3198 929 250
3225 856 3422 925 quibus
3453 855 3568 924 ipse
3596 854 3824 911 dicebat:

2245 953 2374 1009 Cum
2420 954 2677 1008 exaltatus
2718 954 2863 1021 fuero
2909 950 2930 991 ί
2960 993 2976 1018 ,
3024 954 3196 1007 omnia
3244 950 3446 1005 traham
3491 950 3560 1003 ad
3594 950 3831 1022 meipsutn

2245 1044 2428 1117 (Joan.
2465 1062 2560 1115 xu,
2592 1045 2710 1118 32).
2740 1044 2900 1101 Fides
2929 1045 3075 1100 enim
3105 1059 3234 1099 vera
3260 1042 3566 1115 jttstiﬁcans
3608 1041 3828 1110 impios,

2246 1146 2301 1193 et
2327 1153 2519 1194 creans
2541 1140 2716 1206 justos
2743 1147 2769 1183 κ
2799 1137 2866 1191 ad
2897 1146 3106 1192 natura:
3131 1150 3244 1190 suae
3272 1145 3439 1189 tracta
3488 1133 3829 1203 participem,

2247 1231 2300 1286 in
2333 1231 2424 1285 illo
2450 1230 2679 1301 acquirit
2708 1230 2961 1291 salutem.
2994 1226 3023 1266 ιι
3050 1228 3105 1283 in
3132 1243 3239 1299 quo
3264 1226 3381 1281 solo
3411 1226 3571 1280 homo
3598 1240 3657 1280 se
3690 1226 3831 1280 inve-

2245 1326 2325 1379 nit
2355 1324 2730 1388 innocentem;
2761 1329 2816 1377 et
2845 1321 2969 1389 quia
3012 1335 3151 1375 unus
3194 1328 3277 1375 est
3328 1317 3593 1373 mediator
3645 1318 3734 1371 Dei
3784 1325 3833 1372 et

2247 1416 2524 1473 hominum
2572 1416 2735 1470 homo
2773 1414 3021 1470 Christus
3057 1412 3293 1487 Jesus(l
3336 1411 3473 1467 Tim.
3516 1427 3576 1476 ιι,
3619 1410 3701 1481 5),
3744 1425 3833 1483 per

2244 1510 2681 1567 communionem
2714 1511 2793 1563 sui
2824 1509 3039 1581 generis
3064 1508 3128 1563 ad
3161 1521 3346 1578 pacem
3386 1505 3632 1576 pervenit
3661 1505 3833 1560 deita-

2244 1603 2334 1668 tis,
2362 1601 2591 1657 liberum
2622 1601 2827 1656 habens
2859 1602 2880 1643 ί
2910 1600 2977 1655 de
3014 1601 3132 1668 ejus
3174 1600 3410 1666 potentia
3449 1597 3704 1669 gloriari,
3750 1598 3836 1668 qui

2244 1706 2430 1751 contra
2461 1698 2673 1751 hostem
2704 1695 2993 1765 superbum
3018 1695 3071 1749 in
3097 1693 3277 1749 carnis
3304 1701 3503 1748 nostra:
3532 1690 3837 1748 inﬁrmitate

2244 1806 2588 1861 congressus,
2620 1792 2685 1845 iis
2710 1791 2991 1846 victoriam
3027 1804 3179 1844 suam
3227 1787 3416 1843 tribuit
3445 1828 3462 1855 ,
3510 1789 3563 1843 in
3611 1802 3838 1859 quorum

2172 1873 2219 1935 B
2246 1900 2474 1954 corpore
2502 1883 2873 1953 triumphavit.

2313 1977 2444 2034 Car.
2476 1978 2564 2034 lV.
2593 2008 2665 2020 —
2688 1978 2821 2033 Cum
2851 1992 2980 2048 ergo
3010 1977 3063 2033 in
3095 1993 3203 2033 uno
3228 1977 3460 2032 Domino
3487 1984 3675 2032 nostro
3716 1976 3839 2033 Jesu

2242 2071 2459 2129 Christo
2475 2088 2605 2127 vero
2624 2072 2717 2127 Dei
2740 2083 2901 2142 atque
2929 2071 3161 2125 hominis
3188 2070 3347 2129 Filio.
3370 2070 3690 2125 conﬁtemur
3713 2068 3841 2121 divi-

2246 2181 2369 2219 nam
2401 2164 2469 2221 de
2495 2164 2659 2220 Patre
2689 2174 2956 2226 naturam,
2989 2163 3279 2218 humanam
3301 2163 3370 2218 de
3393 2171 3563 2217 matre
3590 2162 3840 2217 substan-

2244 2256 2371 2311 tiam
2391 2297 2406 2322 ,
2454 2256 2579 2310 licet
2606 2255 2700 2311 Dei
2733 2256 2896 2311 Verbi
2926 2264 2981 2310 et
3007 2256 3184 2310 carnis
3218 2270 3321 2308 una
3351 2269 3579 2323 persona
3606 2254 3700 2318 sit,
3736 2252 3751 2303 t'
3791 2260 3842 2306 et

2245 2359 2471 2418 utraque
2501 2350 2737 2403 essentia
2765 2364 3085 2404 communes
3112 2346 3309 2402 haheat
3337 2347 3600 2414 actiones,
3639 2344 3840 2400 intellio

2245 2442 2434 2511 gendaa
2463 2448 2641 2495 tamen
2678 2448 2807 2495 sunt
2852 2442 3093 2509 ipsorum
3142 2454 3368 2510 operum
3413 2438 3709 2508 qualitates
3737 2478 3751 2502 ,
3793 2445 3845 2492 et

2242 2536 2472 2590 sincera:
2498 2532 2622 2590 ﬁdei
2649 2532 3107 2604 contemplatione
3133 2532 3462 2587 cernendum
3492 2542 3574 2585 est
3616 2528 3686 2584 ad
3730 2544 3845 2599 qua:

2244 2628 2577 2697 provehatur
2596 2626 2869 2681 humilitas
2891 2625 3239 2692 inﬁrmitatis,
3259 2634 3311 2678 et
3331 2623 3397 2677 ad
3420 2638 3537 2692 qua
3554 2623 3849 2678 inclinetur

2243 2720 2470 2776 altitudo
2497 2719 2741 2781 virtutis;
2773 2718 2898 2787 quid
2931 2718 3001 2771 sit
3038 2718 3178 2786 quod
3207 2731 3334 2772 caro
3361 2717 3479 2771 sine
3514 2714 3693 2770 Verbo
3736 2730 3841 2769 non

2245 2814 2375 2882 agit,
2407 2821 2463 2869 et
2490 2812 2615 2882 quid
2648 2812 2718 2866 sit
2746 2812 2886 2881 quod
2921 2810 3157 2866 Verbum
3190 2813 3307 2865 sine
3336 2824 3499 2866 carne
3526 2824 3630 2863 non
3654 2808 3847 2864 efﬁcit.

2245 2906 2374 2964 Sine
2406 2907 2566 2962 Verbi
2598 2906 2742 2963 enim
2775 2906 3013 2975 potentia
3046 2920 3146 2960 nec
3187 2904 3498 2975 conciperet
3546 2904 3716 2973 Virgo
3754 2918 3851 2959 nec

2246 3010 2476 3071 pareret.
2515 3010 2569 3055 et
2594 3000 2713 3055 sine
2741 2999 2967 3054 veritate
3005 2998 3184 3053 carnis
3229 2997 3480 3052 obvoluta
3525 2997 3727 3067 pannis
3773 2998 3851 3052 in-

2247 3093 2412 3147 fantia
2440 3109 2546 3147 non
2570 3094 2773 3162 iaceret
2804 3091 3021 3160 (Matth.
3056 3107 3114 3158 lt,
3152 3090 3263 3159 11).
3298 3091 3425 3146 Sine
3458 3088 3618 3146 Verbi
3654 3101 3852 3157 poten-

2246 3188 2317 3243 tia
2350 3204 2455 3242 non
2487 3188 2779 3241 adorarent
2810 3187 2947 3255 magi
2974 3200 3201 3256 puerum
3235 3199 3376 3238 novo
3400 3182 3578 3237 sidere
3604 3182 3853 3238 declara-

550 3269 766 3343 (Ephes.
788 3286 843 3335 v,
863 3270 956 3341 2)?
980 3272 1244 3342 Autquod
1269 3288 1519 3339 umquam
1543 3275 1864 3327 sacriﬁcium
1886 3276 2146 3330 sacratius
2172 3267 2216 3329 C
2253 3293 2388 3344 tum,
2421 3291 2472 3334 et
2502 3280 2617 3333 sine
2646 3280 2875 3335 veritate
2912 3278 3090 3333 carnis
3136 3292 3242 3331 non
3280 3276 3560 3346 juberetur
3606 3290 3752 3345 puer
3800 3276 3852 3330 in

551 3364 647 3419 fuit
671 3380 830 3434 quam
852 3365 993 3433 quod
1014 3380 1171 3419 verus
1190 3364 1442 3420 Pontifex
1462 3367 1613 3419 altari
1633 3368 1809 3421 crucis
1835 3384 1928 3435 per
1954 3368 2147 3423 immo-

552 3456 808 3513 lationem
844 3472 954 3511 sua:
988 3458 1168 3511 carnis
1191 3457 1479 3525 imposuit?
1500 3458 1755 3525 Quamvis
1776 3461 1919 3529 enim
1943 3460 1995 3515 in
2016 3477 2149 3516 con-

552 3565 739 3621 spectu
782 3550 996 3607 Domini
1037 3552 1329 3605 multorum
1371 3562 1678 3607 sanctorum
1728 3555 1960 3623 pretiosa
2002 3569 2150 3611 mors

554 3642 719 3700 fuerit
761 3642 879 3714 (Ps.
915 3658 1038 3709 cxv,
1072 3642 1185 3710 15),
1213 3643 1412 3698 nullius
1444 3656 1619 3699 tamen
1653 3644 1881 3701 insontis
1906 3648 2104 3702 occisio
2129 3693 2146 3718 ,

557 3736 865 3808 pronitiatio
889 3737 983 3791 fuit
1002 3736 1208 3791 mundi.
1229 3740 1569 3807 Acceperunt
1584 3738 1734 3807 justi,
1756 3756 1860 3795 non
1883 3740 2146 3797 dederunt

556 3846 816 3896 coronas;
842 3842 897 3887 et
919 3831 987 3887 de
1012 3830 1245 3885 ﬁdelium
1271 3830 1585 3887 fortitudine
1606 3837 1851 3902 exempla
1875 3844 1994 3889 nata
2020 3846 2147 3891 sunt

558 3924 853 3995 patientia),
884 3939 993 3980 non
1034 3923 1176 3978 dona
1214 3922 1455 3992 justitize.
1499 3924 1811 3995 Singulares
1846 3926 2045 3998 quippe
2089 3929 2145 3984 in

633 4070 662 4100 ⁸
687 4061 868 4118 Lineis
897 4060 1100 4117 inclusa
1130 4060 1326 4115 desunt
1354 4061 1403 4113 in
1436 4076 1539 4115 ms.
1569 4059 1731 4116 Corh.
1765 4061 2059 4128 Quesnelli.

628 4130 889 4258 ZEadem
917 4133 969 4187 in
993 4149 1080 4202 ep.
1114 4132 1237 4201 124,
1270 4134 1344 4191 al.
1374 4133 1462 4201 97,
1491 4148 1544 4189 c.
1574 4132 1643 4199 3;
1675 4143 1729 4189 et
1753 4134 1875 4201 165,
1906 4134 1979 4189 al.
2019 4134 2144 4203 154,

637 4286 661 4317 α
695 4279 751 4332 In
781 4275 1024 4344 epistolis
1055 4273 1178 4341 {24,
1211 4290 1263 4331 c.
1293 4272 1351 4342 4,
1379 4284 1434 4331 et
1465 4274 1591 4344 165,
1623 4290 1673 4332 c.
1705 4277 1759 4343 5,
1811 4276 1898 4333 hic
1934 4276 2149 4333 additur

558 4364 656 4421 per
682 4349 1076 4421 repetitionem,
1107 4346 1304 4421 dicant.

632 4416 659 4457 ἀ
689 4416 760 4473 Ita
789 4435 908 4475 cum
936 4418 1228 4487 Quesnello
1258 4421 1362 4471 duo
1392 4433 1520 4473 mss.
1554 4418 1615 4475 S.
1658 4417 1803 4473 Petri
1828 4459 1842 4479 .
1896 4433 1996 4474 nec
2041 4435 2146 4475 non

561 4491 617 4546 in
647 4491 853 4545 duabus
882 4490 1148 4559 superiori
1179 4493 1526 4545 annotatione
1549 4494 1858 4544 memoratis
1879 4492 2145 4558 epistolis.

563 4560 786 4617 Cauerat
832 4561 1097 4617 editiones
1137 4576 1258 4614 cum
1308 4562 1467 4616 codd.
1516 4561 1730 4615 collect.
1765 4564 2145 4629 posteriorum,

564 4650 655 4688 suo
699 4633 876 4699 {tmere
918 4633 1087 4688 soluit.
1132 4631 1249 4685 Mox
1291 4634 1431 4685 solus
1471 4632 1588 4685 sine
1630 4645 1762 4685 voce
1793 4648 1924 4685 unus
1951 4643 2065 4686 erat
2095 4632 2149 4686 in

2251 3372 2542 3445 Egyptum
2570 3371 2875 3438 transferri,
2903 3387 3060 3440 quem
3086 3368 3326 3425 Herodes
3346 3368 3599 3437 cupiebat
3619 3365 3649 3405 ι
3682 3367 3854 3423 occidi

2249 3464 2439 3538 (Ibid.,
2462 3465 2579 3534 20).
2604 3464 2731 3519 Sine
2751 3464 2911 3519 Verbi
2937 3466 3171 3536 potentia
3196 3479 3297 3516 non
3322 3462 3523 3517 diceret
3544 3478 3648 3517 vox
3679 3461 3856 3516 Patris

2251 3562 2413 3615 missa
2442 3559 2511 3614 de
2540 3560 2678 3614 coelo
2705 3577 2716 3611 :
2751 3557 2854 3612 Hic
2880 3567 2949 3611 est
2982 3556 3152 3611 Filius
3179 3573 3319 3610 meus
3357 3556 3569 3610 dilectus
3594 3596 3609 3617 ,
3643 3556 3710 3608 in
3756 3571 3855 3624 quo

2250 3652 2375 3707 mihi
2407 3652 2527 3706 bene
2554 3650 2839 3719 complacui
2871 3649 3087 3720 (Matth.
3121 3665 3201 3713 ut,
3234 3650 3329 3715 17;
3364 3647 3491 3702 Luc.
3525 3663 3607 3717 ιιι,
3637 3647 3769 3717 22).
3806 3655 3858 3701 et

2253 3745 2370 3798 sine
2396 3746 2619 3801 veritate
2645 3743 2823 3798 carnis
2851 3758 2954 3797 non
2983 3750 3375 3812 proteStaretur
3400 3739 3637 3796 Joannes
3668 3756 3689 3795 :
3724 3738 3860 3793 Ecce

2251 3838 2429 3907 Agnus
2459 3837 2573 3901 Dei,
2604 3853 2715 3891 ecce
2742 3837 2832 3907 qui
2859 3835 2991 3889 tollit
3023 3844 3231 3905 peccata
3256 3835 3436 3888 mundi
3463 3833 3645 3904 (Joan.
3677 3850 3720 3894 ι.
3741 3833 3859 3901 29).

2251 3929 2379 3986 Sine
2408 3930 2580 3986 Verbi
2600 3928 2838 4000 potentia
2869 3944 2976 3982 non
3006 3926 3157 3983 ﬁeret
3184 3926 3567 3998 redintegratio
3589 3925 3862 3982 debilium

2253 4080 2321 4120 ex
2346 4064 2552 4118 duabus
2582 4077 2755 4131 nuper
2783 4062 3025 4128 allegatis
3054 4059 3320 4126 epistolis.
3354 4059 3700 4126 Quamquam
3729 4073 3865 4113 vero

2256 4137 2309 4191 in
2354 4136 2438 4190 his
2468 4134 2784 4188 omittantur
2810 4134 2993 4197 verba,
3024 4140 3069 4186 et
3099 4131 3217 4199 quia
3259 4145 3391 4184 unus
3434 4144 3601 4198 usque
3646 4131 3864 4184 deitntis

2255 4208 2410 4279 (nam
2439 4206 2498 4262 S.
2529 4207 2766 4279 pontifex
2797 4206 2972 4271 aliqua
3000 4220 3066 4256 ex
3095 4203 3207 4256 suis
3232 4201 3567 4279 scrnmnibns
3598 4201 3680 4279 ita
3727 4204 3870 4255 solet

2253 4271 2485 4344 sumere,
2518 4271 2577 4332 ut
2610 4275 2853 4343 qutedam
2895 4283 3182 4343 prmterent
3224 4273 3303 4327 vel
3354 4271 3680 4337 transiliat).
3739 4287 3865 4326 cum

2256 4360 2433 4405 tamen
2462 4352 2512 4402 in
2548 4351 2736 4402 iisdem
2766 4346 3005 4417 epistolis
3034 4355 3151 4414 post
3198 4359 3357 4417 voces
3387 4346 3535 4417 homo
3565 4358 3616 4396 se
3642 4344 3872 4417 _int‘enit

2254 4423 2610 4486 innocentem,
2657 4413 2835 4474 statim
2868 4413 3221 4485 sitbjiciantur
3246 4414 3353 4479 illa,
3390 4413 3602 4468 liberum
3628 4415 3867 4486 habens,

2252 4508 2371 4560 quas
2404 4491 2469 4545 ad
2516 4506 2711 4544 nomen
2762 4491 2912 4542 homo
2942 4487 3137 4560 (palam
3177 4486 3529 4560 referuntur,
3582 4485 3869 4554 reliquam

2252 4556 2683 4617 emendationem
2712 4564 2843 4616 satis
2870 4558 3062 4613 exinde
3087 4558 3418 4626 collegimus.
3449 4556 3735 4610 Pus-terea
3773 4574 3870 4607 vn-

2250 4633 2404 4687 cibus
2432 4635 2485 4687 in
2506 4648 2605 4701 quo
2626 4648 2690 4686 ex
2723 4633 2911 4686 iisdem
2947 4629 3187 4695 epistolis
3209 4627 3545 4701 (addidimus,
3568 4628 3694 4701 solo
3720 4671 3736 4691 ,
3794 4628 3872 4683 ttti

562 4691 721 4761 editis
748 4713 803 4757 et
843 4704 1109 4775 aliquibus
1158 4717 1291 4775 mss.
1345 4700 1735 4775 Unus_antem_
1762 4701 1966 4775 absque
2018 4718 2149 4758 voce
2180 4691 2226 4751 υ
2253 4707 2413 4759 etiam
2440 4691 2688 4757 sermone
2718 4691 3079 4775 antecedenti,
3112 4715 3162 4755 c.
3194 4700 3247 4765 4,
3274 4700 3325 4752 in
3346 4715 3447 4769 quo
3468 4699 3577 4751 solo
3598 4698 3872 4753 innocens

563 4775 701 4831 solus
727 4772 955 4829 habetur
984 4776 1035 4826 in
1064 4773 1273 4828 duobus
1297 4774 1453 4829 codd.
1495 4772 1555 4829 S.
1600 4772 1760 4826 Petri.
1809 4774 1880 4825 Ex
1921 4772 2148 4828 laudatis

563 4861 696 4903 vero
738 4845 982 4914 epiStolis
1027 4856 1314 4914 utrumque
1358 4858 1553 4914 nomen
1594 4842 1981 4914 capulavimns.
2019 4845 2146 4899 Dein

564 4918 618 4974 in
637 4917 955 4987 quibusdam
979 4916 1135 4970 codd.
1159 4913 1279 4984 post
1293 4930 1480 4970 vocem
1496 4913 1650 4969 Iesus
1666 4914 1878 4968 additur
1894 4913 2146 4971 Christus.

638 4998 663 5028 ο
690 4988 746 5028 1η
769 4988 977 5028 Αιιιιὴιις
1004 4988 1228 5028 laudatis
1253 4987 1509 5028 pnielnlie-
1540 4995 1681 5028 nunt-
1709 4986 1776 5028 At
1795 4986 1954 5028 alinni
1983 4987 2140 5028 nntld,

564 5058 578 5071 .
638 4986 665 5028 ά
690 4988 746 5045 ιη
769 4988 977 5071 duabus
1004 4988 1228 5071 laudatis
1253 4987 1513 5071 epistolis,
1540 4995 1683 5040 sunt.
1704 4986 1776 5039 At
1795 4986 1955 5055 aliqui
1983 4987 2143 5042 codd.

482 5108 485 5109 ν
562 5058 615 5115 in
648 5075 734 5126 ep.
769 5059 872 5115 165
895 5058 1205 5129 praeferunt.
1230 5058 1352 5112 sint.

639 5129 659 5170 ί
694 5130 905 5186 Eadem
935 5130 1177 5199 epistolae
1204 5129 1428 5195 addunt,
1457 5145 1491 5182 a
1528 5137 1701 5193 terra;
1738 5136 1794 5183 at
1830 5127 2027 5185 desunt
2064 5129 2150 5186 hae

565 5217 724 5258 voces
750 5201 912 5256 etiam
944 5201 996 5255 in
1027 5214 1192 5256 serui.
1224 5201 1316 5265 60',
1347 5216 1396 5253 c.
1427 5202 1482 5255 2.

639 5282 664 5321 ι
697 5274 753 5329 ltt
786 5274 976 5328 iisdem
1003 5271 1245 5340 epistolis
1286 5272 1482 5325 clarius
1523 5271 1847 5342 explicatum
1894 5270 2033 5339 fuit,
2080 5272 2149 5327 ad

563 5344 898 5400 humanitatis
923 5359 1030 5398 sum
1058 5352 1219 5396 tracta
1246 5343 1565 5411 participem.

636 5414 1103 5485 ll(Jorruptissima
1134 5423 1248 5468 erat
1276 5422 1331 5468 et
1359 5414 1410 5468 in
1451 5414 1609 5469 editis
1642 5423 1697 5470 et
1741 5413 1795 5469 in
1844 5428 1979 5470 mss.
2030 5414 2149 5470 hinc

565 5486 841 5559 periodus,
868 5501 932 5542 ac
958 5485 1113 5556 plane
1142 5500 1304 5559 sensu
1329 5499 1548 5549 carens;
1574 5501 1697 5559 nam
1732 5486 1929 5559 ubique
1963 5486 2150 5542 deerat

565 5556 785 5623 nomen,
811 5556 984 5620 homo,
1016 5556 1156 5627 quod
1182 5558 1319 5626 regit
1344 5558 1618 5627 sequentia
1650 5558 1807 5612 verba
1834 5556 2051 5620 invenit,
2094 5568 2147 5611 et

604 5631 826 5697 ervenit;
857 5639 913 5686 et
936 5628 1002 5683 ad
1045 5630 1344 5698 augendam
1384 5626 1752 5683 difficultatem
1801 5640 1919 5697 post
1959 5643 2144 5684 vocem

589 5710 883 5756 nnocentem
912 5699 1072 5754 afﬁxo
1098 5700 1148 5754 in
1172 5699 1332 5754 editis
1352 5712 1552 5768 puneto
1576 5715 1678 5753 una
1701 5701 1954 5768 periodus
1976 5700 2144 5754 divisa

564 5766 737 5826 fuerat
769 5773 824 5827 in
852 5772 1005 5839 duas,
1035 5772 1267 5826 secunda
1308 5766 1631 5825 inchoante:
1664 5766 1729 5825 Et
1757 5772 1877 5839 quia
1914 5788 2045 5825 unus
2073 5780 2147 5825 est

565 5842 838 5913 mediator,
868 5854 973 5900 etc.
1006 5843 1121 5898 Etsi
1142 5852 1321 5898 autem
1366 5856 1517 5913 mss.)
1541 5840 1646 5898 hoc
1674 5844 1792 5898 loco
1815 5841 1947 5896 nihil
1982 5842 2145 5913 juve-

566 5912 696 5976 rint.
731 5922 844 5973 tute
869 5912 1215 5972 nihilominus
1238 5912 1645 5973 emendavimus
1684 5922 1743 5972 et
1778 5914 2147 5985 supplevimus

2250 4786 2361 4830 erat
2394 4786 2579 4829 natura
2609 4774 2857 4827 omnium.

2329 4845 2346 4884 ί
2386 4847 2439 4900 In
2474 4846 2699 4899 laudatis
2730 4841 2972 4913 epistolis
3019 4841 3234 4895 additur
3262 4880 3276 4906 ,
3320 4856 3410 4908 per
3433 4839 3685 4913 gratiam
3744 4840 3867 4894 Dei.

2252 4915 2469 4982 Postea,
2499 4910 2807 4981 humilitate,
2840 4929 2938 4985 pro
2966 4914 3279 4983 infirmitate,
3313 4910 3607 4980 pratfemnt
3641 4914 3875 4967 eadem

2250 4988 2515 5043 epistolae.

2286 5003 2517 5114 pisgliii
2544 5057 2767 5124 addunt,
2800 5074 2901 5111 non
2928 5072 3031 5109 una
3061 5054 3361 5109 substantia.
3391 5053 3595 5107 Desunt
3623 5053 3685 5108 in
3724 5069 3870 5107 mss.

2251 5130 2450 5199 Quesn.
2484 5141 2537 5185 et
2586 5129 2803 5184 nostris.
2853 5128 3238 5199 Desiderantur
3282 5125 3443 5199 etiam
3496 5126 3546 5177 in
3599 5126 3879 5193 epistolis

2252 5196 2516 5268 laudatis;
2544 5203 2639 5256 sed
2669 5205 2719 5255 in
2752 5199 2908 5271 epist.
2944 5196 3068 5262 165,
3100 5214 3147 5253 c.
3198 5196 3251 5261 5,
3298 5197 3612 5271 immutatur
3653 5199 3880 5271 subse-

2250 5288 2423 5341 quens
2454 5267 2614 5328 lectio
2640 5273 2741 5327 hoc
2772 5267 2932 5325 modo
2961 5288 2973 5321 :
3007 5286 3109 5323 una
3132 5284 3353 5341 persona
3381 5267 3444 5320 sit
3485 5282 3599 5341 quis
3644 5267 3880 5338 insepa-

2248 5340 2478 5414 rabiliter
2503 5356 2653 5414 atque
2682 5342 2893 5397 indivise
2920 5357 3214 5395 communes
3239 5340 3713 5414 habe_at_actiones.

2322 5413 2353 5455 ι
2384 5415 2473 5472 Sic
2503 5407 2714 5469 ex'cod.
2747 5414 2949 5468 Bonon.
2995 5427 3057 5466 ac
3096 5413 3265 5480 prima
3308 5407 3545 5463 editione
3587 5410 3876 5479 reposui-

2251 5502 2394 5545 mus.
2428 5502 2546 5540 cum
2578 5486 2865 5540 Leoninam
2894 5482 3153 5538 rationem
3185 5482 3471 5551 praeferant
3494 5489 3655 5537 antea
3684 5492 3880 5535 trans-

2249 5558 2396 5628 ferri,
2429 5567 2479 5611 et
2518 5556 2624 5622 hic,
2656 5556 2841 5610 Occidi.
2879 5556 2990 5628 AL,
3020 5552 3354 5628 occidere._ln
3383 5551 3627 5628 epistolis
3662 5551 3884 5605 lauda-

2251 5623 2318 5681 tis
2348 5629 2450 5683 etsi
2484 5628 2641 5697 hujus
2673 5628 2770 5681 loci
2804 5626 2963 5681 verba
3008 5623 3833 5697 aliquantulum‘immutentur
3862 5666 3879 5691 ,

2250 5700 2462 5769 passive
2516 5692 3027 5769 tamenhntrobique
3087 5692 3311 5769 habetur
3341 5692 3547 5769 :__Non_
3568 5694 3885 5764 jubet-etut

2248 5762 2515 5841 transferri
2553 5772 2608 5823 in
2654 5762 2957 5841 Egyptum'
2990 5783 3153 5839 puer,
3185 5773 3233 5822 et
3260 5766 3323 5820 ab
3348 5762 3579 5821 Herodis
3598 5776 3887 5833 persecl-
3907 5828 3919 5839 ,

2248 5843 2384 5898 tione
2411 5840 2647 5898 subduci.

2248 5843 2384 5898 tione
2411 5841 2647 5898 subduci.
