3980 6352
192 318 285 378 361

1617 316 1849 375 SERMO
1886 316 2048 375 LXV.

3376 322 3500 393 362'

189 445 235 489 et
261 431 562 489 viviﬁcatio
587 438 946 499 mortuorum,
977 438 1030 488 et
1056 430 1174 486 sine
1202 428 1431 485 veritate
1458 429 1640 483 carnis
1682 444 1781 486 nec
1808 433 1859 492 Α
1888 428 2067 503 (Ιοαη.
2099 448 2135 498 ι,
2162 433 2274 503 ll),
2308 432 2443 490 nihil
2470 450 2721 505 umquam
2746 435 2884 493 inter
2909 434 3143 496 divinam
3168 438 3473 498 humanam-

191 525 342 579 cibus
368 525 586 596 jejuno,
620 541 719 581 nec
747 539 969 580 somnus
995 530 1143 580 esset
1171 521 1514 579 necessarius
1540 521 1783 591 fatigato.

186 620 336 691 251
372 617 659 674 Postremo
686 618 802 673 sine
833 616 994 673 Verbi
1026 616 1263 687 potentia
1294 629 1401 671 non
1427 630 1487 671 se
1528 614 1786 671 Dominus

187 710 315 765 Pitri
342 712 697 781 proﬁteretur
718 710 979 782 aequalem
1008 708 1189 783 (Joan.
1230 725 1286 775 χ,
1320 708 1435 781 50),
1467 718 1520 764 et
1552 708 1670 764 sine
1696 724 1788 765 ve-

183 806 330 860 ritate
358 807 545 863 carnis
568 820 677 861 non
706 806 847 861 idem
870 805 1076 861 diceret
1098 805 1311 861 Patrem
1335 813 1364 843 ει
1386 820 1444 859 se
1470 818 1590 860 esse
1615 805 1785 874 majo-

184 914 285 955 rem
308 897 504 971 (Joan.
535 915 648 967 ιη,
679 899 775 971 28)
802 916 816 953 :
845 914 966 954 cum
990 898 1256 955 catholica
1284 897 1418 975 fides
1445 897 1471 935 δ
1500 910 1788 967 utrumque

182 995 455 1066 suscipiat,
474 1004 767 1067 utrumque
786 994 1063 1060 defendat,
1089 1008 1209 1065 quae
1225 992 1523 1049 secundum
1543 992 1786 1063 proprie-

185 1098 335 1144 tatem
367 1089 573 1145 divinae
601 1089 959 1160 humanaeque
988 1087 1328 1152 substantiae,
1361 1102 1524 1142 unum
1558 1086 1649 1141 Dei
1689 1084 1781 1139 Fi-

184 1180 298 1235 lium
328 1191 390 1236 et
418 1182 701 1237 hominem
732 1180 904 1237 credit
933 1191 988 1235 et
1010 1179 1268 1236 Verbum.
1296 1180 1459 1234 Multa
1481 1190 1626 1242 sunt,
1650 1176 1782 1233 dile«

182 1274 430 1341 ctissimi,
465 1291 591 1345 qua:
617 1274 685 1329 ad
715 1274 1108 1344 expositionem
1140 1272 1300 1343 hujus
1332 1287 1489 1344 quam
1524 1270 1786 1342 praedica-

181 1384 290 1423 mus
332 1368 463 1424 ﬁdei
505 1368 575 1425 de
613 1378 724 1424 toto
748 1367 1151 1439 Scripturarum
1180 1381 1412 1438 corpore
1446 1377 1469 1405 ο
1500 1378 1784 1435 possemus

180 1476 496 1531 assumere,
541 1464 667 1535 quia
708 1464 843 1518 nihil
888 1464 1086 1533 saepius
1133 1461 1328 1517 divinis
1371 1460 1785 1516 commendatur

182 1556 428 1626 eloquiis,
460 1571 626 1627 quam
650 1556 747 1612 Dei
788 1554 956 1611 Filius
996 1554 1291 1611 secundum
1334 1554 1599 1609 Deitatetn
1641 1566 1784 1609 sem-

180 1650 417 1719 piternus
444 1667 519 1707 ex
541 1651 719 1718 Patre,
742 1658 797 1707 et
825 1650 969 1706 idem
996 1649 1297 1705 secundum
1326 1662 1542 1703 carnem
1573 1655 1785 1717 tempo-

178 1744 394 1799 ralisex
443 1754 641 1801 matre.
694 1744 803 1801 Sed
846 1758 916 1799 ne
959 1742 1237 1798 charitatis
1286 1752 1483 1797 vestrm
1529 1739 1784 1811 fatigetur

1892 541 1995 595 que
2040 528 2394 585 substantiam
2442 530 2725 589 divisionis
2765 535 3065 605 exstiterit,
3097 546 3154 592 et
3180 552 3278 609 per
3302 538 3484 594 omnis

1891 618 2227 677 incrementa
2275 638 2531 696 corporea
2582 629 2739 684 unius
2788 645 3034 700 persona:
3077 630 3278 689 fuerint
3320 637 3484 691 totius

1892 714 2155 784 temporis
2184 716 2446 777 actiones.
2474 735 2535 774 ea
2560 719 2672 789 ipsa
2705 730 2882 778 tamen
2907 740 3028 795 qua:
3050 724 3485 795 inseparabiliter

1890 805 2027 865 facta
2052 819 2196 877 sunt,
2229 811 2375 866 nulla
2402 814 2759 883 permixtione
2788 818 3202 874 confundimus:
3231 820 3327 876 sed
3355 821 3486 893 quid

1889 900 2041 972 cujus
2066 912 2271 961 natura:
2301 907 2370 962 sit
2400 922 2468 963 ex
2496 922 2722 979 operum
2751 912 3009 982 qualitate
3048 914 3345 982 sentimus;
3386 929 3487 971 nec

1891 992 2075 1049 divina
2099 997 2241 1052 enim
2272 996 2520 1055 humanis
2544 1001 2915 1073 prmjudicant,
2950 1020 3048 1061 nec
3077 1007 3307 1061 humana
3344 1006 3486 1062 divi-

1890 1086 1974 1141 nis
1998 1130 2014 1155 ,
2056 1102 2177 1142 cum
2219 1088 2288 1143 ita
2332 1090 2385 1145 in
2427 1090 2661 1161 idipsum
2699 1103 2929 1165 utraque
2964 1107 3312 1166 concurrant,
3347 1105 3405 1153 ut
3431 1098 3488 1154 in

1889 1178 1966 1234 eis
1996 1194 2096 1236 nec
2143 1183 2446 1253 proprietas
2488 1184 2845 1255 absumatur,
2889 1203 2989 1245 nec
3038 1204 3267 1259 persona
3318 1190 3487 1262 gemi-

1890 1281 2067 1328 netur.

1959 1365 2086 1421 Car.
2118 1364 2181 1421 ll.
2208 1366 2653 1423 —-Transcursis
2697 1368 2858 1440 igitur
2902 1370 2968 1426 iis
3009 1386 3130 1441 quae
3178 1374 3487 1443 passionem

1890 1459 2101 1515 Domini
2129 1469 2567 1531 praecesserunt,
2612 1463 2742 1532 quid
2790 1456 3243 1521 documentorum
3294 1467 3489 1525 habeat

1886 1563 2286 1610 sacramentum
2310 1555 2562 1625 paschale
2588 1566 2901 1613 tractemus.
2932 1558 3065 1613 Nam
3100 1561 3489 1618 exardescente

1886 1646 1953 1701 ad
1978 1646 2229 1703 effectum
2258 1649 2340 1702 sui
2366 1649 2587 1704 sceleris
2612 1650 2819 1705 saevitia
2840 1651 3171 1720 Iudaeorum,
3198 1670 3319 1709 cum
3346 1653 3487 1709 Deus

1886 1749 2012 1794 esset
2040 1739 2097 1792 in
2128 1738 2329 1795 Christo
2356 1741 2607 1795 mundum
2634 1742 2972 1799 reconcilians
3007 1746 3103 1800 sibi
3141 1746 3221 1817 (ll
3263 1745 3384 1803 Cor.
3424 1763 3485 1815 ν,

176 1838 384 1892 auditus
404 1880 421 1904 ,
474 1837 743 1893 hodierno
792 1837 1035 1893 sermoni
1081 1835 1423 1892 adhibendus
1445 1843 1529 1890 est
1560 1834 1773 1905 modus,
1808 1824 1856 1884 B
1886 1834 2000 1906 l9),
2034 1834 2180 1890 nulla
2204 1834 2285 1890 vis
2312 1834 2510 1905 templo
2542 1838 2788 1903 corporis
2819 1837 2954 1907 ejus,
2988 1840 3090 1894 nisi
3122 1841 3237 1909 ipse
3267 1842 3487 1912 permit-

175 1940 230 1984 ut
271 1939 464 2001 quarta
515 1931 727 1987 sabbati
774 1946 896 2003 quae
924 1940 1052 1988 sunt
1089 1929 1392 2001 adjicienda
1419 1929 1446 1966 ά
1474 1943 1777 1998 servemus,

175 2022 467 2081 auxiliante
500 2024 731 2080 Domino
758 2034 948 2081 nostro
972 2023 1102 2080 Jesu
1128 2023 1369 2091 Christo,
1406 2024 1497 2095 qui
1527 2038 1651 2079 cum
1681 2022 1782 2077 Pa-

172 2126 254 2171 tre
278 2128 330 2171 et
352 2117 567 2187 Spiritu
598 2126 786 2174 sancto
812 2117 945 2174 vivit
974 2126 1030 2175 et
1055 2126 1244 2189 regnat
1283 2117 1337 2173 in
1373 2116 1570 2174 saecula
1607 2129 1782 2172 saecu-

172 2210 367 2264 lorum.
401 2212 600 2266 Amen.

570 2346 803 2405 SERMO
840 2348 983 2405 va
1024 2348 1132 2423 [Αι.
1177 2348 1385 2421 LXIV].

257 2438 335 2495 De
366 2440 627 2498 Passione
657 2442 865 2497 Domini
896 2441 1037 2498 XIV
1058 2459 1077 2509 ;
1106 2443 1308 2498 habitus
1339 2443 1469 2514 feria
1497 2452 1702 2514 quarta.

166 2555 441 2612 Summis.
465 2556 508 2612 I.
537 2556 916 2629 Eutychianos,
943 2576 1061 2612 cum
1081 2575 1250 2613 verum
1271 2575 1474 2612 carnem
1504 2562 1559 2613 in
1583 2558 1787 2614 Christo

238 2646 344 2681 non
374 2641 691 2701 fagnoscunt,
725 2642 817 2684 aut
843 2631 1035 2701 falsum
1060 2631 1117 2701 in
1145 2646 1203 2684 eo
1238 2630 1497 2684 hominem
1542 2636 1745 2701 credere
1767 2675 1782 2699 ,

1888 1938 2049 1999 teret,
2082 1929 2345 2000 potuisset
2374 1926 2582 1985 inferri.
2615 1928 2895 2000 Siquidem
2928 1932 3182 1987 terribilis
3214 1934 3303 1988 illa
3345 1934 3489 1990 mili-

1888 2032 1999 2080 tum
2029 2024 2250 2094 cohors,
2278 2032 2333 2081 et
2361 2039 2393 2079 a
2420 2022 2753 2095 principibus
2782 2035 2836 2081 et
2856 2025 3144 2082 Pharisaeis
3166 2030 3329 2084 missa
3360 2044 3488 2086 cum

1887 2119 2081 2192 gladiis
2113 2129 2169 2176 et
2204 2118 2434 2174 fustibus
2469 2118 2788 2187 multitudo,
2834 2119 2909 2175 ita
2949 2134 3051 2175 una
3093 2121 3306 2177 Domini
3350 2135 3488 2180 vace

1892 2222 1918 2261 ι
1934 2213 2181 2285 perculsa
2204 2213 2325 2281 fuit,
2348 2221 2409 2268 ut
2428 2228 2551 2268 cum
2576 2213 2746 2268 turbae
2764 2212 3034 2269 dixissent
3053 2213 3234 2270 Jesum
3257 2230 3320 2272 se
3339 2232 3487 2288 quaa-

1890 2321 2011 2362 rere
2032 2306 2388 2373 Nazarenum,
2412 2316 2467 2362 et
2487 2306 2603 2376 ipse
2624 2306 3013 2375 respondisset,
3036 2306 3152 2381 Ego
3174 2326 3286 2365 sum
3303 2308 3486 2381 (Joan.

1891 2415 2042 2468 svnt,
2075 2398 2167 2473 5);
2199 2414 2359 2456 nemo
2383 2414 2571 2456 eorum
2602 2401 2943 2469 subsisteret,
2972 2401 3071 2458 sed
3094 2404 3295 2474 journes
3324 2405 3489 2461 simul

1890 2492 2090 2547 amisso
2132 2492 2499 2548 membrorum
2543 2491 2723 2549 officio
2758 2501 3057 2550 retrorsum
3108 2495 3215 2551 acti
3258 2496 3489 2568 elisique

1891 2596 2229 2646 corruerent.
2281 2587 2340 2643 In
2393 2602 2501 2659 quo
2550 2588 2737 2657 utique
2789 2588 2987 2645 divinae
3036 2599 3154 2646 erat
3206 2592 3488 2660 potestatis

1892 2678 1922 2718 ιι
1937 2680 2219 2749 indicium,
2240 2696 2362 2752 qua:
2379 2681 2667 2752 impiorum
2686 2693 2935 2752 conatus,
2958 2699 3067 2740 non
3084 2685 3254 2742 armis
3272 2695 3491 2743 contra-

231 2710 329 2753 aut
351 2689 526 2755 Deum
550 2689 865 2772 passibilem'.
890 2732 961 2742 —
983 2701 1045 2756 ll.
1074 2698 1331 2756 Christum
1354 2703 1635 2771 potentiam
1663 2689 1789 2756 Dei:

233 2772 361 2844 latis
383 2774 727 2844 continuisse,
753 2782 808 2827 ut
829 2783 876 2827 et
895 2773 1120 2844 salvaret
1147 2783 1194 2828 et
1224 2772 1492 2827 roboraret
1520 2775 1785 2844 patiendo.

230 2873 305 2884 —
333 2842 430 2898 Ill.
464 2842 659 2915 Yeram
688 2845 847 2915 fuisse
872 2843 1062 2900 Christi
1089 2846 1411 2915 passionem;
1441 2842 1587 2915 quem
1622 2845 1790 2899 Deum

228 2925 428 2987 negant
462 2913 644 2971 Iudici
669 2913 698 2981 ,“
721 2917 975 2971 hominem
995 2913 1350 2987 ﬂutychinni.
1381 2913 1564 2970 —'lV.
1606 2916 1791 2971 Omnia

228 2985 429 3041 Christi
448 2990 699 3059 mysteria
719 3004 892 3061 ueram
909 2990 961 3041 in
976 2985 1180 3042 Christo
1196 3004 1399 3043 carnem
1422 2988 1661 3061 probant,
1680 2990 1792 3043 sine

228 3075 327 3124 qua
350 3075 463 3128 non
486 3058 563 3115 est
588 3060 831 3128 primitiae
851 3060 1236 3113 dormientium.
1260 3091 1330 3100 —
1352 3058 1432 3115 γρ
1448 3058 1564 3114 Nisi
1589 3076 1706 3114 vera
1724 3061 1791 3115 sit

228 3144 354 3203 caro
388 3127 615 3196 Christi,
650 3132 703 3185 in
734 3148 794 3187 eo
835 3130 1170 3187 Divinitatem
1207 3131 1500 3187 inhabitare
1537 3148 1790 3203 corpora-

229 3199 350 3254 liter
384 3218 493 3257 non
521 3220 694 3274 posse.

1891 2775 2007 2842 riis,
2038 2790 2215 2845 neque
2242 2774 2405 2831 ullius
2426 2785 2691 2832 creatura:
2718 2776 2955 2847 potentis
2980 2776 3181 2834 auxilio
3201 2823 3216 2847 ,
3243 2780 3341 2836 sed
3370 2780 3491 2838 sola

1892 2866 2043 2921 verbi
2072 2866 2267 2922 virtute
2293 2875 2684 2938 prosterneret.
2724 2868 2861 2937 Quia
2903 2884 3035 2927 vero
3079 2870 3340 2928 salvando
3383 2873 3489 2929 hu-

1892 2975 2055 3016 mano
2097 2961 2282 3033 generi
2331 2962 2551 3018 alterius
2596 2964 2780 3033 operis
2823 2964 2965 3021 ratio
3007 2967 3359 3037 congruebat,
3386 2983 3491 3027 nec

1895 3063 2077 3124 posset
2109 3054 2328 3126 sanguis
2365 3053 2567 3112 Christi
2598 3057 2830 3126 pretium
2871 3057 3209 3113 credentium
3247 3058 3399 3131 ﬁeri,
3442 3059 3492 3119 si

1893 3147 2223 3219 Redemptor
2251 3163 2313 3204 se
2340 3164 2450 3204 non
2479 3148 2683 3205 sineret
2720 3149 3140 3222 comprehendi,
3185 3150 3405 3207 admisit
3433 3152 3492 3211 in

1807 3224 1856 3291 C
1885 3257 1945 3300 se
1969 3242 2164 3313 impias
2188 3257 2398 3312 manus,
2430 3252 2487 3299 et
2516 3240 2533 3282 ί
2568 3243 2804 3298 cohibita
2831 3253 2914 3299 est
2954 3244 3195 3314 potentia
3236 3243 3488 3311 Deitatis,

224 3340 355 3395 Car.
395 3338 440 3395 Ι.
477 3370 555 3382 -
589 3342 909 3398 Sermonem
934 3385 952 3411 ,
1000 3340 1381 3410 dilectissimi,
1426 3341 1495 3398 de
1539 3341 1772 3413 gloriosa

162 3430 375 3488 Domini
405 3433 583 3489 nostri
610 3434 737 3490 Jesu
767 3435 972 3492 Christi
1005 3435 1256 3506 passione
1302 3435 1667 3506 promissum,
1699 3436 1774 3491 ita

162 3526 566 3591 exspectationi
627 3536 823 3582 vestrae
862 3528 1105 3598 intelligo
1145 3542 1267 3583 esse
1307 3526 1643 3584 reddendum
1668 3569 1684 3595 ,
1717 3538 1776 3585 ut

161 3614 408 3671 ofﬁcium
440 3619 743 3676 disserendi
774 3631 829 3677 et
851 3622 987 3677 festo
1018 3621 1261 3693 paschali
1295 3631 1319 3659 ε
1347 3625 1569 3690 serviat,
1598 3631 1653 3677 et
1677 3637 1774 3678 au-

160 3706 305 3763 sibus
358 3708 521 3778 impii
572 3712 774 3768 erroris
821 3722 1087 3769 occurrat.
1139 3714 1240 3782 Qui
1281 3713 1424 3769 enim
1456 3714 1549 3769 Dei
1576 3713 1773 3770 Filium

158 3814 340 3856 veram
396 3814 604 3858 nostrae
652 3809 834 3862 carnis
880 3819 1080 3879 negant
1127 3810 1434 3880 suscepisse
1476 3822 1771 3878 naturam,

159 3893 365 3952 inimici
404 3905 534 3951 sunt
564 3898 688 3955 lidei
717 3899 1057 3968 Christianas,
1091 3910 1147 3958 et
1175 3904 1543 3974 evangelicum
1575 3903 1775 3972 praedi-

158 3985 441 4038 cationem
464 3991 625 4046 nimis
649 3995 990 4063 impudenter
1011 3997 1362 4067 impngnant:
1392 4006 1453 4052 ut
1474 3996 1772 4054 secundum

160 4076 297 4144 ipsos
324 4091 478 4130 crux
507 4075 666 4148 252
690 4084 887 4135 Christi
920 4098 1012 4143 aut
1038 4089 1312 4143 simulatio
1334 4089 1497 4145 fuerit
1519 4090 1775 4156 phantas-

158 4173 341 4237 matis,
372 4177 479 4221 aut
525 4168 842 4238 supplicium
875 4171 1118 4228 Deitatis.
1146 4174 1300 4242 Quod
1322 4192 1350 4232 a
1382 4176 1636 4233 cordibus
1667 4178 1779 4247 pio-

156 4276 266 4315 rum
292 4263 477 4330 longe
505 4269 589 4315 est
610 4263 999 4333 repellendum,
1033 4268 1157 4336 quia
1187 4268 1452 4323 catholica
1495 4268 1778 4339 integritas

156 4370 249 4409 nec
292 4354 584 4411 maculam
632 4356 909 4425 perﬁdiae,
961 4373 1063 4414 nec
1111 4375 1298 4431 rugam
1345 4369 1526 4430 potest
1570 4361 1774 4417 habere

158 4449 477 4511 mendacii;
526 4463 648 4515 quae
698 4465 858 4505 unum
899 4450 1214 4521 Christum,
1261 4453 1403 4509 sicut
1443 4453 1649 4519 Deum,
1699 4453 1777 4508 sic

153 4542 443 4599 hominem
484 4544 802 4612 conﬁtetur,
831 4554 889 4599 ut
928 4560 1031 4602 nec
1072 4546 1268 4603 falsum
1310 4547 1583 4604 hominem
1613 4590 1629 4615 ,
1674 4564 1773 4604 nec

1878 3346 1938 3392 ut
1965 3337 2350 3407 perveniretur
2384 3336 2453 3392 ad
2494 3337 2722 3407 gloriam
2762 3338 3050 3408 passionis.
3098 3340 3262 3410 Cujus
3302 3342 3492 3412 utique

1877 3431 2055 3487 inanis
2083 3428 2275 3486 fuisset
2302 3430 2535 3500 species,
2566 3440 2621 3487 et
2649 3431 2782 3486 nulli
2814 3431 3093 3501 profutura
3133 3434 3311 3505 imago
3352 3434 3492 3491 tole-

1877 3524 2094 3590 rantiae,
2124 3523 2228 3579 nisi
2259 3538 2391 3579 vera
2420 3522 2687 3579 Divinitas
2724 3522 2868 3579 veris
2907 3540 2968 3581 se
3011 3525 3263 3583 humanas
3307 3529 3492 3585 carnis

1878 3616 2129 3674 sensibus
2151 3615 2453 3672 induisset:
2480 3625 2540 3671 ut
2564 3630 2707 3672 unus
2732 3616 2825 3673 Dei
2853 3625 3018 3688 atque
3040 3617 3275 3675 hominis
3295 3618 3488 3689 Filius,

1880 3709 2098 3765 aliunde
2144 3706 2575 3774 intemerabilis,
2623 3708 2843 3764 aliunde
2890 3708 3205 3779 passibilis,
3257 3712 3491 3767 mortale

1881 3809 2125 3858 nostrum
2150 3816 2248 3873 per
2270 3816 2427 3856 suum
2450 3801 2757 3857 immortale
2781 3811 3088 3858 renovaret.
3116 3804 3182 3858 Et
3206 3802 3329 3860 ideo
3350 3819 3489 3860 mm-

1879 3894 2159 3963 stitudine,
2188 3893 2313 3950 ideo
2345 3894 2360 3946 l
2400 3892 2691 3950 formidine
2719 3908 2825 3949 non
2855 3893 3017 3966 253
3046 3894 3296 3960 carebat,
3330 3902 3389 3949 ut
3415 3893 3487 3951 ad

1879 3988 2207 4046 evincendas
2238 3986 2269 4028 ιι
2299 3987 2607 4059 hujusmodi
2644 3988 3112 4057 perturbationes,
3160 4000 3272 4042 non
3308 3987 3489 4045 solum

1882 4096 1983 4133 nos
2011 4089 2352 4132 sacramento
2380 4075 2765 4145 susceptionis,
2791 4077 2887 4132 sed
2914 4078 3077 4133 etiam
3101 4081 3353 4152 exemplo
3374 4081 3486 4138 for-

1881 4170 2126 4227 titudinis
2168 4170 2472 4226 roboraret.
2516 4169 2649 4224 Nam
2701 4168 2896 4239 injusta
2943 4170 3221 4227 videretur
3267 4172 3386 4244 ejus
3414 4174 3485 4229 ad

1882 4264 2193 4334 patientiam
2221 4261 2545 4329 cohortatio,
2573 4261 2661 4317 cui
2690 4262 2839 4318 nulla
2870 4271 3015 4318 esset
3042 4263 3097 4318 in
3119 4274 3307 4321 nostra
3336 4264 3485 4321 infir-

1882 4360 2069 4416 mitate
2098 4358 2431 4413 communio.

1953 4450 2084 4506 CAP.
2119 4449 2206 4504 lll.
2235 4478 2307 4489 —
2345 4446 2514 4503 Veras
2557 4455 2738 4502 autem
2767 4447 2980 4504 Domini
3010 4450 3292 4520 passiones
3319 4450 3485 4508 Isaias

1884 4549 2146 4617 propheta
2190 4543 2362 4615 ipsius
2400 4557 2534 4598 voce
2573 4544 2922 4613 praenuntiat,
2970 4544 3159 4601 dicens
3195 4564 3206 4600 :
3259 4545 3484 4601 Dorsum

155 4636 319 4692 Deum
354 4637 514 4689 dicat
540 4633 701 4689 fuisse
732 4635 1062 4704 passibilem.
1098 4638 1115 4677 ι
1142 4641 1398 4704 Quamvis
1420 4656 1549 4712 ergo
1580 4642 1648 4695 ab
1674 4642 1766 4697 illo
1796 4620 1851 4681 Ῑ)
1875 4657 2045 4695 meum
2070 4640 2189 4694 dedi
2210 4639 2265 4693 in
2289 4638 2526 4709 ﬂagella,
2575 4646 2624 4692 et
2679 4637 2920 4693 maxillas
2962 4656 3103 4694 meas
3150 4642 3203 4693 in
3238 4641 3478 4713 palmas;

151 4734 334 4801 initio,
374 4743 496 4801 quo
524 4728 578 4783 in
602 4738 758 4785 utero
786 4729 1028 4801 Virginis
1058 4728 1285 4786 Verbum
1313 4748 1441 4787 caro
1472 4732 1664 4803 factum
1691 4746 1765 4789 est

216 4906 240 4932 ι
268 4895 383 4951 Ms.
431 4890 554 4946 Vat.
583 4888 794 4945 collect.
827 4891 861 4948 5
889 4892 1093 4947 omittit
1118 4908 1193 4961 se,
1225 4901 1279 4948 et
1308 4892 1561 4948 similiter
1606 4894 1766 4949 omit-

151 4969 269 5020 titur
296 4968 357 5018 in
399 4977 537 5036 mss.
568 4972 825 5036 tractatus
861 4963 1121 5019 adversus
1162 4979 1378 5019 errores
1426 4965 1758 5036 Eutychetis,

153 5056 193 5092 ε.
225 5039 313 5098 ll.
348 5035 509 5105 quod
540 5049 603 5089 ex
638 5034 742 5105 hoc
770 5050 1022 5091 sermone
1050 5044 1326 5105 sumptum
1360 5036 1477 5090 fuit.
1514 5034 1611 5091 Hic
1655 5046 1764 5089 tra-

151 5118 319 5164 ctatus
370 5104 435 5160 in
474 5104 781 5179 appendice
827 5107 1038 5162 edetur.
1070 5104 1219 5162 Idem
1248 5116 1429 5163 tamen
1461 5123 1763 5179 pronomen

152 5199 195 5235 se
224 5182 442 5245 legitur
471 5176 529 5231 in
560 5175 765 5231 duabus
794 5179 1107 5234 memoratis
1138 5179 1402 5249 epistolis.

100 5242 123 5281 λ
190 5254 237 5290 νδ
270 5242 495 5314 Vaces,
526 5258 795 5323 utrumque
824 5252 1093 5323 suscipiat,
1125 5266 1153 5304 a
1173 5242 1489 5323 'Quesnello
1532 5253 1762 5309 omissas
1809 5276 1823 5294 ο

150 5324 498 5394 restituimus
555 5334 619 5373 ex
687 5322 906 5394 reliquis
955 5322 1115 5377 editis
1164 5322 1471 5394 nostrisque
1517 5340 1649 5381 mss.
1702 5325 1763 5381 ln

104 5434 107 5435 ν
152 5396 390 5450 laudatis
428 5390 592 5464 etiam
623 5390 868 5461 epistolis
895 5395 1097 5449 eaedem
1130 5390 1401 5464 leguntur:

217 5479 240 5505 ε
270 5466 371 5522 Sic
406 5463 605 5535 melius
634 5478 700 5518 ex
727 5464 896 5533 prima
927 5465 1166 5521 editione
1194 5463 1353 5535 atque
1381 5482 1449 5523 ex
1481 5482 1613 5524 mss.
1642 5466 1759 5524 col-

151 5538 271 5594 lect.
300 5540 363 5601 5,
404 5546 461 5591 et
490 5533 550 5587 4.
585 5536 691 5598 Al,
728 5538 1001 5605 possimus.

213 5610 239 5646 ἀ
273 5608 435 5666 Unus
467 5605 593 5660 cod.
628 5605 684 5661 S.
742 5608 915 5672 Petri,
962 5609 1272 5677 reddamus;
1321 5619 1377 5664 et
1422 5610 1763 5667 cohmrenter

148 5682 368 5751 quidem
401 5680 564 5751 initio
593 5680 869 5745 sequentis
896 5682 1161 5737 sermonis
1186 5700 1199 5737 :
1233 5698 1587 5740 sermonem...
1612 5682 1762 5738 intel-

146 5750 241 5822 ligo
272 5770 397 5807 esse
424 5750 772 5806 reddendum.

211 5832 235 5858 ο
264 5825 360 5903 ιω.
386 5839 455 5879 ex
484 5822 695 5879 duobus
722 5838 856 5881 mss.
890 5824 948 5883 S.
977 5826 1124 5884 Petri
1155 5834 1212 5886 et
1237 5827 1344 5885 alio
1372 5825 1605 5884 Vercell.
1640 5827 1756 5895 AL,

144 5905 447 5952 mal.

438 5987 716 6053 Panos.
759 5990 927 6073 LIV.

1875 4733 2071 4787 vultum
2100 4740 2271 4787 autem
2298 4747 2468 4787 meum
2490 4746 2595 4784 non
2630 4732 2792 4785 averti
2819 4748 2854 4786 a
2879 4733 3182 4803 confusione
3212 4749 3480 4805 sputorum

1947 4892 1967 4932 ί
2004 4891 2206 4947 Eadem
2240 4891 2293 4946 in
2321 4906 2409 4959 ep.
2445 4889 2550 4945 124
2576 4905 2627 4947 c.
2657 4890 2690 4947 6
2714 4899 2769 4946 et
2798 4906 2889 4960 ep.
2918 4888 3024 4945 165
3052 4906 3099 4945 c.
3135 4891 3191 4947 6.

1947 4975 1972 5013 s
2001 4964 2091 5019 Sic
2123 4962 2370 5036 iidemAS.
2402 4960 2549 5036 Petri
2581 4961 2738 5017 codd.
2776 4962 2916 5036 Editi
2952 4972 3078 5019 ante
3104 4963 3476 5036 Quesncllum,

1872 5051 2117 5107 percussa
2147 5043 2218 5087 est
2237 5033 2629 5107 ;7Quesnellu_s,
2654 5033 2899 5107 perculsa
2920 5044 3015 5107 est.

1941 5051 2117 5091 rcussa
2147 5051 2255 5100 est;
2284 5051 2629 5099 uuesneuus,
2700 5051 2899 5087 ercutsa
2920 5051 3015 5086 est.

1941 5106 1971 5145 ιι
2002 5108 2180 5161 Prima
2211 5106 2379 5161 editio
2407 5115 2462 5161 et
2494 5104 2617 5160 cod.
2654 5051 2787 5160 gon.
2809 5146 2826 5171 ,
2865 5105 3151 5177 judicium.
3195 5108 3297 5165 Ms.
3340 5109 3477 5166 Ver-

1869 5179 2021 5243 cell.,
2053 5177 2191 5248 quod
2216 5191 2312 5247 pro
2338 5193 2477 5248 quae.

1947 5249 1963 5288 ί
1998 5250 2200 5304 Eadem
2230 5248 2395 5304 editio
2425 5262 2547 5303 cum
2572 5263 2675 5303 ms.
2719 5248 2891 5317 Bon.,
2943 5249 3165 5304 cohibita
3212 5261 3288 5305 est
3328 5253 3381 5305 in
3424 5270 3476 5306 se

1870 5322 2099 5394 potentia
2127 5319 2385 5394 Deitatis,
2432 5330 2489 5374 ut
2536 5320 2847 5394 perveniret,
2887 5326 2993 5375 etc.
3038 5320 3241 5376 Eadem
3289 5323 3477 5389 lectio;

1868 5392 2084 5448 emissis
2124 5392 2346 5447 vocibus
2388 5395 2443 5446 in
2478 5392 2569 5457 se,
2616 5403 2727 5447 erat
2778 5393 2831 5446 in
2879 5394 3093 5446 caeteris
3141 5394 3471 5448 editionibus

1865 5474 1993 5520 ante
2016 5462 2387 5532 Quesnellum,
2418 5463 2509 5534 qui
2534 5478 2632 5533 pro
2660 5464 2943 5535 perveniret
2972 5464 3209 5535 correxit
3230 5506 3245 5528 ,
3287 5481 3467 5535 perve-

1865 5538 2084 5600 niretur,
2120 5535 2196 5589 uti
2228 5533 2633 5604 praestantiores
2661 5533 2836 5590 nostri
2867 5533 3024 5588 codd.
3056 5533 3332 5589 exhibent.

1941 5612 1956 5660 l
2002 5605 2149 5664 Unus
2178 5606 2299 5662 cod.
2335 5605 2394 5662 S.
2427 5606 2576 5663 Petri
2606 5616 2659 5662 et
2715 5607 2852 5661 alius
2898 5606 3033 5661 Bon.
3061 5647 3076 5670 ,
3125 5620 3247 5661 cum
3294 5607 3468 5678 prima

1866 5679 2125 5744 editione,
2160 5678 2485 5749 fortitudine.

1936 5750 1962 5789 Β
1994 5746 2171 5817 Εάὶῑί,’
2192 5752 2348 5821 hujus
2379 5750 2587 5805 mundi.
2638 5746 3063 5804 Emendavimus
3088 5763 3194 5820 ope
3231 5749 3466 5809 duorum

1865 5824 2114 5882 codicum
2138 5822 2199 5881 S.
2230 5822 2396 5879 Petri.

2938 5981 3015 6048 12
