3980 6352
472 344 581 407 367

1606 340 1664 395 s.
1704 329 1956 394 LEOle
1992 322 2207 397 MAGNI
2248 324 2639 397 SERMONES.

3659 317 3768 384 863

474 455 696 531 sanguis
729 454 1009 512 exstinxit.
1058 444 1209 510 Verze
1240 450 1370 517 luci,
1410 449 1647 518 antiquas
1687 448 1863 503 noctis
1910 447 2074 503 cessit
2101 454 2150 509 Α
2176 452 2333 501 cente
2362 442 2521 496 beato
2551 436 2720 494 Paulo
2744 435 3029 507 apostolo:
3072 433 3152 487 An
3179 432 3451 505 ignoratis,
3500 449 3625 504 quia
3646 439 3763 501 qui-

474 550 799 607 obscuritas.
876 541 1137 605 [invitatur
1188 544 1255 599 ad
1300 542 1534 612 paradisi
1584 542 1800 598 divitias
1840 542 2069 613 populus

472 642 845 713 Christianus,
892 652 945 698 et
974 640 1182 696 cunctis
1221 637 1552 708 regeneratis
1580 636 1649 693 ad
1685 637 1940 692 amissam
1974 651 2071 707 pa-

476 740 634 794 triam
661 738 956 808 patefactus
984 745 1066 789 est
1098 733 1320 798 reditus,
1353 732 1398 786 si
1430 746 1590 787 nemo
1610 730 1714 787 sibi
1754 732 1901 787 illam
1925 732 2067 787 viam

471 832 601 889 facit
626 831 824 898 claudi,
864 844 985 899 quae
1021 836 1048 865 ι
1075 826 1201 883 ﬁdei
1233 827 1458 882 latronis
1482 826 1658 899 potuit
1688 825 1908 895 aperiri.

542 927 672 980 Car.
700 925 791 981 IV.
821 953 893 964 ——
918 923 1267 979 Celebrantes
1309 922 1505 992 igitur,
1546 920 1920 987 dilectissimi,
1968 932 2065 989 pa-

471 1018 675 1074 schalis
717 1018 839 1073 festi
888 1016 1163 1073 ineffabile
1215 1024 1651 1080 sacramentum,
1688 1016 2064 1083 agnoscamus,

473 1113 705 1167 docente
738 1111 940 1181 Spiritu
970 1110 1089 1179 Dei,
1118 1109 1184 1163 ad
1208 1109 1364 1179 cujus
1393 1108 1576 1178 gloria:
1605 1106 2072 1175 participationem

471 1204 648 1259 vocati
699 1214 754 1259 et
788 1202 814 1240 δ
841 1204 907 1257 ad
930 1218 1087 1273 quam
1130 1216 1283 1271 spem
1325 1200 1493 1254 simus
1538 1195 1788 1269 ingressi.
1849 1196 1958 1251 Nec
1998 1196 2072 1250 ita

472 1314 571 1352 nos
602 1312 742 1352 nunc
769 1296 949 1363 anxie,
991 1309 1133 1348 nunc
1169 1292 1403 1362 superbe
1435 1290 1717 1361 prinsentis
1757 1290 1879 1342 vitae
1906 1304 2073 1343 occu-

472 1399 606 1461 pent
638 1390 908 1458 actiones,
947 1395 1009 1442 ut
1035 1402 1139 1441 non
1167 1395 1283 1440 toto
1311 1384 1493 1439 cordis
1520 1385 1716 1437 affectu
1747 1382 2074 1437 conformari

472 1483 820 1553 Redemptori
850 1490 1035 1536 nostro
1082 1490 1103 1519 ο
1135 1495 1235 1550 per
1261 1478 1403 1533 illius
1446 1479 1612 1550 258
1651 1476 1896 1546 exempla
1938 1476 2076 1531 nita-

472 1591 614 1630 mur.
671 1574 814 1629 Nihil
846 1573 989 1628 enim
1034 1587 1143 1626 non
1189 1571 1257 1625 ad
1292 1576 1530 1625 nostram
1564 1569 1795 1624 salutem
1827 1577 1921 1624 aut
1967 1568 2078 1639 egit

472 1678 565 1722 aut
618 1667 870 1737 pertulit,
939 1677 1001 1722 ut
1044 1666 1214 1721 virtus
1260 1682 1380 1737 qua:
1435 1666 1611 1721 inerat
1660 1666 1822 1735 capiti
1874 1665 2077 1720 inesset

473 1759 636 1815 etiam
662 1769 717 1815 et
743 1760 978 1828 corpori.
1050 1758 1183 1813 Nam
1211 1758 1448 1830 primum
1477 1761 1593 1827 ipsa
1623 1758 1719 1812 illa
1755 1758 2077 1814 substantiae

2174 554 2391 608 cumque
2440 533 2685 604 baptizati
2730 546 2903 585 sumus
2941 530 2996 583 in
3052 527 3255 583 Christo
3306 526 3453 595 Jesu,
3504 527 3559 581 in
3608 541 3767 584 morte

2173 634 2336 706 ipsius
2368 629 2614 700 baptisati
2644 642 2817 680 sumus
2846 626 2871 679 .9
2905 622 3203 693 Consepulti
3245 621 3379 675 enim
3408 638 3584 675 sumus
3616 620 3629 657 ί
3655 639 3769 677 cum

2173 728 2269 782 illo
2298 743 2388 796 per
2404 724 2717 796 baptismum
2742 722 2796 775 in
2824 727 3089 787 morte,ut
3113 716 3370 789 quomodo
3383 716 3602 770 surrexit
3626 715 3774 770 Chri-
3815 712 3840 790 ti

2176 829 2285 875 stus
2300 795 2339 872 ia
2367 795 2585 872 mortuis
2611 832 2703 886 per
2722 813 2946 885 gloriam
2985 809 3188 880 Patris,
3232 810 3305 863 ita
3332 818 3379 864 et
3399 824 3493 863 nos
3532 808 3694 880 259
3717 809 3775 863 in

2180 915 2407 970 novitate
2429 913 2547 966 vita:
2577 909 2917 964 ambulemus.
2978 904 3040 962 Si
3087 904 3226 959 enim
3270 901 3608 974 complantai
3654 901 3780 971 facti

2178 1024 2355 1061 sumus
2380 1004 2709 1060 similitudini
2742 1002 2918 1056 mortis
2942 1002 3073 1072 ejus,
3106 999 3263 1052 simul
3302 1008 3351 1053 et
3392 995 3782 1052 resurrectionis
3850 1012 3859 1048 ξ

2179 1098 2386 1153 erimus.
2456 1095 2576 1150 Hoc
2624 1095 2835 1150 scientes
2862 1093 2983 1163 quia
3037 1101 3172 1145 vetus
3218 1090 3370 1144 homo
3413 1097 3583 1143 noster
3627 1084 3784 1143 simul

2182 1190 2460 1261 cruciﬁxus
2501 1200 2595 1257 est,
2625 1197 2682 1243 ut
2712 1189 3012 1242 destruatur
3052 1201 3241 1251 corpus
3289 1183 3504 1253 peccati,
3549 1193 3604 1235 ut
3646 1183 3784 1235 ultra

2187 1288 2201 1336 l
2244 1302 2347 1339 non
2369 1285 2652 1338 serviamus
2685 1290 2911 1353 peccato.
2967 1279 3067 1344 Qui
3093 1279 3227 1333 enim
3248 1286 3481 1331 mortuus
3522 1284 3616 1341 est,
3631 1275 3787 1347 justi-

2184 1381 2371 1450 ﬁcatus
2401 1388 2473 1433 est
2512 1395 2543 1430 a
2576 1387 2805 1448 peccato.
2860 1374 2922 1429 Si
2969 1382 3144 1427 autem
3196 1372 3389 1426 mortui
3444 1387 3616 1425 sumus
3666 1384 3786 1422 cum

2185 1473 2410 1537 Christo,
2443 1472 2700 1525 credimus
2725 1470 2848 1541 quia
2875 1468 3030 1521 simul
3078 1467 3231 1521 etiam
3274 1466 3499 1519 vivemus
3540 1479 3657 1517 cum
3694 1460 3791 1517 illo

2188 1566 2369 1637 (Rom.
2404 1581 2479 1629 γι,
2503 1563 2655 1634 5-8):
2681 1562 2769 1632 qui
2794 1560 2927 1616 vivit
2953 1571 3006 1614 et
3033 1567 3225 1630 regnat
3249 1572 3370 1612 cum
3392 1556 3551 1612 Patre
3580 1566 3632 1611 et
3664 1552 3791 1625 Spi-

2186 1660 2293 1714 ritu
2314 1668 2503 1715 sancto
2524 1658 2578 1712 in
2608 1655 2803 1711 saecula
2826 1654 3179 1710 saeculorum.
3211 1651 3406 1707 Amen.

2591 1792 2823 1849 saeuo
2850 1788 3040 1845 vau
3068 1788 3177 1859 [Αι.
3207 1784 3391 1857 LXV].

472 1863 676 1911 "cum
706 1855 760 1909 in
786 1856 995 1911 Deime
1021 1854 1315 1950 suscepiio’
1340 1868 1446 1923 qua
1487 1850 1707 1950 Verbum
1728 1867 1849 1950 “7°
1873 1857 2077 1922 {auum
2107 1848 2155 1909 Β
2244 1888 2325 1944 De
2352 1848 2619 1943 Passione
2643 1885 2856 1941 Domini
2885 1884 2936 1939 Χ
2948 1883 3023 1939 γι
3056 1848 3090 1950 ί
3120 1883 3202 1938 die
3240 1848 3510 1936 Dominica
3533 1880 3769 1935 habitus.

472 1959 567 2015 est,
596 1958 643 2005 et
664 1950 911 2004 habitavit
939 1950 993 2003 in
1016 1949 1161 2002 nobis
1191 1947 1374 2019 (Joan.
1394 1963 1435 2015 ι,
1459 1947 1571 2018 14),
1604 1962 1768 2017 quem
1797 1948 2079 2001 hominum

474 2042 867 2099 misericordiae
883 2055 1017 2107 suae,
1043 2040 1149 2095 nisi
1169 2037 1197 2076 ά
1217 2040 1514 2102 inﬁdelem,
1537 2038 1755 2109 reliquit
1771 2041 2086 2094 exsortem?

474 2134 545 2190 Et
572 2134 656 2191 cui
686 2150 793 2189 non
824 2134 1127 2188 communis
1155 2140 1342 2187 natura
1375 2148 1496 2188 cum
1529 2130 1746 2187 Christo
1769 2142 1877 2199 est,
1919 2134 1964 2187 si
1996 2147 2085 2188 as-

474 2236 780 2310 sumentem
804 2237 827 2264 θ
850 2227 1079 2298 recepit,
1112 2235 1252 2283 eteo
1281 2227 1472 2297 spiritu
1487 2237 1569 2283 est
1597 2238 1946 2298 regeneratus
1974 2242 2086 2298 quo

473 2314 567 2377 'lle
601 2321 960 2392 progenitus?
991 2320 1195 2374 Deinde
1234 2320 1355 2390 quis
1399 2319 1452 2374 in
1488 2320 1582 2376 illo
1607 2334 1734 2375 suas
1777 2335 1885 2375 non
1914 2334 2085 2391 agno-

474 2424 592 2470 scat
638 2414 1034 2469 inﬁrmitates?
1076 2412 1207 2481 Quis
1247 2415 1648 2484 perceptionem
1680 2414 1825 2481 cibi,
1866 2415 2084 2483 requie-

476 2507 676 2564 tionem
706 2507 1342 2577 somni,sollicitudinem
1368 2508 1784 2575 mmstitudinis,
1811 2509 2085 2579 lacrymas

474 2600 714 2671 pietatis,
750 2615 856 2655 non
881 2600 1070 2656 videat
1092 2600 1281 2655 formae
1312 2600 1480 2656 fuisse
1509 2601 1760 2657 servilis?
1792 2600 1923 2668 Quae
1946 2615 2085 2671 quo-

476 2695 622 2748 niam
650 2694 720 2747 ab
748 2693 985 2763 antiquis
1013 2693 1256 2747 sananda
1283 2693 1619 2757 vulneribus,
1637 2702 1691 2748 et
1720 2709 1749 2747 a
1774 2693 2082 2748 colluvione

475 2798 594 2844 erat
615 2787 1148 2859 purganda‘peccati,
1177 2788 1246 2842 ita
1278 2786 1598 2858 Unigenitus
1628 2786 1747 2855 Dei,
1794 2787 1956 2841 etiam
1984 2785 2081 2840 ho-

476 2884 640 2939 minis
664 2883 839 2939 factus
865 2892 948 2939 est
976 2882 1141 2950 ﬁlius,
1187 2891 1321 2937 utet
1347 2880 1367 2919 τ
1402 2882 1550 2937 omni
1602 2881 1956 2936 humanitatis
1984 2896 2077 2936 ve-

476 2978 660 3045 ritate,
696 2984 753 3032 et
776 2976 1085 3031 Divinitatis
1107 2974 1446 3045 plenitudine
1499 2990 1608 3029 non
1639 2984 1867 3029 careret.
1928 2972 2082 3030 Sicut

476 3071 662 3144 itaque
683 3078 930 3125 nostrum
961 3080 1046 3125 est
1090 3069 1235 3139 quod
1266 3085 1387 3123 cum
1428 3078 1453 3117 ε
1484 3068 1685 3123 unione
1723 3068 1951 3124 Deitatis
1980 3083 2080 3139 pe-

475 3164 620 3238 perit
662 3168 909 3219 materna
956 3160 1256 3231 virginitas,
1289 3162 1363 3216 ita
1405 3172 1649 3216 nostrum
1688 3169 1773 3217 est
1802 3161 1946 3233 quod
1981 3162 2079 3217 Ju-

2197 1984 2468 2040 Svuorsrs.
2499 2011 2570 2023 —-
2599 1981 2639 2035 l.
2673 1981 2939 2048 Quantum
2970 1978 3129 2045 prosit
3157 1977 3516 2046 beneﬁciorum
3536 1974 3796 2048 Deiecit-

2268 2054 2554 2125 templatio,
2583 2044 2802 2125 quorum
2825 2044 3086 2125 praedictio
3109 2049 3262 2125 ﬁdem
3280 2044 3494 2125 astruit.
3516 2077 3585 2086 —
3606 2045 3673 2101 ll.
3708 2044 3801 2101 Sic

2269 2119 2562 2196 passionem
2596 2119 2804 2178 Christi
2826 2119 2832 2121 ’
2858 2121 2957 2176 Dei
3000 2120 3236 2196 consilio
3256 2119 3688 2196 d_ecretam_e_sse,
3708 2188 3721 2196 ἢ
3744 2127 3801 2171 ut

2271 2188 2363 2251 nec
2392 2199 2499 2266 ipse
2532 2195 2737 2250 sceleris
2767 2205 2968 2256 auctor,
3013 2208 3103 2245 nec
3126 2191 3302 2266 Judaei
3329 2190 3640 2266 cacusabiles
3673 2188 3798 2266 sint.

2266 2299 2338 2311 —
2369 2260 2459 2322 1ιῖ.
2494 2266 2607 2321 Nec
2633 2267 2771 2336 ipsos
2801 2260 3370 2336 interfectores__Christi
3410 2278 3465 2336 e_
3486 2260 3801 2336 redemptio-

2268 2341 2347 2393 nis
2377 2354 2588 2392 munere
2615 2332 2724 2390 esse
2750 2332 3005 2407 repulsos.
3034 2364 3104 2373 —
3123 2333 3212 2407 1V7.
3242 2332 3409 2399 Quam
3431 2332 3803 2407 detestandum

2266 2409 2501 2464 sitJudte
2529 2411 2721 2462 crimen
2746 2424 2763 2461 :
2794 2400 2986 2477 quanta
3007 2406 3234 2459 criminis
3265 2420 3434 2477 paena.
3456 2432 3524 2444 -
3545 2400 3801 2477 V.AC_Itri-

2267 2490 2402 2536 stum
2436 2497 2526 2549 per
2552 2473 2898 2534 voluntariam
2926 2487 3135 2531 mortem
3162 2485 3219 2549 et
3263 2476 3541 2549 remedium
3596 2473 3806 2527 dedisse

2267 2561 2316 2607 et
2339 2546 2654 2623 exemplum.
2685 2580 2755 2623 -έ-
2785 2550 2871 2605 Vl.
2902 2549 3121 2623 Mortem
3146 2546 3363 2610 Christi,
3395 2562 3595 2599 omnem
3633 2555 3686 2599 et
3717 2561 3805 2623 su-

2268 2626 2460 2693 perbiae
2488 2615 2535 2677 et
2558 2622 2771 2677 desidia!
2792 2623 2961 2677 locum
3003 2620 3209 2693 auferre
3227 2633 3246 2681 ;
3278 2634 3384 2693 _n_ec
3410 2623 3671 2693 prore-cpta
3708 2615 3809 2669 ad-

2269 2689 2497 2763 impleri.
2524 2696 2627 2749 nisi
2671 2709 2760 2761 per
2804 2696 2995 2765 ipsum.
3020 2720 3092 2765 -τ
3117 2690 3229 2765 Yll.
3264 2689 3521 2765 Christum
3550 2691 3603 2741 in
3634 2702 3811 2765 mem-

2281 2758 2492 2821 brorum
2520 2758 2733 2820 suorum
2778 2758 3000 2834 persona
3028 2762 3221 2817 dixisse
3251 2776 3269 2815 :
3316 2760 3494 2829 Quare
3526 2774 3614 2815 me
3642 2758 3811 2814 dere-

2268 2838 2474 2908 liquisti
2495 2838 2519 2892 i

2267 2972 2398 3029 CAP.
2431 2970 2475 3027 l.
2505 3003 2578 3015 —
2605 2970 2833 3040 Semper
2858 2966 3075 3039 quidem
3095 3008 3111 3036 ,
3150 2964 3509 3035 dilectissimi,
3565 2962 3814 3019 ﬁdelium

2200 3074 2418 3122 mentes
2442 3066 2497 3120 in
2526 3064 2831 3119 divinorum
2858 3076 3084 3131 operum
3116 3059 3274 3115 decet
3293 3057 3648 3115 admiratione
3682 3070 3814 3111 ver-

2190 3160 2328 3225 sari,
2356 3168 2411 3215 et
2434 3158 2729 3214 rationales
2774 3155 2985 3211 animos
3012 3154 3086 3208 iis
3113 3153 3349 3208 maxime
3389 3149 3817 3221 cogitationibus

476 3256 628 3312 daica
657 3253 925 3311 cruciﬁxit
948 3251 1219 3323 impietas.
1261 3251 1516 3309 Nostrum
1544 3262 1628 3310 est
1653 3253 1798 3325 quod
1825 3254 2076 3310 exanime
2107 3247 2158 3313 C
2192 3253 2499 3319 inhaerere,
2530 3267 2627 3323 per
2647 3264 2783 3322 quas
2806 3250 3202 3304 incrementum
3232 3244 3356 3301 ﬁdei
3382 3252 3815 3313 consequantur.

476 3348 511 3391 δ
539 3352 593 3406 in
622 3353 873 3421 sepulcro
905 3350 1095 3419 jacuit,
1146 3349 1361 3420 etquod
1413 3349 1502 3405 die
1547 3350 1707 3405 tertia
1757 3352 2085 3421 resurrexit,

478 3445 731 3517 quodque
762 3460 927 3516 super
966 3460 1157 3501 omnes
1188 3444 1506 3500 altitudines
1543 3445 1808 3501 cmlorum
1854 3446 1921 3502 ad
1953 3446 2087 3502 dex-

479 3545 652 3592 teram
679 3548 917 3608 paternae
945 3537 1245 3609 majestatis
1274 3537 1521 3592 ascendit
1558 3555 1572 3593 :
1628 3546 1689 3592 ut
1729 3537 1775 3592 si
1810 3553 1909 3609 per
1940 3539 2085 3593 viam

478 3628 855 3683 mandatorum
872 3629 990 3697 ejus
1021 3627 1341 3694 incedimus,
1374 3638 1429 3684 et
1464 3629 1511 3683 si
1534 3644 1654 3699 qua:
1688 3630 1741 3684 in
1779 3630 2089 3687 humilitate

480 3735 745 3790 corporea
796 3731 1001 3777 nostra:
1054 3722 1321 3792 impendit
1366 3722 1525 3778 saluti
1577 3737 1686 3777 non
1716 3724 2090 3779 erubescimus

481 3813 750 3882 conﬁteri,
781 3828 881 3870 nos
905 3830 1120 3886 quoque
1150 3814 1203 3869 in
1233 3815 1422 3886 gloriae
1453 3814 1572 3885 ejus
1599 3818 1933 3872 consortium
1961 3832 2090 3888 pro-

482 3906 788 3961 vehamur:
818 3907 1072 3977 quoniam
1106 3906 1396 3962 manifeste
1434 3907 1575 3977 quod
1614 3907 1952 3964 denuntiavit
1980 3910 2086 3965 im-

481 3997 718 4067 plebitur
750 4014 762 4050 :
798 3996 978 4053 Omnis
996 4000 1086 4068 qui
1112 3999 1437 4067 conﬁtebitur
1458 4016 1536 4053 me
1564 4017 1738 4054 coram
1768 4002 2084 4072 hominibus,

484 4099 534 4147 et
562 4106 653 4161 ego
682 4090 961 4159 conﬁtebor
1004 4107 1119 4145 eum
1157 4108 1331 4147 coram
1373 4091 1534 4147 Patre
1562 4110 1693 4161 meo,
1735 4095 1823 4164 qui
1863 4096 1918 4150 in
1947 4096 2085 4152 caelis

485 4193 559 4237 est
592 4180 809 4252 (Matth.
839 4198 893 4251 x,
925 4182 1037 4253 52).

559 4274 689 4331 Car.
724 4274 788 4333 ν.
817 4305 890 4317 -
922 4276 1055 4332 Huic
1084 4288 1265 4333 autem
1292 4278 1654 4335 cohortationi
1698 4290 1897 4336 nostrae
1932 4281 2090 4337 adest

486 4379 651 4439 atque
671 4372 962 4426 auxiliatur
988 4373 1160 4443 gratia
1193 4372 1322 4440 Dei,
1356 4390 1477 4445 qua:
1522 4376 1906 4431 incarnationis
1934 4376 2088 4432 Chri-

487 4463 557 4517 sti
590 4473 645 4518 et
682 4464 874 4519 mortis
919 4478 982 4518 ac
1018 4466 1435 4521 resurrectionis
1465 4469 1584 4537 ejus
1626 4468 1904 4535 inimicos,
1937 4483 2089 4524 reve-

488 4555 598 4609 lata
626 4570 723 4624 per
752 4569 940 4610 omnes
971 4556 1241 4611 Ecclesias
1271 4559 1521 4625 veritate,
1554 4558 1819 4615 destruxit
1845 4576 1860 4625 ;
1904 4571 1963 4614 ut
2002 4570 2088 4614 to-

490 4739 814 4806 concordes,
842 4756 943 4795 una
969 4742 1249 4796 nobiscum
1272 4743 1628 4800 exsultatione
1656 4746 1974 4815 gauderent,
2003 4747 2089 4805 di-

497 4954 603 5087 ﬁd;
626 4944 717 4999 Sic
738 4958 803 4998 ex
845 4941 1059 4997 duobus
1088 4955 1222 4997 mss.
1254 4941 1309 4998 8.
1348 4942 1495 4998 Petri
1524 4943 1955 5000 emendavimus.
1988 4945 2097 5016 AL,

572 5086 599 5125 ι)
624 5086 690 5159 In;
721 5101 821 5140 ms.
857 5085 980 5159 Yat.
1031 5084 1244 5159 collect.
1274 5086 1308 5141 5
1353 5084 1442 5140 hic
1489 5088 1758 5143 omittitur
1789 5089 2103 5159 praepositio

502 5159 594 5214 ad.
644 5157 763 5212 Mox
790 5157 961 5226 prima
986 5155 1174 5219 editio,
1198 5173 1392 5222 sumus,
1418 5172 1514 5226 pro
1535 5160 1713 5214 simus.

581 5241 604 5300 ς
646 5230 702 5284 In
735 5229 924 5283 eodem
953 5228 1141 5282 codice
1163 5229 1301 5282 l‘orte
1323 5231 1546 5297 melius,
1576 5248 1665 5300 per
1695 5232 1877 5300 ipsius.

575 5298 813 5375 diiujus
838 5300 1292 5375 loci_sen_tentiam
1335 5310 1391 5375 et_
1420 5300 1553 5355 duas
1578 5298 1860 5369 Quesnelli
1910 5303 2103 5375 postil-

504 5374 587 5430 las
612 5373 667 5428 in
696 5370 1165 5427 observationibus
1186 5370 1571 5436 expendemus.

2150 4934 2179 4945 Ὀ

582 5455 604 5482 ε
635 5445 711 5500 lta
740 5443 939 5517 melius
963 5457 1030 5497 ex
1050 5441 1210 5496 codd.
1244 5440 1303 5497 S.
1332 5442 1480 5517 ’Petri
1511 5446 1783 5513 praeterito
1833 5455 2099 5517 tempore,
2170 5458 2175 5473 '

506 5526 565 5571 ut
587 5516 803 5584 exigere
824 5515 1075 5571 videntur
1100 5514 1496 5586 sequentiaLest
1526 5530 1896 5586 regeneratus;
1927 5514 1984 5574 et
2012 5535 2107 5574 re-
2175 5546 2181 5553 ο

506 5582 788 5643 ferendum
820 5596 903 5641 est
930 5586 999 5658 ad
1026 5582 1365 5657 receptionem
1392 5582 1602 5640 Christi
1633 5603 1727 5656 per
1749 5582 1940 5654 ﬁdem,
1989 5605 2112 5658 qua:

507 5658 724 5739 quidem
747 5657 1005 5727 praecedit
1032 5657 1465 5729 regenerationem
1488 5671 1585 5726 per
1611 5658 1899 5729 baptisma.
1925 5657 2112 5734 Vulg.,

508 5744 613 5781 reci
650 5740 708 5782 tt.

586 5746 1019 5882 fplieposu‘imus,
1054 5803 1218 5882 omni,
1263 5798 1407 5881 quod
1454 5799 1775 5882 Quosnellus
1806 5805 2012 5868 omisit,
2043 5821 2113 5860 ex

511 5872 721 5928 eumtis
752 5872 953 5935 nostris
985 5886 1118 5929 mss.
1146 5880 1201 5928 et
1222 5872 1587 5930 anterioribus
1610 5873 1790 5931 editis.

2090 5986 2155 6009 κβ,

2200 3349 2339 3405 Cum
2392 3346 2537 3403 enim
2567 3343 2596 3383 κ
2619 3344 2693 3416 pii
2719 3342 2898 3399 cordis
2928 3340 3177 3408 intentio,
3210 3339 3292 3394 vel
3322 3336 3390 3393 ad
3420 3336 3697 3409 generalia
3720 3335 3817 3389 be-

2200 3441 2416 3512 neﬁcia,
2466 3438 2554 3497 vel
2603 3438 2672 3494 ad
2722 3436 2979 3509 specialia
3010 3433 3179 3506 ipsius
3226 3432 3414 3503 gratiae
3456 3430 3596 3486 dona
3644 3428 3820 3500 260

2202 3536 2475 3606 dirigitur,
2505 3533 2703 3588 multas
2733 3546 2764 3586 a
2792 3545 2855 3587 se
2880 3526 2899 3568 1
2935 3527 3205 3585 vanitates
3229 3524 3418 3595 abigit,
3459 3532 3513 3579 et
3540 3538 3571 3577 a
3613 3535 3823 3590 corpo-

2201 3629 2405 3684 ralibus
2440 3629 2586 3683 curis
2606 3627 2662 3682 in
2688 3624 2961 3697 quoddam
3005 3630 3275 3680 secretum
3307 3618 3549 3691 spiritale
3579 3615 3819 3672 secedit.

2203 3723 2315 3779 Sed
2339 3723 2443 3778 hoc
2471 3722 2525 3777 in
2553 3730 2801 3791 tempore
2832 3716 3131 3774 Dominicai
3182 3714 3447 3786 passionis
3474 3712 3646 3769 multo
3700 3708 3821 3765 avi-

2203 3817 2330 3873 dius
2351 3816 2818 3884 excellentiusque
2850 3810 3155 3868 iaciendum
3186 3817 3291 3875 est,
3316 3816 3376 3863 ut
3405 3821 3467 3863 ea
3497 3820 3617 3876 qua:
3640 3801 3829 3859 sacris

2206 3920 2333 3966 sunt
2370 3908 2695 3966 lectionibus
2724 3906 3016 3971 recensita,
3060 3918 3205 3958 sanae
3234 3899 3606 3971 intelligentiae
3641 3894 3800 3951 susci

2204 4005 2427 4074 piantur
2453 4002 2664 4067 auditu,
2699 4008 2754 4055 et
2775 4015 2898 4070 qua:
2926 4011 3117 4067 magna
3144 4003 3272 4051 sunt
3291 3992 3491 4059 verbis,
3515 3991 3831 4060 appareant

2208 4097 2416 4167 majora
2442 4093 2737 4165 mysteriis.
2764 4091 2943 4144 Prima
2975 4103 3210 4158 namque
3229 4084 3708 4152 erigendisursum
3728 4090 3833 4131 no-

2207 4191 2306 4246 stri
2325 4186 2504 4244 cordis
2517 4194 2600 4241 est
2618 4184 2756 4239 ratio
2778 4191 2819 4219 ιιι
2839 4180 2980 4251 quod
2993 4194 3054 4235 ea
3076 4191 3199 4249 qua:
3212 4176 3374 4232 etiam
3397 4170 3718 4241 evangelica
3736 4182 3835 4225 ve-

2208 4283 2343 4339 ritas
2364 4280 2661 4345 enarravit,
2675 4292 2840 4334 voces
2854 4270 3186 4346 propheticae
3206 4284 3313 4325 non
3331 4278 3602 4337 tamquam
3622 4278 3836 4334 geren-

2209 4376 2297 4444 da,
2326 4375 2421 4431 sed
2450 4384 2723 4444 tamquam
2746 4379 2896 4442 gesta
2922 4368 3240 4423 cecinerunt
3276 4380 3292 4429 ;
3320 4373 3377 4418 et
3396 4358 3539 4432 quod
3568 4358 3841 4413 humanae

2198 4487 2372 4527 .aures
2390 4469 2629 4525 nondum
2664 4470 3031 4537 cognoverant
3062 4458 3364 4515 faciendum
3393 4497 3409 4522 ,
3448 4454 3559 4526 jam
3584 4450 3841 4519 Spiritus

2195 4572 2232 4603 ⁵³
2260 4573 2481 4620 sanctus
2505 4560 2830 4633 praedicabat
2851 4556 3154 4627 impletum.
3190 4551 3323 4606 Nam
3340 4565 3434 4603 rex
3454 4543 3644 4609 David,
3668 4542 3842 4612 cujus

492 4647 597 4700 tius
630 4648 815 4701 tnundi
852 4647 1070 4717 ﬁdeles,
1103 4663 1225 4703 cum
1263 4651 1576 4719 apostolica:
1606 4652 1730 4707 ﬁdei
1770 4654 2089 4710 auctoritate
2113 4648 2168 4708 D
2202 4657 2515 4713 secundum
2552 4655 2825 4710 hominem
2854 4664 3041 4706 semen
3071 4655 3155 4702 est
3182 4640 3453 4705 Christus,
3480 4637 3623 4693 diem
3641 4634 3845 4692 crucis

2201 4750 2435 4808 Domini
2460 4758 2486 4786 ο
2534 4747 2682 4803 mille
2702 4756 2757 4801 et
2800 4743 2919 4815 plus
2941 4756 3103 4812 quam
3124 4745 3338 4794 centum
3356 4745 3624 4789 annorum
3670 4737 3847 4785 aetate

2212 5019 2471 5074 unitione.

2296 5068 2675 5144 iixddidimus
2694 5085 2750 5138 in
2780 5079 3041 5154 sepulcro,
3066 5092 3132 5131 ex
3159 5074 3368 5154 duobus
3391 5085 3533 5151 mss.
3560 5069 3619 5124 S.
3658 5068 3851 5154 Petri.

2300 4956 2328 4995 Β
2362 4948 2419 5002 In
2464 4942 2787 5017 quibusdam
2838 4936 3165 4994 editiomnus
3213 4940 3271 4987 et
3318 4943 3451 4985 mss.
3508 4925 3734 4981 collect.
3785 4924 3841 4989 5,

3882 5052 3890 5087 vt

2301 5161 2320 5199 ί
2353 5135 2919 5222 ἶῖέᾶἱίίὲέὲἶιὶη
2940 5135 3050 5223 ipso
3074 5164 3165 5215 per
3191 5142 3849 5223 baptisntumierorwm.
3888 5135 3897 5167 ³

2224 5211 2420 5290 8θοιιῖἶ
2435 5211 2637 5285 wsumus
2676 5211 2971 5283 lect'ionem'
3008 5211 3418 5276 du'orum'mss.
3451 5212 3512 5269 S.
3556 5211 3751 5277 Petri,
3796 5218 3858 5263 et
3888 5264 3894 5269 _

2157 5380 2163 5386 .
2222 5303 2447 5386 totidem
2482 5302 2625 5386 Vatt:

2302 5358 2319 5428 i
2356 5375 2507 5431 Unus
2528 5373 2651 5428 cod.
2683 5358 2984 5443 additja‘m.
3013 5436 3043 5443 _
3096 5433 3133 5443 ᾳ
3182 5442 3185 5443 ν
3229 5433 3241 5443 _
3555 5426 3566 5437 ,

2305 5445 2335 5485 ιι
2366 5428 2461 5501 Sic
2487 5428 2554 5500 ex
2578 5444 2791 5498 duobus
2818 5428 2978 5495 c'odd.
3010 5436 3069 5493 8.
3096 5433 3263 5490 Petri.
3316 5428 3484 5493 Alias,
3514 5428 3622 5495 pia.

2314 5515 2335 5555 ι
2359 5516 2503 5572 Cod.
2530 5513 2877 5571 Corlieiensis
2903 5506 3202 5578 Quesnelli.
3232 5502 3522 5557 varietates.

2309 5598 2352 5627 ιι
2380 5589 2560 5643 Prima
2582 5587 2769 5651 editio,
2798 5584 2935 5655 quod
2960 5598 3019 5635 ea
3039 5580 3191 5655 etiam
3212 5590 3346 5655 quae:

2315 5670 2344 5697 ιι
2376 5635 2925 5728 iiijé'c'm'ﬁis";an‘¢ias
2956 5668 3023 5728 ex
3078 5635 3252 5728 prima
3296 5643 3527 5728 aliisque
3564 5635 3867 5728 nonnullis

2241 5710 2717 5790 editio—nibusﬁante
2740 5710 3160 5781 Rainuudum'et
3178 5710 3553 5786 Quesnellum,
3568 5720 3622 5767 et
3641 5724 3722 5766 ex
3742 5710 3870 5780 ple-

2174 5856 2183 5876 ,
2245 5808 2428 5876 risque
2456 5802 2658 5876 nostris
2686 5797 2985 5876 codicibus.

2158 5866 2183 5913 ηρ

2318 5846 2657 5941 ἓξεέίιῖᾗᾙιῗ
2669 5846 3126 5941 ρῖιῖιίῖὸἶῖιὸειθι·
3160 5855 3570 5934 chronologiam
3598 5846 3869 5911 Eusebii.

2298 6011 2327 6028 θ’

3887 5319 3901 5339 ν

3892 5348 3901 5365 δ

3888 5372 3900 5428 ‘l
