3980 6352
189 605 265 651 rat
287 594 441 649 illata
472 607 767 665 perpessus
798 599 904 649 est.
942 590 1050 648 Sed
1077 592 1205 663 quia
1233 607 1331 664 per
1358 607 1422 648 os
1449 592 1570 663 ejus
1601 592 1693 649 ille
1721 593 1799 649 lo-

188 686 455 755 quebatur
483 684 571 755 qui
610 698 829 739 carnem
857 682 1171 752 passibilem
1198 698 1268 739 ex
1288 684 1456 754 ipsius
1484 693 1601 739 erat
1632 685 1802 757 stirpe

189 784 525 846 sumpturus,
569 775 767 831 merito
788 775 890 830 sub
917 775 1086 844 ipsius
1105 789 1333 844 persona
1348 777 1695 846 praemittitur
1711 775 1799 831 bi-

189 872 347 925 storia
378 868 589 935 crucis,
621 869 713 938 qui
741 868 795 923 in
826 882 887 923 se
915 868 1141 937 gerebat
1169 882 1488 938 corpoream
1534 869 1797 941 originem

189 962 509 1017 Salvatoris.
538 960 683 1016 Vere
733 960 879 1015 enim
917 958 1085 1014 David
1124 960 1180 1014 in
1220 959 1438 1015 Christo
1476 969 1559 1016 est
1586 975 1797 1032 passus,

191 1057 303 1125 quia
332 1070 472 1111 vere
504 1054 667 1110 Jesus
688 1055 744 1108 in
775 1053 946 1109 David
969 1063 1056 1109 est
1082 1067 1248 1109 carne
1277 1054 1587 1111 cruciﬁxus.

250 1146 387 1202 Cn.
428 1145 498 1201 ll.
524 1175 599 1186 —
626 1146 763 1202 Cum
804 1159 934 1214 ergo
972 1145 1155 1199 omnia
1188 1160 1308 1215 quae
1359 1153 1386 1181 ι
1417 1145 1471 1200 in
1512 1144 1801 1201 Dominum

190 1242 493 1311 majestatis
521 1240 748 1297 Iudaica
772 1236 992 1293 admisit
1022 1238 1268 1308 impietas
1285 1278 1301 1305 ,
1338 1247 1489 1294 tanto
1512 1248 1636 1295 ante
1662 1254 1801 1310 prae-

191 1336 323 1391 dicta
350 1336 489 1405 sint,
516 1334 546 1374 δ
577 1344 633 1389 ει
655 1349 766 1388 non
790 1342 900 1387 tam
932 1332 1000 1387 de
1028 1330 1228 1387 futuris
1259 1347 1416 1402 quam
1447 1332 1515 1388 de
1558 1332 1800 1403 praeteri-

192 1430 253 1484 tis
274 1428 639 1498 propheticus
665 1427 736 1480 sit
758 1439 940 1481 sermo
968 1432 1279 1491 contextus,
1308 1424 1438 1495 quid
1463 1424 1610 1479 aliud
1640 1424 1800 1479 nobis

193 1538 351 1593 quam
381 1526 847 1593 sempiternarum
875 1517 1295 1588 dispositionum
1326 1518 1425 1574 Dei
1454 1518 1803 1574 incommuta-

192 1618 311 1674 bilis
338 1617 481 1672 ordo
516 1623 820 1679 reseratur,
848 1611 991 1682 apud
1016 1626 1177 1683 quem
1209 1618 1267 1667 et
1306 1611 1665 1667 discernenda
1687 1611 1799 1682 jam

192 1710 516 1781 diiudicata,
562 1719 619 1763 et
648 1709 827 1762 futura
849 1706 961 1776 jam
1008 1704 1148 1760 facta
1182 1706 1358 1761 sunt?
1397 1704 1532 1760 Cum
1564 1708 1707 1762 enim
1747 1713 1803 1760 et

192 1804 486 1874 qualitates
514 1802 789 1857 actionum
829 1806 1168 1865 nostrarum,
1202 1807 1257 1853 et
1285 1795 1510 1853 eﬁectus
1558 1796 1799 1852 omnium

1589 379 1823 436 SERMU
1860 384 2068 441 LXVII.

190 497 491 572 praecessit,
503 496 908 555 etnihileorum
920 496 1311 569 suppliciorum
1332 511 1453 567 quae
1466 495 1571 551 sibi
1595 511 1801 553 memo-
1824 505 1879 567 Α
1906 510 1987 558 tes
2020 511 2129 559 tam
2158 503 2410 575 dispares
2439 522 2618 565 causae
2646 522 2769 567 sunt
2787 554 2802 577 ,
2841 523 2897 569 ut
2930 515 3071 585 quod
3099 530 3127 571 a
3155 515 3373 574 Christo
3400 531 3496 575 sua

3384 394 3499 460 διο

1904 604 2148 665 sceptum
2173 604 2291 666 est,
2336 614 2445 655 non
2476 604 2645 670 possit
2675 605 2905 672 resolvi;
2938 608 3079 677 quod
3108 609 3175 662 ab
3205 608 3311 665 illis
3338 624 3493 666 com-

1904 687 2129 742 missum
2158 728 2174 755 ,
2211 691 2381 759 possit
2410 692 2651 749 aboleri.
2692 696 2793 762 Qui
2829 698 2970 752 enim
2998 700 3144 754 venit
3179 710 3496 769 peccatores

1904 780 2082 836 salvos
2105 780 2286 839 facere
2315 782 2532 843 (Matth.
2553 802 2630 852 ix,
2654 788 2767 859 1'5),
2802 806 2901 846 nec
2928 791 3064 861 ipsis
3090 792 3307 861 quidem
3327 793 3495 851 inter—
3542 812 3555 861 ε

1904 874 2205 931 tectoribus
2235 877 2350 933 suis
2376 879 2807 937 misericordiam
2840 884 3149 954 denegavit,
3175 888 3269 942 sed
3302 888 3496 957 impio-

1902 984 2022 1023 rum
2050 970 2253 1025 malum
2292 969 2348 1025 in
2379 971 2577 1026 bonum
2620 973 2955 1030 credentium
2997 978 3388 1033 commutavit:
3434 986 3496 1033 ut

1902 1063 2205 1119 mirabilior
2236 1064 2393 1121 ﬁeret
2418 1068 2590 1135 gratia
2634 1067 2767 1133 Dei,
2815 1084 2922 1123 non
2958 1072 3255 1127 secundum
3301 1073 3496 1129 merita

1901 1156 2219 1222 hominum,
2254 1158 2349 1215 sed
2391 1160 2689 1215 secundum
2741 1162 3143 1219 multitudinem
3185 1164 3495 1219 divitiarum

1901 1253 2181 1323 sapientiae
2218 1264 2275 1311 et
2304 1255 2550 1311 scientiae
2588 1256 2683 1311 Dei
2711 1255 3144 1314 misericorditer
3173 1238 3529 1329 praeparata,§
3574 1266 3577 1267 '

1901 1345 2118 1415 quando
2140 1352 2197 1401 et
2234 1347 2384 1418 ipsos
2421 1348 2515 1418 qui
2544 1348 2799 1404 fuderant
2828 1351 3144 1422 sanguinem
3173 1348 3533 1438 Salvatorisé‘
3563 1346 3570 1373 τ

1904 1438 2174 1506 reciperet
2217 1439 2355 1493 unda
2395 1439 2756 1509 baptismatis.
2809 1442 2975 1511 Nam,
3008 1442 3148 1499 sicut
3192 1443 3494 1512 Scriptura,

1903 1544 2022 1599 quae
2048 1531 2416 1599 apostolorum
2439 1540 2591 1588 actus
2623 1533 2891 1600 continet,
2924 1535 3184 1605 loquitur,
3211 1551 3330 1590 cum
3357 1550 3497 1605 prae-

1903 1622 2102 1678 dicatio
2126 1622 2270 1679 beati
2302 1623 2447 1680 Petri
2492 1626 2727 1695 apostoli
2774 1626 3085 1681 Judaeorum
3132 1627 3293 1683 corda
3339 1642 3495 1683 com-

1903 1724 2170 1785 pungeret
2194 1759 2208 1783 ,
2238 1722 2293 1770 et
2320 1716 2499 1786 agnita
2524 1717 2804 1785 impietate
2830 1719 2915 1773 sui
2956 1719 3176 1773 sceleris
3206 1719 3449 1775 dicerent
3479 1736 3493 1772 :

1908 1808 2045 1876 Quid
2065 1808 2335 1879 faciemus,
2362 1810 2455 1862 viri
2488 1811 2677 1881 fratres
2700 1812 2724 1865 l’
2747 1811 2890 1865 idem
2915 1812 3209 1881 Apostolus
3236 1812 3348 1866 ait:
3379 1810 3498 1866 Pae-

194 1894 537 1949 voluntatum
565 1891 793 1948 scientia
822 1890 1003 1944 divina
1034 1890 1360 1960 praeveniat,
1388 1898 1588 1960 quanto
1622 1889 1795 1961 magis

1920 1900 2169 1953 titentiam
2197 1900 2361 1971 agite,
2406 1910 2455 1954 et
2486 1900 2773 1972 baptisetur
2799 1903 3155 1974 unusquisque
3185 1904 3497 1956 vestrumin

192 1999 317 2042 nata
338 1985 456 2041 Deo
486 1992 621 2040 sunt
646 1997 811 2054 opera
833 1981 971 2039 sua?
999 1982 1067 2037 Et
1082 1990 1230 2038 recte
1257 1982 1455 2053 placuit
1475 1982 1630 2053 quasi
1657 1982 1798 2037 facta

191 2081 389 2146 recoli,
438 2096 566 2151 qua:
614 2093 723 2135 non
759 2087 1012 2148 poterant
1040 2077 1265 2133 omnino
1306 2092 1412 2131 non
1445 2075 1589 2131 ﬁeri.
1644 2074 1799 2133 Unde

190 2187 246 2231 et
274 2174 515 2246 apostoli
548 2174 754 2243 Spiritu
786 2174 881 2229 Dei
907 2173 1072 2243 pleni,
1121 2186 1242 2226 cum
1265 2171 1607 2226 inimicorum
1636 2168 1799 2225 Chri-

189 2270 259 2323 sti
315 2269 499 2323 minas
541 2268 916 2338 saavitiamque
961 2275 1303 2337 paterentur,
1359 2275 1382 2303 ο
1425 2263 1681 2320 concordi
1729 2263 1799 2320 ad

191 2364 359 2418 Deum
418 2376 561 2417 voce
604 2361 863 2417 dixerunt
898 2379 910 2415 :
960 2361 1314 2416 Convenerunt
1369 2361 1504 2414 enim
1541 2356 1568 2396 ἀ
1599 2376 1710 2413 vere
1741 2362 1796 2414 in

187 2457 347 2528 261
382 2456 597 2509 civitate
626 2456 725 2509 ista
743 2455 991 2510 adversus
1018 2466 1254 2508 sanctum
1291 2470 1509 2526 puerum
1541 2464 1684 2506 tuum
1709 2451 1801 2507 Je-

185 2565 315 2613 sum,
371 2564 532 2619 quem
572 2548 787 2612 unxisti,
821 2545 1057 2601 Herodes
1102 2555 1149 2601 et
1186 2546 1404 2606 Pontius
1435 2545 1637 2600 Pilatus
1683 2562 1799 2600 cum

187 2641 429 2710 gentibus
459 2650 508 2695 et
562 2639 769 2711 papulis
815 2638 979 2693 Israel
1023 2640 1214 2709 facere,
1249 2655 1364 2711 qutz
1404 2656 1589 2693 manus
1636 2649 1724 2693 tua
1755 2649 1803 2693 et

188 2733 470 2787 comitium
513 2739 661 2786 tuum
713 2733 1041 2787 decreverunt
1095 2732 1209 2801 ﬁeri
1259 2732 1408 2802 (Act.
1438 2747 1523 2799 tv,
1552 2731 1799 2803 27,28).

187 2824 470 2895 Numquid
508 2824 766 2895 iniquitas
816 2824 1251 2895 persequentium
1294 2822 1568 2878 Christum
1606 2838 1671 2879 ex
1706 2822 1803 2879 Dei

189 2930 267 2975 est
297 2932 433 2973 orta
462 2919 711 2983 consilio,
745 2929 768 2955 υ
800 2928 857 2974 et
886 2918 1020 2973 illud
1050 2917 1256 2973 facinus
1288 2918 1430 2989 quod
1453 2918 1600 2972 omni
1629 2917 1804 2987 majus

189 3021 267 3065 est
295 3011 545 3066 crimine
586 3025 776 3066 manus
824 3009 1021 3065 divina:
1066 3010 1474 3081 praeparationis
1524 3011 1803 3065 armavit?

187 3103 301 3159 Non
323 3105 445 3160 hoc
460 3106 616 3174 plane
642 3104 710 3160 de
723 3119 936 3161 summa
956 3104 1163 3173 justitia
1188 3104 1527 3159 sentiendum
1554 3114 1655 3169 est,
1680 3105 1805 3173 quia

189 3201 440 3253 multum
475 3198 743 3253 diversum
785 3198 1116 3268 multumque
1134 3198 1464 3254 contrarium
1493 3206 1577 3253 est
1598 3197 1807 3267 id‘tod

1907 1994 2111 2048 nomine
2132 1992 2258 2047 Jesu
2279 1991 2492 2061 Christi,
2517 1996 2569 2048 in
2590 1996 2945 2051 remissionem
2970 2007 3297 2069 peccatorum
3318 2004 3500 2049 vestro-

1905 2104 2065 2152 rum;
2107 2096 2157 2142 et
2186 2087 2449 2159 accipietis
2484 2088 2674 2142 donum
2705 2089 2937 2160 Spiritus
2957 2091 3145 2143 sancti.
3192 2087 3349 2142 Vobis
3378 2085 3395 2125 ί
3427 2095 3501 2142 est

1910 2182 2043 2234 enim
2072 2181 2423 2249 repromissio,
2450 2189 2499 2233 et
2524 2181 2647 2248 ﬁliis
2675 2182 2873 2245 vestris,
2902 2190 2949 2235 et
2978 2180 3213 2235 omnibus
3239 2180 3326 2250 qui
3350 2180 3501 2252 longe

1914 2280 2061 2338 sunt,
2093 2289 2433 2343 quoscumque
2456 2273 2779 2327 advocaverit
2810 2273 3065 2327 Dominus
3102 2272 3238 2326 Deus
3287 2279 3502 2338 noster;

1915 2383 2152 2439 moxque
2179 2368 2385 2423 addidit
2407 2367 2706 2438 Scriptura,
2733 2377 2788 2423 et
2808 2367 2984 2422 dixit:
3017 2368 3118 2433 Qui
3147 2382 3269 2437 ergo
3294 2381 3501 2436 recepe-

1911 2473 2031 2516 runt
2056 2478 2341 2517 sermonem
2368 2464 2479 2533 ejus
2507 2461 2754 2532 baptizati
2786 2470 2923 2527 sunt,
2956 2469 3002 2514 et
3031 2461 3280 2529 apposin
3305 2468 3423 2511 sunt
3447 2458 3503 2510 in

1911 2556 2004 2610 illo
2044 2556 2126 2610 die
2163 2556 2350 2609 anima:
2386 2555 2588 2609 circiter
2617 2555 2716 2607 tria
2752 2553 2916 2607 millia
2957 2552 3094 2622 (Act.
3125 2551 3206 2618 ll,
3240 2547 3501 2620 57—“).

1914 2650 2069 2718 Quod
2108 2649 2288 2719 itaque
2331 2649 2594 2703 Dominus
2633 2647 2791 2703 Jesus
2830 2645 3076 2700 Christus
3123 2644 3363 2698 furorem
3398 2642 3503 2697 fre-

1914 2743 2173 2797 mentium
2199 2741 2305 2809 pati
2324 2740 2513 2807 voluit,
2546 2742 2597 2795 in
2620 2740 2771 2795 nullo
2790 2746 2982 2793 auctor
3002 2752 3191 2793 eorum
3214 2735 3504 2791 criminum

1914 2835 2053 2900 fuit;
2087 2849 2187 2890 nec
2217 2837 2326 2905 egit
2353 2844 2411 2888 ut
2447 2834 2565 2889 haec
2593 2834 2812 2899 vellent,
2838 2831 2933 2886 sed
2965 2832 3131 2885 cessit
3153 2840 3209 2883 ut
3239 2837 3501 2899 possent;

1914 2938 1969 2983 et
1995 2929 2073 2983 sic
2103 2942 2230 2982 usus
2254 2936 2339 2981 est
2366 2927 2660 2982 obczecatm
2684 2925 2857 2995 plebis
2885 2924 3115 2989 insania,
3147 2920 3419 2991 quomodo
3449 2930 3508 2975 et

1914 3019 2135 3090 perﬁdia
2162 3018 2461 3084 traditoris,
2485 3034 2646 3088 quem
2674 3018 2741 3073 ab
2763 3017 3098 3072 immanitate
3114 3014 3359 3081 concepti
3382 3026 3506 3067 sce-

1914 3110 2075 3178 leris,
2118 3111 2282 3182 262
2326 3120 2381 3165 et
2419 3110 2696 3165 beneﬁciis
2734 3122 2992 3164 revocare
3030 3115 3115 3161 est
3159 3105 3409 3174 dignatus
3451 3112 3508 3157 et

1915 3204 2119 3269 verbis,
2148 3212 2463 3259 assumento
2487 3205 2539 3257 in
2562 3203 2906 3273 discipulum,
2936 3199 3283 3270 provehendo
3304 3199 3354 3252 in
3378 3212 3507 3266 apo-

191 3295 239 3349 io
269 3293 634 3359 malignitate
658 3292 970 3348 Iudaeorum
999 3294 1530 3363 est'prtecognitum,
1565 3302 1620 3347 et
1662 3291 1805 3362 quod

1920 3298 2129 3363 stolum,
2153 3306 2180 3345 8
2204 3298 2475 3352 monendo
2506 3297 2692 3366 signis,
2724 3294 3097 3352 consecrando
3121 3294 3414 3364 mysteriis,
3450 3301 3508 3345 ut

188 3391 237 3445 in
272 3389 503 3445 Christi
550 3396 632 3443 est
667 3390 921 3458 passione
950 3388 1292 3457 dispositum.
1360 3388 1477 3441 Non
1520 3387 1646 3442 inde
1684 3402 1808 3457 pro-

189 3485 362 3538 cessit
420 3481 672 3538 voluntas
708 3481 1101 3548 interficiendi,
1159 3480 1301 3536 unde
1343 3480 1653 3545 moriendi;
1710 3495 1809 3535 nec

187 3575 251 3630 de
275 3589 406 3630 uno
440 3573 645 3628 exstitit
682 3574 873 3644 spiritu
899 3574 1152 3628 atrocitas
1176 3574 1421 3637 sceleris,
1450 3584 1505 3628 et
1528 3572 1808 3628 tolerantia

188 3667 612 3738 Redemptoris.
658 3668 854 3739 Impias
883 3669 1176 3724 furentium
1210 3684 1402 3724 manus
1440 3684 1545 3723 non
1588 3667 1812 3723 immisit

188 3765 238 3819 in
266 3780 335 3821 se
375 3764 666 3831 Dominus,
716 3764 813 3819 sed
852 3764 1114 3831 admisit;
1149 3778 1251 3819 nec
1278 3761 1611 3832 praesciendo
1664 3761 1807 3833 quod

188 3858 515 3915 iaciendum
544 3866 705 3926 esset,
746 3858 922 3928 coegit
945 3867 1004 3912 ut
1024 3858 1213 3924 ﬁeret,
1246 3871 1369 3912 cum
1410 3864 1591 3911 tamen
1614 3854 1681 3909 ad
1704 3856 1808 3909 hoc

185 3969 425 4011 carnem
452 3955 778 4024 suscepisset
799 3963 856 4009 ut
884 3953 1059 4011 ﬁeret.

253 4046 409 4128 Cui.
450 4045 855 4116 lll.—Denique
876 4046 1026 4120 inter
1049 4046 1370 4104 cruciﬁxum
1396 4055 1452 4102 et
1480 4046 1805 4116 cruciﬁgen-

187 4262 355 4315 quam
401 4249 467 4315 et
508 4242 677 4315 secuti
713 4251 839 4315 sunt
873 4241 1244 4315 Martyrologii
1288 4242 1517 4296 Romani
1554 4250 1807 4297 auctores

188 4333 272 4371 nn
326 4314 463 4372 kal.
519 4314 738 4368 Januar.
794 4314 895 4380 Qui
948 4317 1340 4369 accuratiorem
1373 4315 1803 4383 supputationem

187 4392 361 4454 volet,
395 4384 566 4441 adeat
590 4385 921 4440 recentiores
942 4384 1325 4455 chronologos,
1368 4384 1682 4455 Dionysium
1710 4384 1804 4438 Pe-

189 4462 407 4513 tavinm
448 4458 517 4511 de
544 4457 793 4511 Doctrina
831 4468 1128 4525 temporum
1160 4467 1215 4511 et
1250 4458 1301 4510 in
1332 4456 1644 4511 Rationario
1666 4498 1680 4519 ,
1712 4455 1805 4509 .Ia-

187 4533 397 4586 cobum
435 4525 745 4592 Usscrium,
774 4537 830 4581 et
857 4529 1013 4593 alios,
1048 4542 1276 4598 quorum
1324 4544 1462 4598 unus
1507 4541 1808 4598 anouymrus

187 4603 252 4656 ad
299 4601 533 4655 calcem
579 4600 870 4653 Bibliorum
919 4598 987 4652 ab
1019 4597 1255 4653 Antonio
1299 4596 1451 4653 Vitré
1473 4598 1601 4653 edit.
1633 4596 1805 4651 Paris.

1916 3391 2004 3446 cui
2027 3390 2160 3445 nihil
2184 3389 2577 3445 benevolentiae
2599 3389 2814 3444 deesset
2838 3389 2904 3442 ad
2924 3384 3345 3450 correctionem,
3372 3382 3506 3438 nihil

1916 3488 2224 3542 occasionis
2252 3494 2566 3556 superesset
2585 3485 2652 3539 ad
2683 3485 2912 3539 crimen.

1986 3579 2116 3635 CAP.
2149 3579 2425 3635 lV.—Sed
2457 3588 2532 3646 tu,
2566 3578 2882 3648 impiissime
2910 3576 3104 3643 homo,
3146 3587 3330 3628 semen
3360 3570 3508 3626 Cha—

1918 3690 2091 3739 naan,
2116 3684 2171 3729 et
2201 3688 2309 3730 non
2343 3673 2479 3729 Juda
2506 3672 2667 3745 (Dan.
2698 3688 2811 3737 χιιι,
2846 3671 2940 3742 56)
2961 3712 2975 3734 ,
3016 3685 3115 3725 nec
3149 3670 3257 3738 jam
3281 3681 3374 3720 vas
3399 3666 3509 3720 ele‘

1917 3769 2143 3834 ctionis,
2174 3768 2270 3823 sed
2295 3767 2436 3821 ﬁlius
2468 3766 2786 3836 perditionis
2814 3775 2867 3819 et
2892 3763 3114 3829 mortis,
3161 3762 3374 3815 utiliora
3412 3759 3508 3813 tihi

1915 3862 2116 3917 diaboli
2151 3862 2499 3917 incitamenta
2534 3859 2839 3915 credebas:
2884 3855 2914 3894 ιι
2953 3868 3011 3912 ιιι
3056 3844 3261 3909 facibus
3300 3851 3509 3905 inﬂam-

1915 3962 2091 4008 matus
2120 3955 2385 4018 avaritiae,
2416 3952 2484 4006 ad
2517 3951 2735 4022 triginta
2765 3959 3145 4020 argenteorum
3180 3947 3388 4000 lucrum
3422 3944 3508 3997 in-

1914 4046 2257 4111 ardesceres,
2281 4055 2336 4101 et
2360 4046 2485 4116 quid
2509 4045 2818 4099 divitiarum
2842 4042 3123 4097 amitteres
3142 4054 3250 4093 non
3270 4037 3508 4091 videres.

1914 4251 2019 4296 tam
2054 4242 2371 4311 praedixisse
2398 4241 2465 4295 de
2496 4240 2713 4295 Christo
2748 4241 2923 4309 aliqua
2966 4239 3132 4294 veluti
3160 4239 3372 4311 futura,
3412 4253 3509 4311 ve:

1913 4330 2032 4368 rum
2060 4310 2228 4367 etiam
2267 4313 2513 4381 quaedam
2548 4312 2695 4366 velut
2732 4312 3026 4379 praeterita,
3080 4322 3140 4365 ut
3190 4326 3309 4363 cum
3338 4310 3505 4363 David

1913 4384 2147 4439 cecinit:
2204 4382 2471 4438 Foderunt
2503 4400 2681 4436 manus
2714 4400 2847 4434 nicas
2879 4392 2923 4435 et
2964 4382 3113 4449 pedes
3158 4398 3325 4441 meos,
3374 4389 3505 4443 etc.,

1914 4471 2034 4525 quae
2062 4456 2182 4511 licet
2204 4456 2480 4526 praeterito
2509 4466 2751 4524 tempore
2778 4456 2935 4514 c’lata,
2970 4468 3076 4507 non
3107 4460 3285 4507 tamen
3312 4452 3504 4526 David,

1914 4530 2006 4583 sed
2030 4525 2246 4581 Christo
2274 4528 2623 4589 conveniunt,
2656 4535 2713 4579 ut
2738 4526 2937 4577 notavit
2973 4527 3172 4579 Auctor
3213 4525 3387 4592 capite
3418 4537 3509 4576 sn-

1917 4600 2113 4667 periori
2144 4616 2158 4652 :
2193 4597 2363 4651 David
2393 4598 2524 4651 nihil
2553 4613 2727 4651 eorum
2749 4596 3117 4666 suppliciorum
3145 4595 3509 4667 quw_sibi‘nte-

192 4674 361 4728 l66’2.
414 4672 499 4725 Ex
553 4672 706 4738 cujus
757 4670 966 4725 calculo
1008 4685 1036 4722 a
1068 4679 1241 4725 morte
1277 4670 1447 4724 David
1475 4669 1541 4723 ad
1575 4679 1805 4723 mortem
1836 4659 1889 4720 D
1914 4659 2078 4726 morat
2109 4670 2255 4723 illam
2282 4685 2548 4737 perpessus
2577 4678 2669 4720 est.
2730 4659 2882 4738 Sed.
2915 4705 2929 4719 .
2963 4708 2977 4720 .
3014 4705 3027 4718 .
3060 4659 3205 4738 ,λιειέ
3236 4663 3404 4717 David
3454 4667 3508 4716 in

188 4745 250 4798 D.
278 4744 354 4800 Ν.
416 4743 553 4798 Jesu
596 4741 819 4809 Christi,
859 4742 983 4794 anni
1014 4749 1218 4795 tantum
1262 4752 1616 4796 numerantur
1660 4740 1807 4795 mille

186 4828 241 4869 et
296 4813 759 4885 quinquaginta;
811 4812 1078 4885 ab_initio
1138 4824 1317 4866 autem
1372 4815 1520 4885 regni
1564 4812 1802 4874 Davidis,

184 4883 346 4943 mille
398 4896 469 4941 et
521 4883 832 4951 nonaginta.
886 4883 1258 4949 QUESNELLUS.
1292 4913 1363 4925 —
1395 4883 1582 4939 Verius
1626 4892 1806 4937 autem

186 4958 301 5013 Leo
336 4958 613 5025 Prosperi
641 4954 908 5010 Chronico
954 4970 1083 5009 usus
1125 4966 1240 5020 est,
1277 4967 1332 5009 ut
1380 4954 1729 5009 ostendemus
1754 4956 1806 5007 in

188 5027 689 5085 observationibus
710 5027 777 5080 ad
801 5041 966 5081 serm.
991 5026 1078 5080 76.
1106 5026 1337 5095 Prosper
1368 5027 1559 5081 veroin
1590 5042 1648 5079 re
1673 5040 1811 5093 pra:-

188 5104 335 5156 senti
402 5097 702 5155 Eusebium
748 5111 1005 5168 expresse
1053 5097 1230 5152 laudat
1268 5106 1325 5152 et
1363 5099 1624 5168 sequitur.
1682 5097 1810 5168 Post

190 5188 397 5239 pauca,
440 5170 658 5240 historia
682 5170 844 5223 crucis
866 5166 1175 5239 Dominicis,
1202 5170 1315 5240 qui,
1349 5166 1481 5235 etcl,
1532 5170 1723 5239 legitur
1755 5167 1811 5222 in

188 5238 294 5298 non
304 5243 493 5297 nullis
523 5238 683 5294 codd.

258 5326 285 5350 ι
322 5314 531 5367 Prima
583 5311 746 5365 editio
776 5325 898 5366 cum
946 5309 1106 5366 codd.
1138 5311 1353 5366 collect.
1394 5314 1427 5368 5
1450 5320 1504 5367 et
1527 5312 1579 5376 4,
1612 5329 1727 5381 pro,
1759 5312 1814 5364 in

189 5387 507 5441 Dominum
555 5383 859 5451 maiestatis,
892 5381 1055 5437 habet
1093 5384 1147 5436 in
1194 5382 1428 5447 Christo,
1475 5385 1594 5439 alia:
1623 5383 1816 5437 editio—

188 5475 289 5514 nes
318 5466 475 5512 ante
521 5452 724 5523 Quesn.
774 5466 895 5508 cum
929 5468 1059 5507 mss.
1088 5454 1303 5509 collect.
1348 5457 1401 5519 5,
1431 5456 1484 5509 in
1534 5455 1813 5523 Christum.

188 5530 537 5586 Lectionem
571 5532 747 5580 textus
795 5540 825 5579 a
867 5525 1154 5592 Quesnello
1188 5524 1460 5582 inductam
1508 5524 1693 5596 probat
1726 5540 1816 5581 co-

188 5603 297 5657 de:
320 5602 394 5657 S.
432 5598 601 5654 Petri.
653 5597 776 5651 Mox
798 5597 848 5650 in
880 5598 1050 5666 prima
1083 5596 1321 5653 editione
1345 5598 1470 5654 etin
1500 5614 1601 5654 ms.
1635 5598 1694 5653 S.
1728 5596 1819 5651 Pe-

190 5674 285 5737 tri,
335 5672 663 5741 praedicata,
696 5683 791 5733 pro
818 5667 1083 5740 praedicta.

260 5744 295 5784 δ
334 5747 478 5798 Erat
501 5743 556 5796 in
589 5741 767 5805 editis,
800 5752 972 5792 utnon
995 5751 1098 5793 tam
1127 5741 1189 5794 de
1212 5741 1399 5808 futuris
1421 5758 1576 5812 quam
1605 5742 1666 5795 de
1692 5756 1822 5812 prte-

192 5817 467 5869 seutibus.
521 5812 693 5881 Magis
712 5812 915 5879 placuit
941 5812 1101 5866 lectio
1147 5815 1346 5867 codicis
1390 5816 1445 5867 S.
1478 5815 1663 5867 Petri:
1712 5814 1822 5867 Leo

194 5892 356 5941 enim
392 5900 463 5940 ex
490 5892 752 5939 contextu
792 5881 1095 5948 signiﬁcare
1122 5884 1330 5940 videtur
1352 5886 1668 5946 prophetias
1715 5900 1823 5942 non

1916 4742 2119 4795 Christo
2147 4751 2217 4793 est
2256 4736 2457 4810 passus,
2489 4741 2611 4805 quia
2644 4756 2756 4792 vere
2790 4736 2942 4793 Jesns
2971 4739 3024 4791 in
3059 4736 3224 4810 David
3256 4745 3328 4788 cst
3356 4752 3510 4810 c_arne

1915 4812 2220 4881 cruciﬁxus.
2256 4806 2354 4865 'Ac
2400 4821 2659 4879 praeterea
2717 4818 2817 4863 hoc
2846 4814 3019 4877 t'npite
3049 4809 3310 4881 subjicit:
3354 4806 3508 4881 Recte

1914 4875 2105 4955 placuit
2155 4884 2301 4953 quasi
2340 4875 2479 4955 facta
2509 4883 2657 4951 (nota
2689 4875 3019 4955 praeteriitnn
3052 4875 3283 4948 tempus)
3325 4878 3507 4941 recoli,

1915 4952 2029 5027 qua:
2051 4952 2413 5027 non'poteranl
2444 4957 2648 5027 omnino
2678 4970 2778 5027 non
2801 4952 2932 5021 ﬁeri.

1995 5038 2016 5063 ο
2043 5028 2129 5081 Sic
2152 5019 2319 5079 nostri
2359 5025 2517 5079 codd.
2562 5032 2617 5078 et
2641 5024 2768 5077 editi
2796 5019 2919 5077 ante
2947 5022 3316 5088 QnCSnelluin,
3368 5019 3509 5090 apud

1918 5114 2098 5168 quem,
2131 5098 2381 5150 unanimi.

1991 5168 2017 5206 ἀ
2050 5169 2229 5222 Prima
2256 5170 2423 5222 editio
2454 5176 2508 5221 et
2531 5167 2654 5223 cod.
2696 5167 2855 5227 Bon.,
2884 5167 2997 5220 viri.
3040 5165 3164 5220 Mox
3188 5162 3510 5233 adjectivum

1920 5251 2151 5295 sanctum
2181 5256 2208 5291 a
2250 5239 2545 5305 Qttesnello
2573 5238 2845 5293 inductum
2893 5237 3122 5307 probant
3169 5236 3275 5289 duo
3304 5234 3511 5287 Lectio-

1920 5314 2066 5367 naria
2100 5311 2158 5366 S.
2187 5310 2351 5365 Petri.

2000 5396 2021 5455 δέ
2056 5384 2238 5447 Forte,
2273 5382 2454 5435 etillos
2487 5383 2554 5435 ad
2580 5382 2803 5455 fucinus.
2838 5381 3038 5455 Quesn.
3067 5380 3119 5432 in
3150 5376 3410 5455 margine.
3456 5446 3469 5455 .

2002 5454 2021 5493 ί
2050 5454 2287 5510 Verbum
2329 5463 2401 5527 est
2440 5470 2471 5527 a
2514 5449 3135 5527 Quesnelloomissum,
3180 5449 3321 5527 quod
3362 5453 3419 5499 et
3456 5449 3508 5499 in

1925 5527 2116 5583 Grzeco
2156 5536 2210 5579 et
2259 5530 2308 5578 in
2354 5525 2581 5591 Vulgata
2629 5536 2781 5579 textu
2816 5524 3038 5589 legitur,
3082 5524 3418 5573 restituimus
3447 5532 3513 5571 ex

1925 5600 2125 5652 no~tris
2160 5612 2291 5653 mss.
2329 5605 2384 5651 et
2414 5598 2626 5651 caeteris
2655 5595 2981 5651 editionibus
3009 5635 3024 5657 ,
3059 5606 3179 5660 qua:
3222 5597 3513 5658 prazterca,

1927 5679 2049 5739 post
2076 5670 2226 5733 enim,
2256 5668 2460 5723 addunt
2496 5670 2651 5739 facta.

2000 5751 2023 5787 ϐ
2057 5741 2233 5795 Prima
2266 5740 2453 5803 editio,
2486 5740 2758 5794 movendo.

1998 5809 2025 5847 ιι
2059 5813 2175 5867 Duo
2201 5812 2360 5867 codd.
2392 5812 2453 5867 S.
2487 5812 2661 5881 Petri,
2704 5818 2755 5863 ut
2786 5806 2987 5877 [acilius
3016 5806 3371 5884 inﬂammatus
3399 5817 3513 5857 ava~

1929 5885 2067 5939 rilia.
