3980 6352
567 455 662 512 371

1699 447 1758 506 S.
1799 447 2040 504 LEONIS
2082 445 2296 506 MAGM
2325 446 2712 506 SERMONES.

3684 429 3852 513 ’τις

565 564 710 624 Nam.
733 567 830 624 etsi
872 575 896 603 ει
931 580 1038 624 non
1075 562 1306 633 putabas.
1324 559 1668 620 credendum
1694 575 1817 619 esse
1847 560 2149 632 pronussis,
2178 562 2231 624 Α
2259 561 2428 616 sentis
2456 561 2582 615 vita!
2613 559 2862 632 pericula
2882 575 2986 617 non
3011 569 3116 618 tam
3149 558 3446 632 optandum
3471 561 3542 620 sit
3566 560 3726 620 nobis
3755 563 3852 621 de-

563 675 684 730 quae
715 659 816 714 fuit
844 659 984 712 ratio
1016 667 1077 712 ut
1106 655 1348 712 tantillus
1373 656 1626 724 pecunia
1645 655 1836 714 modus
1869 670 2159 726 morie-

563 761 722 810 retur
748 750 984 818 acceptis
1006 746 1030 800 i
1049 747 1366 818 Imperabas
1389 747 1704 815 dtemeniis,
1733 749 2045 806 medebaris
2073 748 2160 803 in-

474 896 475 900 η
561 845 760 906 firmis,
792 843 1145 900 honorabaris
1159 857 1284 899 cum
1309 843 1592 913 apostolis,
1625 850 1681 898 et
1706 852 1764 898 ut
1784 841 1812 882 ι’
1836 843 2031 898 mntem
2055 853 2160 898 tua:

563 936 873 1007 cupiditatis
902 936 1154 1008 explores
1179 980 1192 1001 ,
1243 939 1500 1008 patebant
1529 939 1625 994 tibi
1662 937 1800 993 furta
1840 938 1920 994 de.
1944 938 2154 993 loculis.

566 1031 674 1088 Sed
705 1032 946 1088 animum
995 1030 1410 1088 interdictorum
1444 1042 1467 1071 ο
1498 1033 1713 1087 avidum
1731 1017 1766 1097 ,ί
1793 1032 1934 1103 qiuari
1982 1033 2159 1088 minus

557 1125 743 1193 licuit,
791 1124 1020 1195 amplius
1049 1125 1342 1192 incitavit;
1390 1135 1626 1182 nectam
1661 1125 1854 1193 placuit
1887 1126 2157 1196 quantitas

557 1221 716 1290 pretii
759 1235 920 1290 quam
951 1218 1264 1289 magnitudo
1302 1219 1531 1284 peccati.
1582 1217 1734 1273 Unde
1776 1218 1985 1273 faciane
2010 1233 2156 1271 com-

557 1311 752 1368 mercii
783 1313 862 1370 tui
891 1327 1006 1367 non.
1030 1311 1153 1368 ideo
1190 1310 1563 1366 deteStandum
1597 1319 1680 1366 est
1709 1311 1832 1380 quia
1865 1310 2157 1365 Dominum

557 1407 739 1462 viliter
761 1406 1068 1472 testimasti,
1090 1404 1183 1460 sed
1213 1404 1336 1474 quia
1357 1404 1775 1473 Redemptorem
1799 1405 1964 1460 etiam
1983 1413 2153 1472 tuum,

557 1516 631 1556 ne
660 1501 751 1555 tibi
786 1513 1060 1568 parceres,
1093 1497 1410 1554 vendidisti.
1446 1499 1514 1553 Et
1539 1498 1731 1552 merito
1757 1498 1858 1553 tibi
1887 1509 1972 1553 tua
1996 1514 2155 1568 pana

555 1597 845 1649 commissa
879 1602 992 1658 est,
1024 1591 1146 1662 quia
1177 1591 1229 1646 in
1256 1591 1582 1662 supplicium
1612 1602 1762 1647 tuum
1785 1607 1945 1647 nemo
1973 1600 2026 1647 te
2047 1607 2153 1648 ste-

554 1687 675 1742 vior
705 1687 881 1758 potuit
913 1673 1174 1742 inveniri.

627 1783 756 1840 Car.
792 1782 944 1838 V.-—-
963 1781 1126 1849 Quod:
1154 1780 1317 1850 igitur
1345 1781 1404 1836 in
1427 1791 1672 1850 tempore
1698 1780 2030 1849 praestituto,
2065 1792 2154 1835 se-

556 1879 796 1934 cundum
843 1877 1188 1947 propositum
1225 1875 1519 1930 voluntatis
1561 1889 1673 1930 ante
1714 1873 1872 1930 Jesus
1907 1873 2152 1930 Christus

2265 653 2518 713 ciinaudo
2546 659 2644 711 ista
2675 655 2937 726 cingere,
2972 668 3138 725 quam
3169 655 3451 711 tolerando
3479 671 3760 727 superare.

2333 749 2466 807 Car.
2498 750 2820 807 Vit—lude
2842 760 2920 803 est
2955 748 3097 819 quod
3127 760 3285 818 caput
3320 756 3564 804 nostrum
3594 750 3855 808 Dominus

2261 843 2420 902 Iesus
2463 842 2714 900 Christus
2759 840 2941 898 omnia
2988 842 3040 895 in
3083 857 3142 895 se
3180 841 3426 909 corporis
3475 839 3559 897 sui
3609 843 3856 900 membra

2266 941 2657 996 transformans
2677 979 2695 1006 ,
2726 939 2868 1008 qttud
2898 938 3026 993 olim
3064 937 3115 992 in
3162 938 3368 1006 psalmo
3399 945 3772 1005 eructaverat,
3803 936 3859 994 id

2263 1033 2318 1088 in
2357 1032 2626 1101 sttpplicio
2661 1030 2849 1086 crucis
2888 1033 2987 1083 sub
3035 1029 3438 1098 redemptorum
3471 1045 3691 1084 suorum
3724 1043 3861 1086 vom

2264 1125 2533 1180 clamabat
2559 1142 2572 1177 :
2603 1123 2758 1188 Deus,
2793 1121 2932 1176 Deus
2956 1137 3115 1184 meus,
3148 1123 3341 1191 respice
3367 1123 3418 1174 in
3446 1139 3523 1176 me
3547 1138 3564 1176 :
3594 1138 3757 1193 quare
3782 1136 3860 1178 me

2261 1216 2582 1287 dereliquisti
2627 1214 2743 1282 (Ps.
2774 1229 2886 1278 xxt,
2927 1211 3024 1287 1)?
3066 1214 3183 1269 Vox
3206 1215 3337 1283 ista,
3365 1205 3721 1280 dilectissimi,
3757 1213 3859 1268 do-

2261 1312 2430 1364 ctrina
2459 1320 2564 1376 est,
2597 1323 2699 1362 non
2732 1309 2973 1376 querela.
3017 1307 3145 1360 Nam
3181 1322 3303 1362 cum
3341 1307 3395 1362 in
3424 1305 3640 1362 Christo
3674 1305 3776 1360 Dei
3811 1316 3860 1359 et

2264 1404 2498 1458 hominis
2526 1418 2631 1458 una
2663 1417 2892 1471 persona
2923 1403 3027 1464 sit,
3057 1416 3154 1456 nec
3177 1403 3244 1456 ab
3271 1415 3337 1457 eo
3359 1403 3599 1472 potuerit
3618 1399 3860 1469 relinqui

2261 1510 2291 1550 a
2321 1513 2429 1568 quo
2462 1511 2566 1551 non
2595 1495 2811 1566 po'terat
2834 1495 3099 1564 separari,
3125 1510 3223 1566 pro
3253 1493 3412 1548 nobis
3442 1493 3663 1564 trepidis
3694 1501 3754 1548 et
3783 1492 3862 1546 in-

2258 1589 2430 1644 ﬂrruis
2461 1591 2756 1659 interrogat
2784 1603 2880 1642 cur
2909 1605 3036 1644 caro
3060 1591 3164 1660 pati
3198 1597 3445 1642 metuens
3467 1585 3719 1641 exaudita
3750 1599 3863 1640 non

2258 1681 2442 1738 fuerit.
2468 1682 2710 1737 Instante
2739 1681 2884 1737 enim
2928 1683 3182 1749 puSsiOtle
3206 1682 3271 1734 ad
3306 1679 3604 1735 sanandum
3637 1689 3691 1734 et
3737 1693 3864 1733 cor-

2263 1777 2549 1847 rigendum
2585 1784 2783 1831 nostrae
2817 1776 3121 1844 fragilitatis
3155 1787 3353 1831 metum
3387 1775 3596 1829 dixerat
3624 1790 3638 1826 :
3671 1771 3862 1839 Pater,

2257 1869 2302 1923 si
2331 1867 2572 1940 possibile
2602 1876 2704 1937 est,
2739 1877 2962 1922 transeat
2982 1885 3014 1921 a
3049 1884 3128 1922 me
3157 1867 3295 1923 calix
3320 1869 3457 1931 iste;
3501 1875 3863 1920 verumtamen

555 1971 850 2025 crucifixus
878 1981 933 2025 et
969 1978 1216 2024 mortuus
1245 1977 1303 2023 et
1331 1970 1576 2038 sepultus
1601 1977 1713 2033 est,
1767 1982 1875 2021 non
1917 1967 2156 2038 promite
2184 1965 2370 2033 B'non'
2392 1965 2524 2016 sicut
2545 1979 2646 2032 ego
2660 1963 2805 2029 volo,
2853 1962 2941 2016 sed
2971 1963 3098 2016 sicut
3137 1971 3212 2027 tu,
3245 1969 3300 2017 et
3323 1963 3515 2017 iterum
3543 1976 3561 2016 :
3590 1958 3783 2026 Pater,
3822 1960 3866 2013 si

552 2061 880 2118 conditionis
918 2061 1249 2123 necessitas,
1299 2060 1400 2116 sed
1439 2071 1646 2115 nostra:
1692 2059 2024 2130 captivitatis
2058 2073 2148 2114 re-

553 2155 794 2224 demptio
816 2156 931 2212 fuit.
959 2156 1085 2212 Ideo
1110 2155 1253 2212 enim
1269 2153 1496 2210 Verbum
1518 2171 1639 2208 caro
1665 2155 1863 2223 factum
1887 2162 1982 2220 est,
2009 2162 2068 2208 ut
2084 2155 2153 2210 de

553 2259 712 2305 utero
743 2249 980 2320 Virginis
1005 2257 1311 2305 sumeretur
1333 2256 1528 2304 natura
1552 2247 1824 2317 passibilis
1843 2291 1857 2316 ,
1909 2254 1968 2301 et
2005 2244 2153 2314 quod

552 2341 609 2398 in
641 2343 833 2398 Filium
858 2341 954 2398 Dei
985 2339 1014 2380 ἀ
1047 2357 1156 2398 non
1181 2351 1394 2411 poterat
1421 2341 1742 2411 perpetrari,
1779 2341 1830 2394 in
1858 2340 2026 2394 filium
2056 2341 2155 2395 lto-

553 2435 718 2490 minis
749 2445 932 2505 posset
965 2435 1196 2490 admitti.
1249 2434 1384 2496 Nam
1421 2435 1552 2490 licet
1585 2433 1640 2488 in
1680 2435 1800 2504 ipso
1835 2443 1959 2489 ortu
1992 2450 2153 2489 coru-

552 2537 774 2584 scarent
794 2529 847 2583 in
871 2543 938 2584 eo
959 2530 1118 2598 signa
1132 2527 1384 2592 Deitatis,
1403 2537 1462 2582 et
1476 2528 1656 2582 omnia
1677 2527 2012 2582 incrementa
2033 2543 2154 2583 cor-

551 2621 819 2692 poralium
853 2631 1216 2691 provectam.
1239 2620 1440 2675 divinis
1458 2628 1641 2675 essent
1672 2620 1831 2690 plena
1855 2619 2150 2689 miraculis,

551 2712 927 2769 infirtnitatum
961 2722 1146 2770 tamen
1170 2720 1481 2769 nostrarum
1505 2722 1823 2782 susceperas
1842 2713 2152 2778 veritatem,

553 2815 606 2862 et
635 2817 860 2877 excepta
894 2808 1284 2863 communione
1314 2806 1545 2876 peccati,
1589 2807 1725 2861 nihil
1755 2823 1784 2861 a
1813 2821 1873 2862 se
1904 2807 2155 2862 humanae

551 2900 882 2957 inﬁrmitatis
910 2901 1250 2969 excluserat,
1273 2909 1335 2956 ut
1364 2909 1420 2955 et
1445 2913 1543 2955 sua
1574 2900 1730 2954 nobis
1765 2910 1788 2937 θ
1822 2899 2070 2968 inferret,
2103 2908 2158 2957 et

552 2992 610 3049 in
639 3009 698 3048 se
729 3000 914 3050 nostra
942 3001 1178 3050 curaret.
1224 2995 1308 3051 Ab
1350 2993 1712 3063 omnipotenti
1751 2994 1898 3049 enim
1946 2994 2158 3049 medico

553 3085 758 3154 duplex
806 3087 964 3143 nobis
1012 3087 1228 3143 miseris
1271 3087 1574 3144 remedium
1625 3097 1994 3156 praeparatum
2047 3096 2157 3153 est,

551 3179 709 3249 cujus
737 3180 883 3236 aliud
913 3190 996 3236 est
1020 3183 1072 3236 in
1100 3190 1444 3236 sacramento
1467 3223 1482 3248 ,
1515 3182 1658 3237 aliud
1693 3184 1744 3237 in
1778 3184 2027 3251 exemplo
2052 3199 2067 3249 ;
2098 3191 2160 3236 ut

555 3288 660 3345 per
693 3290 857 3329 unum
881 3275 1237 3331 conferantur
1261 3277 1476 3343 divina,
1527 3291 1627 3347 per
1647 3277 1793 3332 aliud
1826 3275 1844 3315 ί
1879 3278 2161 3347 exigantur

2258 2073 2361 2110 non
2396 2064 2557 2122 potest
2598 2057 2678 2109 hic
2697 2057 2836 2110 calix
2865 2059 3100 2123 transire,
3130 2058 3228 2110 nisi
3257 2054 3425 2110 bibam
3450 2055 3621 2121 illum,
3649 2055 3745 2125 ﬁat
3777 2069 3867 2106 oo-

2259 2149 2428 2203 luutas
2454 2160 2542 2203 tua
2583 2148 2800 2221 (Matth.
2836 2163 2996 2216 τινι,
3033 2150 3123 2216 59,
3150 2150 3265 2221 ω).
3309 2150 3407 2217 Qui
3451 2164 3578 2220 ergo
3621 2146 3868 2216 trepida-

2259 2243 2406 2297 tione
2437 2242 2620 2297 carnis
2647 2241 2850 2309 evicta,
2890 2241 3000 2310 jam
3030 2241 3084 2296 in
3121 2251 3400 2311 paternam
3436 2240 3725 2295 transierat
3762 2253 3868 2293 vo-

2258 2333 2543 2400 luntatem,
2576 2341 2631 2388 et
2677 2343 2788 2388 toto
2832 2333 3019 2388 mortis
3062 2342 3271 2388 terrore
3302 2336 3512 2388 calcato
3537 2373 3552 2398 ,
3577 2347 3715 2400 opus
3750 2342 3870 2385 sua:

2259 2427 2666 2482 constitutionis
2698 2425 2998 2495 implebat,
3048 2440 3145 2479 cur
3183 2423 3240 2478 in
3269 2425 3388 2493 ipso
3421 2432 3582 2478 ωηερε
3613 2421 3871 2477 victoriae

2258 2520 2528 2574 exaltatus
2559 2517 2873 2587 triumpho,
2923 2531 3143 2572 causam
3175 2526 3230 2572 et
3272 2515 3536 2572 rationem
3580 2511 3609 2550 ¹¹
3637 2529 3750 2585 qua
3803 2514 3872 2567 sit

2261 2613 2508 2677 relictus,
2539 2611 2590 2666 id
2618 2621 2700 2666 est
2731 2625 2833 2664 non
2866 2610 3173 2677 exauditus,
3205 2608 3445 2680 inquirit,
3472 2608 3572 2663 nisi
3599 2615 3656 2661 ut
3674 2616 3874 2661 osten-

2261 2704 2352 2758 dat
2373 2703 2540 2756 alium
2563 2717 2687 2757 esse
2716 2701 2867 2756 illum
2895 2700 3168 2764 affectum,
3201 2715 3359 2769 quem
3382 2700 3447 2753 ad
3474 2698 3728 2753 humana:
3757 2696 3873 2751 for-

2262 2796 2482 2850 midinis
2527 2794 2936 2850 cxcnsationem
2983 2793 3226 2864 recepit,
3281 2793 3445 2847 alium
3496 2793 3648 2847 illum
3696 2805 3871 2861 quem

2267 2883 2288 2924 ί
2317 2902 2386 2942 ex
2415 2898 2621 2941 aeterno
2647 2886 2843 2957 placito
2873 2885 3046 2940 Patris
3076 2901 3174 2956 pro
3202 2885 3385 2940 mundi
3413 2883 3874 2940 reconciliatione

2262 2981 2582 3053 praeelegit?
2616 2980 2766 3036 Unde
2787 2979 2902 3051 ipsa
2936 2995 3038 3035 vox
3070 2995 3177 3036 non
3207 2979 3469 3046 exauditi,
3502 2976 3517 3030 i
3564 2977 3753 3048 magni
3789 2985 3877 3031 est

2261 3073 2532 3143 expositio
2555 3073 2905 3140 sacramenti,
2929 3071 3072 3143 quod
3099 3073 3227 3127 nihil
3252 3072 3492 3128 humano
3512 3070 3706 3142 generi
3730 3083 3876 3125 cono

2261 3166 2430 3224 ferret
2458 3166 2839 3238 Redemptoris
2865 3177 3104 3238 potestas
3123 3209 3139 3234 ,
3172 3167 3218 3222 si
3243 3166 3384 3238 quod
3419 3167 3639 3236 petebat
3670 3173 3873 3219 nostra

2265 3258 2532 3314 obtineret
2560 3259 2866 3315 inﬁrmitas.
2893 3259 3021 3314 Haec
3049 3258 3232 3325 hodie,
3262 3256 3623 3323 dilectissimi,
3656 3270 3730 3311 ne
3769 3269 3880 3310 vos

557 3364 818 3421 humana.
837 3367 972 3434 Quia
997 3370 1137 3424 sicut
1154 3369 1299 3424 Deus
1323 3369 1723 3440 justifieationis
1747 3380 1830 3425 est
1848 3381 2060 3439 auctor,
2088 3371 2159 3426 ita

2281 3354 2576 3423 prolixitate
2595 3355 2861 3409 sermonis
2893 3367 3206 3422 oneremus,
3237 3352 3380 3407 dicta
3411 3350 3728 3406 sufficiant:
3767 3363 3883 3404 cte-

557 3461 726 3518 homo
753 3464 1060 3520 devotionis
1087 3474 1172 3520 est
1199 3465 1432 3520 debitor.

631 3555 762 3610 Car.
777 3556 1043 3612 VL—Per
1056 3557 1194 3612 banc
1205 3573 1358 3628 ergo,
1376 3557 1739 3623 dilectissimi,
1755 3556 1944 3613 salutis
1957 3567 2160 3613 nostra;

560 3648 889 3705 ineffabilem
922 3651 1354 3720 reparationem,
1399 3666 1504 3707 nec
1532 3651 1803 3722 superbia
1833 3650 2024 3719 nobis,
2059 3664 2162 3706 nec

559 3742 784 3798 desidiae
810 3744 958 3798 locus
983 3743 1312 3813 relinquitur-
1338 3762 1352 3799 :
1384 3745 1516 3815 quia
1531 3744 1743 3800 etnihil
1769 3745 2031 3800 habemus
2055 3741 2161 3798 nisi

563 3838 706 3908 quod
727 3839 1056 3909 accepimus,
1085 3839 1245 3911 263
1267 3847 1321 3894 et
1339 3838 1543 3908 jugiter
1561 3838 1923 3894 admonemur
1943 3847 2000 3892 ut
2019 3835 2162 3892 dona

562 3931 748 4000 gratia:
795 3931 890 3986 Dei
929 3945 1039 3985 non
1101 3932 1440 4002 negligenter
1475 3929 1776 3986 habeamus
1821 3928 1882 4000 (ι
1911 3926 2048 3984 Tim.
2083 3943 2157 3994 tv,

566 4023 680 4095 14).
712 4023 865 4078 Juste
888 4024 1035 4079 enim
1063 4023 1220 4078 nobis
1251 4026 1420 4078 instat
1440 4032 1720 4094 pratcepto
1749 4027 1840 4092 qui
1875 4019 2163 4091 praeurrit

563 4115 767 4170 auxilio
785 4155 802 4181 ,
831 4124 886 4171 et
914 4115 1152 4184 benigne
1181 4115 1369 4170 incitat
1389 4115 1458 4170 ad
1490 4115 1857 4171 obedientiam
1894 4115 1985 4184 qui
2015 4113 2164 4168 ducit

563 4208 633 4264 ad
659 4210 912 4279 gloriam.
942 4207 1103 4266 Unde
1132 4211 1328 4265 merito
1353 4210 1615 4264 Dominus
1645 4210 1761 4279 ipse
1801 4208 1959 4264 nobis
1986 4207 2164 4264 factus

565 4311 649 4354 est
671 4301 754 4354 via
781 4297 965 4370 (Joan.
990 4315 1106 4371 ur,
1129 4300 1210 4371 ϐξ,
1231 4303 1354 4372 quia
1378 4301 1486 4357 nisi
1507 4317 1602 4372 per
1620 4299 2042 4358 Christumnon.
2057 4302 2165 4356 itur

565 4393 633 4448 ad
661 4392 958 4449 Christum.
1003 4394 1107 4450 Per
1133 4394 1309 4462 ipsum
1336 4405 1513 4452 autem
1548 4395 1614 4450 ad
1643 4396 1819 4465 ipsum
1858 4394 2032 4451 tendit
2072 4394 2164 4466 qui

563 4499 665 4554 per
694 4487 943 4540 semitam
990 4487 1265 4558 patientia:
1305 4496 1359 4541 et
1399 4485 1715 4543 humilitatis
1759 4487 1875 4556 ejus
1922 4486 2161 4542 incedit:

566 4576 622 4632 in
656 4593 760 4646 quo
804 4579 963 4647 plane
1012 4579 1212 4636 itinere
1255 4594 1355 4635 nec
1389 4593 1552 4636 aasms
1580 4580 1732 4636 deest
1780 4580 2014 4648 laboris,
2065 4594 2167 4635 nec

567 4667 740 4722 nubes
773 4669 1028 4737 tristitiae,
1061 4684 1164 4725 nec
1189 4671 1430 4740 procella
1467 4670 1794 4726 formidinis.
1826 4670 1902 4725 lbi
1931 4681 2059 4726 sunt
2083 4672 2166 4725 in-

2264 3459 2376 3504 tera
2409 3449 2466 3504 in
2492 3457 2741 3520 quartam
2773 3447 2984 3503 sabbati
3003 3446 3346 3502 differamus.
3377 3444 3568 3501 Aderit
3599 3443 3883 3498 Dominus

2262 3543 2544 3597 orantibus
2567 3543 2743 3610 vobis,
2777 3539 2944 3613 265
2965 3551 3020 3594 ut
3048 3555 3168 3610 qua:
3187 3538 3443 3593 solvenda
3465 3536 3876 3608 promittimus,

2262 3633 2382 3704 ipso
2400 3635 2666 3706 largiente
2689 3634 2999 3700 reddamus,
3026 3633 3117 3704 qui
3138 3633 3270 3688 vivit
3291 3644 3345 3687 et
3369 3642 3558 3702 regnat
3579 3632 3633 3686 in
3649 3630 3874 3687 saecula

2265 3728 2610 3782 surculorum.
2644 3731 2816 3783 Amen
2829 3765 2842 3781 .

2628 3820 2872 3876 SEBMO'
2889 3819 3101 3876 LXVIII
3133 3820 3240 3894 [ΑΙ.
3274 3817 3482 3892 LXVI].

2337 3913 2414 3968 De
2444 3913 2690 4008 Passieno
2720 3915 2932 3970 Domini
2954 3913 3006 3970 Χ
3019 3915 3094 3970 V1
3102 3913 3132 3969 I
3146 3933 3165 3982 ;
3193 3917 3334 3985 feria
3349 3922 3534 3986 quarta
3559 3911 3809 3966 habitus.

2265 4033 2533 4090 SYNOPSIS.
2564 4066 2636 4076 —
2682 4037 2720 4091 l.
2768 4033 3179 4104 Inseparabilem
3220 4052 3250 4087 a
3287 4031 3890 4104 ChristoﬂDivinitatem

2337 4123 2453 4160 eum
2486 4107 2842 4175 derelinquere
2866 4102 2967 4160 non
2996 4108 3244 4178 potuisse.
3287 4135 3360 4146 ——
3401 4104 3463 4158 ll.
3495 4102 3892 4178 voluntariam

2339 4179 2529 4232 Christi
2545 4188 2756 4233 mortem
2771 4196 2866 4250 pro
2879 4177 3044 4232 salute
3058 4179 3237 4231 mundi
3253 4178 3474 4250 clamore
3487 4177 3857 4250 demonstrari
3876 4189 3894 4235 ;

2341 4267 2431 4302 nec
2469 4245 2935 4317 blasphema'ntitun
2977 4250 3185 4304 vocibus
3225 4249 3453 4320 potuisse
3495 4245 3799 4320 impediris
3839 4271 3891 4283 -

2338 4319 2425 4376 lll.
2466 4311 2662 4393 Spretis
2693 4321 3022 4388 blasp/temiis
3058 4311 3369 4393 sacriﬁcia»:
3397 4311 3611 4393 sutrina
3651 4311 3896 4370 Christo

2340 4389 2568 4446 oblatum
2607 4409 2754 4459 esse;
2805 4392 2899 4446 veli
2943 4395 3090 4447 etiam
3122 4392 3368 4446 scissione
3391 4389 3783 4458 signiﬁcatum.
3823 4417 3897 4426 —

2340 4462 2430 4516 iV.
2467 4464 2740 4519 Diabolum
2772 4480 3049 4524 numquam
3079 4480 3180 4518 non
3210 4461 3470 4517 insidiari.
3500 4460 3626 4525 Qua:
3664 4459 3898 4512 utilitas

2342 4535 2522 4605 iejunii
2554 4536 3036 4606 quadragesimalis.

2341 4673 2472 4730 Car.
2503 4673 2833 4729 l.—Scrmo
2855 4671 3151 4744 proximus,
3187 4665 3548 4731 dilectissimi,
3595 4665 3770 4734 cujus
3800 4680 3906 4720 vo-

568 4759 724 4816 sidite
768 4762 1076 4831 iniquorum
1098 4804 1114 4828 ,
1165 4766 1572 4833 persecutiones
1620 4763 1916 4821 inﬁdelium
1945 4811 1964 4836 ,
2005 4767 2169 4822 mina:
2196 4756 2250 4818 Ι)
2276 4769 2358 4825 bis
2387 4769 2706 4838 promissam
2735 4767 3024 4822 restituere
3053 4764 3302 4834 cupimus
3324 4764 3632 4832 portionem
3665 4799 3683 4825 ,
3739 4761 3802 4812 in
3838 4757 3898 4813 id

566 4854 892 4923 potentium,
935 4858 1284 4913 contumeliae
1313 4860 1714 4928 superborum:
1749 4875 1872 4931 quae
1903 4861 2164 4916 Dominus

568 4947 828 5001 virtutum
859 4957 915 5003 et
951 4946 1070 5004 Rex
1114 4949 1303 5020 gloria.-
1344 4948 1463 5022 (Ps.
1491 4967 1661 5018 xxm,
1697 4953 1792 5025 itt)
1834 4955 1956 5008 ideo
1985 4956 2168 5010 omnia

514 5085 529 5108 ._
571 5041 625 5094 in
656 5040 988 5097 infirmitatis
1014 5055 1216 5098 nostra!
1247 5044 1444 5112 forma,
1476 5054 1531 5100 et
1573 5045 1625 5100 in
1657 5049 1834 5101 carnis
1862 5049 2066 5118 peccati
2095 5049 2169 5102 si-

569 5132 873 5190 militudine
901 5143 928 5182 8
960 5137 1225 5206 percurrit
1253 5135 1431 5208 (Rom.
1465 5154 1562 5194 vut
1583 5181 1598 5206 ,
1623 5139 1709 5211 5),
1758 5146 1819 5196 ut
1859 5142 2000 5195 inter
2034 5157 2173 5211 pra:-

647 5347 672 5375 α
705 5337 844 5392 Editi
872 5348 997 5414 ante
1027 5340 1375 5414 Quesnellum
1414 5351 1471 5398 et
1496 5345 1680 5414 plures
1709 5344 1869 5400 codd.
1894 5344 2171 5401 collectio-

573 5426 703 5537 ἕειπὲ
745 5409 1104 5490 posteriorum
1135 5412 1318 5468 delent
1346 5429 1479 5480 non,
1499 5409 1609 5470 'sed
1640 5417 1835 5486 legitur
1867 5417 1918 5472 in
1952 5417 2164 5472 duobus

621 5524 631 5537 .
707 5493 808 5534 etrt
836 5497 966 5534 mss.

647 5551 675 5588 ι»
699 5553 848 5622 Vulg.
864 5597 879 5614 ,
902 5553 1075 5620 ﬁnem.
1092 5553 1372 5620 Quesnelli
1391 5557 1826 5615 emendationem
1843 5559 2169 5616 conﬁrmant

578 5624 750 5677 nostri
784 5624 1020 5680 codices.

582 5694 784 5818 “Julia
809 5711 931 5751 cum
959 5698 1164 5765 Quesn.
1194 5697 1538 5769 probatiores
1559 5700 1720 5758 codd.
1756 5702 1878 5771 AL,
1923 5703 2165 5758 admoni-

653 5834 678 5871 ά
716 5837 1077 5914 ξ’-ιιιςθιίβηιθ
1103 5841 1304 5910 Queen.
1325 5887 1340 5909 ,
1374 5860 1473 5898 non
1500 5845 1686 5914 potuit.

660 5915 682 5941 ⁸
714 5910 801 5962 Sic
829 5926 892 5963 ex
919 5911 1126 5993 duobu.
1152 5931 1279 5968 mss.
1308 5914 1366 5971 S.
1393 5910 1554 5993 Petri.
1584 5918 1692 5993 aL,
1717 5919 1983 5973 insereret.
2012 5919 2163 5985 Dein,

585 5992 682 6045 pro
730 5995 862 6035 voce
912 5988 1143 6046 miseris,
1197 6001 1331 6042 unus
1383 5988 1549 6042 codex
1595 5989 1650 6042 S.
1687 5990 1832 6045 Petri
1863 5991 2064 6048 habet.
2117 5993 2170 6044 in

2275 4862 2577 4918 disserendi
2600 4861 2812 4915 ratione
2840 4866 3213 4929 processerat,
3260 4867 3315 4909 ut
3345 4856 3414 4909 de
3441 4853 3530 4906 illa
3570 4851 3896 4906 clamantis

2272 4956 2340 5012 ad
2381 4956 2594 5012 Patrem
2635 4953 2884 5008 crucifixi
2927 4951 3139 5006 Domini
3183 4963 3314 5003 voce
3357 4947 3760 5018 loqueremur:
3826 4958 3904 4998 ne

2275 5049 2504 5118 simplex
2529 5057 2583 5102 et
2613 5045 2922 5102 incuriosus
2949 5043 3164 5100 auditor
3195 5043 3270 5096 ita
3302 5040 3570 5109 acciperet
3596 5036 3782 5092 verba
3810 5036 3910 5090 di-

2277 5142 2448 5197 centis
2473 5159 2487 5196 :
2521 5139 2825 5194 Demmeus
2841 5178 2868 5206 ,.
2883 5134 3022 5190 Deus
3051 5151 3190 5189 meus
3213 5175 3226 5200 ,
3258 5145 3523 5202 quare'mo
3553 5127 3916 5198 ἀστειίᾳώιὶ

2273 5343 2483 5400 Christo

2351 5417 2367 5454 ῖ
2416 5417 2489 5471 Ita
2529 5415 2852 5482 Quesnellus
2893 5431 3016 5471 cum
3056 5414 3170 5472 suis
3210 5421 3274 5469 et-
3311 5412 3516 5470 neutris
3565 5413 3921 5471 codicibus.

2271 5487 2409 5543 Aliae
2433 5487 2720 5551 editiones,
2755 5490 3040 5558 erigantur.

2345 5570 2370 5607 Β
2405 5559 2530 5614 Mss.
2561 5560 2774 5614 collect.
2803 5557 2841 5616 4
2861 5573 2915 5613 et
2944 5561 2998 5621 5,
3029 5557 3370 5627 percucurrit.

2346 5629 2374 5702 ll
2403 5629 2573 5685 Codd.
2605 5631 2820 5686 collect.
2849 5633 2904 5698 5,
2933 5649 3090 5702 quare
3116 5631 3201 5684 sit.

2353 5701 2370 5739 ί
2405 5703 2749 5770 Quesnellus,
2777 5697 2924 5758 nullo
2945 5697 3188 5757 iudicato
3215 5714 3342 5765 ms.,
3374 5697 3568 5765 edidit,
3595 5715 3663 5754 ea:
3685 5712 3927 5757 eterna

2277 5770 2455 5828 Patris
2505 5775 2739 5829 consilio.
2800 5773 3147 5830 Anteriorum
3203 5772 3498 5826 editionum
3561 5773 3924 5842 lectionem,

2275 5860 2437 5915 quam
2467 5863 2656 5900 omnes
2690 5850 2858 5900 nostri
2888 5847 3102 5901 codices
3133 5845 3428 5910 exhibent,
3469 5848 3927 5900 revocavimus.

2353 5918 2364 5966 i
2411 5919 2463 5971 In
2490 5934 2597 5972 uno
2626 5917 2810 5972 codice
2834 5918 2888 5972 S.
2913 5919 3080 5984 Petri,
3104 5932 3290 5988 magna
3321 5925 3395 5968 est
3424 5916 3683 5983 expositio
3706 5931 3932 5970 sacra-

2275 5993 2436 6042 menti
2495 5992 2613 6042 mtia
2641 5988 2794 6049 nihil,
2828 5999 2930 6043 etc.
