3980 6352
1639 379 1869 439 SERMO
1906 379 2137 439 LXVI".

3413 396 3523 466 516

243 503 353 576 (Ps.
375 513 494 567 nt,
525 497 580 572 Ω)
599 499 626 553 ?
653 506 924 568 tamquam
950 495 1056 551 tiro
1079 495 1212 553 Iesu
1237 497 1296 551 in
1314 493 1490 551 crucis
1513 495 1658 566 ligno
1683 535 1709 560 ν
1733 509 1825 564 pa-
1852 495 1907 557 Α
1930 494 2182 553 Cruciﬁxi
2208 505 2470 570 potestas,
2502 491 2556 560 et
2583 510 2642 560 ut
2674 489 3030 578 dispositione
3071 518 3311 573 uteretur
3333 519 3518 579 occul-

241 609 403 654 εει-ηε
431 595 502 651 ab
533 609 600 650 eo
632 591 853 649 Deitatis
879 591 1270 660 omnipotentis
1303 591 1656 656 recessisset;
1701 603 1821 644 cum

238 691 286 746 in
308 698 516 743 tantam
541 688 801 741 unitatem
822 683 917 739 Dei
939 691 994 738 et
1014 683 1246 738 hominis
1271 694 1460 738 natura
1481 680 1820 749 convenerit,

235 791 290 837 ut
317 795 415 834 nec
441 779 715 850 supplicio
740 775 974 847 potuerit
996 776 1197 845 dirimi,
1230 791 1331 832 nec
1362 785 1538 830 morte
1563 774 1819 844 disjungi.

234 877 481 933 lanente
511 875 656 931 enim
681 872 734 928 in
763 887 858 928 sua
885 870 1222 942 proprietate
1246 879 1472 941 utraque
1493 869 1816 939 substantia,

231 969 484 1027 aecDeus
497 967 796 1038 dereliquit
813 964 894 1020 sui
916 967 1164 1035 corporis
1177 967 1508 1034 passionem,
1530 977 1628 1020 nec
1651 963 1819 1018 Deum

229 1064 348 1119 fecit
378 1073 404 1100 ³
433 1076 569 1118 caro
595 1059 908 1131 passibilem
929 1100 943 1123 ,
991 1060 1120 1128 quia
1159 1058 1422 1114 Divinitas
1450 1073 1569 1126 quas
1609 1063 1728 1112 erat.
1766 1055 1817 1110 in

231 1157 448 1211 dolente
481 1169 594 1209 non
627 1161 747 1208 erat
784 1153 836 1206 in
865 1151 1074 1206 dolore.
1119 1148 1274 1206 Unde
1319 1147 1615 1205 secundum
1655 1146 1817 1202 Verbi

226 1247 572 1318 hominisque
612 1259 930 1316 personam,
957 1245 1097 1298 idem
1123 1254 1211 1299 est
1249 1245 1348 1313 qui-
1369 1243 1541 1298 lactus
1565 1251 1653 1297 est
1679 1242 1819 1302 inter

223 1340 432 1404 omnia,
467 1348 526 1394 et
566 1353 663 1408 per
690 1352 848 1407 quem
873 1335 1010 1391 facta
1035 1345 1160 1390 sunt
1189 1335 1388 1391 outuia.
1430 1335 1576 1388 Idem
1611 1343 1692 1387 est
1725 1334 1813 1401 qui

221 1432 509 1500 impiorum
545 1429 797 1484 manibus
811 1427 1315 1496 comprehenditur,
1342 1438 1398 1481 et
1417 1427 1505 1494 qui
1532 1426 1680 1480 nullo
1707 1424 1814 1480 ﬁne

218 1520 582 1578 concluditur.
616 1519 763 1575 Idem
792 1527 876 1574 est
893 1520 984 1590 qui
1013 1518 1180 1573 clavis
1203 1516 1230 1556 δ
1261 1517 1616 1585 transﬁgitur,
1642 1524 1696 1572 et
1724 1515 1814 1586 qui

217 1615 364 1671 nullo
395 1615 632 1669 vulnere
651 1614 943 1668 sauciatur.
977 1611 1122 1667 Idem
1147 1621 1422 1681 postremo
1444 1621 1534 1665 est
1551 1611 1639 1678 qni
1671 1625 1814 1666 rnor-

218 1718 321 1764 teiu
342 1708 538 1772 subiit,
569 1716 627 1762 et
655 1708 1017 1775 sempiternus
1037 1717 1158 1760 esse
1182 1705 1494 1769 norrdesiit,
1518 1713 1585 1759 ut
1607 1713 1814 1758 utrum-

218 1807 320 1873 ειη
342 1800 520 1870 signis
548 1813 658 1854 non
684 1798 864 1854 dubiis
899 1797 1271 1852 manifestatur
1297 1795 1442 1866 quod
1477 1811 1614 1850 vera-
1646 1795 1718 1849 sit
1757 1793 1809 1850 in

1929 595 2002 658 ta,
2035 591 2111 644 uti
2143 594 2311 648 noluit
2342 595 2536 650 virtute
2567 597 2873 657 manifesta.
2915 601 3051 659 Nam
3080 608 3168 676 qui
3200 615 3436 667 mertem'
3458 619 3512 670 et

1926 684 2116 738 mortis
2163 696 2438 743 auctorem
2494 707 2587 746 sua
2614 705 2836 750 venerat
2883 699 3132 765 paSsion‘e
3191 701 3512 777 destruere,

1925 777 2195 847 quomodo
2222 791 2533 849 peccatores
2555 785 2733 842 salVos
2758 786 2982 858 faceret,
3007 793 3050 846 si
3077 797 3512 865 perseeutoribus

1923 872 2295 941 repugnaret?
2321 871 2634 932 Judaaorum
2671 877 2837 949 igitur
2865 881 2966 938 hoc
2991 880 3017 920 ι’
3043 886 3236 956 fuerat,
3266 887 3509 944 dilectis-

1923 962 2066 1028 simi,
2095 971 2155 1017 ut
2179 963 2366 1019 Jesum
2399 982 2427 1020 a
2464 968 2572 1023 Deo
2601 971 2886 1028 crederent
2923 975 3190 1043 relictum,
3254 979 3306 1033 in
3347 993 3510 1051 quem

1923 1063 2074 1111 tanto
2102 1057 2308 1113 scelere
2336 1060 2528 1116 saevire
2550 1062 2884 1131 potuissent:
2915 1062 2932 1104 ι
2966 1069 3092 1136 quia
3115 1082 3511 1128 sacramentum

1922 1149 2182 1203 mirabilis
2236 1151 2506 1220 patientiae
2554 1157 2879 1224 nescientes,
2935 1161 3198 1230 sacrilega
3259 1163 3511 1219 illusione

1921 1239 2212 1296 dicebant:
2241 1242 2383 1297 Alios
2410 1243 2577 1300 salvos
2600 1246 2739 1317 fecit,
2784 1250 3007 1320 seipsum
3063 1259 3165 1306 non
3207 1261 3370 1325 potest
3402 1256 3507 1308 sal-

1919 1349 2037 1386 vum
2066 1337 2252 1403 facere.
2283 1336 2346 1392 Si
2368 1353 2459 1391 rex
2485 1336 2656 1392 Israel
2673 1347 2767 1409 est,
2789 1339 3065 1397 descendat
3093 1355 3228 1397 nunc
3254 1346 3318 1399 de
3339 1361 3505 1412 cruce,

1918 1434 1966 1477 et
1996 1424 2249 1480 credimus
2278 1427 2325 1480 ei
2349 1425 2566 1500 (Matth.
2604 1445 2784 1498 xxvu,
2817 1423 2929 1503 (εξ).
2962 1432 3077 1487 Non
3114 1443 3308 1490 vestrae
3353 1436 3510 1491 caeci-

1920 1523 2044 1574 tatis
2071 1521 2316 1590 arbitrio,
2354 1537 2385 1576 o
2416 1524 2564 1579 stulti
2605 1525 2815 1587 scribae.
2868 1537 2923 1582 et
2966 1527 3114 1596 impii
3160 1530 3506 1598 sacerdotes,

1917 1609 2252 1668 ostendenda
2278 1617 2645 1692 eratpotentia
2672 1617 2989 1684 Salvatori's,
3025 1621 3044 1671 Ι
3081 1629 3181 1676 nec
3210 1624 3506 1678 secundum

1917 1720 2116 1776 pravas
2139 1705 2624 1777 blasphemantium
2668 1709 2876 1780 linguas
2905 1711 3124 1767 humani
3172 1716 3388 1783 generis
3417 1727 3507 1770 re-

1915 1796 2154 1872 demptio
2191 1795 2422 1854 debebat
2468 1800 2791 1857 intermitti:
2838 1817 2958 1858 cum
2991 1807 3031 1858 si
3068 1805 3331 1862 Deitatem
3381 1806 3507 1863 Filii

217 1890 431 1950 Christo
456 1903 482 1932 ο
516 1892 816 1955 humilitas,
847 1899 902 1946 et
929 1905 1064 1945 vera
1089 1890 1345 1959 maiestas
1377 1908 1388 1943 :
1437 1891 1564 1960 quia
1594 1889 1716 1944 ideo
1753 1903 1810 1944 se
1841 1893 1890 1954 Β
1915 1881 1942 1928 ι
1975 1885 2069 1946 Dei
2117 1893 2424 1948 voluissetis
2478 1909 2807 1966 agnoscere,
2865 1897 3146 1954 innumera
3187 1917 3347 1971 opera
3389 1903 3507 1972 ejus

217 1989 466 2044 humana
491 1987 799 2042 inﬁrmitati
825 1986 993 2040 virtus
1023 1984 1208 2040 divina
1233 1984 1539 2049 conseruit,
1593 1992 1649 2036 ut
1683 1982 1810 2037 dum

218 2081 352 2136 Deus
375 2095 474 2134 sua
505 2080 637 2134 facit
656 2075 830 2135 esse“
857 2093 979 2148 quae
1017 2087 1198 2135 nostra
1224 2085 1382 2140 sunt,
1403 2083 1586 2130 nostra
1615 2073 1813 2128 faceret

214 2186 334 2228 esse
360 2185 483 2242 qua
518 2185 615 2226 sua
638 2179 785 2227 sunt.
828 2170 944 2224 Non
976 2184 1105 2239 ergo
1133 2169 1321 2224 aberat
1359 2184 1388 2222 a
1429 2167 1588 2222 Patre
1622 2165 1808 2232 Filius,

213 2280 308 2323 nec
333 2279 364 2319 a
386 2265 536 2320 Filio
563 2266 769 2321 Pater:
801 2272 856 2319 et
882 2263 973 2317 illa
1016 2263 1195 2317 Deitas
1233 2260 1722 2325 incommutabilis,
1757 2267 1814 2314 et

211 2359 596 2430 inseparabilis
627 2359 865 2414 Trinitas
906 2357 1039 2412 nihil
1073 2358 1152 2410 sui
1188 2363 1398 2425 poterat
1437 2371 1464 2408 a
1507 2369 1568 2410 se
1607 2353 1811 2409 habere

211 2451 533 2508 discretum.
579 2449 838 2517 Quamvis
867 2449 1010 2503 enim
1050 2447 1216 2519 265
1252 2456 1518 2513 susceptae
1562 2446 1809 2500 incarna—

209 2546 368 2602 tionis
396 2545 740 2616 dispensatio
772 2544 838 2598 ad
866 2544 1204 2614 unigenitum
1241 2541 1335 2596 Dei
1365 2542 1558 2597 Filium
1593 2540 1808 2610 proprie

210 2640 530 2710 pertineret,
562 2637 644 2693 sic
669 2647 849 2692 tamen
871 2637 1029 2691 Pater
1047 2652 1158 2690 non
1174 2635 1572 2704 abjungebatur
1593 2651 1620 2688 a
1644 2634 1803 2699 Filio,

208 2731 668 2803 quemadmodum
696 2745 826 2786 caro
855 2745 961 2784 non
995 2729 1338 2784 dividebatur
1367 2744 1395 2782 a
1427 2727 1625 2782 Verbo.

271 2824 403 2882 Car.
438 2825 510 2880 II.
540 2853 616 2866 —
640 2825 763 2881 Ideo
794 2839 924 2894 ergo
947 2823 1104 2879 Iesus
1130 2837 1268 2877 voce
1293 2837 1484 2891 magna
1516 2820 1804 2884 clamabat,

206 2920 393 2977 dicens
424 2936 443 2974 :
495 2919 677 2988 Quare
719 2934 798 2974 me
837 2917 1188 2986 dereliquisti?
1235 2926 1292 2970 ut
1331 2928 1519 2971 notum
1555 2913 1807 2970 omnibus

206 3013 404 3070 ﬁcere!
429 3021 456 3051 °
478 3027 646 3084 quam
671 3013 974 3083 oportuerit
991 3026 1124 3065 eum
1142 3026 1247 3066 non
1269 3010 1409 3076 erui,
1435 3023 1540 3064 non
1566 3006 1804 3072 defendi,

205 3106 294 3161 sed
326 3106 677 3161 sarientium
699 3104 948 3159 manibus
972 3103 1297 3170 derelinqui,
1325 3101 1424 3155 hoc
1449 3111 1538 3155 est
1563 3101 1807 3156 Salvato-

206 3212 312 3254 rem
337 3197 534 3252 mundi
558 3197 701 3263 ﬁcri,
725 3207 779 3252 et
797 3197 1034 3251 omnium
1052 3195 1330 3248 hominum
1353 3193 1768 3262 Redemptorem
1785 3207 1810 3256 ;.

1918 1984 2196 2053 videretis,
2246 2003 2363 2056 quae
2389 2001 2484 2041 vos
2523 1987 2590 2043 ad
2617 2004 2735 2043 eam
2785 2005 2944 2059 quam
2978 1991 3241 2047 fallaciter
3281 1992 3508 2064 promit-

1918 2080 2029 2134 titis
2060 2079 2218 2135 ﬁdem
2249 2081 2572 2137 cooﬁrmare
2595 2083 2899 2138 debuerint.
2941 2084 2996 2141 Si
3039 2095 3253 2154 autem,
3306 2097 3362 2142 ut
3405 2089 3507 2157 ipsi

1916 2173 2287 2242 proﬁtemini,
2330 2189 2515 2227 verum
2569 2184 2650 2228 est
2707 2176 2849 2245 quod
2907 2177 3046 2231 alios
3107 2179 3285 2233 salvos
3331 2177 3503 2247 fecit,

1917 2281 2013 2319 cur
2045 2265 2133 2319 illa
2165 2275 2239 2319 tot
2271 2273 2324 2321 et
2362 2275 2507 2322 tanta
2537 2268 2815 2334 miracula,
2848 2285 2965 2340 quae
2989 2270 3090 2324 sub
3121 2272 3339 2340 publico
3370 2271 3505 2327 facta

1914 2369 2039 2412 sunt
2070 2367 2384 2426 conspectu,
2417 2360 2468 2412 in
2501 2359 2650 2414 nullo
2673 2361 2848 2416 cordis
2874 2362 3039 2416 vestri
3064 2363 3226 2435 266
3252 2363 3507 2419 duritiam

1915 2448 2244 2516 mollierunt,
2276 2451 2376 2505 nisi
2409 2452 2537 2522 quia
2586 2452 2658 2506 ita
2697 2469 2914 2524 semper
2940 2467 3124 2508 sancto
3157 2457 3376 2526 Spiritui
3414 2472 3504 2513 re-

1913 2540 2148 2609 stitistis,
2178 2552 2235 2595 ut
2261 2544 2438 2596 omnia
2486 2543 2640 2598 vobis
2692 2545 2950 2600 beneﬁcia
2985 2545 3079 2602 Dei
3114 2548 3164 2602 in
3212 2549 3506 2618 perniciem

1910 2634 2236 2690 verteretis?
2291 2634 2422 2689 Nam
2472 2637 2682 2692 etiamsi
2732 2639 3086 2694 descenderet
3133 2639 3382 2697 Christus
3435 2641 3507 2698 de

1911 2741 2092 2793 cruce,
2129 2737 2222 2782 Vos
2250 2735 2428 2782 tamen
2459 2729 2743 2785 hacreretis
2770 2730 2822 2783 in
2853 2731 3099 2785 crimine.

1981 2817 2112 2874 Car.
2147 2819 2232 2874 llI.
2265 2850 2336 2860 —
2377 2819 2568 2891 Spreta
2623 2837 2753 2892 ergo
2779 2831 2905 2876 sunt
2945 2838 3096 2878 vanae
3139 2824 3506 2882 insultationil

1910 2914 2226 2984 opprobria,
2267 2925 2321 2970 et
2348 2915 2772 2970 misericordiam
2810 2917 3017 2971 Domini
3049 2917 3253 2987 perdita
3291 2925 3350 2974 et
3388 2918 3505 2973 col-

1912 3007 2057 3077 lapsa
2078 3017 2419 3079 reparantem
2453 3008 2617 3062 nullze
2646 3011 3016 3078 contumeliae,
3071 3011 3217 3063 nulla
3262 3008 3505 3066 convicia

1910 3116 1943 3157 a
1981 3103 2062 3156 sui
2101 3102 2187 3156 via
2237 3101 2503 3171 propositi
2551 3110 2918 3156 removerunt.
2970 3099 3314 3156 O'ﬂ'ercbatur
3359 3104 3504 3157 enim

1908 3196 2020 3252 Deo
2053 3211 2148 3265 pro
2189 3195 2363 3250 salute
2415 3194 2598 3249 mundi
2634 3196 2806 3250 hostia
2853 3195 3161 3266 singularis,
3206 3204 3263 3250 et
3305 3195 3506 3251 occisio

203 3303 304 3345 non
353 3301 464 3359 per
533 3289 846 3354 miseriam,
885 3287 980 3343 sed
1033 3301 1131 3356 per
1183 3285 1648 3348 misericordiam;
1705 3279 1875 3341 necC
1908 3287 2106 3345 Christi
2141 3290 2250 3344 veri
2281 3289 2419 3360 Agni
2469 3305 2564 3359 per
2589 3298 2665 3343 tot
2685 3289 2878 3344 saecula
2925 3290 3214 3358 praedicata
3273 3291 3506 3358 promis-

204 3384 500 3439 amissione
550 3382 770 3449 auxilii,
819 3381 914 3437 sed
963 3380 1277 3436 deﬁnitione
1331 3379 1616 3434 moriendi.
1669 3379 1801 3446 Quae

203 3489 324 3533 vero
352 3477 466 3532 illic
492 3477 624 3531 vita
651 3473 671 3514 τ
706 3474 1025 3530 intercessio
1052 3471 1332 3529 sentienda
1371 3482 1474 3538 est,
1506 3471 1592 3526 ubi
1622 3473 1796 3526 anima

203 3581 260 3626 er
275 3578 556 3637 potestate
583 3576 668 3624 est
691 3569 913 3633 emissa,
946 3576 1002 3622 et
1037 3573 1306 3636 potestate
1349 3565 1632 3618 revocata?
1665 3563 1802 3618 Dicit

204 3664 333 3716 enim
367 3663 570 3718 beatus
600 3661 892 3731 Apostolus
921 3659 1063 3730 quod
1080 3658 1239 3712 Pater
1262 3657 1400 3712 Filio
1430 3666 1563 3711 ssuo
1586 3656 1798 3727 proprio

203 3758 567 3825 uan‘pepercit,
589 3756 681 3810 sed
703 3770 798 3825 pro
820 3755 964 3810 nobis
986 3754 1218 3808 omnibus
1248 3751 1466 3806 tradidit
1485 3768 1596 3805 eum
1611 3753 1629 3819 (
1643 3751 1791 3806 Rat».

202 3865 306 3915 mi,
337 3847 436 3920 3‘2)
465 3868 481 3917 ;
520 3861 576 3906 et
604 3849 801 3905 iterum
834 3849 998 3903 dicit:
1031 3847 1289 3914 Quoniam
1339 3845 1574 3899 Christus
1618 3844 1802 3898 dilexit

202 3938 510 4008 Sirmium,
538 3953 588 3996 et
616 3942 944 4014 semetipsum
973 3941 1189 3994 tradidit
1212 3955 1306 4010 pro
1335 3955 1415 4003 ea,
1445 3948 1501 3992 ut
1528 3953 1640 3991 eam
1681 3953 1800 3990 san-

200 4036 440 4113 ctiﬁcaret
473 4034 698 4106 (Ephes.
729 4050 785 4098 γ,
809 4035 864 4098 2,
888 4043 938 4088 et
965 4033 1083 4103 26).
1135 4031 1292 4088 Unde
1335 4030 1478 4085 tradi
1512 4029 1797 4083 Dominum

197 4121 454 4197 passioni,
488 4137 602 4181 tam
632 4125 734 4181 fuit
761 4134 1002 4195 paternae
1042 4138 1201 4194 quam
1253 4121 1422 4192 ipsius
1463 4119 1793 4174 voluntatis:

197 4230 247 4275 ut
271 4236 397 4277 eum
428 4235 550 4276 non
577 4220 752 4275 solum
779 4219 942 4273 Pater
972 4218 1328 4287 relinqueret,
1361 4213 1460 4270 sed
1486 4214 1648 4269 etiam
1673 4213 1791 4283 ipse

195 4306 507 4387 sequadam
525 4314 736 4368 ratione
750 4312 1051 4376 desereret,
1073 4325 1192 4365 non-2
1205 4309 1421 4379 trepida
1431 4307 1791 4374 discessione,

195 4400 623 4464 sed‘voluntaria
653 4406 924 4462 cessione.
958 4402 1234 4460 Continuit
1259 4401 1486 4458 enimvse
1516 4402 1586 4457 ab
1615 4399 1794 4470 impiis

257 4576 286 4606 ι
313 4565 458 4622 Cod.
501 4567 755 4631 Vercel,
784 4582 818 4619 α
841 4581 1018 4622 carne.
1107 4629 1135 4632 ί,
1220 4627 1240 4632 μ,

257 4637 284 4690 b.
311 4639 411 4694 Sic
433 4638 580 4694 idem
607 4629 784 4692 codeix-
801 4647 852 4691 et
880 4636 985 4689 duo
1005 4633 1063 4689 S.
1090 4629 1257 4706 Petri.
1290 4631 1460 4706 Alius,
1486 4629 1783 4706 conﬁgitur.

197 4708 308 4780 Mox
333 4726 473 4780 pro,
525 4707 671 4763 nullo
699 4707 936 4770 vulnere,
988 4701 1137 4780 quod
1177 4717 1299 4780 cum
1332 4701 1624 4768 Quesucllu
1654 4715 1790 4780 pra;-

195 4772 366 4836 lerun't
402 4780 593 4850 plures
622 4793 676 4835 et
708 4783 939 4848 potiores
971 4772 1140 4831 nostri
1161 4775 1398 4850 codices,
1424 4782 1599 4850 __antea
1633 4772 1785 4838 editi,

195 4843 459 4907 habebant
487 4851 632 4906 nullo
662 4843 840 4906 dolore
860 4864 978 4902 cum
1010 4862 1137 4900 inss.
1171 4847 1387 4900 collect.
1422 4843 1473 4898 5.

268 4935 287 4962 ε
316 4923 674 4990 Quesnellus,
703 4920 1013 4982 humanitas,
1050 4927 1107 4971 ut
1129 4921 1180 4990 in
1214 4929 1399 4970 nostro
1421 4913 1784 4990 cod.Ver_cell.

195 4984 552 5056 ωιῆιιὶηιυς
601 4984 758 5050 antea
809 4992 1074 5044 editorum
1128 4988 1411 5041 lectionem
1460 4984 1783 5039 auctoritate

195 5057 414 5124 duom
450 5078 586 5117 mss.
611 5062 668 5118 S.
705 5057 874 5124 Petri,
917 5069 970 5115 et
1015 5059 1236 5113 totidem
1277 5059 1418 5114 Vult.
1453 5071 1557 5110 non
1609 5059 1782 5109 solum

196 5136 307 5204 quia
336 5133 615 5188 humilitas
645 5148 742 5204 pro
762 5133 1078 5204 humanitate
1105 5148 1130 5182 ιι
1157 5129 1789 5204 Ιλειοηελΐιιείιιιθηιθνβιι-

195 5198 402 5276 ἑίρίιιιτ,
441 5221 629 5259 verum
646 5198 817 5259 etiam
842 5205 966 5272 quia
987 5201 1072 5256 hic
1101 5202 1380 5273 majestati,
1405 5215 1524 5271 quae
1552 5198 1788 5255 sumitur

196 5291 282 5346 pro
315 5277 627 5342 uicinitate,
659 5276 837 5344 aptius
866 5276 1174 5344 apponitur.

256 5346 282 5386 ⁸
313 5347 456 5404 Cod.
491 5346 751 5404 VercelL.
782 5361 896 5404 quae
924 5361 1017 5397 sua
1043 5359 1145 5397 non
1169 5354 1287 5397 sunt

256 5362 282 5386 ¹
313 5362 456 5404 ιω.
495 5362 751 5410 verceu.,
782 5362 896 5415 qua:
924 5362 1017 5397 sua
1043 5362 1145 5397 non
1169 5362 1309 5397 sunt.

169 5413 172 5420 ’
261 5415 399 5476 eSic
427 5420 620 5474 melius
653 5433 720 5471 ex
750 5417 959 5470 duobus
1001 5428 1131 5468 mss.
1179 5416 1236 5468 S.
1271 5415 1436 5475 Petri,
1479 5423 1533 5468 et
1561 5412 1785 5468 totidem

199 5486 340 5548 Ἴδη,
357 5505 420 5544 ac
445 5505 554 5545 uno
583 5487 814 5546 Veneto.
847 5486 957 5547 AL,
993 5501 1150 5556 quare
1192 5487 1490 5554 aportuerit.

263 5559 281 5598 ί
308 5557 499 5628 Forte,
526 5559 807 5615 intercisio.
840 5558 1188 5623 Quassnws
1213 5557 1264 5609 in
1296 5557 1556 5628 margine.

259 5640 285 5680 ι
313 5622 511 5696 Voces,
553 5647 648 5686 suo
700 5622 928 5700 proprio,
967 5628 1166 5681 additae
1200 5642 1266 5680 ex
1308 5622 1517 5681 duobus
1570 5638 1696 5678 mss.
1719 5622 1780 5678 S.

195 5700 356 5769 Petri,
391 5713 446 5760 et
478 5720 584 5758 uno
622 5701 853 5758 \‘ercell.

259 5763 540 5841 “Qut.an
585 5774 766 5844 fuerit.
815 5763 1196 5844 ttestitulmns
1223 5769 1547 5844 anteriorem
1597 5766 1788 5844 editio-

197 5858 316 5973 ιέἓᾶῃ
349 5839 668 5971 llectionem,
701 5844 898 5914 quippe
924 5860 1048 5915 qua:
1071 5852 1157 5904 est
1183 5841 1235 5896 in
1265 5841 1535 5910 plerisque
1588 5839 1789 5892 nostris

294 5933 359 5973 ICI
403 5935 484 5973 US.

294 5933 484 5974 ICIDUS.

1814 4563 1876 4623 Β

1907 3382 2077 3437 sionis
2108 3381 2247 3438 ﬁlios
2290 3382 2344 3436 in
2382 3382 2682 3437 libertatem
2717 3382 2842 3438 ﬁdei
2874 3383 3257 3442 transferebat.
3292 3381 3505 3440 Conﬁr-

1909 3473 2160 3528 mabatur
2187 3488 2404 3543 quoque
2452 3473 2860 3529 Testamentum
2913 3490 3144 3543 novum,
3199 3485 3254 3530 et
3306 3475 3504 3534 Christi

1907 3566 2170 3635 sanguine
2211 3565 2400 3620 :eterni
2425 3567 2572 3637 regni
2611 3566 2984 3622 scribebantur
3015 3567 3282 3622 haeredes.
3317 3565 3504 3638 Ingrev

1907 3657 2156 3712 diehatur
2177 3671 2422 3712 summus
2453 3657 2698 3728 pontifex
2724 3658 2920 3714 Sancta
2953 3669 3286 3727 sanctorum,
3333 3669 3388 3715 et
3435 3660 3504 3717 ad

1907 3751 2241 3812 exorandum
2283 3751 2452 3808 Deum
2500 3752 2876 3809 immaculatus
2918 3751 3172 3808 sacerdos
3201 3770 3301 3824 per
3322 3755 3501 3810 velum

1905 3857 2018 3898 suae
2039 3840 2220 3898 carnis
2247 3842 2484 3898 intrabat
2511 3839 2702 3912 (Hebr.
2736 3858 2811 3911 ix,
2842 3843 2909 3900 i6
2959 3852 3008 3900 et
3053 3842 3210 3916 seq.).
3259 3845 3502 3916 Denique

1903 3934 2040 3988 adeo
2071 3942 2199 3990 tunc
2232 3948 2263 3988 a
2321 3934 2438 4004 lege
2483 3935 2551 3989 ad
2601 3935 2986 4007 Evangelinm,
3027 3953 3058 3993 a
3101 3931 3385 4009 Synagoga
3430 3938 3501 3996 ad

1904 4025 2233 4092 Ecclesium,
2288 4041 2318 4079 a
2365 4025 2549 4080 multis
2597 4027 2880 4084 sacriﬁciis
2935 4028 3003 4084 ad
3055 4046 3212 4084 unam
3264 4030 3498 4088 hostiam

1907 4115 1927 4156 ι
1961 4120 2184 4175 evidens
2213 4127 2299 4175 est
2329 4119 2468 4175 facta
2499 4120 2801 4191 translatio,
2837 4129 2897 4176 ut
2925 4124 3206 4180 emittente
3235 4124 3498 4193 Spiritum

1900 4213 2128 4276 Domino
2152 4255 2168 4279 ,
2221 4214 2394 4267 velum
2436 4212 2569 4268 illud
2610 4215 2909 4286 mysticum
2940 4215 3084 4288 quod
3119 4216 3300 4284 templi
3333 4231 3499 4286 pene-

1895 4307 2050 4362 tralia
2081 4316 2435 4375 sanctumque
2474 4315 2742 4361 secretum
2775 4315 2875 4360 suo
2913 4307 3304 4368 intercludebat
3340 4308 3494 4377 obje-

1895 4407 2011 4465 ctu,
2034 4413 2064 4451 a
2086 4412 2300 4454 summo
2332 4411 2505 4467 usque
2530 4397 2600 4452 ad
2625 4397 2791 4460 imum
2824 4397 2876 4452 vi
2906 4396 3086 4454 subita
3114 4397 3493 4458 scinderetur:

1969 4558 1987 4597 ί
2023 4557 2159 4630 Quia
2181 4557 2590 4629 pro-quimagis
2627 4557 2832 4630 placuit
2868 4559 3191 4630 auctoritate
3248 4573 3380 4616 mss.
3425 4561 3485 4616 S.

1893 4627 2060 4685 Petri.
2095 4628 2236 4690 Mox,
2265 4627 2362 4697 pro
2396 4627 2680 4698 patiemini,
2712 4629 3080 4699 pruna-editio
3110 4640 3164 4688 et
3191 4646 3334 4687 unus
3363 4633 3492 4690 cod.

1896 4702 2017 4756 Vat.
2045 4699 2246 4754 habent
2272 4703 2532 4770 potentia.

1968 4773 1981 4822 i
2021 4772 2076 4825 lu
2112 4770 2353 4844 pluribus
2385 4787 2513 4827 mss.
2545 4781 2599 4827 et
2641 4771 2695 4826 in
2719 4771 3046 4844 editionibus
3085 4780 3210 4829 ante
3260 4773 3490 4844 Quesn.,

1891 4860 1984 4898 nec
2013 4843 2294 4896 secundum
2317 4859 2488 4911 preces
2514 4844 2977 4914 blasphemantium
3023 4842 3340 4914 linguarum.
3395 4842 3495 4901 Le;

1891 4918 2129 4970 etionem
2169 4916 2236 4967 ab
2265 4929 2332 4969 eo
2362 4915 2526 4970 textui
2560 4917 2819 4982 inser-tam
2853 4915 3104 4971 exhibuit
3151 4917 3324 4971 codex
3357 4916 3494 4972 Ver-

1891 4986 2042 5052 celli,
2070 5000 2134 5040 ex
2165 5000 2274 5054 quo
2301 4987 2670 5054 supplevimus
2712 4999 2912 5041 vocem.
2943 5003 3146 5055 pravas.
3184 4987 3259 5042 Ex
3298 4988 3488 5042 eodem

1893 5057 2057 5112 etiam
2105 5072 2233 5129 ms.,
2283 5058 2613 5129 proromitti,
2644 5060 2786 5127 quod
2821 5067 2937 5112 erat
2981 5061 3032 5113 in
3065 5057 3246 5129 editis,
3295 5074 3495 5129 suppo-

1892 5129 2100 5183 suimus
2141 5128 2442 5193 intermitti;
2489 5145 2609 5183 nam
2651 5129 2900 5184 similiter
2943 5143 3111 5185 serui.
3158 5127 3243 5194 52,
3277 5127 3396 5195 cap.
3433 5131 3487 5190 4,

1894 5217 1956 5264 ne
1985 5199 2144 5253 dilato
2191 5201 2430 5270 gloriosa:
2458 5201 2625 5254 crucia
2673 5201 2952 5270 triumpho,
3004 5210 3135 5268 etc.,
3188 5201 3278 5256 ubi
3310 5201 3492 5254 dilatio

1893 5271 2055 5340 hujus
2077 5270 2341 5352 triumphi
2361 5271 2719 5352 intermissioni
2742 5273 3011 5344 congruit.
3043 5270 3183 5328 Cod.
3226 5271 3482 5338 Venetus,

1892 5357 1998 5412 pro
2026 5357 2231 5409 pravas,
2258 5342 2420 5396 habet
2443 5343 2766 5411 peccatrices.
2857 5342 2869 5344 Ὗ

1967 5410 1993 5450 ¹ε
2029 5412 2140 5483 Vox
2169 5411 2267 5483 De}
2303 5425 2553 5467 revocata
2584 5429 2653 5468 ex
2691 5416 2861 5483 prima
2900 5414 3160 5477 editione,
3190 5421 3244 5467 et
3277 5411 3487 5466 duobus

1891 5483 2051 5536 codd.
2113 5482 2170 5536 S.
2229 5480 2374 5536 Petri
2446 5498 2510 5538 ac
2574 5480 2704 5539 uno‘
2751 5487 2883 5540 Bon.
2947 5487 3122 5548 Dein,
3179 5483 3490 5550 conﬁrmare

1887 5553 2195 5618 debuerunt,
2232 5555 2286 5607 in
2315 5553 2505 5609 eadem
2528 5555 2781 5611 editione.

1964 5620 1985 5662 ι
2018 5625 2147 5679 Post
2175 5638 2360 5690 voces,
2391 5627 2460 5682 ad
2489 5643 2647 5680 unam
2679 5625 3135 5688 hostium,addunt
3167 5623 3346 5694 Vulg.,
3369 5640 3485 5695 qua!

1893 5693 2038 5748 Deus
2067 5704 2182 5761 est;
2221 5711 2340 5764 quae
2365 5699 2564 5756 cumoin
2598 5714 2726 5751 mss.
2758 5697 2911 5750 codd.
2947 5693 3358 5758 desiderentur,
3382 5693 3488 5749 ad-

1884 5766 2089 5846 jectitia
2119 5782 2239 5846 esse
2267 5771 2592 5825 censuimus.
2615 5766 3266 5834 Qussu.——Desuntetiam
3293 5765 3345 5822 in
3368 5765 3486 5839 plu-

1895 5837 2045 5892 ribus
2069 5839 2265 5893 nostris
2297 5849 2429 5894 mss.
