3980 6352
553 284 658 345 375

1679 282 1735 336 S.
1777 278 2024 335 LEONIS
2062 276 2279 333 MAGNI
2316 279 2699 339 SERMONES.

3708 294 3887 357 376,

551 405 801 477 quoniam
824 405 1020 474 flguras
1040 402 1238 457 veritas
1263 399 1561 465 auferebat,
1581 408 1609 437 α
1631 403 1688 453 et
1706 394 1962 467 superﬂui
1984 398 2139 447 erant
2164 395 2217 453 Α
2313 394 2481 477 locum
2502 398 2704 477 dedisse
2732 405 2781 477 et
2811 400 3068 477 plenwde
3087 406 3251 477 morte
3275 409 3322 455 et
3349 410 3553 477 peccato
3574 403 3800 464 victoria.

549 496 723 553 nuntii
767 495 869 552 sub
897 495 1180 565 prtesentia
1227 492 1475 546 nuntiati.
1506 489 1876 560 Adjiciebatur
1914 488 1979 541 iis
2027 486 2140 540 ele-

545 600 850 647 mentorum
864 589 1100 643 omnium
1122 585 1395 641 tremenda
1411 585 1702 641 commotio
1725 581 1936 653 (Matth.
1962 595 2135 644 xxvu,

548 680 669 753 5|),
692 690 747 737 et
772 679 1083 735 auctoribus
1128 676 1314 732 Crucis
1342 676 1544 732 Christi
1572 677 1685 747 ipsa
1716 691 1777 731 se
1805 685 2009 729 naturae
2052 672 2133 727 of-

548 774 666 828 ﬁcia
683 769 1090 826 subtrahebant.
1117 769 1360 838 Cumque
1379 778 1561 824 custos
1582 768 1829 837 supplicii
1848 764 2129 831 Centurio,

547 867 768 918 territus
800 863 865 916 iis
894 875 1012 931 quae
1039 861 1269 927 viderat,
1291 861 1525 918 diceret:
1570 861 1691 916 Vere
1716 859 1888 914 Filius
1909 857 2005 913 Dei
2022 865 2133 912 erat

545 954 696 1009 homo
719 957 811 1008 iste
848 951 1038 1023 (Ibid.,
1083 952 1176 1022 δι)
1212 972 1223 1006 :
1268 954 1599 1023 impietatem
1644 959 1821 1007 tamen
1849 950 2128 1006 Iudaicam

544 1047 908 1102 monumentis
938 1054 993 1101 et
1012 1048 1183 1116 petris
1210 1047 1461 1102 omnibus
1488 1047 1782 1111 duriorem,
1815 1046 1955 1100 nulla
2007 1060 2131 1115 pro-

543 1139 687 1195 ditur
717 1140 991 1209 mitigasse
1018 1140 1361 1208 compunctio
1386 1158 1398 1193 ε
1446 1148 1505 1193 ut
1536 1146 1792 1209 appareat
1830 1137 2128 1206 paratiores

465 1292 473 1305 ο
543 1232 608 1284 ad
660 1230 1067 1301 intelligendum
1118 1230 1312 1286 Filium
1353 1231 1446 1285 Dei
1476 1238 1603 1284 tunc
1648 1229 1812 1285 fuisse
1853 1229 2128 1285 Romanos

543 1325 759 1387 milites.
803 1340 962 1394 quam
986 1324 1310 1379 Israeliticos
1333 1323 1669 1389 sacerdotes.

608 1414 739 1470 Cn.
772 1415 862 1470 IV.
893 1446 965 1455 —
986 1415 1119 1482 Quia
1152 1415 1471 1485 ergoJudaei
1500 1416 1741 1470 omnium
1762 1423 2126 1471 sacramento-

539 1523 657 1561 rum
688 1506 1119 1561 sanctiﬁcationc
1170 1506 1389 1576 privati,
1425 1506 1598 1562 lucem
1644 1506 1743 1563 sibi
1775 1507 1829 1561 in
1872 1508 2123 1564 tenebras

536 1598 671 1653 etin
712 1598 914 1652 luctum
946 1597 1085 1652 festa
1128 1608 1433 1665 verterunt,
1463 1613 1563 1653 nos
1593 1599 1954 1666 dilectissimi,
1989 1601 2123 1655 ellu-

534 1706 649 1745 sam
692 1706 854 1762 super
912 1707 1100 1747 omnes
1141 1701 1329 1762 gentes
1375 1694 1601 1763 gratiam
1649 1693 1745 1749 Dei
1788 1692 1817 1732 h
1847 1695 2118 1764 prociduis

2311 495 2385 541 τά
2502 468 2697 525 Sedulo
2726 470 2941 524 insidias
2962 472 3152 525 diaboli
3192 489 3300 525 esse
3337 468 3592 541 uitandus,
3620 484 3674 528 ut
3701 495 3803 535 cum

2312 537 2516 592 Christo
2542 541 2782 610 cruci/iri
2807 558 2897 612 per
2935 544 3403 613 mortiﬁcationem,
3435 547 3486 597 in
3517 537 3628 616 ipso
3672 565 3803 605 coro-

2313 624 2424 663 nem
2432 627 2508 665 ur.

2307 749 2437 805 Cn.
2466 749 2507 805 Ι.
2535 781 2606 791 -
2627 749 2935 821 Magnitudo
2965 749 3178 819 quidem
3201 792 3215 815 ,
3247 751 3601 818 dilectissimi,
3641 752 3805 812 ineffa-

2234 844 2358 900 bilis
2380 845 2724 908 sacramenti,
2754 845 2830 898 ita
2882 844 3127 898 humana:
3174 844 3543 913 intelligentia:
3583 846 3807 904 altitudi-

2234 953 2380 1006 nem,
2410 947 2463 994 et
2489 941 2654 994 totius
2680 940 2843 995 vincit
2872 939 3067 1009 eloquii
3101 939 3430 1006 facultatem,
3476 949 3534 995 ut
3560 950 3612 995 et
3638 944 3805 999 excel-

2232 1030 2546 1087 lentissimis
2587 1033 2836 1101 ingeniis,
2878 1041 2932 1086 et
2967 1031 3361 1087 facundissimis
3404 1032 3601 1103 linguis
3649 1034 3807 1088 subli-

2231 1125 2370 1179 mior
2415 1125 2484 1179 sit
2527 1126 2831 1196 triumphus
2862 1125 3156 1181 Dominicze
3198 1128 3484 1195 passionis.
3532 1127 3637 1182 Sed
3683 1143 3805 1195 gau-

2228 1217 2463 1274 dendum
2486 1220 2643 1274 nobis
2673 1219 2851 1289 potius
2881 1235 3037 1289 quam
3059 1218 3485 1275 erubescendum
3517 1228 3619 1285 est,
3652 1221 3808 1293 268

2227 1311 2370 1381 quod
2411 1320 2576 1368 tanta:
2616 1328 2934 1382 superamur
2981 1314 3221 1368 materias
3247 1312 3542 1383 dignitate;
3594 1314 3662 1367 de
3709 1330 3805 1383 qua

2226 1420 2388 1461 nemo
2408 1405 2667 1461 humilius
2693 1407 2863 1461 sensit
2886 1422 3044 1478 quam
3076 1407 3165 1473 qui
3208 1407 3415 1476 putavit
3457 1406 3486 1444 ἀ
3534 1406 3809 1464 suffecisse

2224 1514 2345 1569 quae
2367 1498 2524 1553 dixit.
2578 1497 2694 1554 Non
2751 1514 2881 1569 ergo
2927 1498 3199 1570 superﬂuo
3241 1515 3363 1570 quae
3405 1500 3807 1570 praedicavimus

2223 1589 2607 1659 praedicamus,
2640 1604 2740 1646 nec
2781 1591 2850 1646 de
2907 1592 3071 1647 rebus
3102 1592 3298 1647 divinis
3338 1593 3579 1659 loquenti
3621 1608 3810 1650 carna-

2222 1680 2353 1737 lium
2376 1683 2584 1737 aurium
2610 1691 2738 1739 sunt
2761 1684 2994 1739 timenda
3035 1684 3273 1750 fastidia,
3304 1692 3572 1756 tamquam
3614 1685 3809 1756 despe-

533 1784 855 1853 corporibus
881 1792 1039 1854 atque
1061 1784 1256 1839 animis
1286 1785 1605 1852 adoremus;
1635 1787 1984 1843 obsecrantes
2013 1787 2104 1843 mi-

2223 1773 2331 1829 ctui
2366 1774 2474 1829 sint
2512 1773 2713 1842 futura,
2742 1774 2866 1843 quia
2920 1775 3117 1831 crebro
3139 1784 3540 1846 cognoscuntur
3574 1776 3805 1834 iterata:

530 1875 863 1931 sericordem
892 1875 1102 1931 Patrem
1141 1886 1194 1931 et
1230 1876 1449 1932 divitem
1485 1877 1927 1949 Redemptorem,
1962 1888 2019 1934 ut
2056 1879 2124 1936 de

530 1967 619 2023 die
662 1967 714 2021 in
751 1967 915 2033 diem,
966 1967 1167 2022 auxilio
1214 1968 1331 2038 ejus
1381 1968 1570 2039 adjuti,
1604 1970 1782 2023 omnia
1808 1971 1933 2025 vitae
1963 1970 2122 2042 hujus

527 2066 763 2134 pericula
796 2064 1064 2135 possimus
1088 2064 1345 2136 effugere.
1375 2066 1544 2121 Adest
1572 2066 1715 2121 enim
1744 2066 1974 2122 callidus
2000 2068 2121 2123 ubi-

527 2174 633 2228 que
658 2168 911 2227 tentator,
931 2167 987 2213 et
1009 2158 1141 2213 nihil
1168 2174 1393 2215 vacuum
1419 2174 1449 2213 a
1470 2160 1581 2214 suis
1608 2160 1865 2230 relinquit
1887 2160 2116 2217 insidiis.

525 2250 643 2317 Cui,
672 2252 968 2307 auxiliante
1012 2252 1381 2307 misericordia
1434 2251 1553 2321 Dei,
1595 2267 1718 2323 qua:
1768 2252 1928 2308 nobis
1978 2256 2119 2310 inter

524 2346 705 2397 omnia
732 2344 953 2399 adversa
986 2344 1371 2412 praetenditur,
1415 2343 1559 2398 ﬁdeli
1601 2358 1816 2413 semper
1841 2353 1925 2399 est
1953 2345 2113 2418 267

524 2436 823 2489 constantia
846 2435 1205 2490 resistendum
1236 2453 1248 2489 :
1283 2443 1341 2489 ut
1369 2434 1613 2503 quamvis
1643 2435 1961 2507 impugnare
2006 2452 2114 2493 non

524 2528 767 2595 desinat,
797 2528 1067 2583 neminem
1099 2537 1275 2583 tamen
1321 2543 1481 2598 quem
1526 2540 1797 2599 expugnet
1850 2530 2107 2586 inveniat.

522 2618 738 2672 Prosint
776 2618 1063 2684 omnibus,
1126 2617 1493 2686 dilectissimi,
1534 2619 1793 2689 religiose
1837 2620 2111 2688 celebrata

519 2710 744 2781 jejnnia,
785 2719 839 2765 et
874 2711 1222 2766 continentia:
1260 2710 1485 2778 utilitas,
1524 2726 1684 2780 quam
1735 2721 1789 2767 et
1836 2713 2029 2769 animis
2054 2723 2111 2769 et

520 2802 838 2869 corporibus
866 2803 1211 2873 probavimus
1238 2814 1646 2875 congruentem,
1674 2805 1834 2860 nullis
1860 2821 2106 2862 corrum-

519 2905 676 2963 patur
696 2895 1029 2950 excessibus.
1063 2895 1195 2963 Quae
1216 2897 1357 2950 enim
1382 2896 1449 2950 ad
1478 2896 1822 2952 sobrietatem
1854 2907 1907 2952 et
1934 2899 2110 2969 parci-

518 2986 750 3039 moniam
776 2986 1069 3056 pertinent,
1095 2986 1219 3043 ideo
1248 2987 1556 3057 diligentius
1579 2988 1634 3042 in
1686 2989 1768 3043 his
1797 2999 1919 3044 sunt
1964 2991 2109 3046 cele-

518 3076 673 3130 brata
702 3077 913 3143 diebus,
956 3086 1014 3131 ut
1039 3077 1107 3133 de
1139 3079 1284 3133 brevi
1327 3079 1505 3134 studio
1549 3078 1602 3133 in
1633 3080 1844 3150 loogam
1876 3096 2105 3138 consue-

2226 1881 2347 1923 cum
2373 1865 2475 1922 hoc
2502 1867 2736 1922 maxime
2790 1866 2856 1921 ad
2883 1866 3201 1923 Christianae
3231 1869 3356 1923 fidei
3406 1870 3672 1937 pertineat
3716 1885 3808 1926 so-

2223 1958 2486 2014 liditatem
2516 1999 2531 2025 ,
2594 1968 2655 2014 ut
2708 1960 3005 2015 secundum
3078 1962 3427 2032 apostolicam
3474 1963 3807 2032 doctrinam,

2220 2049 2450 2120 idipsum
2480 2061 2501 2088 ο
2537 2052 2772 2106 dicamus
2815 2068 3011 2119 omnes,
3042 2064 3090 2109 et
3141 2055 3298 2109 simus
3321 2058 3529 2128 perfecti
3552 2058 3607 2111 in
3632 2058 3813 2113 eodem

2220 2159 2375 2198 sensu
2402 2152 2451 2197 et
2490 2144 2545 2198 in
2602 2144 2782 2198 eadem
2824 2146 3036 2200 scientia
3068 2146 3109 2215 (l
3137 2145 3257 2201 Cor.
3291 2163 3332 2218 ι,
3366 2148 3479 2217 10).
3515 2148 3811 2206 lnﬁdelitas

2220 2236 2438 2307 quippe,
2470 2252 2590 2307 quae
2613 2237 2856 2292 omnium
2885 2248 2971 2294 est
3004 2248 3179 2293 mater
3208 2255 3477 2307 errorum,
3524 2241 3579 2296 in
3609 2243 3813 2299 multas

2218 2328 2523 2399 opiniones,
2552 2346 2686 2402 quas
2712 2342 2828 2386 arte
2867 2331 3081 2386 dicendi
3126 2348 3351 2389 necesse
3376 2332 3396 2371 τ
3436 2333 3635 2390 habeat
3665 2336 3816 2391 colo-

2217 2421 2724 2489 rare,.distrahitur.
2771 2422 3027 2479 Veritatis
3064 2434 3245 2479 autem
3300 2425 3608 2481 testiﬁcatio
3663 2443 3818 2484 num-

2216 2531 2377 2586 quam
2408 2532 2437 2571 a
2462 2532 2555 2572 sua
2578 2516 2702 2573 luce
2725 2517 2975 2585 discedit,
3027 2528 3082 2574 et
3113 2518 3253 2588 quod
3280 2519 3399 2575 aliis
3446 2521 3647 2587 minus,
3692 2522 3817 2579 aliis

2213 2611 2445 2681 amplius
2472 2612 2656 2676 micat,
2687 2628 2791 2666 non
2831 2614 3064 2667 varietas
3092 2612 3222 2667 facit
3247 2613 3487 2681 luminis,
3534 2613 3823 2669 sedinﬁr-

2213 2703 2373 2759 mitas
2397 2704 2888 2773 contemplationis.
2926 2703 3026 2759 Cui
3051 2704 3346 2760 secundum
3399 2719 3653 2775 supernae
3694 2706 3824 2762 illu-

2211 2796 2524 2851 minationis
2551 2797 2834 2862 auxilium,
2885 2797 3045 2851 etiam
3093 2811 3215 2852 meo
3239 2812 3489 2852 sermone
3538 2796 3824 2854 famulan-

2210 2889 2338 2945 dum
2360 2899 2471 2944 est:
2505 2900 2563 2944 ut
2590 2891 2844 2959 quoniam
2872 2889 2971 2944 Dei
3010 2890 3353 2961 agricultura,
3399 2889 3497 2945 Dei
3526 2891 3822 2958 aediﬁcatio

2210 2985 2332 3037 estis
2364 2983 2546 3054 (lCor.
2573 2999 2653 3050 ιιι,
2686 2983 2766 3055 9),
2797 2984 2911 3053 ipse
2951 2991 3009 3041 et
3049 2973 3383 3052 dispensanti
3423 2993 3479 3040 et
3515 2985 3825 3055 accipienti

2210 3077 2410 3131 tribuat
2431 3077 2831 3147 sufficientiam,
2856 3078 2948 3145 qui
2970 3077 3313 3148 largitionum
3342 3091 3560 3133 suarum
3584 3078 3815 3147 justam

522 3167 761 3222 tudinem
791 3170 1163 3237 mitterentur;
1196 3180 1249 3226 et
1278 3172 1392 3226 sive
1422 3172 1474 3226 in
1504 3173 1759 3241 operibus
1790 3174 2101 3231 misericor-
2130 3147 2178 3213 (ἶ
2208 3170 2426 3239 exigere
2454 3170 2604 3224 novit
2642 3184 2882 3225 usuram.

518 3259 643 3326 diae,
675 3262 789 3316 sive
816 3262 868 3315 in
898 3262 1075 3316 studio
1119 3264 1490 3332 parcimonite,
1538 3264 1743 3319 nullum
1776 3282 1805 3319 a
1852 3268 2102 3325 ﬁdelibus

516 3367 740 3406 vacuum
772 3362 981 3422 tempus
1008 3354 1293 3419 habeatur,
1325 3358 1578 3426 quoniam
1612 3358 1797 3429 utique
1841 3371 1865 3399 ο
1914 3361 1966 3415 in
2012 3377 2103 3417 ac-

513 3459 669 3500 cessu
688 3447 894 3501 dierum
918 3456 973 3502 et
998 3463 1160 3503 cursu
1200 3457 1500 3519 temporum
1534 3451 1679 3505 lucra
1711 3452 1973 3508 debemus
2023 3455 2100 3510 fa-

513 3550 637 3590 cere
666 3552 915 3607 operum,
968 3554 1077 3593 non
1122 3538 1317 3594 damna
1368 3542 1706 3597 meritorum.
1754 3543 1865 3600 Piis
1916 3556 2097 3602 autem

512 3628 703 3681 studiis
727 3638 781 3683 et
800 3630 1067 3699 religiosis
1098 3631 1295 3686 animis
1336 3632 1511 3687 aderit
1550 3635 1917 3691 misericordia
1948 3638 2094 3709 Dei,

512 3728 572 3774 ut
596 3722 737 3789 quod
771 3722 896 3777 fecit
919 3723 1249 3793 concupisci,
1282 3724 1446 3779 faciat
1473 3726 1735 3781 obtineri:
1765 3730 1854 3798 qui
1885 3729 2017 3785 vivit
2042 3739 2099 3787 et

511 3824 701 3884 regnat
727 3831 847 3870 cum
877 3816 1106 3871 Domino
1134 3824 1322 3872 nostro
1348 3818 1473 3874 Jesu
1500 3819 1716 3875 Christo
1742 3821 1879 3876 Filio
1901 3838 2021 3892 suo,
2044 3833 2098 3880 ct

511 3921 632 3962 cum
673 3918 860 3963 sancto
889 3908 1095 3979 Spiritu
1122 3911 1177 3965 in
1201 3912 1401 3966 saecula
1426 3914 1749 3969 seculorum.
1781 3917 1976 3973 Amen.

830 4022 1064 4079 SERMO
1121 4023 1288 4079 LXIX
1343 4024 1470 4098 [ΑΙ.
1525 4026 1776 4101 LXVII

870 4115 952 4171 De
979 4115 1228 4172 Passione
1258 4118 1466 4172 Domini
1484 4118 1715 4173 XVIII.

506 4206 776 4282 Suionas.
799 4238 869 4282 -_-_-
964 4206 1289 4275 Ine/fabilem
1317 4228 1423 4266 esse
1453 4213 1678 4282 mysterii
1702 4214 1870 4268 crucis
1909 4216 2091 4271 altitu-

576 4280 778 4354 dinem.
792 4279 981 4332 Fidem
1010 4288 1122 4349 ejus
1144 4292 1434 4354 tam_unam
1481 4279 1585 4337 esse
1626 4300 1779 4352 quam
1807 4286 2089 4354 inﬁdelitas

576 4360 647 4427 est
674 4351 814 4427 varia
834 4358 884 4427 et
911 4354 1123 4427 incerta.
1156 4352 1309 4427 711.
1346 4353 1578 4407 Cessasse
1608 4358 1822 4427 ﬁguras,
1847 4351 1965 4423 quia
2004 4375 2089 4411 ve-

575 4422 702 4496 ritas
734 4420 928 4496 illuxit,
955 4426 1102 4495 cujus
1142 4424 1270 4496 ﬁdes
1293 4426 1471 4496 eadem
1499 4420 1697 4491 δεθηρἓ
1725 4420 1867 4496 [αἱῖζ
1892 4458 1962 4467 -
2002 4428 2086 4482 Ill.

575 4487 839 4543 Christum
880 4487 1045 4545 Deum
1085 4487 1419 4547 et'hominem
1461 4487 1747 4549 voluntarie
1794 4509 2090 4551 mortuum:

2278 3263 2412 3318 CAP.
2444 3262 2838 3318 ll.—Decurso
2864 3262 3043 3334 igitur,
3069 3261 3432 3327 dilectissimi,
3457 3270 3604 3318 textu
3634 3278 3825 3320 evan-

2207 3356 2395 3426 gelicae
2426 3355 2697 3423 lectionis,
2750 3370 2910 3425 qnam
2962 3354 3031 3411 de
3061 3355 3229 3425 gloria
3259 3355 3437 3410 crucis
3462 3354 3671 3409 Christi
3732 3356 3829 3411 in-

2206 3456 2354 3504 tento
2385 3449 2665 3514 accepistis
2695 3447 2904 3514 auditu,
2927 3448 3106 3501 omnia
3128 3447 3278 3502 vobis
3310 3456 3336 3494 8
3356 3446 3674 3502 divinorum
3700 3447 3829 3503 elo-

2203 3541 2449 3611 quiorum
2477 3540 2729 3611 mysteria
2754 3537 3020 3607 patefacta
3057 3538 3254 3593 sentite
3283 3554 3298 3605 ;
3331 3546 3385 3594 et
3408 3538 3679 3608 quidquid
3716 3538 3832 3595 sub

2204 3632 2532 3701 propheticis
2576 3630 3045 3686 testiﬁcationibus
3106 3630 3296 3685 umbra
3350 3630 3554 3685 veteris
3604 3630 3830 3685 Testa-

2201 3724 2369 3779 menti
2392 3724 2629 3789 velabat,
2679 3724 2732 3778 in
2789 3731 3130 3779 sacramento
3176 3721 3446 3792 passionis
3503 3721 3832 3779 Dominica:

2201 3818 2542 3873 manifestum
2586 3832 2709 3871 esse
2757 3817 3003 3885 gaudete.
3050 3815 3177 3871 Ideo
3214 3815 3357 3870 enim
3405 3814 3830 3872 sacriﬁciorum

2199 3908 2227 3947 ιι
2255 3911 2547 3965 varietates
2570 3920 2623 3965 et
2646 3909 3078 3979 puriﬁcationum
3100 3907 3419 3964 differentia
3443 3908 3834 3976 destiterunt,

2198 4001 2322 4057 ideo
2351 4002 2662 4056 mandatum
2711 4000 3161 4067 circumcisionis,
3212 4000 3457 4055 ciborum
3509 4000 3833 4067 discretio,

2199 4092 2367 4149 otium
2411 4093 2643 4159 sabbati,
2695 4101 2750 4149 et
2810 4091 3087 4163 paschalis
3125 4093 3246 4162 agni
3296 4091 3530 4147 cessavit
3567 4093 3835 4158 occisio,

2196 4186 2318 4256 quia
2362 4187 2446 4241 lea:
2484 4203 2574 4258 per
2606 4184 2807 4240 ‘Moseu
2836 4186 2961 4238 data
2991 4194 3086 4255 est,
3111 4185 3281 4256 gratia
3327 4194 3498 4240 autem
3523 4193 3571 4239 et
3615 4186 3842 4240 veritas

2195 4294 2285 4347 per
2313 4277 2496 4331 Iesum
2528 4275 2789 4331 Christum
2830 4280 2968 4348 facta
3007 4286 3079 4330 est
3111 4273 3289 4344 (Joan.
3328 4291 3365 4331 ι.
3407 4274 3519 4344 17).
3549 4275 3841 4333 Praeces-

2195 4380 2381 4425 serunt
2409 4370 2617 4440 ﬁgurte,
2667 4369 2684 4407 ί
2720 4377 2779 4424 ut
2807 4378 3166 4438 sequerentur
3185 4368 3430 4435 effectus,
3470 4378 3525 4423 et
3552 4368 3839 4426 adventu

2196 4477 2377 4517 rerum
2402 4463 2764 4516 nuntiatarum
2798 4462 2943 4517 ﬁnita
2976 4471 3103 4516 sunt
3129 4462 3309 4517 ofﬁcia
3344 4462 3702 4530 nuntiorum,
3746 4465 3840 4521 sic

574 4530 839 4633 ξὶέᾶιῖδὶξῆξ
858 4530 1131 4616 εἶξιξξξιίῖ
2112 4530 2168 4591 D
2194 4554 2635 4609 reconciliatione
2662 4553 2881 4608 humani
2928 4553 3143 4624 generis
3192 4562 3488 4624 temperata
3506 4598 3520 4621 ,
3548 4562 3615 4609 ut
3656 4557 3849 4612 salus

574 4629 767 4697 bolum,
793 4634 915 4685 dum
944 4632 1202 4688 Christum
1244 4635 1449 4703 occidit,
1480 4629 1757 4689 liberandis
1796 4635 2087 4696 hominibus

573 4868 600 4932 ξι
638 4858 1083 4932 Conjunctionem
1104 4865 1171 4922 et,
1194 4858 1837 4932 mutatainterpunctione
1865 4878 1891 4915 a
1911 4864 2082 4932 Ques-

502 4929 647 5011 nelln
690 4930 948 4993 adhibita,
980 4943 1051 4982 ex
1080 4927 1279 4982 nostris
1310 4928 1467 4983 codd.
1507 4927 1563 4985 et
1606 4942 1764 4987 antea
1808 4927 1968 4991 editis
1990 4952 2081 4992 re-

502 5008 793 5052 stttttitnus.

573 5069 599 5107 ι)
632 5070 772 5123 Editi
799 5080 921 5122 ante
951 5068 1319 5135 Quesnellum,
1361 5070 1690 5140 proclivibus.
1738 5077 1811 5130 At
1852 5075 1908 5130 in
1937 5092 2077 5132 mar-

502 5141 625 5192 gine
650 5141 1050 5192 nonnullorum.
1084 5140 1359 5192 urociduis.

499 5156 625 5209 gme
650 5155 1050 5204 nonnullorum,
1084 5155 1359 5207 praelatus.

572 5222 595 5283 ε
628 5210 703 5264 lia
728 5225 915 5283 omnes
942 5212 1117 5283 n05tri
1134 5210 1289 5265 codd.
1334 5219 1388 5265 et
1436 5213 1701 5270 editiones
1744 5225 1868 5271 ante
1905 5217 2077 5283 Ques-

501 5281 720 5345 nellum,
752 5281 889 5347 apud
913 5296 1073 5349 quem
1102 5282 1156 5333 in
1192 5297 1402 5336 occursu
1421 5324 1433 5346 ,
1460 5285 1600 5350 qttod
1627 5287 1677 5339 in
1707 5288 1858 5343 nullo
1888 5281 2074 5344 nostro

498 5354 682 5474 fugiet,-
723 5354 1051 5434 reperimus.
1092 5354 1258 5405 Antea
1294 5368 1390 5421 pro
1422 5357 1621 5423 utique,
1674 5359 1889 5425 quidam
1941 5376 2071 5415 mss.

518 5438 564 5475 ta
608 5432 807 5476 entita.

566 5463 1073 5559 sil-lanauesnellus
1110 5506 1231 5546 cum
1262 5494 1434 5562 prima
1485 5495 1718 5553 editione
1765 5509 1821 5553 et
1870 5502 2074 5556 nostris

499 5564 710 5640 optimae
744 5573 884 5640 noue
925 5564 1083 5640 codd.
1135 5564 1244 5628 AL,
1302 5582 1401 5640 non
1430 5566 1708 5640 suffecisse.
1752 5571 1877 5624 Mox
1906 5614 1920 5637 ,
1962 5589 2077 5640 quae

500 5635 901 5710 prtzdicavimus,
932 5650 961 5688 a
991 5635 1189 5710 Quesn.
1220 5636 1508 5710 suppleta,
1540 5638 1788 5707 leguntur
1813 5642 1869 5697 in
1902 5635 2074 5710 prima

495 5704 729 5759 editione
759 5716 810 5758 et
838 5708 888 5758 in
918 5708 1113 5761 nostris
1135 5706 1292 5761 codd.

573 5781 597 5811 ο
624 5772 803 5829 Prima
835 5776 1018 5835 editio.
1060 5780 1414 5833 vradicemus.
1444 5780 1576 5836 Cod.
1614 5780 1838 5839 Vcrccll.
1874 5786 2075 5843 omittit

2194 4659 2315 4713 quae
2336 4644 2388 4699 in
2415 4643 2633 4699 Christo
2663 4654 2767 4713 est,
2802 4643 2963 4699 nullis
2988 4643 3202 4699 saeculis
3236 4643 3335 4698 sub
3363 4644 3550 4700 eadem
3586 4644 3835 4716 justiﬁ-

2189 4883 2381 4921 omnes.
2411 4865 2556 4929 Mox,
2584 4881 2680 4935 pro
2706 4865 2939 4929 scientia,
2961 4865 3119 4932 alias,
3154 4865 3423 4919 sententia.

2263 4936 2284 4976 τ
2314 4936 2445 4991 Cod.
2474 4935 2733 5001 Vercell.,
2768 4936 2934 4989 habet.

2256 5017 2283 5055 ε
2311 5006 2489 5061 Prima
2510 5007 2677 5060 editio
2702 5021 2822 5062 cum
2851 5006 2973 5061 cod.
3017 5005 3152 5079 Bion.
3185 5013 3240 5060 et
3263 5006 3473 5079 duobus
3514 5005 3577 5062 S.
3619 5007 3849 5079 Petri,

2187 5079 2479 5132 divinorum
2505 5078 2867 5147 mysteriorum
2896 5078 3120 5148 eloquia.
3154 5080 3324 5148 Antea
3354 5077 3497 5131 nobis
3520 5093 3630 5148 pro
3664 5077 3851 5140 robii

2181 5149 2235 5203 in
2266 5148 2451 5203 eadem
2479 5150 2714 5203 editione
2743 5157 2797 5202 et
2825 5149 2876 5201 in
2905 5162 3008 5201 ms.
3040 5147 3275 5202 Vercell.

2261 5217 2286 5255 δ
2320 5218 2523 5273 Eadem
2544 5219 2710 5273 editio
2731 5226 2786 5273 et
2811 5218 2933 5273 cod.
2955 5217 3213 5284 Vercell.,
3247 5218 3485 5272 varietas.

2264 5286 2280 5325 ί
2319 5290 2388 5343 Ita
2419 5291 2756 5355 reposuimus
2782 5304 2846 5343 ex
2875 5289 3126 5343 omnibus
3162 5289 3366 5343 nostris
3393 5304 3523 5343 mss.
3556 5298 3627 5343 et
3694 5294 3855 5349 edi-

2186 5361 2424 5414 tionibus
2452 5360 2741 5427 Quesnello
2785 5360 3167 5424 anterioribus,
3198 5376 3319 5428 qua:
3360 5359 3532 5413 solum
3573 5358 3854 5421 habem

2184 5442 2477 5500 sequeretur
2503 5446 2600 5497 pro
2625 5440 2966 5500 sequerentur.
3000 5430 3153 5499 Apud
3192 5430 3342 5485 illum
3365 5446 3516 5494 vero,
3548 5441 3619 5482 ut
3659 5450 3859 5494 quin»

2184 5511 2419 5557 urentur
2440 5500 2671 5574 e/fectus.
2723 5501 2889 5574 Paulo
2925 5510 3099 5574 ante,_
3126 5500 3507 5574 Prwcesserunt
3548 5503 3737 5557 enim
3767 5509 3862 5574 ﬁ-

2183 5589 2328 5655 gara:
2363 5575 2415 5654 in
2464 5587 2599 5655 ms._
2625 5571 2975 5655 Vercellensi,
3017 5572 3171 5654 cujus
3208 5572 3529 5655 auctoritate
3575 5571 3858 5635 melius

2180 5641 2537 5714 judicavimus
2570 5641 2850 5697 delendam
2882 5642 3402 5714 prmpositionemgin
3423 5650 3549 5697 ante
3567 5655 3854 5705 vocem

2188 5712 2426 5771 adventu.
2457 5714 2632 5785 Prima
2663 5715 2830 5769 editio
2862 5712 3061 5784 pariter
3088 5716 3301 5785 ignorat
3328 5712 3464 5785 hanc
3504 5720 3856 5785 [ιι-εει)οεί-

2184 5788 2407 5847 tionem.
2434 5784 2531 5841 sed
2560 5784 2741 5849 habet,
2769 5794 2815 5840 et
2837 5785 3021 5853 eiectis
3049 5783 3220 5841 rerum
3241 5783 3636 5841 nuntiatarum.
