3980 6352
268 360 374 422 δτι

1659 351 1889 408 SERMO
1926 350 2116 407 LXIX.

3444 344 3555 408 378

271 477 482 535 eatione
522 471 800 539 defuerit;
844 476 898 527 et
945 469 1014 526 ad
1064 469 1169 525 hoc
1206 466 1525 523 dilationum
1565 463 1859 535 profecerit
1886 468 1935 525 A
1965 464 2090 519 dum
2118 472 2266 533 putat
2286 463 2490 536 aliquid
2516 463 2619 519 sibi
2644 463 2845 522 debere
2884 477 3044 535 quem
3093 462 3357 534 potuisset
3409 461 3555 521 occi-

271 574 428 638 ratio,
453 578 515 626 ut
544 584 664 640 quae
689 567 781 623 diu
803 565 1011 621 credita
1036 572 1163 620 sunt
1186 573 1473 634 antequam
1487 561 1702 627 ﬁerent,
1728 568 1753 597 α
1773 558 1860 614 in-

273 674 593 725 cunctanter
636 664 1053 718 honorarentur.
1097 660 1229 715 Nam
1272 674 1394 713 cum
1438 659 1604 713 virtus
1654 656 1778 712 ﬁdei
1809 656 1863 710 in

271 763 335 817 iis
364 775 486 830 quae
508 757 647 814 visui
693 771 800 812 non
824 754 1107 825 subjacent
1130 754 1417 808 constituta
1462 750 1531 805 sit
1560 748 1748 823 (Hebr.
1782 762 1860 814 ιι,

277 856 351 923 ι),
405 850 773 922 indulgentius
812 848 1093 903 nobiscum
1136 844 1247 916 egit
1294 842 1540 899 doctrina
1583 841 1821 897 caelestis
1846 884 1861 909 ,

275 961 405 1016 quos
434 944 491 999 in
518 943 637 998 hxec
673 940 857 996 mundi
888 936 1176 1009 temporab
1216 936 1444 999 distulit,
1491 944 1548 989 ut
1594 934 1756 1006 269
1798 930 1865 986 ad

278 1037 650 1108 intelligentia
678 1035 1007 1099 facilitatem,
1027 1032 1195 1086 multo
1219 1029 1463 1102 pluribus
1487 1043 1644 1099 quam
1660 1027 1867 1098 priores

277 1144 327 1189 et
348 1132 566 1187 vatibus
590 1138 869 1185 uteremur
894 1138 949 1183 et
979 1126 1226 1181 testibus.
1782 1112 1789 1119 ’

342 1226 477 1282 CAP.
510 1224 601 1280 Ill.
621 1253 693 1265 —-—
722 1222 875 1292 Quod
909 1238 1035 1292 ergo
1060 1220 1218 1275 nobis
1248 1217 1318 1273 de
1370 1216 1619 1286 passione
1657 1214 1871 1270 Domini

238 1348 239 1351 η
277 1318 403 1375 Jesu
432 1315 638 1372 Christi
657 1330 809 1370 sacra
839 1324 892 1369 et
907 1313 1076 1383 digito
1097 1311 1193 1366 Dei
1222 1310 1421 1379 scripta
1438 1308 1733 1380 Evangelia
1754 1322 1873 1378 pro-

279 1419 572 1473 testantur,
606 1408 726 1463 sine
753 1406 941 1460 nubilo
973 1403 1334 1459 haesitationis
1364 1401 1629 1471 accipite;
1685 1409 1739 1456 et
1785 1414 1873 1455 re-

281 1518 398 1557 rum
438 1511 720 1572 gestarum
766 1499 1009 1554 ordinem
1052 1507 1160 1552 tam
1200 1496 1455 1551 habetote
1493 1493 1870 1561 manifestum,

284 1608 305 1635 ε
324 1611 491 1665 quam
514 1594 562 1649 si
584 1592 762 1648 omnia
780 1604 1041 1660 corporeo
1061 1598 1116 1643 et
1134 1589 1253 1643 visu
1271 1586 1607 1657 attingeretis
1627 1594 1681 1641 et
1703 1595 1869 1641 tactu.

281 1688 422 1742 Vera
454 1689 509 1741 in
540 1686 760 1741 Christo
781 1685 961 1738 Deitas
992 1690 1046 1737 et
1088 1697 1216 1737 vera
1247 1681 1501 1734 credatur
1544 1678 1872 1732 humanitas.

278 1782 403 1851 Ipse
426 1789 510 1834 est
540 1794 668 1835 caro
691 1778 783 1849 qui
814 1776 1075 1840 Verbum,
1100 1784 1156 1829 et
1185 1775 1323 1829 sicut
1349 1772 1507 1827 unius
1542 1787 1665 1827 cum
1715 1770 1875 1826 Patre

1966 559 2116 625 dere,
2145 574 2249 614 non
2281 560 2411 613 vidit
2437 559 2744 614 libertatem
2784 558 3075 629 singularis
3102 558 3446 626 innocentiae,
3476 558 3551 615 si-

1966 651 2318 708 militudinem
2352 652 2725 723 persequendo
2746 660 2971 707 naturae.
2997 650 3113 706 Non
3134 660 3311 707 autem
3338 651 3556 709 errabat

1966 745 2023 801 in
2049 761 2268 816 genere,
2298 745 2393 800 sed
2422 745 2705 801 fallebatur
2739 748 2789 800 in
2816 746 3063 801 crimine.
3087 744 3261 800 Adam
3286 746 3427 801 enim
3456 745 3559 817 pri-

1969 855 2108 907 mus,
2132 843 2292 913 27o
2331 850 2387 896 et
2411 840 2579 896 Adam
2608 842 2902 911 secundus,
2946 858 3109 898 unum
3158 854 3312 900 erant
3357 860 3553 916 carne,

1970 950 2077 990 non
2106 950 2273 1005 opere
2298 953 2309 988 :
2346 944 2399 989 et
2428 934 2482 989 in
2505 934 2599 989 illo
2625 950 2815 991 omnes
2846 937 3173 1007 moriuntur,
3210 938 3263 992 in
3313 939 3414 993 isto
3440 954 3555 994 om-

1970 1042 2068 1083 nes
2097 1027 2510 1083 viviﬁcabuntur
2538 1027 2581 1100 (l
2608 1027 2729 1082 Cor.
2761 1043 2854 1091 xv,
2884 1028 3001 1096 22).
3032 1029 3129 1084 ille
3158 1045 3256 1099 per
3294 1030 3559 1098 superbire

1970 1121 2318 1191 cupiditatem
2352 1122 2452 1175 iter
2478 1119 2686 1175 fecitad
2714 1120 3007 1186 miseriam,
3024 1120 3110 1175 hic
3134 1136 3229 1189 per
3248 1122 3562 1175 humilitatis

1971 1214 2345 1271 fortitudinem
2398 1215 2539 1268 viam
2590 1213 2797 1283 paravit
2850 1214 2914 1267 ad
2963 1215 3209 1285 gloriam.
3242 1214 3397 1270 Unde
3448 1217 3562 1286 ipse

1973 1311 2142 1367 dicit:
2171 1310 2284 1382 Ego
2314 1328 2427 1365 sum
2458 1311 2556 1377 via,
2582 1319 2630 1363 et
2658 1309 2861 1374 veritas,
2905 1318 2950 1363 et
2976 1310 3079 1361 vita
3112 1308 3288 1380 (Joan.
3343 1325 3449 1377 xlv,
3482 1308 3559 1380 6).

1973 1405 2071 1459 Via
2100 1404 2327 1470 scilicet,
2359 1403 2410 1459 in
2434 1402 2605 1457 forma
2635 1400 3241 1471 conversationisjusta:
3276 1418 3290 1466 ;
3336 1403 3562 1467 veritas,

1974 1501 2026 1557 in
2054 1500 2456 1572 exspectatione
2482 1497 2510 1537 ιι
2541 1499 2621 1555 rei
2653 1509 2815 1555 certa:
2841 1514 2855 1564 ;
2884 1497 2993 1553 vita
3023 1496 3077 1552 iu
3108 1498 3455 1567 perceptione
3485 1496 3562 1552 fe~

1974 1595 2194 1652 licitatis
2211 1606 2449 1651 :eternw.

2046 1690 2177 1745 CAP.
2212 1688 2300 1743 IV.
2327 1717 2396 1729 -—
2425 1686 2537 1741 Hoc
2567 1701 2774 1756 magna:
2800 1686 3016 1756 pictatis
3038 1692 3453 1751 sacramentum,
3486 1682 3566 1739 di-

1980 1780 2285 1845 lectissimi,
2311 1781 2451 1836 sicut
2491 1780 2713 1835 Judaica
2737 1778 3008 1848 impietas,
3040 1778 3112 1833 ita
3162 1778 3427 1833 diabolica
3472 1794 3565 1833 su-

276 1874 622 1941 substantize,
654 1872 725 1927 ita
759 1870 922 1926 unius
948 1884 1071 1926 cum
1098 1877 1271 1924 matre
1304 1875 1533 1922 naturis.
1564 1862 1592 1903 ἀ
1637 1864 1751 1921 Νοη
1779 1879 1869 1934 ge-

1998 1875 2160 1931 )erbia
2193 1873 2491 1930 nesciebat.
2518 1873 2580 1926 Si
2605 1871 2741 1927 enim
2762 1873 3134 1944 cognovissent,
3159 1886 3437 1936 numquam
3463 1868 3569 1923 Do-

273 1971 525 2026 minatus
556 1981 809 2039 persona,
848 1980 953 2020 non
984 1963 1246 2019 confusus
1283 1961 1561 2025 essentia;
1612 1967 1878 2030 potestate

272 2059 658 2132 impassibilis,
686 2056 993 2111 humilitate
1014 2054 1263 2110 mortalis
1293 2069 1309 2120 ;
1354 2062 1378 2090 ⁶
1408 2052 1503 2107 sed
1536 2060 1763 2121 utraque
1799 2050 1879 2105 sic

274 2165 472 2219 utens,
504 2161 567 2207 ut
590 2159 645 2207 et
670 2149 843 2204 virtus
866 2146 1172 2218 gloriﬁcare
1199 2153 1382 2215 posset
1402 2144 1792 2213 inﬁrmitatem,
1826 2151 1881 2198 et

220 2236 225 2279 ⁵
270 2247 577 2302 inﬁrmitas
596 2259 702 2300 non
731 2242 938 2297 valeret
967 2241 1264 2297 obscurare
1293 2239 1567 2295 virtutem.
1618 2236 1882 2309 Compre-

268 2342 455 2397 hendi
479 2355 539 2396 se
566 2337 585 2377 ί
609 2355 637 2393 a
658 2336 1095 2409 persecutoribus
1122 2335 1343 2405 patitur,
1359 2335 1447 2403 qui
1470 2334 1708 2391 continet
1724 2349 1881 2389 mun-

267 2438 445 2502 dum,
472 2445 529 2491 et
556 2449 739 2491 eorum
761 2432 1011 2488 manibus
1038 2430 1289 2497 nectitur,
1324 2445 1550 2501 quorum
1583 2430 1746 2486 corde
1772 2446 1877 2484 non

265 2532 527 2599 capitur.
556 2526 765 2582 Justitia
786 2540 892 2580 non
918 2522 1123 2580 resistit
1150 2522 1387 2592 injustis,
1426 2531 1480 2578 et
1505 2522 1649 2577 cedit
1680 2522 1881 2577 veritas

269 2623 619 2680 testimoniis
656 2619 909 2674 falsitatis
941 2636 954 2671 :
994 2629 1047 2673 ut
1072 2632 1296 2673 manens
1320 2616 1373 2671 in
1401 2615 1574 2671 forma
1603 2615 1731 2679 Dei,
1772 2614 1885 2670 for-

266 2732 442 2772 mam
469 2715 713 2785 impleret
741 2711 908 2779 servi,
940 2720 995 2765 et
1020 2710 1303 2766 veritatem
1334 2723 1609 2778 corporeae
1636 2707 1884 2762 nativita-

266 2813 346 2865 tis
383 2808 737 2866 conﬁrmaret
760 2804 965 2859 saevitia
992 2816 1275 2873 corporeae
1304 2800 1717 2871 passionis.Sed
1746 2799 1884 2855 hanc

267 2903 587 2973 Unigenito
615 2899 704 2953 Dei
732 2896 916 2951 subire
941 2904 995 2951 et
1026 2895 1253 2965 perpeti,
1285 2908 1391 2948 non
1416 2892 1657 2949 conditio
1687 2906 1883 2947 neces-

265 2994 497 3057 sitatis,
518 2991 612 3046 sed
632 2987 1016 3044 misericordiae
1042 2986 1141 3040 fuit
1164 2984 1335 3040 ratio:
1356 2994 1410 3038 ut
1435 2986 1498 3038 de
1518 2993 1721 3054 peccato
1740 2985 1886 3037 dam-

266 3096 449 3142 naret
497 3094 757 3154 peccatum
802 3081 987 3152 (Rom.
1013 3095 1129 3146 vru,
1161 3078 1242 3151 5),
1288 3087 1343 3134 et
1397 3078 1593 3133 diaboli
1645 3092 1781 3148 opus
1816 3077 1885 3133 de

265 3204 467 3260 Opere
494 3185 692 3243 diaboli
719 3183 1041 3238 solveretur.
1072 3179 1327 3235 Inimicus
1363 3178 1504 3232 enim
1544 3175 1763 3230 humani
1791 3190 1886 3246 ge~

263 3284 450 3340 neris
478 3291 505 3330 ε
537 3276 926 3336 mortiﬁcanda:
956 3275 1010 3330 in
1033 3275 1148 3344 ipsa
1173 3272 1383 3343 origine
1425 3270 1762 3327 universitati
1804 3270 1885 3323 le-

264 3379 449 3433 thale
475 3375 667 3428 vulnus
690 3370 967 3435 intulerat,
995 3382 1094 3423 nec
1116 3375 1330 3438 poterat
1359 3364 1630 3419 declinare
1665 3361 1752 3431 jus
1782 3360 1899 3417 fera

265 3482 458 3525 reum
486 3464 711 3522 dedititii
740 3460 967 3517 seminis
996 3462 1199 3529 captiva
1234 3455 1538 3527 progenies.
1584 3454 1737 3511 Unde
1765 3470 1889 3509 cum

263 3562 300 3605 ιι
336 3564 407 3619 in
458 3570 537 3617 tot
572 3556 1009 3631 generationibus
1049 3552 1263 3609 mortali
1308 3552 1410 3606 sibi
1452 3551 1571 3620 lege
1606 3549 1886 3618 subjectis,

265 3670 470 3712 unum
502 3654 709 3707 videret
738 3650 879 3704 inter
909 3646 1185 3701 hominum
1209 3644 1367 3707 ﬁlios,
1407 3643 1560 3713 cujus
1596 3640 1614 3679 ί
1662 3642 1890 3696 virtutes

268 3763 471 3820 super
492 3759 679 3800 omnes
716 3743 884 3797 totius
916 3737 1173 3810 temporis
1202 3745 1417 3792 sanctos
1462 3736 1751 3790 miraretur
1789 3748 1887 3789 ex-

264 3845 529 3908 cellere,
559 3854 805 3895 securum
835 3851 897 3891 se
922 3834 1037 3890 fore
1056 3830 1291 3888 credidit
1317 3830 1384 3885 de
1412 3830 1773 3899 perpetuitate
1803 3826 1890 3882 sui

220 4002 227 4009 _
266 3939 459 4010 juris,
506 3938 524 3986 l
562 3934 608 3989 si
631 3932 775 3987 nulla
804 3929 1022 4001 justitiae
1046 3926 1237 3983 merita
1268 3925 1459 3981 mortis
1480 3925 1602 3995 jura
1632 3938 1890 3994 superare

268 4030 623 4104 potuissent.
652 4024 889 4080 Famulis
916 4024 1095 4092 itaque
1116 4021 1227 4075 suis
1250 4027 1306 4074 et
1334 4017 1702 4089 stipendiariis
1722 4018 1890 4073 vehe-

269 4121 539 4181 mentius
594 4117 849 4183 incitatis,
896 4115 951 4171 in
999 4113 1367 4185 praeiudicium
1412 4126 1568 4166 suum
1618 4112 1793 4177 saevit,
1832 4120 1887 4166 et

354 4329 391 4357 ι
432 4317 744 4373 Lectionem
771 4312 1013 4369 omnium
1066 4311 1333 4366 editorum
1380 4316 1505 4363 ante
1531 4308 1881 4375 Quesnellum

272 4390 605 4464 potioribus
643 4387 841 4441 nostris
883 4383 1041 4464 codd.
1078 4383 1320 4464 innixam
1361 4379 1887 4464 revogavimuszllle

270 4451 451 4529 vero,
514 4460 869 4512 incunctanter
918 4457 1055 4526 facta
1092 4454 1439 4529 ihonorentur.
1484 4451 1688 4506 Nomen
1752 4452 1889 4521 facta

271 4535 449 4591 nullo
476 4533 531 4585 in
560 4546 660 4585 ms.
690 4530 933 4585 invenire
956 4528 1250 4595 potuimus.

356 4605 395 4644 δ
429 4606 561 4657 Erat
607 4601 657 4655 in
684 4600 844 4655 editis
871 4593 995 4652 ante
1018 4597 1221 4665 Quesn.
1256 4611 1378 4650 cum
1424 4593 1584 4649 codd.
1625 4594 1893 4664 posterio-

272 4694 417 4733 rum
450 4673 856 4734 collectionuni,
890 4669 1089 4722 distulit
1120 4670 1188 4719 ad
1212 4666 1565 4737 intelligentia:
1593 4666 1894 4737 facultatem

276 4759 339 4802 ut
399 4749 575 4800 multo
601 4744 851 4813 pluribus,
909 4752 1014 4813 etc.
1061 4738 1380 4813 Quesnellus
1429 4737 1559 4813 nihil
1628 4740 1891 4813 innuens,

274 4806 634 4879 emendavit,
660 4826 714 4869 ut
742 4815 792 4868 in
824 4806 954 4868 mss.
978 4810 1037 4866 S.
1070 4806 1214 4863 l’etri
1246 4818 1300 4864 et
1327 4808 1559 4863 Vercell.
1586 4806 1892 4879 praefertur.

275 4892 451 4955 uox,
471 4902 575 4958 pro
592 4878 871 4951 uteremur,
896 4884 950 4938 in
972 4880 1142 4953 prima
1164 4880 1400 4935 editione
1417 4889 1471 4933 et
1496 4879 1549 4934 in
1576 4878 1699 4935 cod.
1734 4879 1895 4945 Bon.,

276 4974 857 5087 urgﬂCeond‘frilercell"
885 5024 1031 5095 quasi
1060 5023 1261 5077 omnia.
1279 5060 1325 5077 ..
1352 5021 1646 5095 atligeritis.

362 5102 396 5139 ά
432 5103 551 5167 ΑΙ.,
582 5115 682 5154 ηοη
713 5093 960 5151 minutus.
993 5095 1197 5163 Quasn.
1228 5096 1280 5148 in
1309 5093 1566 5167 margine.

369 5184 399 5211 ε
436 5164 590 5227 Haud
630 5169 981 5237 intelligimus
1010 5183 1106 5221 cur
1136 5168 1278 5221 hanc
1304 5164 1436 5218 satis
1465 5178 1757 5237 congruam
1782 5177 1899 5237 om-

282 5249 455 5303 nium
482 5251 542 5297 et
561 5251 715 5296 antea
740 5234 1007 5295 editorum
1029 5247 1083 5291 et
1106 5246 1411 5291 nostrorum
1439 5234 1687 5289 codicum
1711 5235 1900 5290 lectio-

284 5332 431 5374 nem
466 5311 831 5380 repudiaverit
875 5308 1219 5376 Quesnellus,
1254 5314 1309 5380 et
1340 5305 1587 5380 rejecerit
1615 5307 1670 5360 in
1703 5309 1902 5375 margi-

286 5404 454 5451 nem,
486 5378 550 5441 ut
577 5385 926 5438 substitueret
964 5382 1141 5441 istam,
1174 5378 1262 5451 sed
1293 5386 1506 5451 utraque
1536 5378 1607 5451 sic
1628 5379 1901 5451 continens

288 5447 458 5514 nullo
489 5472 594 5511 ms.
624 5455 882 5513 indicato,
910 5467 1030 5522 quae
1062 5450 1202 5505 haud
1228 5464 1381 5516 reque
1407 5447 1686 5522 Satisfacit.

376 5529 402 5567 ί
437 5528 531 5583 Sic
561 5527 803 5596 plerique
829 5536 884 5579 et
907 5520 1159 5577 meliores
1182 5535 1312 5574 mss.
1336 5536 1438 5596 nec
1461 5534 1574 5596 non
1595 5520 1724 5596 editi
1753 5527 1904 5574 ante-

288 5604 486 5658 tiores
512 5590 829 5667 Quesnello,
858 5597 1000 5664 quia
1029 5592 1441 5667 pergeqttentibus
1472 5590 1679 5667 maluit.

378 5682 411 5720 ι
438 5660 635 5726 ἰωτεχ
677 5660 890 5723 duobus
930 5680 1065 5720 mss.
1116 5660 1360 5718 S.‘Petri
1408 5671 1463 5717 et
1502 5661 1636 5716 Cod.
1673 5660 1900 5715 Vercell.

296 5743 501 5813 Vulg.,
529 5741 867 5809 mortiﬁcata.
907 5738 1073 5793 Paulo
1103 5743 1244 5805 post,
1275 5734 1505 5787 damnati
1536 5748 1632 5803 pro
1660 5732 1899 5797 dedititii,

296 5816 363 5865 in
396 5830 499 5865 ms.
536 5813 764 5865 Vercell.

486 5854 499 5867 .
540 5828 764 5867 verceu.

292 5832 363 5876 ω
396 5830 499 5869 ms.
540 5828 764 5867 verceu.

380 5883 416 5925 ³
437 5884 759 5959 Praepositio
787 5883 841 5937 in
867 5880 1019 5937 deest
1045 5878 1103 5935 in
1134 5878 1305 5937 tribus
1337 5876 1534 5933 nostris
1568 5890 1673 5934 non
1706 5874 1905 5943 intimo:

1979 1970 2176 2024 minum
2204 1965 2222 2005 ι
2257 1966 2543 2039 majestatis
2569 1964 2945 2035 cruciﬁxissent
2977 1964 3021 2036 (Ι
3051 1962 3175 2017 Cor.
3224 1979 3284 2027 ιι,
3321 1962 3399 2033 8).
3458 1962 3569 2018 Sed

1980 2061 2105 2133 quia
2133 2060 2341 2115 hostem
2364 2057 2579 2129 generis
2616 2056 2831 2110 humani
2868 2056 3069 2111 latebat
3094 2055 3379 2109 consilium
3406 2054 3569 2110 mise-

1984 2150 2232 2207 ricordiae
2266 2149 2383 2215 Dei,
2441 2156 2497 2203 et
2540 2155 2791 2218 OppOSth
2824 2146 3004 2202 carnis
3035 2146 3301 2202 velamine
3347 2146 3487 2201 Deus
3517 2147 3573 2201 in

1982 2246 2187 2303 Christo
2226 2243 2471 2298 mundum
2511 2243 2611 2297 sibi
2659 2240 3001 2296 reconcilians
3043 2240 3325 2310 tegebatur
3347 2239 3417 2309 (ll
3452 2240 3572 2294 Cor.

1983 2356 2037 2407 v,
2072 2336 2162 2408 i9)
2197 2352 2211 2392 :
2264 2335 2504 2406 perstitit
2548 2334 2601 2388 in
2632 2348 2755 2390 eum
2788 2332 2991 2398 furere,
3048 2333 3099 2387 in
3130 2347 3237 2401 quo
3264 2331 3395 2386 nihil
3418 2347 3574 2388 suum

1984 2438 2199 2507 poterat
2228 2429 2490 2483 invenire.
2511 2426 2647 2482 Nam
2676 2435 2730 2481 et
2766 2426 3081 2496 malignitati
3109 2424 3224 2494 ejus
3270 2424 3373 2479 hoc
3406 2425 3577 2496 magis

1986 2525 2250 2596 potuisset
2275 2522 2533 2592 prodesse
2566 2529 2606 2557 ω
2636 2520 2679 2574 si
2707 2527 2972 2590 parceret,
3005 2527 3060 2573 et
3101 2532 3160 2573 se
3205 2518 3272 2572 ab
3316 2517 3578 2573 effusione

1986 2618 2106 2689 ejus
2135 2614 2410 2686 sanguinis
2452 2612 2770 2675 abstineret,
2820 2625 2914 2681 per
2960 2624 3121 2679 quem
3171 2610 3411 2664 omnium
3462 2616 3579 2664 erat

1986 2709 2244 2767 solvenda
2273 2706 2577 2777 captivitas,
2612 2712 2666 2759 et
2688 2701 2987 2773 reparanda
3013 2702 3251 2757 libertas.
3276 2701 3383 2757 Sed
3404 2700 3579 2756 lucem

1988 2804 2226 2861 tenebrae
2256 2817 2360 2857 non
2384 2796 2912 2869 comprehenderunt
2929 2794 3107 2861 (Joan.
3142 2812 3179 2861 ι,
3205 2794 3285 2866 5),
3309 2809 3409 2850 nec
3429 2807 3580 2849 men-

1989 2903 2091 2956 dax
2144 2900 2361 2957 cmcitas
2412 2897 2730 2967 sapientiam
2777 2892 2951 2964 potuit
2993 2888 3240 2945 veritatis
3286 2888 3580 2957 inspicere.

1989 2992 2189 3053 Tenuit
2236 2992 2417 3061 itaque
2448 2997 2476 3025 ιι
2504 2986 2816 3057 dispositam
2849 2980 3211 3039 mansuetudo
3240 2978 3577 3050 patientiam,

1990 3095 2045 3141 et
2075 3085 2309 3141 cohibita
2354 3080 2725 3135 famulantium
2760 3077 2860 3133 sibi
2890 3074 3251 3145 angelicorum
3283 3071 3480 3125 virtute
3506 3070 3582 3125 le-

1911 3216 1958 3279 Ο
1990 3181 2230 3249 gionum,
2259 3177 2434 3231 hausit
2454 3173 2678 3229 calicem
2707 3170 2911 3225 doloris
2943 3178 2996 3223 et
3038 3166 3249 3230 mortis,
3299 3173 3582 3234 totumque

2137 3272 2166 3279 ..
2208 3271 2220 3279 .
2352 3277 2358 3279 .
2504 3275 2512 3279 -
2652 3265 2665 3277 .
2732 3271 2745 3279 .
2783 3263 2795 3275 .
3114 3257 3254 3279 ,ρης
3288 3266 3407 3279 ,,,,,
3436 3269 3553 3279 __-

1992 3271 2317 3342 supplicium
2348 3265 2622 3323 transtulit
2651 3265 2703 3319 in
2730 3261 3084 3332 triumphum.
3114 3257 3255 3313 Victi
3287 3266 3412 3311 sunt
3432 3269 3584 3311 erro-

1991 3382 2103 3433 res,
2131 3367 2367 3421 subactae
2397 3370 2523 3419 suut
2549 3367 2866 3432 potestates,
2891 3352 3100 3421 accepit
3122 3367 3319 3407 novum
3354 3350 3585 3403 mundus

1992 3456 2278 3513 exordium
2300 3471 2312 3507 :
2337 3462 2394 3507 ut
2416 3451 2669 3506 damnata
2689 3446 2970 3519 generatio
2991 3458 3095 3498 non
3128 3442 3361 3506 obesset,
3394 3439 3587 3509 quibus

1994 3548 2273 3607 salvandis
2292 3542 2629 3616 regeneratio
2657 3539 2985 3595 subveniret.
3004 3534 3356 3589 Transierunt
3376 3540 3583 3600 vetera,

1995 3652 2052 3700 et
2077 3651 2101 3679 ο
2131 3657 2255 3699 ecce
2281 3641 2414 3694 facta
2446 3645 2571 3691 sunt
2591 3634 2771 3691 omnia
2817 3644 2960 3686 nova
3007 3628 3075 3699 (ll
3097 3626 3215 3682 Cor.
3245 3642 3301 3695 v,
3330 3625 3389 3695 7)
3415 3641 3430 3691 ;
3463 3626 3585 3679 uni-

1998 3750 2280 3795 versorum
2310 3733 2453 3789 enim
2480 3731 2531 3785 in
2572 3726 2794 3785 Christo
2824 3721 3162 3779 credentium
3192 3728 3245 3774 et
3296 3718 3350 3773 in
3400 3724 3586 3772 sancto

1998 3830 2203 3903 Spiritu
2232 3833 2569 3888 renatorum,
2595 3835 2690 3890 per
2717 3820 2889 3889 ipsum
2920 3824 2976 3871 et
3023 3828 3145 3868 cum
3184 3812 3302 3880 ipso
3344 3823 3450 3863 una
3499 3817 3585 3862 est

1997 3937 2025 3977 ρ
2055 3933 2112 3980 et
2141 3918 2404 3993 passionis
2452 3914 2681 3971 societas
2722 3919 2777 3966 et
2827 3905 3241 3964 resurrectionis
3285 3902 3583 3966 aeternitas,

1997 4019 2211 4075 dicente
2245 4011 2551 4085 Apostolo:
2595 4005 2794 4062 Μονιηὶ
2839 4003 2975 4057 enim
3011 4000 3153 4065 estis,
3199 4006 3248 4052 et
3280 3997 3382 4051 vita
3424 4002 3587 4050 vestra

1995 4108 2292 4166 abscondita
2318 4114 2393 4159 est
2423 4117 2540 4157 cum
2568 4098 2772 4154 Christo
2804 4097 2857 4149 in
2888 4093 3021 4148 Deo.
3058 4091 3188 4147 Cum
3223 4099 3394 4144 autem
3436 4086 3586 4143 Chri-

1992 4314 2133 4364 notae
2156 4305 2315 4360 codd.
2343 4303 2465 4357 Mox
2487 4300 2596 4354 duo
2628 4296 2787 4353 codd.
2823 4295 2881 4351 S.
2917 4294 3085 4363 Petri,
3130 4292 3443 4364 mortalium,
3488 4304 3588 4359 pro

1991 4363 2220 4442 mortali,
2258 4388 2309 4430 et
2340 4388 2437 4428 ms.
2474 4369 2752 4442 Vercell.,_
2764 4366 3062 4442 prouideret
3094 4379 3191 4434 pro
3216 4363 3427 4442 uideret.

2072 4431 2299 4503 iWSic'ex
2319 4444 2531 4499 duobus
2560 4456 2689 4496 mss.
2722 4431 2782 4493 ει
2815 4438 2984 4504 Petri,
3021 4445 3074 4492 et
3097 4431 3169 4490 ex
3201 4434 3322 4490 cod.
3354 4431 3586 4488 Vercell.

1997 4522 2083 4578 Al.
2099 4563 2112 4584 ,
2143 4521 2402 4574 virtutem.

2074 4572 2270 4646 i'Editi
2317 4602 2438 4643 cum
2481 4600 2613 4641 mss.
2643 4583 2857 4641 collect.
2890 4581 2923 4634 5
2954 4589 3008 4633 et
3036 4580 3093 4643 ti,
3140 4577 3185 4631 si
3210 4576 3355 4647 nulla
3372 4572 3591 4647 justitite

2001 4644 2189 4719 marita
2208 4675 2354 4715 stevte
2382 4658 2661 4727 potuissent
2692 4667 2935 4727 superare
2958 4651 3061 4727 virts
3080 4649 3280 4727 mortis.
3303 4644 3436 4727 .
3469 4644 3587 4727 vat.

1921 4720 1974 4783 Ῐ)
2000 4714 2212 4790 col-iecit.
2236 4731 2269 4785 5
2290 4714 2511 4789 omittit,
2543 4742 2711 4781 statim.
2736 4714 3072 4780 Lectionaria
3091 4721 3151 4776 S.
3181 4718 3348 4776 Petri,
3375 4718 3417 4790 si
3444 4714 3591 4769 nulla

1994 4789 2215 4880 justitia:
2242 4818 2351 4880 sua:
2379 4800 2557 4880 merita
2586 4815 2676 4880 per
2703 4814 2756 4851 se
2777 4789 3594 4880 potuissentsttjperare‘uimnter-

2005 4858 2091 4932 iis.
2127 4875 2292 4942 Magis
2320 4870 2560 4926 Leonina
2582 4858 2700 4942 visa
2738 4858 2820 4923 est
2852 4863 3011 4919 lectio
3046 4858 3167 4917 cod.
3209 4858 3593 4926 Vercellensis,

2003 4963 2170 5019 quain
2196 4940 2396 4998 idcirco
2428 4940 2593 5019 textui
2624 4941 2968 5018 inseruimus.

2077 5017 2104 5055 ιι
2134 5018 2313 5079 Forte,
2340 5012 2841 5083 speiaQussusnws
2865 5008 2916 5060 in
2947 5003 3209 5083 margine.

2083 5086 2102 5125 ι
2130 5088 2270 5142 Editi
2303 5072 2438 5138 ante
2464 5072 2665 5149 Quesn.
2700 5096 2821 5135 cum
2858 5091 2989 5132 mss.
3024 5077 3184 5129 trium
3234 5072 3591 5143 posteriorum

2007 5159 2406 5214 collectionum.
2435 5154 2634 5226 glorite,

2076 5241 2116 5267 ιιι
2151 5229 2208 5283 in
2237 5229 2404 5296 prima
2435 5213 2580 5279 "edit.
2609 5213 2682 5296 et»
2706 5219 2829 5296 cod.
2868 5218 3028 5296 Bon.,
3052 5217 3097 5270 si
3140 5224 3368 5286 parceret
3410 5213 3474 5279 ei,
3507 5227 3598 5282 per

2005 5317 2176 5374 quem,
2209 5290 2543 5374 intermediis
2574 5294 2754 5374 verbis
2782 5290 3021 5374 omissis.

2076 5380 2104 5407 υ
2133 5353 2209 5425 lia
2238 5370 2430 5425 melius
2468 5382 2531 5420 ex
2563 5366 2775 5420 duobus
2806 5376 2935 5417 mss.
2971 5360 3026 5415 S.
3058 5357 3225 5413 Petri.
3254 5356 3367 5421 AL,
3412 5353 3594 5420 dispo-

2006 5444 2125 5498 sita.

2082 5494 2123 5549 δή
2154 5513 2286 5567 Ecce
2315 5516 2601 5565 revocatur
2637 5524 2701 5562 ex
2746 5506 2996 5561 omnibus
3041 5503 3198 5556 editis
3242 5506 3363 5550 ante
3390 5494 3594 5567 Quesn.

2011 5596 2065 5643 et
2086 5566 2477 5653 exipotioribus
2509 5594 2639 5634 mss.
2667 5579 2795 5653 Mox
2823 5576 2952 5631 editi
2979 5588 3112 5653 cum
3140 5568 3409 5653 aliquibus
3433 5566 3596 5621 codd.

2011 5642 2281 5712 inferioris
2312 5664 2474 5716 nota},
2506 5661 2561 5704 ut
2589 5651 2937 5705 universorum
2973 5647 3025 5698 in
3051 5642 3252 5697 Christo
3276 5678 3289 5692 .
3314 5680 3327 5693 .
3346 5680 3359 5692 .
3388 5653 3492 5692 una
3520 5653 3601 5693 es-

2012 5739 2112 5851 mr')
2140 5740 2255 5859 ἕξω
2276 5797 2461 5853 unctio
2504 5803 2553 5850 et
2593 5792 2798 5863 adjecta
2828 5804 2892 5843 ex
2916 5787 3124 5843 duobus
3167 5798 3299 5840 mss.
3337 5781 3397 5839 S.
3432 5778 3597 5847 Petri.
