3980 6352
299 366 389 427 Ri
1700 372 1939 434 SERMO
1969 370 2129 434 LXX.

3476 380 3587 445 382

297 483 808 544 Christussz
830 485 1013 543 mundi
1044 485 1437 557 captivitatem
1460 494 1495 524 ι
1516 485 1684 543 humi
1715 488 1959 550 inter-vA
1990 497 2077 544 est
2117 489 2183 545 in.
2203 489 2323 545 Deo
2358 489 2675 559 iuuenum,
2707 498 2762 549 et
2816 490 2960 551 Dens
2988 500 3151 551 verus
3193 500 3285 553 est
3320 496 3376 553 tn
3419 504 3587 556 carne

297 579 518 638 ﬁcerent
548 580 788 636 omnium
816 579 1269 650 Redemptorems

528 674 597 733 ll.
616 703 689 718 --
705 675 1010 733 deuravic
1029 674 1057 714 δ
1085 691 1228 746 ergo:
1246 674 1717 731 annalemelsrael'
1735 672 1890 729 maii-

294 770 473 843 gnitas
502 785 629 837 sua,
661 780 725 827 et
742 770 883 829 nihil,
907 770 957 825 ei
987 769 1121 840 legis
1150 771 1480 835 testiﬁcatio,
1518 769 1657 825 nihil
1683 775 1884 839 myste-

292 861 817 929 rioruminngines,
851 861 987 918 nihil
1012 862 1397 933 prophetarum
1426 862 1640 916 oracula
1674 860 1891 931 prolue-

290 965 439 1023 runt,
479 956 842 1013 cumPascbs
875 957 1093 1011 Domini:
1114 963 1191 1011 tot
1224 955 1442 1011 siccatis
1479 954 1815 1010 celebratum
1838 953 1889 1008 in

291 1066 353 1107 eo
381 1049 626 1119 Joannes
654 1049 877 1107 doceret
898 1049 1209 1118 impletum,
1234 1048 1445 1118 dequo.
1464 1048 1679 1117 publica
1706 1057 1890 1117 prote-

289 1145 536 1198 stau'one
573 1142 849 1199 dicebat:
890 1140 1026 1199 Ecce
1070 1142 1261 1215 Agnis.
1298 1141 1428 1207 Bai,
1477 1157 1589 1195 ecce
1630 1142 1726 1212 qui
1760 1139 1894 1194 toliit

295 1246 315 1272 τ
334 1247 549 1307 peccata
566 1237 751 1291 nandi
776 1234 953 1308 (locis.
972 1251 1012 1301 1,
1029 1234 1445 1307 9.9)..Repugnat
1466 1234 1718 1304 iniquitas
1735 1233 1895 1304 justi-

291 1330 405 1395 tiae,
422 1331 648 1385 caecitas
674 1329 802 1396 luci,
832 1329 1185 1387 mendacium
1200 1328 1411 1383 veritati
1431 1344 1446 1393 ;
1465 1328 1565 1382 sed:
1590 1328 1659 1381 de
1684 1326 1894 1382 saevitia

290 1422 716 1490 obluctamium,
746 1424 817 1480 de
859 1423 1071 1479 scelere
1115 1421 1413 1477 crudelium
1462 1421 1693 1476 obtinuit
1736 1421 1895 1476 Jesus

290 1529 517 1573 aeternae
546 1514 573 1556 ά
602 1518 977 1587 dispositionis
1013 1516 1300 1583 ellectum;
1330 1525 1389 1573 et
1422 1515 1497 1572 ita
1534 1517 1771 1571 humano
1798 1530 1896 1587 ge-

290 1615 411 1668 neri
457 1626 559 1668 sua
614 1622 792 1667 morte
830 1611 1126 1677 consuluit,
1167 1620 1227 1666 ut
1266 1619 1663 1667 sacramentum
1709 1611 1899 1667 salutis

290 1708 461 1763 etiam
514 1707 647 1777 ipsis
692 1707 1131 1777 persecutoribus
1172 1722 1291 1764 non.
1324 1715 1566 1777 negaret.
1610 1706 1712 1775 Qui
1753 1706 1896 1761 enim

292 1801 833 1857 veneratuniversis
861 1801 1209 1858 credentibus
1236 1801 1419 1859 omnia
1458 1810 1675 1870 peccata
1716 1800 1899 1854 dimit-

1995 584 2262 654 p‘assibili‘,
2278 586 2619 642 conferretur
2639 587 2843 643 homini
2864 589 3035 659 gloria
3058 602 3159 661 per
3177 592 3585 661 contumeliam,

1999 676 2331 745 incorruptio
2366 688 2463 747 per
2502 678 2855 751 supplicium,
2895 678 3005 735 vita
3044 694 3141 753 per
3182 692 3432 741 mortem.
3475 683 3591 743 Nisi

1996 770 2145 825 enim
2173 769 2417 826 Verbum
2441 785 2571 827 caro
2598 772 2781 840 ﬁeret,
2809 784 2871 830 et‘
2889 784 2994 829 tam
3017 775 3188 831 solida
3211 774 3239 815 ι
3268 774 3588 835 consisteret

1998 864 2173 918 unitas
2205 863 2258 917 in
2290 873 2525 933 utraque
2548 874 2756 932 natura,
2778 872 2837 921 nt
2864 881 2893 920 a
2913 868 3241 939 suscipiente
3264 883 3590 941 susceptam,

1998 964 2100 1010 nec
2136 955 2311 1025 ipsum
2364 954 2541 1011 breve
2577 958 2769 1013 mortis
2806 968 3019 1029 tempus
3064 960 3402 1032 abju‘ngeret,
3436 977 3592 1018 num-

1997 1060 2156 1118 quam
2187 1048 2388 1103 valeret
2417 1048 2491 1103 ad
2515 1051 2883 1104 teter-nitatem
2914 1052 3099 1108 redire
3126 1056 3446 1111 mortalitas.
3481 1055 3593 1113 Sed

1999 1139 2173 1195 adfuit
2212 1140 2379 1196 nobis
2413 1141 2465 1195 in
2509 1141 2728 1197 Christo
2765 1142 3039 1213 singulare
3071 1147 3398 1217 praesidium,
3444 1158 3504 1203 ut
3539 1150 3594 1205 in

2002 1242 2195 1287 natura
2223 1233 2464 1304 passibili
2492 1234 2683 1289 mortis
2718 1234 2959 1291 conditio
2987 1248 3101 1292 non
3135 1250 3400 1308 maneret,
3431 1256 3594 1312 quam

2000 1327 2347 1397 impassibilis
2373 1329 2606 1384 essentia
2639 1334 2961 1399 recepisset,
2994 1340 3051 1386 et
3088 1344 3192 1402 per
3221 1330 3273 1388 id
3306 1332 3457 1403 quod"
3486 1330 3595 1389 non

2001 1431 2213 1492 poterat
2242 1423 2399 1489 mori,
2425 1432 2616 1493 posset:
2636 1420 2690 1478 id
2715 1424 2861 1495 quod
2887 1436 3011 1479 erat:
3031 1438 3301 1481 mortuum
3326 1429 3594 1483 suscitari.

2074 1516 2202 1571 Car.
2237 1516 2542 1571 riu—Huic
2572 1528 2936 1589 sacramento,
2973 1519 3335 1593 dilectissimi,
3366 1512 3431 1577 ut
3457 1522 3598 1585 inse-

2003 1610 2315 1680 parabiliter
2356 1622 2739 1681 congruamus,
2784 1628 2975 1683 magna
3025 1616 3182 1671 nobis
3232 1624 3287 1671 et
3332 1617 3494 1672 animi
3544 1596 3599 1674 et

2002 1702 2250 1774 corporis
2267 1703 2564 1760 intentione
2580 1706 2856 1763 nitendum
2882 1719 2965 1764 est
2987 1717 3048 1765 ut
3068 1726 3186 1766 cum
3210 1712 3508 1783 gravissimi
3527 1714 3597 1770 sit

2010 1795 2028 1835 ι
2059 1798 2257 1869 piaculi
2296 1798 2489 1853 festum
2536 1801 2785 1869 paschale
2818 1802 3114 1874 negligere,
3144 1802 3497 1875 periculosius
3528 1807 3598 1863 sit

290 1906 437 1964 tere,
464 1913 496 1952 a
528 1898 769 1967 generali
800 1898 1125 1969 indulgentia
1159 1914 1259 1953 nec
1283 1897 1579 1954 Judaicum
1597 1896 1761 1951 voluit
1790 1895 1894 1951 cri-
1925 1894 1979 1955 Β»
1998 1892 2379 1949 ecclesiasticis
2403 1894 2617 1963 quidem
2643 1897 2994 1953 conventibus
3011 1896 3184 1967 iungi,
3210 1898 3303 1953 sed
3333 1899 3385 1952 in
3413 1896 3598 1953 Domi-

288 2004 424 2045 men
446 1990 759 2047 excludere.
779 1991 1019 2059 Quorum
1044 1992 1224 2062 itaque
1240 1990 1519 2063 perﬁdiam
1537 1991 1890 2055 detestamur,

288 2082 623 2139 earumdem
646 2084 831 2151 ﬁdem,
870 2084 915 2138 si
952 2093 1359 2149 convertantur,
1392 2084 1799 2152 amplectimur;
1840 2092 1894 2137 et

290 2176 579 2233 imitantes
599 2176 1035 2233 misericordiam:
1049 2178 1284 2247 Domini,
1310 2180 1400 2249 qui
1429 2194 1526 2249 pro
1546 2180 1627 2235 eis
1649 2195 1677 2233 a
1703 2178 1895 2248 quibus

288 2276 423 2322 erat
450 2269 741 2324 cruciﬁxus
770 2270 978 2335 orabat,
1010 2287 1108 2325 nos
1136 2286 1353 2342 quoque
1387 2287 1508 2327 cum
1546 2271 1705 2327 beato
1730 2272 1897 2326 Paulo

285 2364 550 2433 apostolo
577 2374 788 2420 nostras
822 2365 1103 2435 jungimus
1132 2381 1337 2436 preces,
1370 2375 1431 2422 et
1452 2376 1511 2421 ut
1547 2368 1639 2422 ille
1668 2366 1898 2437 populus

285 2455 729 2511 misericordiam
760 2468 1128 2528 consequatur
1162 2470 1186 2498 θ
1211 2467 1483 2530 optamus,
1513 2461 1583 2515 ob
1624 2460 1779 2529 cujus
1818 2460 1897 2515 oi-

282 2549 607 2605 ﬁensionem
636 2550 871 2619 gratiam
895 2552 1357 2607 reconciliationis
1393 2553 1732 2622 accepimus:
1767 2568 1899 2622 quo-

282 2642 474 2710 niam,
520 2644 655 2698 sicut
698 2644 774 2697 ait
804 2640 823 2681 ί
852 2641 996 2698 idem
1039 2645 1302 2715 magister
1340 2644 1602 2715 gentium,
1651 2644 1899 2698 conclusit

280 2737 448 2792 Deus
483 2738 656 2793 omnia
691 2738 745 2791 in
788 2735 1170 2806 incredulitate,
1216 2746 1274 2791 ut
1322 2736 1551 2792 omnium
1598 2740 1899 2793 misereatur

278 2829 486 2903 (Rom.
520 2846 589 2892 ιι.
625 2830 737 2898 52).

366 2926 515 2981 Cu».
535 2925 835 2992 ll.—-Quid
853 2933 1037 2980 autem
1061 2924 1194 2980 illud
1226 2924 1329 2979 fuit
1353 2924 1495 2995 quod
1522 2933 1577 2980 et
1596 2924 1795 2981 Iudaeis
1822 2925 1900 2979 in-

277 3020 593 3074 tellectum:
611 3018 851 3085 abstulit,
878 3027 935 3072 et
960 3018 1285 3088 sapientium
1310 3017 1494 3072 mundi
1521 3018 1684 3074 corda
1717 3017 1899 3073 turba-

275 3114 405 3180 vit,
440 3113 544 3169 nisi
570 3127 696 3168 cruat
728 3112 850 3167 Filii
880 3114 1001 3179 Dei,
1025 3127 1145 3182 qum
1176 3122 1211 3160 ε·
1234 3124 1281 3167 et
1312 3112 1745 3183 philosophicam
1774 3126 1898 3166 eva-

274 3220 537 3261 nescere
576 3205 937 3276 prudentiam,
986 3215 1047 3260 et
1088 3207 1436 3261 lsraeliticam
1488 3205 1611 3261 fecit
1662 3207 1898 3277 caligare

1998 1986 2133 2041 nica:
2160 1985 2426 2057 passionis
2448 1988 2719 2043 consortio
2745 2004 2850 2043 non
2881 1988 3087 2044 haberi.
3107 1986 3238 2044 Nam
3266 1990 3478 2046 dicente
3500 1990 3598 2048 Do-

1997 2080 2181 2135 mino:
2204 2080 2305 2145 Qui
2319 2096 2421 2134 non
2442 2081 2633 2151 accipit
2657 2096 2856 2137 crucem
2879 2099 3045 2149 suam,
3061 2093 3108 2138 et
3128 2100 3228 2137 non
3250 2085 3477 2153 sequitur
3494 2100 3596 2152 me,

1998 2189 2100 2226 non
2127 2183 2199 2227 est
2230 2187 2313 2228 me
2333 2173 2523 2244 dignus
2543 2172 2762 2244 (Matth.
2795 2176 3055 2246 x,‘58);et
3079 2176 3291 2232 dicente
3307 2175 3596 2247 Apostolo:

2002 2266 2064 2323 Si
2092 2268 2453 2337 campatimur,
2481 2278 2529 2322 et
2559 2274 2599 2304 πί
2634 2269 3058 2341 conregnabimus
3084 2268 3261 2340 (Rom.
3284 2285 3400 2337 VIII,
3428 2271 3524 2338 l7;
3556 2269 3601 2327 ΙΙ

1999 2358 2134 2413 Tim.
2168 2374 2227 2425 ιι,
2261 2358 2383 2431 l2);
2414 2361 2537 2429 quis
2571 2358 2701 2415 vere
2741 2359 3015 2414 Christum
3052 2375 3292 2430 passum,
3328 2373 3600 2419 mortuum

2002 2461 2055 2507 et
2095 2452 2477 2507 resuscitatum
2510 2452 2660 2523 colit,
2696 2453 2798 2507 nisi
2829 2448 2925 2523 qui
2948 2468 3068 2509 cum
3102 2458 3219 2524 ipso
3242 2464 3267 2492 η
3295 2466 3348 2511 et
3380 2454 3599 2527 patitur,

2002 2557 2057 2603 et
2080 2548 2328 2614 moritur,
2373 2557 2428 2603 et
2460 2546 2728 2619 resurgit?
2758 2547 2827 2602 Et
2864 2548 2979 2603 hcce
3009 2550 3224 2619 quidem
3266 2551 3321 2605 in
3349 2552 3603 2609 omnibus

2004 2642 2259 2697 Ecclesiae
2289 2640 2436 2709 ﬁliis,
2467 2644 2583 2711 ipso
2610 2640 3178 2713 jam‘regencrationis
3204 2654 3329 2699 sunt
3355 2646 3603 2719 inchoata

2003 2735 2290 2806 mysterio,
2323 2734 2415 2789 ubi
2451 2737 2657 2805 peccati
2693 2735 2968 2802 interitus,
3000 2737 3108 2789 vita
3133 2746 3214 2791 est
3244 2740 3601 2808 renascentis,

2001 2836 2056 2882 et
2088 2828 2389 2883 triduanum
2428 2827 2641 2883 Domini
2682 2838 2911 2882 mortem
2951 2827 3193 2883 imitatur
3222 2829 3359 2883 trina
3388 2828 3603 2887 demer-

2003 2921 2114 2985 sio;
2141 2928 2198 2974 ut
2217 2920 2423 2974 dimoto
2448 2919 2679 2991 quodam
2706 2934 2901 2991 aggere
2932 2922 3244 2990 sepultura),
3278 2938 3416 2995 quos
3447 2935 3598 2981 vele-

2004 3029 2093 3069 res
2134 3013 2371 3083 suscepit
2409 3014 2562 3068 sinus
2602 3013 2788 3079 fontis,
2828 3014 3047 3069 eosdem
3092 3031 3260 3072 novos
3297 3014 3424 3072 edat
3464 3018 3604 3074 unda

2003 3105 2375 3176 baptimastis;
2418 3105 2512 3160 sed
2560 3104 2895 3175 implendum
2937 3116 3019 3162 est
3056 3106 3403 3163 nihilominus
3440 3123 3604 3179 opere

2002 3202 2145 3272 quod
2172 3201 2502 3256 celebratum
2537 3209 2623 3256 est
2651 3211 3013 3269 sacramento,
3049 3210 3101 3257 et
3133 3202 3276 3277 natis
3304 3203 3371 3259 de
3401 3201 3604 3274 Spiritu

273 3298 654 3356 doctrinam}.
676 3296 907 3353 Omnem
934 3311 1165 3370 namque
1189 3312 1415 3353 sensum
1432 3297 1681 3352 humanae
1706 3301 1898 3354 mentis
1926 3296 1974 3361 C
2006 3304 2193 3349 sancto
2214 3303 2710 3366 quantumcumque
2736 3306 2984 3365 superest
3007 3296 3265 3352 mundani
3285 3305 3309 3333 ο
3327 3299 3600 3369 corporis,

269 3391 551 3448 excessit
572 3390 734 3444 divini
767 3390 992 3444 altitudo
1019 3390 1253 3457 consilii,
1269 3386 1299 3427 ιι
1316 3406 1436 3444 cum
1460 3391 1654 3461 placuit
1683 3390 1793 3445 Deo
1812 3407 1901 3460 per

270 3483 582 3539 militiam
608 3484 1012 3554 praedicationis,
1035 3484 1207 3539 salvos
1238 3487 1405 3555 facere
1425 3486 1684 3537 credentes
1708 3486 1753 3553 (l
1776 3484 1896 3538 Cor.

271 3588 321 3641 ιι,
370 3575 503 3646 31),
536 3584 592 3630 ut
623 3577 919 3639 mirabilior
947 3577 1107 3633 ﬁeret
1141 3576 1304 3650 275.
1344 3578 1641 3631 constantia
1677 3576 1797 3631 ﬁdei
1830 3592 1897 3633 ex

271 3670 625 3725 difﬁcultate
665 3670 939 3725 credendi.
983 3669 1387 3740 lnconsequens
1417 3670 1561 3726 enim
1600 3679 1655 3726 et
1685 3671 1898 3726 irratio-

272 3765 489 3820 nabile
518 3762 797 3819 videbatur
814 3766 1066 3834 recipere
1086 3767 1266 3821 animo
1289 3766 1433 3835 quod
1453 3774 1753 3819 creatorem
1783 3777 1897 3817 om-

274 3858 457 3913 nium
493 3853 513 3893 ί
549 3864 854 3911 naturarum
887 3858 941 3911 in
974 3857 1274 3913 substantia
1321 3857 1434 3912 veri
1462 3857 1701 3911 hominis
1736 3856 1898 3926 Virgo

274 3951 627 4009 uitauerat:
674 3952 1012 4021 peperisset;
1044 3952 1215 4023 quod
1258 3951 1481 4020 aequalis
1532 3950 1680 4007 Patri
1730 3950 1897 4006 Filius

273 4046 429 4106 Dei,
460 4045 553 4113 qui
584 4044 828 4115 impleret
863 4046 1041 4099 omnia
1078 4053 1134 4100 et
1166 4045 1467 4101 contineret
1504 4042 1774 4105 universa,
1817 4040 1900 4097 lit»

273 4138 547 4194 rentium
592 4136 837 4193 manibus
875 4139 1284 4208 comprehendi,
1338 4139 1644 4209 iniquorum
1693 4138 1897 4208 judicio

273 4230 680 4297 condemnari,
722 4241 777 4286 et
823 4242 943 4301 post
978 4231 1247 4287 dedecora
1287 4232 1620 4297 illusionum‘,
1662 4231 1806 4286 cruci
1838 4244 1899 4285 se

274 4322 646 4394 permisisset
672 4322 837 4393 afﬁgi.
873 4324 980 4379 Sed
1012 4325 1064 4378 in
1110 4326 1175 4378 iis
1204 4324 1454 4380 omnibus
1488 4325 1651 4380 simul
1681 4331 1809 4379 sunt
1844 4332 1902 4380 et

274 4414 585 4471 humilitas
611 4415 866 4483 hominis,
894 4426 949 4483 et
974 4415 1247 4475 celsitudo
1264 4416 1531 4484 Deitatis;
1560 4431 1661 4471 nec
1688 4416 1901 4472 miseri-

272 4507 508 4564 cordia
542 4508 677 4563 ratio
705 4510 1041 4579 majestatem
1066 4512 1371 4566 ntiserentis
1392 4512 1668 4579 obscunat,
1692 4511 1814 4581 quia
1832 4509 1900 4567 de

270 4600 573 4658 ὔδωὶῆ
598 4603 839 4674 potentia
860 4602 1059 4658 factum
1088 4614 1194 4671 est,
1232 4603 1251 4655 i
1296 4613 1353 4677 ut
1382 4605 1508 4661 dum
1540 4606 1704 4661 homo
1740 4621 1902 4662 verus

362 4775 401 4803 ι
442 4764 598 4820 Idem
627 4764 901 4831 exemplar
925 4761 1075 4819 Pauli
1101 4763 1285 4831 Diac.,
1310 4774 1357 4819 et
1382 4761 1581 4831 Judtei.

2005 3388 2167 3459 275
2214 3402 2319 3442 non
2365 3386 2482 3441 sine
2530 3388 2711 3442 crucis
2751 3389 3097 3458 susceptione
3142 3386 3448 3457 ducendum
3496 3400 3599 3452 est.

2004 3483 2265 3550 Quamvis
2286 3482 2428 3537 enim
2458 3481 2584 3537 forti
2616 3490 2671 3537 et
2700 3482 2903 3538 crudeli
2930 3494 3159 3555 tyranno
3190 3498 3286 3555 per
3308 3486 3602 3561 potentiam

2002 3578 2179 3632 crucis
2228 3574 2430 3631 Christi
2487 3591 2611 3631 vasa
2662 3578 2898 3647 antiqua:
2949 3577 3366 3647 depraedationis
3417 3587 3602 3649 erepta

2001 3670 2132 3737 sint,
2169 3680 2217 3724 et
2252 3668 2551 3724 dominatio
2590 3668 2852 3739 principis
2896 3668 3091 3724 mundi
3120 3686 3150 3725 a
3199 3670 3647 3742 redemptorum;

2002 3766 2071 3818 sit
2100 3764 2271 3833 ejecta
2301 3762 2642 3832 corporibus,
2674 3760 2912 3817 insidiari
2943 3770 3121 3817 tamen
3152 3762 3312 3817 etiam
3336 3761 3602 3833 justilica-

2003 3857 2072 3912 tis
2100 3856 2286 3912 eadem
2321 3854 2625 3925 malignitas
2648 3865 2984 3925 perseverat,
3015 3864 3068 3909 et
3097 3854 3280 3921 multis
3308 3853 3482 3910 modis
3506 3868 3601 3919 eos
3700 3882 3707 3887 -

2004 3954 2058 4009 in
2087 3952 2281 4021 quibus
2324 3966 2430 4007 non
2467 3961 2658 4023 regnat
2696 3953 3009 4023 impugnat:
3052 3958 3112 4008 ut
3143 3951 3186 4005 si
3220 3964 3355 4022 quas
3390 3950 3600 4004 animas

2003 4046 2338 4115 negligentes
2361 4045 2842 4115 imprudentesque
2864 4044 3150 4115 repererit,
3168 4042 3488 4098 smvioribus
3508 4056 3601 4097 eas

2006 4137 2215 4208 laqueis
2250 4154 2464 4192 rursum
2496 4138 2753 4203 innectat,
2787 4148 2839 4192 et
2869 4154 2896 4191 a
2940 4138 3197 4209 paradiso
3223 4130 3477 4203 Ecclesia:
3515 4152 3601 4195 ra-

2008 4242 2126 4302 ptas
2156 4232 2211 4286 in
2248 4232 2581 4287 consortium
2620 4246 2732 4285 suae
2771 4230 3128 4286 damnationis
3164 4230 3402 4299 inducat.
3446 4229 3601 4293 Unde

2004 4336 2126 4381 eum
2172 4326 2438 4396 quispiam
2488 4326 2851 4381 observantiae
2889 4325 3213 4380 Christiana:
3258 4340 3318 4381 se
3344 4336 3372 4376 ι’
3405 4326 3601 4381 limites

2006 4417 2175 4476 sentit
2213 4418 2518 4482 excedere,
2553 4427 2610 4472 et
2644 4418 2697 4471 in
2736 4416 2791 4471 id
2828 4416 3149 4486 cupiditates
3189 4430 3313 4473 suas
3343 4416 3598 4497 tendere,

2007 4509 2152 4581 quod
2174 4525 2294 4565 eum
2320 4526 2348 4563 a
2376 4519 2526 4566 recto
2547 4508 2741 4565 itinere
2766 4509 2926 4564 l‘aciat
2955 4518 2983 4559 τί
3006 4509 3243 4574 deviare,
3270 4518 3519 4571 recurrat
3534 4508 3599 4564 ad

2006 4620 2222 4681 crucem
2248 4605 2483 4673 Domini,
2514 4616 2567 4662 et
2588 4605 2732 4676 ligno
2752 4606 2802 4660 vi
2814 4604 3282 4673 tatrtnotus-noniaa
3307 4604 3602 4661 voluntatis

1930 4767 1981 4827 D
2009 4764 2157 4821 Diae.
2188 4766 2357 4829 Alias,
2388 4774 2441 4818 ut
2465 4781 2580 4818 cum
2611 4763 2761 4820 homo
2788 4781 2935 4819 verus
2965 4774 3045 4819 est
3064 4764 3128 4818 ἔτι
3147 4763 3259 4819 Deo
3279 4781 3307 4833 ;ν
3328 4764 3433 4821 sed
3460 4764 3605 4833 ρυρ-

358 4836 399 4876 1'
443 4837 594 4892 Editi
626 4846 747 4892 ante
773 4836 1004 4904 Quesn.,
1036 4834 1189 4891 enim.
1221 4834 1372 4895 Unus
1402 4838 1524 4894 cod.
1558 4836 1627 4894 εφη
1652 4838 1820 4899 Petri,
1850 4844 1907 4895 et
2008 4838 2213 4892 snellus
2237 4837 2435 4890 omittit
2458 4844 2717 4903 prmterea
2747 4837 2848 4890 hoc
2871 4836 3044 4906 primo
3074 4837 3193 4892 loco
3215 4838 3433 4893 verbum
3468 4848 3562 4894 est.

276 4910 419 4965 aliis
448 4908 605 4976 Vat.,
629 4910 802 4979 igitur.

367 4992 398 5020 ε
437 4982 554 5035 Ms.
586 4976 701 5034 Va't.
726 4979 940 5050 collect.
968 4976 1023 5047 5,
1055 4985 1336 5050 peccatum.

360 5050 392 5091 δ
434 5050 647 5108 Homil.
676 5050 825 5121 Pauli
853 5048 1022 5113 Diac.,
1056 5048 1471 5121 dispensationis.

363 5134 391 5163 ⁸
433 5124 628 5180 Prima
651 5120 837 5187 editio,
865 5137 1073 5175 oramus
1103 5131 1151 5175 et
1179 5132 1435 5188 optamus.
1586 5171 1591 5175 .

364 5195 391 5234 τ
435 5192 569 5247 Vox
602 5192 739 5246 idem
758 5194 936 5247 addita
961 5207 1025 5245 ex
1052 5192 1247 5246 llomil.
1282 5192 1434 5247 Pauli
1465 5191 1610 5246 Diac.

365 5277 391 5315 ε
437 5265 591 5321 Editi
634 5279 756 5337 ante
804 5264 1136 5337 Quesn.,get
1176 5263 1556 5337 philosophiam
1601 5280 1898 5320 evanescere

391 5338 660 5405 dentium,
688 5352 810 5390 eum
840 5335 1161 5405 quibusdam
1190 5335 1348 5390 codd.
1375 5336 1487 5390 Sed
1509 5336 1732 5392 aliorum
1765 5350 1893 5391 mss.

302 5414 466 5468 ωιῑο
494 5424 529 5462 a
550 5408 837 5476 Quesnello
868 5418 923 5462 et
951 5421 979 5461 a
1005 5406 1165 5463 nobis
1179 5417 1399 5476 recepta
1418 5408 1898 5464 Leoninamrutio-

276 5497 420 5539 nem
454 5481 634 5550 magis
654 5482 817 5550 sapit.

252 5584 253 5587 η
367 5550 403 5593 δ
441 5547 1019 5617 Ezedetn'editiOnes,
1073 5547 1402 5620 complacuit.
1458 5551 1899 5609 Emendationem

279 5622 965 5701 Wiuammostn;
976 5620 1189 5701 codices
1215 5622 1534 5701 approbant:

377 5696 395 5733 ί
443 5694 909 5767 ExemplarPauli
927 5692 1102 5767 Diac.,
1116 5702 1489 5750 creaturarum.
1512 5696 1632 5751 Mox
1652 5696 1702 5750 in
1728 5696 1899 5767 prima

277 5767 570 5831 editione,
606 5770 695 5839 qui
728 5766 915 5834 implet
946 5766 1119 5819 omnia
1148 5775 1196 5820 et
1233 5768 1463 5820 continet
1496 5768 1749 5821 universa.
1774 5808 1786 5821 .
1806 5808 1819 5821 .
1852 5779 1900 5823 et

278 5849 417 5901 post
446 5841 671 5894 dedecus
698 5840 1019 5893 illusionum.

308 5976 311 5979 ν
376 5911 395 5960 l
441 5910 526 5966 Ita
559 5928 626 5967 ex
668 5911 885 5965 duobus
922 5909 1080 5965 codd.
1128 5907 1186 5964 S.
1220 5908 1361 5965 Petri
1408 5924 1469 5966 ac
1518 5911 1711 5965 Homil.
1750 5912 1897 5967 Pauli

2080 4908 2107 4947 ι
2150 4908 2273 4962 Mss.
2298 4909 2355 4963 S.
2387 4908 2531 4962 Petri
2563 4910 2769 4971 etalius
2798 4906 2943 4971 Vat.,
2971 4908 3227 4962 existeret.

2086 4978 2103 5017 1
2148 4979 2324 5035 Prima
2344 4979 2530 5045 editio,
2561 4978 2795 5046 periculi,
2826 4988 2879 5033 et
2910 4978 3047 5033 forte
3076 4979 3290 5047 melius,
3323 4991 3444 5034 nam
3476 4995 3603 5037 mox

2006 5050 2344 5123 periculosius
2368 5050 2673 5123 subiicitur.

2078 5132 2117 5160 ιιι
2161 5120 2275 5177 Duo
2302 5138 2428 5177 mss.
2456 5124 2511 5177 S.
2545 5121 2715 5189 Petri,
2747 5121 3196 5192 conglorialtinmr.

2077 5202 2105 5231 τι
2135 5193 2456 5264 Coujunctio
2475 5202 2524 5246 et
2542 5193 2729 5251 addita
2743 5210 2808 5249 ex
2835 5191 3057 5265 antiquo
3080 5208 3182 5249 ms.
3210 5193 3328 5265 Vat.
3352 5191 3407 5247 In
3431 5192 3597 5261 prima

2004 5274 2181 5321 autem
2211 5267 2447 5321 editione
2464 5266 2731 5320 omittitur
2756 5274 2865 5321 tum
2897 5266 2948 5320 in
2980 5267 3101 5331 boc,
3136 5277 3247 5320 tum
3276 5264 3335 5319 in
3360 5267 3596 5320 secundo

2003 5345 2290 5392 commate.

2083 5420 2107 5444 ο
2151 5412 2223 5462 [ut
2253 5424 2323 5464 ett
2365 5408 2573 5463 duobus
2614 5421 2743 5461 mss.
2785 5405 2845 5463 Β.
2892 5407 3034 5462 Petri
3064 5414 3118 5461 et
3144 5406 3250 5459 alio
3283 5405 3398 5457 Vat.
3434 5404 3593 5475 Editi,

2015 5483 2274 5554 temporis.
2309 5480 2388 5535 Ad
2420 5494 2604 5554 vocem
2650 5487 2825 5554 autem
2857 5478 3086 5554 corporis
3120 5475 3445 5554 referuntur,
3480 5492 3600 5554 qua:

2011 5544 2170 5625 paulo
2204 5552 2739 5621 post'subjicittutur;
2771 5544 3053 5625 dominatio
3078 5544 3337 5625 principis.
3359 5544 3548 5605 mundi
3570 5565 3602 5601 α

2009 5622 2386 5696 redemptorum
2408 5626 2472 5678 sit
2501 5628 2664 5696 ejecta
2695 5624 3014 5689 corporibus,
3041 5622 3124 5696 ubi
3157 5629 3442 5696 propterea
3466 5632 3603 5696 opus

2010 5713 2119 5753 non
2152 5690 2235 5752 est
2271 5711 2364 5763 pro
2395 5690 2694 5763 corporibus
2739 5697 2913 5762 legere
2942 5690 3196 5758 cordibus,
3232 5699 3291 5746 ut
3313 5690 3364 5746 iu
3397 5692 3600 5763 margi-

2010 5771 2115 5824 nali
2139 5768 2347 5836 postilla
2376 5766 2697 5836 Quesnellus
2727 5764 3051 5831 conjeccrat.

2081 5852 2108 5890 P
2141 5836 2286 5895 Editi
2318 5850 2441 5895 ante
2470 5840 2695 5905 Quesn.,
2729 5836 2956 5889 limitem.

2082 5924 2103 5961 α
2147 5914 2216 5965 Ita
2249 5928 2367 5967 cum
2394 5911 2687 5976 Qucsnello
2716 5907 2884 5961 nostri
2918 5906 3151 5961 codices.
3182 5906 3293 5973 AL,
3323 5906 3597 5965 declinare.
