3980 6352
390 377 499 439 583

1535 370 1590 426 S.
1634 363 1883 422 LEONIS
1922 360 2140 419 MAGNI
2178 359 2565 419 SERMONES.

3572 374 3683 434 581

392 489 608 562 aiﬁgat;
652 504 716 547 ac
751 505 889 547 voce
926 488 1236 561 prophetica
1267 486 1335 541 ad
1376 484 1665 540 Dominum
1702 481 1899 537 clamet
1927 486 1982 534 et
2004 478 2063 541 Α
2086 478 2314 549 miserit,
2346 494 2468 549 quas
2498 478 2749 551 dignatur
2778 494 2908 538 suos
2934 491 3031 540 aut
3065 483 3341 556 corripere
3370 484 3682 561 disciplina,

394 586 575 642 dicat:
618 582 829 657 Con/iga
864 586 1020 639 clavis
1064 593 1088 619 ⁸
1132 599 1163 634 a
1193 582 1375 634 timore
1415 589 1503 633 tuo
1534 594 1716 633 carnes
1754 591 1925 641 meas;
1954 590 1987 628 a

391 681 599 756 iudiciis
624 683 760 735 enim
783 680 883 733 tuis
913 678 1061 730 timui
1087 676 1210 747 (Ps.
1241 690 1425 739 cxvm,
1457 673 1605 743 120).

354 772 357 773 ⁷
463 772 591 829 Cu.
621 769 903 838 V.-—Quid
923 778 1103 823 autem
1136 776 1219 822 est
1250 767 1416 822 clavis
1443 765 1649 821 timoris
1672 763 1770 819 Dei
1794 775 1987 818 carnes

394 867 594 921 habere
638 863 901 927 conﬁxas,
940 861 1040 916 nisi
1076 875 1370 931 corporeos
1407 874 1601 915 sensus
1633 857 1703 913 ab
1732 854 1984 913 illecebra

416 960 565 1014 lliciti
596 957 850 1013 desiderii
876 956 978 1012 sub
1000 964 1148 1011 metu
1175 954 1341 1009 divini
1368 953 1648 1009 continere
1672 948 1899 1020 judicii?
1930 957 1988 1003 ut

389 1054 479 1125 qui
509 1053 717 1109 resistit
745 1062 994 1122 peccato,
1026 1062 1083 1108 et
1111 1049 1575 1121 concupiscentias
1600 1062 1747 1114 suas,
1769 1062 1836 1101 ne
1857 1045 1987 1117 quid

389 1154 566 1201 morte
597 1144 816 1215 dignum
849 1151 1120 1214 operetur,
1158 1143 1431 1208 interﬁcit,
1463 1141 1659 1196 audeat
1687 1154 1808 1194 cum
1836 1140 1983 1210 Apo-

391 1239 529 1295 stolo
556 1238 739 1293 dicere
770 1254 783 1290 :
819 1236 953 1291 Mihi
981 1245 1149 1290 autem
1178 1235 1308 1289 absit
1345 1233 1585 1304 gloriari,
1627 1232 1725 1286 nisi
1751 1232 1807 1285 in
1832 1246 1989 1285 cruce

391 1331 603 1387 Domini
644 1331 806 1385 nostri
850 1329 978 1385 Jesu
1016 1330 1237 1397 Christi,
1280 1344 1369 1399 per
1398 1343 1548 1398 quem
1596 1326 1723 1379 mihi
1766 1325 1988 1380 mundus

390 1424 673 1492 cruciﬁxus
708 1434 803 1491 est,
835 1436 883 1477 et
914 1439 1007 1495 ego
1039 1421 1231 1474 mundo
1267 1419 1466 1491 (Colat.
1497 1434 1570 1486 γι,
1605 1416 1718 1488 14).
1751 1418 1827 1472 lbi
1859 1432 1988 1489 ergo

390 1532 453 1572 se
490 1518 782 1572 constituat
829 1513 1193 1579 Christianus,
1234 1526 1339 1582 quo
1380 1527 1503 1567 eum
1549 1525 1732 1566 secum
1773 1510 1989 1565 sustulit

390 1608 661 1675 Christus;
695 1618 748 1664 et
776 1607 842 1663 ad
872 1606 926 1661 id
969 1607 1166 1677 dirigat
1208 1622 1424 1661 omnem
1448 1605 1479 1645 b
1515 1608 1656 1661 viam
1684 1621 1857 1674 suam,
1895 1606 1989 1661 ubi

390 1702 494 1758 scit
532 1703 818 1757 humanam
859 1702 1117 1755 salvatam
1156 1715 1277 1755 esse
1316 1709 1584 1754 naturam.
1630 1699 1817 1754 Passio
1847 1699 1989 1753 enim

394 1795 609 1851 Domini
644 1809 811 1864 usque
838 1795 907 1850 ad
945 1794 1109 1848 ﬁnem
1150 1792 1465 1863 producitur
1494 1792 1717 1858 mundi;
1763 1807 1811 1849 et
1856 1792 1995 1847 sicut

2091 582 2183 627 aut
2203 586 2460 629 exercere
2480 574 2763 643 patientia,
2786 585 2951 646 agunt
2971 584 3149 632 tamen
3171 579 3543 636 versutissima
3562 591 3687 643 arte

2092 664 2342 731 fallacias,
2368 673 2427 720 ut
2448 680 2515 721 ex
2536 665 2765 722 arbitrio
2784 668 3022 738 propriae
3042 670 3349 741 potestatis,
3375 682 3466 728 aut
3485 673 3689 733 laedere

2090 760 2400 828 videantur,
2437 768 2530 816 aut
2579 775 2841 831 parcere;
2884 773 2939 819 et
2985 763 3189 833 multis,
3218 770 3361 836 quod
3389 766 3689 825 dolendum

2091 864 2192 925 est,
2223 856 2294 911 ita
2318 870 2416 927 per
2441 856 2734 926 nequitiam
2762 857 3124 914 simulationis
3148 859 3397 926 illudunt,
3425 871 3485 917 ut
3515 872 3541 910 ε
3568 864 3691 934 qui-

2090 948 2213 1005 dam
2248 949 2374 1005 illos
2416 956 2474 1006 et
2503 950 2729 1006 timeant
2756 951 2864 1021 pati
2906 951 3169 1020 infensos,
3198 960 3255 1009 et
3280 953 3449 1011 velint
3487 955 3691 1015 habere

2091 1042 2365 1112 placatos:
2393 1057 2513 1097 cum
2544 1042 2810 1099 beneﬁcia
2838 1043 3144 1099 daemonum
3175 1047 3427 1104 omnibus
3453 1048 3564 1103 sint
3588 1062 3691 1105 no-

2090 1138 2337 1192 centiora
2366 1136 2702 1205 vulneribus,
2737 1138 2862 1209 quia
2900 1138 3068 1195 tutius
3101 1148 3185 1195 est
3219 1138 3428 1197 homini
3460 1141 3694 1198 inimici-

2091 1229 2218 1284 tiam
2249 1230 2447 1286 diaboli
2477 1232 2742 1287 meruisse
2773 1246 2933 1301 quam
2956 1245 3165 1302 pacem.
3199 1233 3481 1304 Sapientes
3508 1236 3693 1306 itaque

2090 1330 2305 1395 animae,
2328 1344 2448 1399 qua:
2470 1344 2634 1384 unum
2666 1328 2877 1396 timere,
2903 1344 3068 1384 unum
3094 1329 3341 1399 diligere,
3366 1335 3423 1384 et
3441 1328 3493 1384 in
3520 1343 3692 1385 unum

2091 1422 2379 1479 Dominum
2412 1437 2633 1494 sperare
2663 1423 2993 1492 didicerunt,
3022 1423 3359 1479 mortiﬁcatis
3387 1422 3696 1493 cupiditati-

2091 1514 2192 1570 bus
2213 1522 2271 1571 et
2288 1515 2565 1571 crueiﬁxis
2587 1515 2836 1586 corporis
2856 1516 3129 1582 sensibus,
3144 1517 3210 1571 ad
3227 1516 3435 1572 nullum
3454 1517 3692 1572 hostium

2092 1617 2319 1673 metum,
2363 1606 2430 1662 ad
2462 1606 2665 1663 nullum
2698 1606 3025 1663 inclinantur
3051 1606 3393 1678 obsequium.
3425 1606 3695 1663 Volunta-

2096 1714 2204 1759 tem
2234 1703 2377 1759 enim
2412 1703 2505 1758 Dei
2534 1702 2697 1759 etiam
2727 1702 2827 1759 sibi
2858 1700 3172 1772 praeferunt,
3202 1710 3257 1756 et
3288 1710 3439 1756 tanto
3458 1701 3697 1771 amplius

2100 1813 2161 1854 se
2208 1804 2389 1852 amant
2437 1804 2638 1866 quanto
2680 1795 2911 1865 amplius
2951 1808 3050 1865 pro
3098 1794 3195 1850 Dei
3245 1807 3431 1850 amore
3477 1808 3539 1849 se
3584 1807 3696 1848 non

394 1890 446 1944 in
476 1890 680 1946 sanctis
703 1890 815 1945 suis
847 1900 869 1928 ε
904 1890 1020 1960 ipse
1056 1887 1373 1954 honoratur,
1407 1889 1519 1957 ipse
1547 1887 1809 1958 diligitur,
1842 1895 1899 1942 et
1938 1885 1992 1941 in
2024 1865 2074 1927 Β
2099 1897 2304 1944 amant.
2354 1865 2596 1958 Cumque
2639 1887 2865 1942 audiunt
2910 1886 3013 1943 sibi
3058 1885 3318 1941 divinitus
3361 1885 3467 1941 dici
3501 1904 3515 1941 :
3564 1885 3699 1940 Post

392 1982 722 2053 pauperibus
752 1981 872 2051 ipse
904 1980 1162 2050 pascitur,
1194 1978 1309 2048 ipse
1338 1978 1601 2045 vestitur;
1631 1980 1704 2033 ita
1732 1980 1784 2033 in
1816 1979 1993 2033 omni-

391 2073 490 2129 bus
512 2075 601 2145 qui
629 2089 725 2143 pro
739 2073 947 2143 justitia
968 2072 1194 2127 adversa
1223 2072 1474 2137 tolerant,
1501 2072 1617 2141 ipse
1637 2072 1990 2140 compatitur:

378 2162 494 2220 nisi
542 2165 683 2220 forte
723 2166 1105 2220 aestimandum
1144 2173 1248 2233 est,
1283 2163 1635 2233 multiplicata
1668 2179 1767 2234 per
1807 2163 1993 2219 Orbem

389 2259 516 2325 ﬁde,
549 2268 605 2314 et
633 2266 949 2313 rarescente
981 2256 1272 2326 impiorum
1307 2272 1557 2322 numero,
1593 2272 1784 2312 omnes
1813 2271 1995 2326 perse-

392 2351 659 2418 cutiones,
712 2359 766 2406 et
810 2351 989 2404 omnia
1020 2358 1150 2420 fquae
1187 2348 1450 2404 adversus
1493 2349 1685 2405 beatos
1729 2357 1995 2422 martyres

389 2443 703 2510 saevierunt,
756 2441 908 2496 ﬁnita
955 2456 1076 2497 esse
1125 2442 1456 2509 certamina,
1507 2451 1782 2511 tamquam
1826 2442 1997 2497 susei-

393 2534 603 2603 piendre
626 2535 804 2589 crucis
832 2536 937 2591 illis
969 2544 1176 2590 tantum
1208 2537 1505 2591 necessitas
1538 2537 1864 2603 incubuerit,
1886 2539 1997 2608 qui-

392 2627 491 2681 bus
512 2627 578 2681 ad
608 2628 1022 2698 expugnandam
1053 2625 1259 2682 Christi
1283 2627 1631 2683 dilectionem
1657 2630 1996 2685 atrocissima

392 2729 521 2776 sunt
552 2721 697 2776 illata
728 2724 1011 2793 supplicis.
1041 2722 1150 2779 Sed
1185 2724 1331 2779 aliud
1357 2725 1709 2780 servientium
1740 2727 1850 2781 Deo
1878 2727 1994 2797 pie-

390 2827 474 2871 tas
499 2817 798 2888 experitur,
831 2817 974 2872 aliud
998 2818 1161 2873 etiam
1190 2818 1434 2889 Apostoli
1471 2819 1785 2890 praedicatio
1813 2831 1997 2889 prote-

392 2916 468 2960 sta
479 2916 584 2973 tur,
604 2910 695 2979 qui
714 2908 846 2963 dicit
866 2926 879 2962 :
906 2908 1093 2962 Omnes
1118 2911 1204 2979 qui
1226 2914 1308 2981 pie
1326 2911 1501 2965 volunt
1532 2912 1699 2966 vivere
1716 2913 1773 2965 in
1794 2911 1998 2968 Christo

394 3000 544 3067 Jesu,
576 3002 979 3072 persecutionem
1015 2998 1344 3073 {patiuntur
1375 3002 1441 3071 (ll
1472 3002 1606 3058 Tim.
1633 3018 1712 3070 ιιι,
1744 3004 1857 3075 1‘2).
1882 3006 1997 3071 Qua

395 3093 665 3148 sententia
687 3092 850 3147 nimis
879 3093 1095 3162 tepidus
1114 3101 1169 3149 et
1186 3092 1367 3163 segnis
1392 3093 1715 3162 ostenditur,
1736 3095 1827 3163 qui
1853 3096 1999 3150 nulla

395 3186 777 3253 persecutione
810 3186 1074 3254 pulsatur.
1111 3184 1305 3239 Pacem
1334 3185 1476 3239 enim
1507 3200 1629 3240 cum
1670 3186 1772 3241 hoc
1799 3186 2001 3241 mundo

2098 1981 2541 2051 concupiscentias
2570 1993 2681 2035 tuas
2710 1996 2814 2033 non
2841 1995 2958 2045 eas,
2990 1988 3039 2033 et
3067 1995 3100 2031 a
3125 1978 3389 2033 voluntate
3423 1987 3515 2032 tua
3542 1994 3699 2032 aver-

2098 2081 2203 2127 tere
2224 2071 2419 2143 (Eccli.
2444 2088 2601 2138 xvm,
2624 2072 2747 2143 '50):
2771 2071 3021 2127 dividunt
3035 2070 3258 2127 aﬂ’ectus
3278 2084 3426 2138 suos,
3449 2079 3505 2126 et
3526 2072 3698 2143 legem

2098 2170 2297 2225 mentis
2328 2185 2355 2222 a
2386 2168 2631 2239 corporis
2672 2169 2787 2239 lege
2817 2166 2847 2205 ιι
2873 2169 3218 2225 discernunt:
3257 2177 3317 2223 ut
3354 2184 3421 2226 ex
3464 2169 3699 2239 quadam

2098 2276 2159 2319 se
2186 2270 2340 2332 parte
2360 2262 2461 2318 sibi
2490 2262 2785 2332 denegent,
2808 2262 3097 2331 perdentes
3123 2276 3184 2318 se
3210 2263 3260 2316 in
3285 2261 3350 2317 iis
3370 2276 3491 2333 qua:
3511 2278 3706 2318 carnao

2098 2355 2225 2411 liter
2251 2356 2497 2423 cupiunt,
2529 2363 2583 2410 et
2606 2352 2942 2410 invenientes
2970 2368 3029 2409 se
3057 2353 3113 2409 in
3139 2354 3207 2409 iis
3239 2367 3363 2424 quae
3384 2354 3706 2424 spiritaliter

2099 2447 2514 2519 concupiscunt.

2170 2541 2304 2596 CAP.
2338 2540 2778 2596 VL—Sanctum
2811 2539 2972 2611 igitur
2996 2539 3228 2607 Pascha,
3260 2539 3615 2606 dilectissimi,
3647 2540 3705 2595 in

2100 2633 2302 2689 talibus
2334 2633 2593 2688 membris
2621 2632 2871 2703 corporis
2899 2631 3099 2688 Christi
3130 2632 3372 2704 legitime
3399 2632 3710 2688 celebratur

2099 2734 2154 2781 et
2183 2724 2313 2779 nihil
2354 2724 2460 2779 illis
2491 2724 2643 2780 deest
2682 2723 2994 2794 triumphis,
3024 2738 3161 2794 quos
3188 2725 3371 2795 passio
3404 2723 3711 2781 Salvatoris

2099 2818 2356 2873 obtinuit.
2383 2817 2649 2885 Quoniam
2672 2816 2727 2871 in
2755 2816 2820 2871 iis
2845 2818 2934 2886 qui
2959 2817 3253 2887 apostolico
3274 2816 3521 2886 exemplo
3541 2816 3713 2871 casti~

2100 2922 2228 2982 gant
2269 2925 2466 2980 corpus
2504 2926 2662 2965 suum
2701 2918 2756 2965 et
2792 2910 3041 2965 servituti
3077 2909 3370 2986 subjiciunt
3397 2908 3442 2981 (l
3468 2907 3586 2963 Cor.
3621 2924 3704 2977 ιι,

2100 3005 2217 3075 27),
2244 3004 2406 3059 iidem
2436 3005 2622 3059 hostes
2645 3002 2834 3058 eadem
2857 3001 3177 3058 fortitudine
3197 3010 3552 3058 conteruntur
3576 2998 3624 3070 ί,
3651 3009 3713 3056 et

2102 3111 2246 3151 nunc
2274 3111 2303 3149 a
2333 3095 2550 3151 Christo
2579 3095 2816 3150 vincitur
2842 3094 3096 3150 mundus.
3123 3093 3258 3149 Cum
3292 3095 3438 3151 enim
3466 3109 3496 3149 a
3528 3094 3711 3152 servis

2104 3187 2215 3242 suis
2252 3200 2717 3257 quorumcumque
2754 3186 3005 3241 vitiorum
3049 3186 3317 3242 incentiva
3356 3194 3708 3257 superantur,

393 3277 496 3331 nisi
537 3286 811 3332 amatores
857 3279 1044 3333 mundi
1080 3277 1284 3332 habere
1323 3294 1431 3331 non
1472 3284 1723 3349 possunt,
1756 3288 1811 3333 et
1850 3278 1995 3333 nulla
2025 3254 2072 3317 Ο
2104 3280 2275 3349 ipsius
2302 3277 2475 3334 virtus
2505 3287 2608 3346 est,
2643 3278 2659 3330 i
2699 3277 2978 3350 ipsiusque
3008 3279 3257 3335 victoria.
3285 3278 3437 3345 Haec,
3466 3279 3714 3335 dilectis-

396 3383 647 3439 umquam
682 3368 950 3439 iniquitati
994 3370 1158 3441 276
1205 3384 1324 3424 cum
1365 3371 1619 3439 aequitate
1654 3375 1993 3442 communio,

396 3459 537 3514 nulla
591 3461 874 3515 mendacio
920 3478 1043 3516 cum
1084 3462 1310 3517 veritate
1349 3463 1658 3531 concordia,
1692 3466 1871 3521 nullus
1916 3475 2001 3523 est

396 3553 634 3607 tonebris
664 3569 785 3609 cum
814 3554 937 3609 luce
961 3569 1283 3610 consensus.
1309 3555 1443 3623 Quia
1467 3557 1679 3611 etiamsi
1713 3558 1883 3626 pietas
1904 3559 2001 3614 bo-

396 3661 589 3703 norum
620 3651 803 3719 cupiat
839 3649 1012 3704 malos
1046 3650 1275 3721 corrigi,
1307 3653 1828 3724 conversionemque
1857 3657 2000 3711 mul-

346 3750 576 3795 ﬂorum
620 3756 715 3812 per
755 3743 983 3812 gratiam
1016 3742 1109 3797 Dei
1142 3743 1447 3799 miserentis
1480 3743 1748 3812 obtineat,
1784 3756 1808 3783 ε
1839 3749 1996 3803 mali-

398 3851 626 3907 gnorum
666 3845 847 3893 tamen
887 3838 1175 3908 spirituum
1223 3838 1483 3894 adversus
1531 3848 1749 3896 sanctos
1788 3842 1998 3899 insidia:

405 3942 512 3983 non
538 3929 842 3999 quiescunt,
873 3938 924 3985 et
956 3930 1071 3985 sive
1092 3932 1307 3986 occulto
1327 3932 1475 3998 dolo,
1508 3933 1624 3987 sive
1653 3943 1843 4002 aperto
1866 3949 2003 4004 prae-

401 4018 496 4087 lio,
529 4020 581 4074 in
612 4020 864 4076 omnibus
890 4021 1140 4078 delibus
1172 4023 1504 4093 pr0positum
1527 4024 1685 4080 bonas
1712 4026 2004 4085 voluntatis

402 4112 679 4167 infestant.
712 4112 990 4168 lnimicum
1035 4130 1264 4185 namque
1297 4123 1381 4171 est
1421 4114 1530 4170 illis
1557 4132 1717 4173 omne
1746 4120 1887 4189 quod
1920 4137 2006 4177 re-

403 4217 570 4273 ctum,
604 4222 764 4262 omne
798 4206 819 4245 τ
854 4207 998 4277 quod
1024 4217 1271 4263 sanctum
1301 4219 1419 4274 est;
1451 4218 1507 4264 et
1534 4224 1655 4265 cum
1681 4212 1759 4267 eis
1786 4213 1916 4268 nihil
1949 4216 2003 4271 in

404 4314 728 4371 quemquam
760 4300 993 4369 amplius
1024 4300 1206 4367 liceat,
1239 4317 1399 4372 quam
1428 4302 1638 4372 justitia
1667 4304 1849 4361 divina
1879 4322 2004 4378 per-

477 4436 505 4464 ι
542 4426 633 4483 Sic
660 4442 781 4482 cum
828 4430 1017 4484 eodem
1065 4430 1358 4497 Quesnello
1401 4432 1618 4489 codices
1658 4433 1716 4488 S.
1758 4435 1905 4493 Petri
1950 4446 2007 4494 et

404 4500 681 4568 exemplar
712 4500 860 4554 Pauli
895 4501 1042 4555 Diac.
1071 4503 1179 4566 AL,
1210 4504 1409 4556 timoris
1440 4505 1536 4557 tui.

478 4568 505 4606 ν’
546 4570 662 4623 Duo
693 4586 823 4623 mss.
852 4574 909 4626 S.
938 4571 1100 4636 Petri,
1129 4574 1283 4626 vitam
1305 4590 1476 4627 suam.

482 4650 503 4678 ε
528 4640 741 4715 __Voces,
766 4642 873 4711 ipse
894 4642 1199 4709 honoratur,
1218 4644 1270 4697 in
1296 4645 1573 4715 utriusque
1595 4646 1869 4713 Quesnelli
1894 4648 2007 4705 edi-

424 4710 771 4789 ionibus_per
792 4710 1018 4789 Salium,
1034 4725 1090 4767 ut
1111 4715 1403 4781 credimus,
1428 4710 2009 4789 errore'typographo-

410 4798 529 4838 rum
557 4784 785 4837 omissas
811 4786 1144 4839 restituimus
1166 4801 1230 4840 ex
1253 4789 1462 4842 cmteris
1488 4784 1812 4843 editioni'buvs
1833 4784 2009 4846 omni-

411 4854 615 4924 busqne
642 4854 937 4909 codicibus.

484 4920 511 4959 ἀ
531 4920 839 5000 Exemplar
871 4927 1015 5000 Pauli
1047 4927 1216 5000 Diac.,
1250 4928 1531 5000 patientur.

488 5004 511 5031 ο
551 4995 726 5050 Prima
757 4996 941 5062 editio,
971 4998 1245 5052 malorum.

486 5062 508 5103 τ
550 5065 624 5121 Ita
648 5070 1056 5123 emendavimus
1082 5086 1147 5125 ex
1171 5070 1380 5128 duobus
1408 5088 1537 5130 mss.
1563 5075 1620 5130 S.
1648 5075 1789 5132 Petri
1821 5083 1876 5132 et
1902 5091 2008 5133 uno

415 5138 536 5194 Vat.
569 5140 677 5205 AL,
706 5139 844 5209 quod
866 5149 1064 5193 castum
1094 5151 1186 5196 est.

487 5220 512 5258 ες
552 5210 691 5265 Editi
722 5220 845 5266 ante
868 5211 1093 5279 Quesn.,
1123 5224 1395 5285 corrupte,
1419 5218 1644 5287 quidem.

2104 3373 2249 3436 simi,
2283 3387 2403 3442 quae
2430 3371 2495 3426 ad
2527 3370 2991 3441 participationem
3020 3373 3197 3427 crucis
3226 3372 3522 3442 pertinent,
3553 3369 3713 3427 sufﬁ-

2106 3467 2343 3533 cienter,
2378 3473 2441 3519 ut
2468 3464 2733 3531 arbitror,
2766 3464 2962 3519 vestris
3005 3472 3131 3518 sunt
3161 3463 3323 3520 hodie
3360 3464 3581 3520 auribus
3618 3462 3713 3519 in-

2107 3559 2341 3614 timata:
2383 3565 2443 3612 ut
2488 3554 2741 3625 paschale
2786 3564 3183 3610 sacramentum
3236 3555 3396 3628 277
3446 3555 3607 3611 etiam
3651 3553 3712 3610 in

2110 3649 2369 3708 membris
2401 3648 2644 3719 corporis
2674 3648 2875 3704 Christi
2904 3649 3143 3718 legitime
3173 3649 3498 3704 celebretur.
3530 3646 3714 3717 Supe-

2110 3752 2225 3800 rest
2252 3752 2309 3798 ut
2330 3742 2400 3797 dc
2423 3740 2717 3796 obtinendo
2740 3740 3158 3797 resurrectionis
3178 3739 3453 3797 consortio
3474 3738 3717 3795 dissera-

2115 3850 2255 3891 mus.
2284 3833 2438 3902 Quod
2462 3848 2552 3900 ne,
2582 3834 2898 3889 continuato
2921 3847 3194 3899 sermone,
3228 3840 3284 3888 et
3309 3831 3447 3887 mihi
3473 3840 3529 3887 et
3554 3830 3715 3886 vobis

2112 3929 2208 3985 ﬁat
2229 3941 2540 3995 onerosum,
2571 3923 2597 3963 ι
2628 3924 2683 3979 in
2713 3925 2854 3981 diem
2888 3924 3097 3980 sabbati
3130 3924 3399 3995 promissa
3426 3924 3592 3996 278
3614 3922 3716 3979 dil-

2110 4023 2371 4079 feremus.
2394 4019 2599 4085 Aderit,
2628 4029 2684 4075 ut
2713 4020 3007 4085 credimus,
3035 4020 3207 4090 gratia
3238 4020 3356 4086 Dei,
3380 4029 3440 4076 ut
3467 4018 3717 4075 debitum

2112 4126 2355 4174 nostrum
2376 4116 2544 4187 ipsius
2570 4112 2771 4169 auxilio
2793 4112 3155 4182 compleatur,
3179 4110 3270 4183 qui
3292 4110 3426 4167 vivit
3444 4119 3500 4166 et
3522 4120 3719 4181 regnat

2112 4227 2233 4268 cum
2264 4210 2427 4266 Patre
2460 4215 2516 4265 et
2543 4206 2747 4279 Spiritu
2789 4213 2978 4262 sancto
3018 4206 3074 4261 in
3118 4204 3316 4261 secula
3359 4204 3716 4260 steculorum.

2112 4309 2310 4364 Amen.

2179 4434 2210 4474 ιλ
2250 4436 2361 4499 AL,
2399 4433 2712 4488 discindunt.
2754 4431 2903 4499 Mox,
2936 4447 3051 4503 qua:
3093 4433 3373 4488 carnaliter
3406 4432 3627 4504 diligunt
3658 4432 3717 4489 in

2108 4507 2311 4563 Homil.
2338 4505 2488 4560 Pauli
2515 4505 2666 4559 Diac.

2188 4580 2205 4616 ί
2252 4579 2381 4631 Erat
2398 4576 2451 4630 in
2481 4575 2640 4630 editis
2665 4582 2789 4631 ante
2804 4574 3010 4640 Ouesn.
3034 4591 3047 4628 :
3068 4574 3275 4630 Etenim
3292 4590 3431 4629 nunc
3459 4590 3491 4628 a
3507 4574 3720 4630 Christo

2108 4650 2331 4704 vincitur
2360 4647 2600 4713 mundus,
2627 4655 2676 4701 et
2703 4663 2819 4700 cum
2844 4664 2875 4700 a
2899 4648 3058 4701 servis
3084 4648 3194 4702 suis
3216 4664 3236 4701 :
3263 4647 3403 4717 apud
3435 4646 3713 4713 Quesnel-

2110 4722 2219 4776 lum
2246 4736 2374 4774 vero
2401 4734 2465 4774 ac
2491 4718 2544 4772 in
2578 4718 2746 4787 prima
2775 4719 3031 4782 editione,
3062 4727 3108 4772 et
3129 4735 3266 4773 nunc
3286 4719 3423 4773 enim
3449 4735 3483 4771 a
3502 4717 3716 4773 Christo

2110 4792 2332 4847 vincitur
2358 4789 2603 4855 mundus,
2627 4797 2676 4843 et
2697 4805 2812 4843 cum
2835 4807 2869 4843 α
2887 4791 3040 4843 servis
3065 4791 3190 4845 suis.
3218 4791 3495 4846 Saniorem
3521 4790 3722 4845 lectio-

2115 4880 2236 4920 nem
2268 4862 2497 4930 prmbuit
2524 4861 2799 4931 exemplar
2829 4862 2979 4915 Pauli
3006 4861 3155 4915 Diac.

2189 4938 2203 4986 i
2252 4933 2609 5001 Quesnellus,
2650 4934 2811 5004 ipsius
2855 4949 3051 5003 quoque
3088 4933 3322 4988 victoria.
3367 4932 3721 4988 Prmtulimus

2114 5007 2402 5062 lectionem
2430 5014 2735 5059 nostrorum
2763 5004 3006 5059 codicum
3036 5012 3092 5059 et
3116 5016 3451 5059 caaterarum.

2185 5076 2213 5115 ιι
2254 5078 2403 5133 Unus
2428 5076 2597 5132 codex
2626 5074 2684 5131 S.
2713 5075 2879 5138 Petri,
2903 5078 2957 5128 in
2981 5084 3219 5146 quartam
3238 5075 3433 5129 sabbati
3462 5076 3723 5146 promissa

2113 5148 2406 5216 differimus
2419 5162 2439 5213 ,°
2457 5148 2551 5203 sed
2574 5162 2879 5218 perperam,
2902 5157 2961 5202 ut
2986 5162 3053 5202 ex
3078 5148 3447 5203 admonitione
3465 5147 3723 5217 sequenti

2114 5220 2399 5276 constabit.

429 5332 3726 5360 Ἢ

1139 5408 1597 5475 ΑΒΜΟΝΙΤΙΟ
1641 5415 1719 5475 ΙΝ
1763 5415 1969 5478 DUOS
2012 5416 2474 5491 SEQUENTES
2517 5417 2963 5480 SERMONES.

496 5533 547 5586 l.
568 5531 862 5615 _Quesneiii
882 5534 1143 5615 monitum
1166 5534 1420 5615 integrum
1454 5536 1505 5615 in
1537 5537 2051 5615 primiseagliibemus.
2088 5538 2225 5603 Duo,
2247 5540 2431 5610 inquit,
2457 5541 2546 5615 qui
2566 5549 2880 5615 sequuntur
2900 5554 3203 5615 sermones,
3228 5542 3290 5598 de
3319 5541 3728 5602 Resurrectione

431 5604 635 5687 Domini
656 5605 1026 5687 inscribuntur
1057 5606 1108 5659 in
1136 5604 1386 5687 omnibus
1418 5604 1579 5662 editis
1603 5608 1915 5687 codicibus;
1944 5625 2131 5663 verum
2162 5625 2285 5687 non_
2303 5604 2418 5687 ipso
2447 5604 2535 5666 die
2556 5604 3005 5687 Besurrectionis
3038 5604 3329 5669 Dominicaa
3358 5616 3533 5670 dictos
3565 5630 3718 5687 esse,

426 5676 522 5758 sed
554 5676 780 5758 sabbato
817 5687 1003 5758 sancto
1024 5721 1037 5739 .
1066 5678 1318 5758 gravibus
1357 5679 1647 5758 momentis
1676 5680 1921 5758 adducor
1946 5676 2522 5758 ut_certum_ha_beam.
2554 5682 2687 5758 lflam
2712 5684 2777 5758 _l°
2811 5699 2935 5736 cum
2962 5687 3412 5754 occupatissimus
3441 5697 3587 5744 esset
3613 5676 3721 5758 pa;

427 5747 626 5827 schalis
664 5746 920 5827 dies,_vix_
960 5746 1194 5803 sermoni
1223 5750 1413 5827 locum
1451 5751 1579 5827 dare
1621 5758 1852 5819 poterat.
1890 5751 2179 5807 Productis
2217 5754 2469 5807 nimirum
2502 5754 2575 5827 ad
2616 5754 2836 5827 multam
2871 5765 3082 5809 noctem
3103 5746 3334 5827 'vigiliis,
3367 5767 3539 5814 totum
3581 5746 3728 5818 illud

430 5816 666 5871 cilicium
691 5818 1065 5895 celebrabatur
1094 5822 1236 5891 quod
1272 5837 1414 5876 nunc
1442 5816 1671 5895 sabbato
1697 5832 1904 5888 sancto,
1940 5839 2099 5879 mane
2127 5834 2241 5878 toto
2273 5827 2469 5895 agitur.
2498 5825 2635 5879 Tum
2666 5826 3041 5882 catecliumeni
3069 5816 3223 5885 sacro
3249 5816 3398 5888 fonte
3420 5816 3730 5888 ablueban:

432 5898 538 5957 tur,
570 5888 920 5959 ungebantur,
951 5906 1014 5947 ac
1040 5888 1274 5965 propriis
1304 5894 1707 5952 inStruebantur
1735 5896 2099 5961 documentis.
2132 5888 2357 5963 Domum
2382 5912 2531 5958 sacra
2567 5898 2956 5968 peragebantur
2986 5903 3272 5971 mysteria,
3299 5918 3419 5975 qua:
3451 5917 3715 5977 magnam
