3980 6352
430 320 534 380 587

1581 300 1642 357 S.
1685 294 1932 354 LEONIS
1970 290 2184 354 MAGNI
2212 289 2598 352 SEBMONES.

3621 304 3716 364 388

429 431 607 489 crucis
643 423 847 483 Christi
874 419 1296 493 insinuavimus,
1328 421 1387 468 ut
1421 409 1676 484 paschale
1703 420 2015 465 sacramen-
2043 404 2098 466 Α
2124 406 2314 462 mortis
2338 424 2353 462 :
2376 411 2632 481 quoniam
2682 408 2865 466 Deitas
2912 425 3033 486 quae
3077 411 3147 467 ab
3207 422 3433 488 utraque
3483 420 3714 492 suscepti

431 535 544 581 tum
575 521 690 592 ipsa
710 519 766 577 in
799 532 860 574 se
887 515 1084 573 habeat
1110 511 1218 586 vita
1244 505 1603 570 credentium,
1623 499 1855 578 etquod
1885 499 2026 592 [aeto

433 591 732 676 honoratur
778 610 1023 667 moribus
1055 603 1386 661 celebretur.
1405 607 1443 640 ιδ
1471 596 1644 666 Quam
1681 604 1876 651 autem
1919 591 2029 649 hoc

433 712 558 765 uti-le
581 708 659 764 sit
681 699 1107 777 ipsiprobastis,
1137 703 1194 752 et
1234 708 1301 751 ex
1333 701 1516 748 vestra
1558 688 1850 745 devotione
1883 684 2028 738 didi-

431 823 442 851 ι
466 803 582 856 istis
610 791 1120 871 quantum‘prosint
1149 785 1345 844 animis
1372 794 1532 855 atque
1558 779 1878 853 corporibus
1907 791 2030 847 pro-

433 894 618 947 ltxiot-u
646 889 877 960 ieiunia,
908 881 1310 954 frequentiores
1353 891 1545 949 preces
1570 885 1623 934 et
1656 877 2031 942 eleemosyuae

435 987 718 1052 largiores
741 977 920 1034 Nemo
939 978 1093 1031 enim
1121 973 1237 1030 fere
1268 981 1353 1028 est
1380 971 1471 1041 qui
1501 984 1613 1024 non
1638 967 1742 1022 huc
1761 966 2033 1021 exercita-

436 1080 580 1130 tione
601 1070 918 1144 profecerit,
949 1078 1000 1124 et
1030 1070 1081 1122 in
1107 1065 1288 1122 abdito
1316 1061 1664 1120 conscientia:
1685 1071 1804 1114 eum
1827 1055 2031 1126 aliquid

435 1186 540 1239 quo
581 1178 727 1222 recte
773 1165 943 1236 possit
964 1161 1204 1234 gaudere
1233 1157 1554 1215 condiderit.
1588 1153 1696 1211 Sed
1739 1153 1854 1208 haec
1883 1153 2034 1206 lucra

438 1260 804 1333 perseueranti
836 1269 963 1312 sunt
981 1253 1246 1311 servanda
1273 1250 1540 1312 custodia,
1565 1260 1636 1301 ne
1666 1247 1718 1300 in
1745 1243 2029 1333 desidiam,

442 1331 682 1411 resoluto
726 1351 933 1416 labore,
984 1345 1128 1417 quod
1178 1342 1400 1398 donavit
1453 1339 1548 1394 Dei
1586 1338 1784 1408 gratia,
1833 1331 2032 1387 diaboi‘i

437 1450 649 1503 foretur
687 1443 909 1504 invidia.
935 1439 1067 1498 Cum
1097 1438 1258 1510 igitur
1298 1432 1653 1506 quadraginta
1695 1428 1904 1483 dierum
1934 1424 2032 1478 ob-

437 1537 711 1596 servantia
754 1534 859 1589 hoc
897 1528 1229 1585 voluerimus
1277 1522 1516 1594 operari,
1547 1530 1604 1576 ut
1634 1518 1834 1590 aliquid
1859 1515 2034 1574 senti-

437 1644 619 1686 remus
640 1629 817 1683 crucis
851 1626 906 1680 in
935 1633 1183 1691 tempore
1229 1619 1525 1673 Dominiczc
1569 1615 1855 1684 passionis,
1882 1609 2036 1666 adni-

2122 502 2366 577 iiouiinis
2389 504 2694 562 satiatatum
2731 519 2848 563 non
2877 504 3137 578 recessit,
3164 506 3307 578 quod
3353 507 3624 580 potestaie
3643 511 3717 568 di-

2132 598 2284 663 uisit,
2316 604 2582 667 potestate
2601 597 2909 667 conjunxit.

2204 690 2334 745 Car.
2365 687 2530 745 lil.—
2553 689 2853 748 Subsecuta
2875 700 3003 746 sunt
3022 691 3210 764 itaque
3237 694 3402 749 multa
3434 694 3719 752 documen.

2133 792 2186 838 ta
2213 783 2407 853 quibus
2441 782 2799 854 praedicanda:
2825 799 2925 854 per
2955 785 3264 842 universum
3303 788 3562 845 mundum
3604 789 3722 848 fidei

2130 877 2429 933 auctoritas
2469 874 2828 932 conderetur.
2875 875 2949 931 Et
2995 876 3130 932 licet
3187 879 3454 936 revolutio
3507 881 3719 952 lapidis,

2121 969 2415 1022 evacuatio
2454 969 2814 1035 monumenti,
2845 969 3114 1038 depositio
3139 970 3456 1040 ‘iinteorum,
3489 983 3543 1029 et
3567 977 3723 1031 totius

2131 1061 2262 1117 facti
2301 1063 2481 1133 angeli
2518 1071 2828 1120 narratores
2855 1064 3075 1133 copiose
3103 1067 3385 1124 veritatem
3431 1066 3723 1126 Dominicm

2133 1156 2556 1212 resurrectionis
2587 1166 2923 1222 astruerent;
2951 1166 3008 1214 et
3037 1159 3324 1215 mulierum
3357 1169 3534 1216 tamen
3566 1163 3722 1229 visui,

2133 1260 2192 1305 et
2214 1249 2583 1318 apostolorum
2610 1249 2921 1317 frequenter
2946 1252 3118 1308 oculis
3139 1253 3457 1310 maniiestus
3485 1256 3725 1325 apparuit

2131 1342 2277 1418 ⁵(Αει.
2311 1359 2347 1406 l,
2377 1342 2434 1412 5)
2462 1359 2477 1398 :
2505 1355 2614 1397 non
2643 1342 2821 1398 solum
2852 1344 3081 1414 loquens
3109 1360 3229 1400 cum
3256 1345 3356 1414 eis,
3392 1345 3487 1403 sed
3512 1346 3534 1385 τ
3570 1348 3724 1404 etiam

2139 1432 2389 1494 habitans
2411 1442 2572 1505 atque
2597 1450 2952 1505 convescens,
2983 1445 3038 1492 et
3065 1439 3383 1506 pertractari
3406 1452 3465 1494 se
3489 1438 3727 1510 diligenti

2125 1529 2463 1599 .curiosoque
2489 1537 2739 1585 contactu
2781 1529 2849 1584 ab
2878 1530 2958 1585 eis
2987 1545 3132 1602 quos
3168 1531 3438 1588 dubitatio
3469 1534 3725 1601 perstrin-

2139 1623 2319 1693 gebat,
2356 1623 2669 1678 admittens.
2702 1623 2829 1678 ideo
2859 1623 3002 1677 enim
3033 1631 3090 1679 et
3115 1625 3318 1679 clausis
3345 1624 3413 1680 ad
3443 1623 3730 1697 discipulos

438 1723 656 1782 tendunt
707 1718 862 1779 nobis
917 1724 1000 1776 εει
1049 1723 1104 1769 ιιι
1143 1713 1305 1768 ﬁliam
1369 1705 1789 1764 ι’θευΐΐθίέιῖοηῖε
1830 1701 2034 1758 miris“
2115 1718 2302 1788 '283
2329 1718 2481 1772 ostiis
2519 1716 2979 1788 introibat(Joan.
3013 1734 3102 1784 xx,
3133 1718 3247 1787 i9),
3279 1731 3333 1776 et
3361 1719 3490 1781 flatu
3519 1721 3730 1788 Sucida-

439 1801 775 1877 δηνθιλίωημτ
805 1827 933 1873 £559
978 1814 1361 1871 Wsonesv‘“
1401 1803 1468 1858 de
1515 1813 1693 1860 ωθτίθ
1742 1797 1810 1852 διά
1843 1798 2035 1860 “iam,
2066 1801 2117 1864 Β
2143 1809 2235 1864 bat
2262 1810 2818 1877 Spiritumsanctum,
2845 1820 2900 1864 et
2933 1810 3059 1864 dato
3099 1810 3467 1880 intelligentia
3511 1813 3730 1884 lumine,

439 1910 565 1964 dum
595 1908 653 1961 in
689 1907 800 1961 isto
825 1915 1013 1959 sumus
1041 1912 1293 1968 corpore,
1327 1905 1693 1950 transeamus.
1729 1889 2034 1957 Unicuique

440 2004 581 2057 cnim
613 1997 841 2063 homini,
870 1996 960 2067 qui
988 2007 1053 2050 ex
1083 1993 1188 2047 alio
1209 1989 1264 2045 in
1298 1989 1441 2043 aliud
1471 1987 1651 2057 aliqua
1679 1982 2038 2040 conversione

441 2101 694 2159 mutatur,
726 2092 848 2146 linis
878 2097 968 2146 est
997 2102 1102 2142 nou
1135 2099 1254 2140 esse
1286 2082 1431 2154 quod
1455 2081 1578 2147 fuit,
1609 2087 1666 2135 et
1703 2085 1882 2142 ortus,
1917 2089 2039 2129 esse

441 2189 582 2260 quod
633 2199 740 2241 non
759 2183 886 2242 fuit.
904 2180 1020 2237 Sed
1037 2179 1273 2234 interest
1315 2175 1409 2231 eui
1451 2174 1572 2244 quis
1622 2180 1720 2226 aut
1761 2168 2041 2223 moriatur

441 2288 534 2336 aut
573 2278 716 2333 vivat
746 2295 759 2329 :
791 2275 914 2347 quia
942 2279 1026 2330 est
1073 2287 1216 2326 mors
1249 2283 1367 2339 quae
1415 2280 1577 2322 causa
1606 2272 1692 2320 est
1718 2260 1955 2328 vivendi,
1987 2268 2042 2314 et

443 2383 526 2432 est
553 2374 661 2429 .vita
693 2386 814 2442 quae
843 2382 1012 2428 causa
1051 2374 1135 2422 est
1161 2359 1447 2418 moriendi.
1476 2358 1586 2415 Nec
1627 2356 1754 2412 alibi
1795 2370 1955 2426 quam
1989 2355 2043 2408 in

443 2468 547 2524 hoc
566 2464 886 2522 .meitonio
917 2461 1079 2533 282
1099 2457 1300 2513 saeculo
1333 2464 1625 2521 utrumque
1671 2447 2040 2518 conquiritur;

445 2559 472 2602 ι’
495 2569 549 2616 et
579 2573 648 2620 ex
673 2558 934 2627 qualitate
983 2549 1364 2622 temporalium
1407 2545 1681 2602 actionum
1726 2539 2044 2596 differentiae

445 2621 862 2712 retributionem
895 2645 1134 2718 pendent
1160 2653 1511 2698 aeternarum.
1539 2634 1876 2693 Moriendum
1916 2645 2046 2702 ergo

445 2753 531 2804 est
543 2743 764 2800 diabolo
780 2750 842 2798 et
859 2737 1150 2795 vivendum
1187 2735 1330 2798 Deo;
1353 2729 1717 2789 deﬁcientium
1749 2725 2043 2797 iniquitati,

446 2836 744 2908 utiusﬁtite
768 2842 1098 2902 resurgatur.
1124 2828 1462 2886 Occumbant
1483 2833 1691 2892 vetera,
1722 2829 1781 2876 ut
1801 2823 2046 2876 oriantur

447 2945 604 2986 nova.
641 2929 719 2984 Et
762 2927 1043 3004 quoniam,
1079 2925 1219 2980 sicut
1271 2920 1349 2978 ait
1402 2918 1638 2982 Veritas,
1689 2931 1839 2970 nemo
1883 2920 2046 2984 potest

446 3025 644 3087 duom
675 3024 906 3080 dominis
929 3022 1118 3076 seruire
1139 3016 1359 3091 (Matth.
1390 3032 1465 3082 Vt,
1490 3013 1597 3079 24;
1628 3011 1761 3068 Luc.
1791 3027 1902 3078 ut,
1928 3011 2042 3080 15),

447 3115 706 3172 Dominus
731 3115 806 3168 sit
841 3128 948 3167 non
985 3111 1078 3166 ilie
1105 3109 1197 3178 qui
1237 3114 1442 3163 stantes
1470 3105 1682 3175 impulit
1720 3104 1774 3160 in
1803 3105 2038 3172 ruinam,

447 3207 544 3264 sed
573 3205 664 3262 ille
693 3204 785 3275 qui
805 3201 1049 3273 deiectos
1075 3200 1252 3258 erexit
1279 3201 1335 3255 in
1374 3200 1622 3269 gloriam.

517 3299 648 3358 Car.
671 3297 744 3354 ιι.
767 3326 838 3339 --
861 3295 1082 3353 Dicente
1121 3307 1253 3364 ergo
1300 3291 1566 3362 Apostoio
1591 3307 1604 3343 :
1633 3288 1846 3345 Primus
1890 3289 2043 3344 homo

446 3391 512 3445 de
549 3398 692 3450 tem
726 3399 985 3454 terrenus,
1016 3386 1272 3442 secundus
1315 3386 1468 3440 homo
1523 3386 1590 3438 de
1638 3384 1763 3438 colo
1805 3383 2041 3438 caelatis.

451 3483 634 3553 Quaﬁs
653 3493 905 3548 terrenus,
939 3481 1066 3535 tales
1091 3490 1138 3535 et
1161 3479 1388 3542 terreni;
1425 3487 1470 3532 et
1499 3477 1666 3549 qualis
1694 3477 1928 3542 εωιεδιὶδ,
1965 3487 2044 3530 ta.

447 3578 521 3632 les
544 3583 591 3632 et
607 3575 855 3632 scelesta.
880 3572 1028 3631 Sicut
1050 3572 1369 3645 portavimus
1389 3571 1672 3642 imaginem
1695 3570 1907 3635 terreni,
1924 3586 2046 3640 por-

449 3679 611 3724 tem
639 3675 684 3722 et
728 3667 1009 3738 metuent
1048 3667 1162 3738 ejus
1205 3665 1294 3736 qui
1321 3672 1400 3718 est
1447 3663 1515 3717 de
1566 3662 1692 3718 orato
1721 3662 1764 3732 (l
1795 3662 1914 3716 Cor.
1950 3678 2045 3733 xv,

448 3760 542 3828 47,
567 3758 698 3829 49);
739 3760 964 3815 multum
1006 3758 1161 3813 nobis
1207 3760 1276 3813 de
1316 3757 1415 3811 hac
1457 3758 1882 3812 commutatione
1919 3770 2051 3826 gau-

448 3855 684 3912 dendum
717 3864 822 3922 est,
863 3865 887 3893 ο
921 3868 1025 3926 qua
1062 3852 1130 3910 de
1169 3852 1505 3923 ignobilitate
1538 3862 1750 3906 terrena
1781 3849 1849 3906 ad
1879 3850 2047 3906 coale—

451 3958 590 4004 stem
634 3947 1009 4002 transfer-imor
1036 3945 1360 4014 dignitatem
1403 3959 1498 4012 per
1537 3944 1685 3998 illius
1719 3942 2048 3998 ineffabilem

450 4035 882 4096 misonicordism
913 4037 1004 4107 qu‘i
1035 4047 1095 4090 ut
1124 4049 1222 4090 nos
1255 4037 1308 4089 in
1333 4050 1436 4090 sua
1469 4035 1816 4106 proveheret,
1860 4037 1912 4090 in
1943 4049 2051 4090 .no-

449 4139 564 4186 stra
592 4129 904 4197 descendit;
935 4141 990 4190 ut
1023 4143 1128 4184 non
1156 4129 1330 4184 solum
1361 4130 1740 4195 substantiam,
1764 4129 1861 4186 sed
1887 4131 2046 4186 etiam

449 4223 816 4281 conditionem
850 4233 1051 4278 natura:
1071 4222 1394 4292 peccatricis
1420 4232 1745 4289 assumeret,
1773 4233 1830 4278 et
1861 4237 1925 4280 ea
1946 4222 2050 4277 sibi

449 4327 732 4389 pateretur
762 4316 949 4372 inferri
979 4317 1160 4372 divina
1195 4316 1626 4386 impassibiiitas,
1655 4331 1777 4387 qua:
1805 4316 2051 4371 miserri-

449 4425 538 4466 me
563 4411 841 4482 experitur
871 4411 1104 4466 humana
1137 4411 1459 4466 mortalitas.
1496 4410 1669 4476 Unde,
1706 4427 1773 4465 ne
1806 4411 2050 4465 turbatos

451 4503 840 4574 discipulorum
885 4508 1100 4560 animos
1156 4506 1313 4575 longa
1383 4504 1698 4561 mmstitudo
1755 4505 2044 4568 cruciaret,

2139 1912 2448 1959 sanctarum
2470 1903 2871 1973 Scripturarum
2899 1903 3107 1958 occulta
3132 1903 3728 1979 pandebat(Luc.xxrv,

2141 1995 2257 2066 27),
2288 2005 2342 2051 et
2366 2011 2554 2054 rursus
2581 1995 2722 2051 idem
2749 1995 2943 2051 vulnus
2971 1996 3177 2064 lateris,
3207 1996 3410 2054 ﬁxuras
3434 1999 3731 2068 clavorum,

2143 2097 2200 2144 et
2224 2088 2408 2142 omnia
2453 2088 2846 2143 recentissimae
2889 2088 3153 2158 passionis
3191 2091 3346 2160 signa
3401 2093 3737 2148 monstrabat

2143 2180 2452 2252 (Joan.xx,
2499 2181 2616 2250 27),
2664 2190 2726 2237 ut
2771 2190 3165 2253 agnosceretur
3213 2184 3268 2239 in
3321 2199 3388 2240 eo
3437 2185 3739 2256 proprietas

2145 2275 2346 2332 divinae
2377 2275 2735 2346 humanaeque
2769 2285 2978 2333 natura:
3005 2276 3281 2334 individua
3309 2292 3652 2348 permanere,
3683 2288 3741 2336 et

2144 2370 2219 2426 ita
2242 2370 2505 2424 sciremus
2542 2369 2772 2426 Verbum
2807 2385 2920 2425 non
2951 2370 3054 2426 hoc
3083 2385 3204 2427 esse
3241 2372 3387 2442 quod
3416 2387 3659 2441 carnem,
3681 2380 3742 2428 ut

2145 2478 2314 2517 unum
2346 2460 2442 2516 Dei
2465 2460 2661 2516 Filium
2699 2470 2754 2518 et
2786 2461 3024 2519 Verbum
3083 2461 3472 2520 conﬁteremur
3523 2475 3577 2522 et
3621 2479 3745 2521 car-

2147 2568 2294 2610 nem.

2220 2647 2349 2702 Cn.
2379 2646 2469 2702 ιν.
2493 2675 2566 2688 -
2583 2647 2702 2704 Non
2731 2647 2996 2714 dissouat,
3027 2646 3388 2715 dilectissimi,
3413 2649 3480 2702 ab
3509 2648 3613 2704 hac
3633 2647 3746 2712 iide

2154 2741 2418 2810 magister
2447 2741 2688 2810 gentium
2719 2741 2997 2810 apostolus
3018 2741 3238 2805 Paulus,
3271 2756 3396 2796 cum
3427 2741 3554 2795 dicit
3588 2759 3601 2795 :
3628 2739 3746 2794 Etsi

2151 2833 2482 2902 cognovimus
2513 2832 2794 2886 secundum
2817 2849 3026 2887 carnem
3048 2831 3330 2902 Christum,
3359 2834 3450 2887 sed
3479 2850 3615 2888 nunc
3625 2837 3747 2906 jam

2150 2941 2253 2980 non
2297 2925 2526 2979 novimus
2554 2924 2573 2996 (
2599 2925 2645 2981 ll
2665 2922 2787 2979 Cor.
2818 2941 2872 2990 v,
2905 2925 3018 2996 i6).
3050 2925 3402 2984 Resurrectio
3445 2925 3588 2981 enim
3631 2924 3748 2981 Do-

2145 3017 2279 3072 mini
2309 3032 2416 3072 non
2459 3018 2580 3071 finis
2602 3017 2808 3082 carnis,
2840 3016 2934 3071 sed
2963 3013 3316 3072 commutatio
3345 3016 3465 3084 fuit,
3507 3031 3610 3071 nee
3636 3017 3749 3069 vir-

2149 3111 2280 3165 tutis
2322 3118 2610 3180 augmento
2655 3119 2974 3179 consumpta
3022 3109 3325 3164 substantia
3367 3117 3470 3165 est.
3498 3107 3749 3175 Qualitas

2073 3189 2120 3254 C
2151 3201 2383 3268 transiit,
2411 3219 2519 3258 non
2544 3211 2732 3258 natura
2755 3202 2982 3267 defecit;
3009 3211 3065 3257 et
3085 3201 3286 3258 factum
3310 3211 3393 3258 est
3417 3218 3614 3272 corpus
3639 3201 3748 3256 im-

2144 3299 2429 3368 possibile,
2461 3297 2604 3368 quod
2643 3297 2818 3366 potuit
2862 3295 3134 3366 cruciligi;
3159 3295 3363 3352 factum
3399 3306 3485 3351 est
3514 3294 3749 3350 immer-

2153 3389 2279 3454 tale,
2312 3389 2453 3459 quod
2496 3389 2669 3458 potuit
2701 3389 2907 3454 occidi;
2935 3387 3138 3442 factum
3183 3398 3269 3444 est
3305 3386 3748 3456 incorruptibiie,

2153 3482 2296 3554 quod
2330 3483 2505 3552 potuit
2528 3481 2821 3536 vulnerari.
2854 3482 2919 3536 Et
2943 3483 3138 3537 merito
3165 3481 3364 3536 dicitur
3386 3496 3514 3537 caro
3543 3478 3754 3538 Christi

2151 3578 2208 3633 iu
2240 3591 2307 3632 eo
2326 3585 2470 3632 statu
2497 3592 2604 3644 quo
2628 3575 2808 3632 fuerat
2833 3587 2983 3640 nota,
3014 3577 3213 3631 nesciri
3244 3595 3258 3630 ι
3283 3577 3410 3647 quia
3431 3577 3572 3631 nihil
3602 3578 3656 3631 in
3683 3590 3754 3632 ea

2153 3669 2436 3740 possibile,
2485 3669 2622 3723 nihil
2673 3670 2933 3724 remansit
2985 3669 3279 3734 infirmum,
3308 3679 3369 3723 ut
3413 3679 3471 3724 et
3516 3671 3632 3737 ipsa
3679 3669 3756 3723 sit

2154 3779 2253 3834 per
2280 3763 2594 3829 essentiam,
2625 3774 2681 3818 et
2707 3780 2814 3819 non
2845 3765 2916 3819 sit
2944 3765 3057 3834 ipsa
3086 3780 3185 3833 per
3203 3765 3452 3834 gloriam.
3485 3764 3622 3830 Quid
3655 3779 3758 3819 au-

2155 3867 2263 3913 tem
2297 3859 2514 3921 mirum,
2550 3859 2595 3912 si
2643 3858 2749 3912 hoc
2795 3858 2866 3914 de
2919 3873 3148 3927 corpore
3194 3858 3398 3914 Christi
3444 3860 3754 3927 proﬁtetur,

2156 3959 2184 3999 ε
2212 3949 2304 4021 qui
2333 3951 2401 4004 de
2429 3950 2682 4005 omnibus
2705 3949 3032 4004 Christianis
3054 3951 3392 4020 spiritalibus
3420 3951 3552 4006 dicit
3583 3969 3596 4005 :
3631 3949 3759 4006 ιω-

2155 4059 2252 4114 que
2287 4059 2378 4097 nos
2413 4059 2478 4098 ex
2523 4044 2617 4096 hoc
2670 4044 2921 4096 neminem
2969 4045 3203 4098 novimus
3238 4049 3519 4100 secundum
3543 4060 3761 4099 carnem

2155 4135 2226 4205 (ll
2256 4135 2376 4190 Cor.
2396 4151 2450 4200 v,
2481 4136 2600 4205 i6)?
2631 4135 2711 4190 Ex
2743 4136 2864 4200 hoc,
2900 4136 3091 4205 inquit,
3126 4136 3338 4190 initium
3365 4137 3525 4193 nobis
3550 4137 3763 4194 factum

2155 4236 2242 4282 est
2289 4228 2704 4282 resurrectionis
2736 4229 2788 4282 in
2821 4229 3062 4293 Christo,
3090 4242 3156 4283 ex
3199 4245 3304 4298 quo
3335 4231 3385 4284 in
3425 4245 3492 4284 eo
3527 4232 3620 4299 qui
3657 4246 3765 4299 pro

2157 4322 2409 4377 omnibus
2440 4331 2687 4377 mortuus
2717 4331 2822 4388 est,
2853 4323 3017 4377 totius
3039 4325 3154 4393 spei
3187 4336 3388 4378 nostra:
3414 4323 3584 4380 forma
3608 4341 3767 4394 pran-

2155 4417 2484 4474 cess-it.Non
2531 4418 2842 4472 baesitamus
2889 4417 3210 4481 difﬁdentia,
3255 4433 3356 4473 nec
3399 4420 3602 4474 incerta
3653 4433 3767 4474 ex-

2157 4511 2495 4581 Spectatione
2542 4510 2945 4579 suspendimur,
2975 4510 3070 4566 sed
3120 4521 3342 4580 accepto
3371 4511 3770 4581 promissionis

451 4596 819 4652 denuntiatum
856 4597 1017 4652 tridui
1062 4613 1266 4652 moram
1303 4607 1410 4652 tam
1442 4594 1574 4652 mira
1615 4598 1890 4653 celeritate
1919 4598 2046 4653 bre-
2069 4570 2132 4632 θ
2155 4570 2402 4671 εξοιιάἰο,
2435 4603 2558 4657 ﬁdei
2591 4603 2761 4658 oculis
2789 4619 2909 4672 qua:
2937 4612 3063 4665 sunt
3095 4605 3289 4667 futura,
3317 4570 3429 4673 jam
3455 4604 3769 4671 cernimus;

450 4688 632 4756 viavit,
665 4699 722 4743 ut
751 4690 876 4744 dum
927 4691 993 4744 ad
1049 4691 1315 4761 integrum
1371 4689 1669 4745 secundum
1721 4690 1863 4746 diem
1919 4708 2046 4762 pars

451 4781 612 4851 primi
658 4782 951 4838 novissima
1002 4791 1057 4837 et
1081 4798 1205 4851 pars
1251 4783 1394 4838 tertii
1447 4783 1619 4850 prima
1670 4785 1964 4849 concurrit,
1993 4793 2049 4841 et

452 4873 785 4942 aliquantum
815 4873 1074 4942 temporis
1097 4871 1123 4910 ἀ
1153 4874 1327 4944 spatio
1357 4872 1658 4940 decideret,
1688 4887 1742 4930 et
1772 4877 1904 4931 nihil
1928 4879 2047 4933 die-

451 4979 568 5018 rum
611 4981 838 5021 numero
866 4965 1158 5036 deperiret.
1183 4967 1536 5023 Resurrectio
1561 4968 1721 5039 igitur
1749 4970 2046 5030 Salvatoris

452 5073 551 5112 nec
573 5057 809 5114 animam
832 5058 886 5114 in
909 5058 1141 5123 inferno.
1174 5074 1274 5115 nec
1299 5074 1518 5115 carnem
1549 5059 1641 5116 diu
1676 5071 1698 5099 ο
1732 5076 1938 5118 morata
1963 5076 2048 5122 est

452 5148 508 5202 in
532 5149 816 5216 segniore;
848 5156 905 5204 et
943 5158 1050 5204 tam
1083 5151 1248 5206 velox
1289 5151 1624 5221 incorruptae
1659 5154 1842 5209 carnis
1874 5157 2048 5211 viviﬁ-

450 5239 590 5295 catio
616 5237 732 5308 fuit,
757 5247 814 5294 ut
843 5238 1014 5310 maior
1041 5241 1114 5296 ibi
1145 5252 1292 5298 esset
1311 5247 1527 5312 soporis
1555 5243 1853 5302 similitudo
1882 5264 2043 5318 quam

525 5375 549 5449 ιι
566 5367 758 5451 Prin};
779 5368 968 5451 etijtio,
986 5380 1244 5451 gegetum
1273 5383 1461 5428 autem.
1487 5372 1620 5429 Post
1643 5394 1817 5448 pauca
1853 5386 2043 5444 eadem

451 5437 618 5569 3‘31}?
639 5435 782 5564 θύω
803 5435 1023 5502 duabus
1054 5435 1196 5500 yau'
1227 5459 1362 5502 “‘35-
1383 5484 1399 5513 ο
1427 5462 1493 5502 ϐε
1537 5435 1704 5504 vesti-tt
1745 5435 2052 5522 probetier

489 5533 496 5540 ’
547 5528 638 5575 mu.
652 5529 726 5568 ,16-

523 5577 704 5670 ξιξεεο
733 5584 896 5670 lectio
927 5584 1162 5670 duorum
1200 5587 1361 5644 codd.
1393 5590 1451 5646 8.
1475 5591 1636 5670 Petri
1645 5595 1848 5670 melior
1875 5615 2050 5670 quam

455 5653 866 5780 xtet‘lﬁtunutuet
891 5658 1124 5720 altorum
1145 5675 1310 5726 mss,
1341 5671 1398 5716 tu
1422 5653 2047 5740 es.quatitats.....jpeu:

529 5803 554 5835 α
584 5793 719 5855 Cod.
743 5799 883 5856 Bon.
914 5812 967 5858 et
997 5804 1166 5871 prima
1189 5805 1375 5875 editio,
1403 5807 1549 5877 quia.

2154 4707 2212 4755 et
2259 4707 2470 4753 naturae
2517 4696 2864 4767 provectione
2907 4697 3228 4768 gaudentes,
3277 4697 3420 4766 quod
3479 4695 3774 4753 credimus

2151 4792 2263 4863 jam
2289 4803 2556 4848 tenemus.

2227 4883 2354 4940 Car.
2394 4883 2461 4941 ν.
2483 4913 2556 4923 -
2578 4882 2697 4938 Non
2724 4898 2854 4954 ergo
2901 4898 3002 4937 nos
3032 4899 3214 4939 rerum
3253 4881 3634 4954 temporalium
3672 4898 3777 4938 oc-

2157 4985 2357 5048 cupent
2377 4975 2608 5047 species,
2639 4989 2740 5032 nec
2773 4973 2839 5028 ad
2881 4989 2940 5030 se
2970 4975 3481 5044 contemplationem
3511 4986 3779 5030 nostram

2155 5084 2188 5124 a
2229 5067 2540 5124 ctelestibus
2583 5075 2798 5122 terrena
2827 5065 3140 5122 deflectant.
3167 5066 3275 5122 Pro
3314 5067 3602 5122 transactis
3655 5066 3780 5121 ba-

2155 5160 2387 5216 beantur
2404 5173 2521 5229 qua
2541 5174 2610 5213 ex
2635 5159 2863 5213 maxima
2884 5168 3035 5228 parte
3057 5160 3163 5230 jam
3196 5175 3307 5215 non
3334 5169 3494 5226 sunt;
3523 5167 3579 5216 et
3601 5174 3782 5216 mens

2159 5257 2366 5311 intenta
2411 5254 2711 5320 mansuris,
2761 5253 2834 5308 ibi
2875 5253 3200 5310 desiderium
3254 5271 3410 5312 suum
3463 5255 3608 5327 figat,
3671 5255 3783 5315 ubi

2235 5385 2263 5426 ά
2296 5385 2591 5462 puocatid.
2621 5388 2682 5462 S.
2711 5388 2877 5453 Petri,
2899 5393 3154 5462 spatium.

2237 5469 2262 5497 θ
2289 5459 2472 5584 “ﬂio
2491 5458 2838 5518 Coloniensis
2863 5458 2959 5520 an.
2987 5465 3152 5531 1547,
3185 5464 3241 5520 in
3271 5466 3538 5537 margine,
3555 5471 3788 5522 aerari

2160 5548 2316 5605 raise
2343 5548 2370 5584 ε
2424 5571 2438 5585 ο
2506 5601 2519 5605 _

2199 5675 2212 5728 ι
2238 5600 2256 5640 τ
2288 5601 2612 5685 Ρειηίουιδω
2643 5604 2799 5664 etiam
2831 5618 2904 5664 ex
2935 5608 3186 5672 onmibus
3221 5610 3428 5672 nostris
3451 5624 3592 5676 mss.
3619 5623 3791 5682 suos

2220 5690 2445 5728 ενιιιιυε.

2162 5690 2445 5745 ptevnnus.

2236 5756 2260 5792 ις
2293 5746 2403 5812 AL,
2456 5747 2633 5829 quod;
2672 5756 2727 5803 et
2771 5764 2928 5829 mox,
2982 5751 3086 5824 pro
3132 5749 3293 5823 dicit,
3337 5751 3496 5826 alias,
3539 5753 3789 5822 dicitur.

2159 5815 2509 5887 QUESNELLUS
2534 5820 2585 5875 in
2615 5819 2881 5890 margine.
