3980 6352
517 334 617 399 391

1681 336 1736 391 S.
1779 332 2020 391 LEONIS
2060 332 2275 390 MAGNI
2315 330 2675 390 SERMONES

3693 330 3791 395 592

520 451 731 509 felicior
760 448 804 507 si
831 449 885 507 in
921 465 989 507 eo
1018 456 1234 504 maneat
1258 446 1400 516 quod
1432 444 1643 501 refecit.
1672 446 1895 501 Multum
1937 445 2038 501 fuit
2078 459 2107 499 a
2136 450 2187 508 Α
2216 445 2407 501 Matth.
2439 462 2499 511 ιι,
2519 440 2633 516 25).
2664 440 2855 512 Implet
2875 455 3004 512 ergo
3033 441 3189 498 Jesus
3215 441 3600 513 proprietatem
3626 432 3792 501 nomi-

519 544 734 601 Christo
778 544 1047 613 recepisse
1087 541 1343 606 formam,
1372 538 1468 595 sed
1508 540 1631 609 plus
1679 548 1760 595 est
1803 540 1858 595 in
1897 538 2112 595 Christo

520 640 719 696 habere
741 637 1114 694 substantiam.
1138 635 1385 704 Suscepit
1402 634 1550 690 enim
1574 648 1675 689 nos
1698 634 1753 689 in
1777 650 1929 690 suam
1948 643 1974 671 ει
1989 648 2115 705 pro-

515 732 801 804 prietatem
832 728 922 784 illa
948 734 1142 781 natura
1176 726 1320 797 (quae
1349 740 1409 782 se
1449 728 1503 782 in
1535 742 1666 798 quas
1697 727 1931 783 voluerit
1963 742 2115 783 men-

515 838 674 881 suras
698 819 1045 891 benignitatis
1069 818 1315 885 inﬂectit,
1332 834 1433 875 nec
1456 835 1679 891 usquam
1694 820 2112 876 conversionem

514 913 891 969 mutabilitatis
929 911 1177 967 incurrit.
1204 910 1459 981 Suscepit
1496 926 1596 968 nos
1638 911 1727 966 illa
1754 910 1968 983 natura)
1993 926 2113 982 qua:

513 1021 616 1061 nec
629 1005 828 1061 nostris
847 1019 963 1071 sua,
980 1019 1083 1061 nec
1108 1005 1219 1060 suis
1251 1013 1438 1060 nostra
1469 1014 1854 1060 consumeret:
1886 1020 2006 1073 quae
2035 1003 2111 1059 ita

513 1117 674 1158 unam
714 1102 771 1157 in
796 1115 857 1157 se
888 1102 1012 1157 fecit
1042 1101 1264 1156 Deitatis
1295 1100 1752 1169 humanitatisque
1797 1112 2108 1170 personam,

513 1206 571 1251 ut
619 1196 720 1251 sub
771 1195 1178 1266 dispensatione
1226 1195 1596 1250 intirmitatum
1645 1204 1806 1264 atque
1849 1194 2111 1248 virtutum

511 1304 616 1346 nec
642 1303 772 1346 caro
813 1304 913 1359 per
946 1288 1288 1343 Divinitatem
1335 1286 1684 1351 inviolabilis,
1719 1301 1816 1339 nec
1849 1284 2111 1339 Divinilas

511 1398 609 1453 per
647 1398 864 1439 carnem
899 1391 1084 1453 posset
1108 1395 1231 1436 esse
1278 1379 1573 1449 passibilis.
1607 1377 1861 1450 Suscepit
1888 1393 1988 1433 nos
2018 1376 2111 1432 illa

512 1485 699 1531 natura
739 1489 858 1545 qua:
897 1481 953 1529 et
993 1472 1343 1543 propaginem
1383 1473 1555 1526 nostri
1594 1472 1813 1541 generis
1844 1470 1872 1509 ι)
1901 1486 1931 1525 a
1963 1485 2112 1525 com-

510 1568 659 1622 muni
692 1567 907 1621 tramite
936 1580 1043 1619 non
1074 1565 1443 1633 abrumperet,
1472 1572 1529 1619 et
1556 1564 1866 1634 contagium
1901 1564 2111 1634 peccati

509 1659 563 1714 in
596 1673 785 1714 omnes
816 1658 1064 1713 homines
1091 1655 1427 1712 transeuntis
1461 1655 1797 1712 excluderet.
1823 1655 2109 1709 lniirmitas

513 1765 645 1806 sane
671 1760 832 1819 atque
860 1748 1185 1815 mortalitas,
1219 1763 1339 1819 quae
1369 1762 1477 1803 non
1502 1755 1783 1818 peccatum
1808 1756 1986 1816 erant,
2012 1745 2108 1801 sed

2216 541 2299 595 nis
2329 539 2432 605 sui,
2475 547 2530 595 et
2567 537 2661 609 qui
2698 535 2945 593 ascendit
2982 538 3035 591 in
3079 537 3270 603 caelos,
3305 551 3411 593 non
3444 534 3643 593 deserit
3669 539 3791 595 ado-

2213 641 2427 704 ptatos;
2456 632 2550 704 qui
2580 630 2736 686 sedet
2764 629 2831 685 ad
2871 629 3149 685 dexteram
3179 628 3375 693 Patris.
3401 626 3430 665 δ
3456 629 3599 685 idem
3641 633 3794 689 totius

2216 724 2487 781 habitator
2517 734 2598 780 est
2620 721 2864 794 corporis
2890 741 2905 789 ;
2931 731 2988 779 et
3017 724 3131 793 ipse
3166 723 3419 779 deorsum
3447 724 3716 782 confortat
3732 728 3795 785 ad

2214 818 2549 888 patientiam,
2579 817 2672 887 qui
2699 828 2914 871 sursum
2939 815 3131 870 invitat
3172 816 3241 871 ad
3272 816 3523 887 gloriam.

2285 908 2422 965 Car.
2454 909 2547 966 ιγ.
2574 938 2646 949 -
2672 907 2785 965 Nec
2812 908 2957 966 inter
2985 924 3123 964 vana
3149 908 3311 980 igitur
3341 909 3498 966 nobis
3537 909 3801 981 desipien-

2215 1002 2342 1057 dum
2366 1012 2472 1067 est,
2502 1016 2605 1058 nec
2638 1003 2782 1058 inter
2802 1001 3033 1059 adversa
3055 1003 3457 1072 trepidandum.
3486 1003 3566 1059 lbi
3589 1005 3802 1074 quidem

2215 1095 2566 1150 blandiuntur
2604 1095 2982 1165 deceptiones,
3018 1107 3071 1152 et
3103 1097 3192 1153 hic
3217 1106 3547 1168 gravescunt
3569 1097 3799 1152 labores.

2213 1186 2321 1243 Sed
2349 1187 2472 1259 quia
2521 1188 2879 1242 misericordia
2926 1188 3139 1243 Domini
3195 1190 3351 1255 plena
3395 1198 3470 1243 est
3519 1198 3658 1242 terra
3688 1188 3800 1260 (Ps.

2214 1294 2385 1342 χχχιι,
2418 1277 2507 1349 5),
2544 1279 2697 1333 adest
2735 1280 2893 1334 nobis
2936 1278 3135 1335 Christi
3174 1277 3189 1316 ί
3228 1280 3426 1350 ubique
3468 1279 3721 1344 victoria,
3753 1288 3807 1334 ut

2216 1371 2503 1441 impleatur
2528 1372 2673 1443 quod
2694 1373 2770 1428 ait
2801 1389 2815 1427 :
2842 1372 3023 1428 Nolite
3052 1374 3253 1442 timere,
3274 1375 3394 1443 quia
3424 1390 3517 1445 ego
3546 1374 3642 1427 vici
3662 1389 3808 1427 mun-

2214 1466 2335 1519 dum
2360 1465 2541 1536 (Joan.
2572 1482 2684 1531 xvr,
2719 1465 2833 1537 '55).
2866 1465 3000 1523 Sive
3043 1483 3173 1537 ergo
3218 1478 3408 1522 contra
3458 1466 3806 1521 ambitionem

2213 1559 2419 1623 saeculi,
2453 1559 2569 1614 sive
2599 1570 2788 1615 contra
2811 1560 3284 1629 concupiscentias
3305 1560 3509 1624 carnis,
3542 1560 3657 1614 sive
3679 1574 3806 1614 con-

2216 1658 2295 1705 tra
2328 1651 2705 1707 hmreticorum
2734 1652 2915 1722 jacula
2956 1652 3301 1717 dimicemus,
3334 1652 3619 1707 Dominica
3650 1667 3808 1709 cruce

2215 1761 2435 1816 semper
2470 1746 2484 1797 ἱ
2522 1761 2818 1809 armemur,
2844 1747 2954 1802 Nec
2996 1747 3141 1802 enim
3190 1761 3439 1816 umquam
3490 1761 3521 1801 a
3571 1746 3809 1816 paschali

512 1858 669 1915 poena
694 1841 918 1912 peccati,
952 1857 983 1896 a
1014 1840 1380 1910 Redemptore
1410 1840 1595 1895 mundi
1627 1848 1845 1907 recepta
1877 1846 2008 1893 sunt
2034 1837 2103 1893 ad
2135 1837 2180 1898 Β
2208 1839 2351 1895 festo
2395 1839 2700 1895 recedimus
2728 1882 2743 1907 ,
2806 1840 2855 1894 si
2907 1854 2939 1894 a
2995 1839 3265 1895 fermento
3327 1838 3549 1894 malitia:
3611 1839 3809 1893 veteris

510 1934 857 2005 supplicium,
902 1943 962 1988 ut
1021 1932 1466 2001 impenderentur
1514 1932 1581 1985 ad
1645 1931 1902 2002 pretium.
1953 1930 2108 1999 Quod

508 2040 639 2096 ergo
681 2026 734 2080 in
779 2024 1029 2079 omnibus
1079 2024 1389 2078 hominibus
1430 2021 1724 2078 transfusio
1757 2032 1780 2061 ο
1807 2030 1925 2077 erat
1949 2021 2106 2076 dam-

507 2119 765 2185 nationis,
798 2116 902 2172 hoc
943 2117 995 2171 in
1045 2115 1267 2171 Christo
1321 2124 1722 2171 sacramentum
1756 2124 1838 2170 est
1862 2114 2102 2185 pietatis.

508 2212 744 2268 Praebuit
768 2208 911 2267 enim
934 2225 993 2265 se
1019 2210 1395 2265 crudelissimo
1416 2211 1654 2265 exactori
1688 2208 1827 2264 liber
1848 2224 1878 2263 a
1896 2208 2104 2275 debito,

508 2317 561 2364 et
585 2305 857 2360 ministras
886 2303 1084 2359 diaboli
1110 2301 1362 2358 Iudaicas
1388 2318 1579 2358 manus
1604 2304 1657 2357 in
1681 2304 1978 2357 cruciatum
2004 2303 2107 2357 im-

507 2401 790 2453 maculata:
816 2398 994 2454 carnis
1025 2396 1269 2453 admisit.
1304 2396 1476 2463 Quam
1510 2396 1634 2451 ideo
1667 2410 1836 2466 usque
1864 2396 1932 2449 ad
1964 2392 1991 2433 δ
2018 2410 2105 2451 re-

506 2491 903 2546 surrectionem
938 2489 1108 2543 voluit
1150 2504 1273 2545 esse
1312 2489 1622 2553 mortalem,
1654 2496 1713 2542 ut
1751 2486 2104 2543 credentibus

508 2584 559 2636 in
591 2598 712 2636 eum
756 2597 856 2637 nec
896 2580 1209 2653 persecutio
1239 2580 1644 2652 insuperabilis,
1677 2594 1780 2636 nec
1800 2595 1947 2635 mors
1982 2596 2106 2648 pos-

505 2683 590 2731 set
618 2689 741 2730 esse
770 2674 1026 2730 terribilis
1057 2691 1071 2727 :
1102 2688 1225 2729 cum
1265 2674 1340 2729 ita
1390 2671 1752 2728 dubitandum
1801 2688 1911 2729 non
1956 2685 2105 2730 esset

505 2766 574 2823 de
612 2768 891 2822 consortio
929 2766 1136 2836 gloriae,
1170 2767 1310 2822 sicut
1340 2766 1697 2822 dubitandum
1738 2782 1844 2821 non
1883 2775 2004 2822 erat
2034 2766 2103 2824 de

505 2860 895 2916 communione
921 2868 1151 2915 naturae.

574 2951 701 3007 Car.
735 2951 823 3006 lll.
860 2951 1005 3007 —Si
1049 2952 1427 3017 incunctanter
1476 2952 1680 3023 itaque,
1723 2950 2095 3017 dilectissimi,

505 3045 783 3101 credimus
807 3044 970 3100 corde
999 3045 1144 3116 quod
1175 3060 1269 3099 ore
1302 3044 1646 3115 proﬁtemur,
1674 3060 1775 3115 nos
1809 3047 1863 3101 in
1886 3045 2102 3101 Christo

504 3138 769 3203 crucifixi,
794 3152 895 3194 nos
924 3154 1113 3194 sumus
1153 3141 1375 3208 mortui,
1410 3154 1510 3195 nos
1552 3139 1773 3209 sepulti,
1807 3154 1905 3194 nos
1934 3139 2097 3195 etiam

2210 1933 2511 2004 (veritatis
2573 1931 2932 2005 sinceritate)
2994 1933 3348 1989 abstinemus.
3402 1932 3554 1988 Inter
3620 1946 3811 1989 omnes

2210 2042 2446 2097 namque
2468 2027 2596 2082 vita:
2626 2027 2787 2097 hujus
2814 2027 3129 2093 varietates,
3163 2041 3283 2094 qua:
3326 2025 3672 2081 diversarum
3703 2026 3812 2095 ple-

2209 2134 2294 2174 nte
2324 2128 2451 2174 sunt
2481 2120 2820 2190 passionum,
2855 2119 3172 2189 apostolica:
3200 2119 3594 2175 exhortationis
3621 2120 3813 2175 memi-

2212 2211 2356 2267 nisse
2382 2210 2667 2279 debemus,
2701 2226 2803 2281 qua
2826 2225 2926 2266 nos
2956 2213 3195 2280 instruit,
3222 2212 3410 2266 dicens
3440 2229 3455 2264 :
3491 2210 3607 2266 Hoc
3629 2213 3815 2267 sentite

2207 2304 2263 2357 in
2289 2304 2450 2368 vobis,
2476 2304 2614 2371 quod
2645 2314 2693 2357 et
2730 2304 2785 2357 in
2817 2301 3023 2358 Christo
3048 2302 3175 2358 Iesu
3205 2320 3225 2358 .'
3247 2304 3337 2374 qui
3380 2320 3496 2357 cum
3544 2305 3598 2357 in
3638 2308 3813 2374 forma

2208 2393 2310 2448 Dei
2339 2405 2488 2460 esset,
2520 2412 2624 2449 non
2657 2395 2895 2466 rapinam
2939 2395 3219 2449 arbitratus
3251 2404 3323 2448 est
3352 2411 3463 2449 esse
3481 2411 3536 2449 se
3557 2394 3815 2464 aequalem

2208 2484 2339 2550 Deo,
2374 2485 2464 2541 sed
2510 2486 2842 2555 semetipsum
2889 2486 3194 2551 exinanivit,
3233 2489 3454 2556 formam
3490 2486 3621 2539 servi
3673 2488 3813 2539 acci-

2207 2580 2375 2651 piens,
2400 2580 2454 2633 in
2500 2579 2892 2633 similitudinem
2934 2580 3201 2633 hominum
3234 2583 3421 2649 factus,
3452 2588 3501 2634 et
3527 2580 3713 2634 habitu
3736 2579 3814 2633 in-

2205 2682 2383 2729 ventus
2407 2682 2462 2727 ut
2485 2674 2667 2728 homo.
2692 2673 3003 2729 Humiliavit
3019 2675 3349 2745 semetipsum
3374 2676 3542 2745 factus
3564 2673 3815 2729 obediens

2206 2782 2365 2835 usque
2393 2766 2461 2819 ad
2489 2778 2724 2835 mortem,
2758 2776 2974 2821 mortem
3002 2775 3174 2821 autem
3212 2767 3401 2821 crucis.
3425 2765 3647 2839 Pr0pter
3674 2765 3813 2837 quod

2206 2868 2254 2914 et
2285 2857 2425 2912 Deus
2458 2860 2700 2913 exultavit
2738 2859 2911 2928 illum,
2942 2869 2989 2913 et
3014 2860 3225 2914 donavit
3253 2860 3332 2913 illi
3353 2876 3537 2914 nomen
3567 2860 3717 2928 quod
3741 2867 3815 2914 est

2205 2968 2358 3024 super
2396 2970 2546 3006 omne
2585 2969 2797 3021 nomen,
2822 2964 2879 3009 ut
2908 2956 2964 3009 in
2999 2956 3207 3010 nomine
3231 2953 3360 3008 Iesu
3380 2970 3530 3009 omne
3549 2970 3693 3025 genu
3718 2955 3815 3025 ﬂe-

2204 3056 2391 3111 ctatur,
2423 3045 2719 3111 caelestium,
2748 3048 3069 3102 terrestrium
3093 3059 3141 3103 et
3172 3049 3494 3118 infernarum
3516 3065 3537 3115 ;
3558 3056 3606 3101 et
3636 3047 3813 3102 omnis

2204 3136 2380 3208 lingua
2411 3138 2876 3208 conﬁteatur,quia
2898 3140 3154 3195 Dominus
3176 3139 3331 3194 Iesus
3356 3138 3590 3194 Christus
3614 3139 3679 3193 in
3700 3138 3818 3211 glo-

503 3231 557 3288 in
603 3232 719 3300 ipso
747 3230 834 3286 die
875 3232 1040 3286 tertio
1092 3233 1360 3287 suscitati.
1399 3232 1554 3289 Unde
1600 3234 1894 3303 Apostolus
1926 3233 2096 3288 dicit:
2127 3221 2173 3285 C
2203 3232 2283 3285 ria
2311 3243 2383 3286 est
2416 3232 2510 3287 Dei
2538 3232 2714 3287 Patris
2741 3231 2965 3304 (Philip.
2997 3234 3251 3303 11,541).
3278 3233 3333 3290 Si
3357 3232 3814 3304 ntagnte,inquit.

504 3325 568 3382 Si
593 3326 991 3381 consurrexistis
1027 3342 1145 3379 cum
1176 3325 1405 3395 Christo,
1438 3342 1554 3397 quae
1580 3344 1785 3381 sursum
1810 3337 1930 3381 sunt
1958 3342 2101 3398 qut:-

504 3421 620 3486 rite,
656 3419 741 3473 ubi
776 3417 1008 3475 Christus
1053 3429 1127 3474 est
1162 3420 1218 3473 in
1244 3420 1457 3474 dextera
1491 3419 1587 3475 Dei
1612 3420 1823 3488 sedens;
1848 3437 1965 3491 quia
1992 3437 2100 3473 sur-

503 3528 619 3566 sum
648 3524 765 3566 sunt
805 3512 993 3582 sapite,
1022 3528 1125 3565 non
1156 3528 1271 3582 quae
1298 3528 1452 3583 super
1490 3521 1701 3567 terram.
1736 3512 1935 3566 Μονιαὶ
1962 3513 2099 3567 enim

502 3605 644 3673 estis,
671 3613 716 3658 et
754 3605 861 3657 vita
888 3611 1052 3657 uestra
1077 3603 1379 3657 abscondita
1408 3613 1482 3659 est
1506 3621 1624 3659 cum
1653 3602 1857 3660 Christo
1878 3605 1933 3658 in
1961 3603 2094 3659 Deo.

503 3693 632 3749 Cum
658 3695 793 3748 enim
822 3693 1057 3749 Christus
1086 3695 1390 3766 apparuerit
1418 3696 1523 3750 vita
1564 3706 1754 3764 vestra,
1775 3706 1896 3750 tunc
1929 3706 1976 3751 et
2012 3714 2098 3753 ros

503 3786 814 3857 apparebitis
855 3803 972 3840 cum
1004 3787 1119 3857 ipso
1166 3789 1221 3841 in
1268 3786 1437 3861 gloria
1460 3790 1480 3859 (
1500 3787 1699 3844 Coloss.
1729 3804 1810 3857 ιιι,
1858 3788 1998 3861 1-4).
2028 3790 2100 3845 Ut

502 3888 682 3934 autem
711 3880 962 3935 noverint
990 3879 1155 3935 corda
1190 3890 1214 3918 °
1246 3880 1487 3936 fidelium
1520 3880 1725 3937 habere
1750 3897 1830 3947 se,
1857 3882 1999 3937 unde
2029 3881 2097 3937 ad

502 3988 790 4043 supernam
844 3974 1168 4043 sapientiam
1222 3976 1423 4044 spretis
1474 3976 1659 4030 mundi
1710 3976 2097 4044 cupiditatibus

502 4067 717 4121 valeant
744 4068 967 4135 elevari,
988 4066 1219 4137 spondet
1254 4067 1414 4123 nobis
1445 4068 1707 4123 Dominus
1740 4070 2094 4140 praesentiam

501 4175 676 4225 suam,
709 4161 897 4215 dicens
930 4178 944 4214 :
971 4158 1107 4213 Ecce
1144 4176 1236 4231 ego
1278 4160 1534 4215 vobiscum
1570 4178 1688 4215 sum
1721 4162 1956 4216 omnibus
1986 4162 2097 4216 die-

500 4252 594 4306 bus
624 4269 782 4323 usque
820 4253 889 4307 ad
919 4254 1412 4307 consummationem
1439 4254 1615 4309 swculi
1649 4254 1866 4326 (Matth.
1898 4272 2093 4325 xxvut,

500 4344 625 4416 20).
680 4344 797 4399 Non
838 4346 981 4401 enim
1025 4344 1223 4402 frustra
1275 4347 1436 4418 287
1478 4362 1574 4417 per
1621 4348 1815 4403 Isaiam
1867 4347 1888 4387 ί
1943 4349 2096 4405 dixe-

500 4446 585 4494 rat
614 4438 845 4507 Spiritus
876 4448 1096 4495 sanctus
1130 4458 1144 4495 :
1175 4439 1311 4493 Ecce
1340 4444 1486 4511 virgo
1528 4443 1581 4495 in
1628 4453 1776 4497 utero
1803 4445 2018 4513 accipiet
2046 4453 2095 4498 et

501 4530 667 4599 pariet
711 4530 915 4599 ﬁlium;
952 4543 1000 4587 et
1033 4541 1059 4579 8
1089 4533 1339 4587 uocabunt
1380 4549 1563 4588 nomen
1602 4536 1717 4599 eius
1758 4534 2086 4603 Emmanuel,

2205 3324 2421 3393 pietatis
2449 3336 2848 3381 sacramentum
2881 3325 3211 3395 intelligitis,
3241 3337 3293 3381 et
3323 3326 3468 3397 quod
3499 3340 3597 3396 pro
3624 3324 3817 3380 salute

2203 3416 2424 3472 humani
2454 3419 2673 3489 generis
2698 3419 3009 3489 unigenitus
3040 3420 3137 3475 Dei
3165 3421 3337 3475 Filius
3366 3418 3535 3490 gessit
3560 3418 3819 3473 adverti-

2206 3512 2294 3580 tis,
2322 3514 2423 3568 hoc
2454 3515 2656 3569 sentite
2694 3515 2747 3567 in
2782 3514 2941 3569 vobis
2992 3515 3135 3585 quod
3189 3524 3245 3570 et
3298 3516 3352 3569 in
3392 3512 3609 3569 Christo
3644 3514 3815 3580 Jesu,

2202 3614 2359 3684 cujus
2393 3615 2675 3670 humilitas
2706 3616 2843 3671 nulli
2883 3617 3221 3685 aspernenda
3266 3616 3517 3681 divitum,
3552 3614 3701 3670 nulli
3726 3622 3819 3670 est

2202 3716 2572 3773 erubescenda
2606 3717 2888 3774 nobilium.
2919 3718 3029 3775 Nec
3056 3721 3199 3774 enim
3239 3719 3291 3773 in
3324 3726 3531 3772 tantum
3563 3715 3811 3787 provehi

2202 3825 2382 3887 potest
2409 3818 2667 3887 quaelibet
2700 3819 2932 3875 felicitas
2961 3820 3196 3875 humana
3239 3818 3534 3889 fastigium,
3564 3824 3624 3872 ut
3649 3818 3819 3873 testi-

2202 3928 2311 3973 met
2342 3920 2441 3973 sibi
2475 3920 2785 3990 pudendum
2818 3920 2843 3958 ¹ί
2875 3922 3016 3991 quod
3060 3936 3288 3975 manens
3331 3919 3475 3974 Deus
3523 3918 3577 3973 in
3625 3917 3817 3974 forma

2201 4023 2366 4093 288
2388 4022 2505 4089 Dei,
2542 4023 2767 4078 formam
2798 4024 2943 4079 servi
2971 4023 3250 4093 suscipere
3301 4038 3410 4078 non
3439 4029 3523 4077 est
3551 4021 3813 4077 arbitra-

2201 4134 2291 4179 tus
2324 4125 2629 4195 indignum.

2268 4225 2399 4280 CAP.
2426 4225 2491 4282 V.
2520 4258 2590 4266 —
2616 4204 2907 4281 Imitamini
2953 4227 3097 4297 quod
3140 4235 3396 4297 operatus
3441 4234 3555 4291 est;
3584 4225 3822 4297 diligite

2197 4328 2341 4398 quod
2372 4328 2583 4394 dilexit,
2619 4327 2638 4367 1
2677 4338 2732 4385 et
2770 4330 3114 4385 invenientes
3144 4329 3195 4383 in
3224 4328 3385 4385 vobis
3410 4328 3505 4384 Dei
3536 4328 3819 4399 gratiam,

2198 4439 2432 4487 vestram
2456 4433 2506 4485 in
2531 4432 2627 4487 illo
2650 4433 2931 4489 redamate
2960 4442 3225 4488 naturam.
3254 4433 3520 4501 Quoniam
3547 4432 3700 4487 sicut
3724 4432 3824 4487 ille

2197 4542 2511 4602 paupertate
2561 4534 2775 4589 divitias
2829 4550 2935 4590 non
2977 4534 3179 4601 amisit,
3213 4534 3439 4604 gloriam
3488 4533 3827 4588 humilitate

500 4625 636 4695 quod
664 4636 740 4679 est
766 4628 1175 4696 interpretatum,
1207 4626 1472 4681 nobiscum
1500 4628 1639 4682 Deus
1667 4627 1820 4699 (Isai.
1852 4646 1946 4700 vn,
1980 4632 2083 4700 i4;
2114 4624 2169 4686 D
2194 4648 2302 4689 non
2333 4635 2548 4703 minuit,
2586 4637 2945 4693 aeternitatem
2980 4646 3156 4693 morte
3193 4652 3303 4691 non
3340 4635 3595 4708 perdidit,
3644 4637 3729 4693 ita
3762 4642 3826 4690 et

573 4786 993 4863 aMss.collect.
1023 4788 1057 4843 5
1100 4798 1155 4843 et
1197 4788 1252 4863 in
1297 4791 1538 4863 margine
1582 4788 1903 4859 editionum,
1935 4802 2081 4863 pote-

498 4865 696 4912 statem.
718 4858 839 4913 Mox
858 4875 978 4929 quae
1002 4859 1309 4927 parenthesi
1337 4858 2082 4926 clauduntur,desideraban-

499 4938 585 4984 tur
634 4931 685 4983 in
726 4929 887 4984 editis
929 4940 1054 4985 ante
1080 4931 1452 4998 Quesnellum.
1481 4931 1533 4987 is
1571 4944 1751 4989 autem
1781 4950 1845 4990 ea
1875 4936 2083 4993 addidit

496 5014 727 5074 es_m_ss.
757 5000 1043 5074 Thuan._et
1070 5001 1227 5073 Reg.,
1257 5018 1428 5074 eaque
1466 5019 1568 5060 nos
1612 5006 1667 5060 in
1710 5015 1834 5063 octo
1880 5009 2082 5064 nostris

497 5070 778 5126 codicibus
807 5070 1133 5127 invenimus.

566 5141 595 5181 δ
624 5141 774 5215 _Unus
800 5142 991 5209 codex,
1014 5162 1046 5197 a
1068 5146 1329 5199 communi
1355 5146 1584 5215 palmite.

572 5224 594 5294 ξ
624 5213 857 5294 ganeum
897 5215 1102 5294 Quesn.
1137 5213 1373 5285 potiores
1418 5220 1602 5294 nostri
1625 5220 1930 5294 codd.Al.,
1957 5224 2081 5294 fuit.

568 5281 595 5361 ει
622 5285 765 5361 Editi
794 5281 1287 5355 ante’QuesnIcum
1315 5305 1424 5345 non
1455 5293 1639 5359 paucis
1669 5292 1829 5349 codd.
1856 5281 2083 5361 ad'd'unt,

496 5357 832 5413 celerrimum.

573 5440 595 5499 τε
629 5430 800 5485 Prima
831 5430 1019 5495 editio,
1044 5430 1294 5499 ﬁliorum.

571 5498 590 5537 τ
627 5503 752 5579 lilss.
804 5502 924 5557 Vat.
948 5498 1168 5579 collect.
1191 5509 1226 5556 4
1248 5512 1305 5579 et
1329 5504 1363 5559 5
1391 5504 1592 5560 addunt
1623 5508 1949 5579 prOphetam.

567 5580 591 5617 ε
621 5574 720 5694 (Sic
765 5589 892 5630 cum
937 5575 1142 5643 Quesn.
1180 5576 1421 5644 potiores
1475 5574 1648 5633 nostri
1690 5574 1930 5636 codices.
1965 5580 2079 5651 AL,

567 5658 615 5694 ra
650 5656 775 5694 stur.

495 5655 776 5701 vocabitur.

567 5710 821 5794 {Vocem
865 5718 1001 5794 idem
1047 5719 1422 5794 revocavimus
1474 5737 1541 5778 ex
1592 5724 1791 5778 nostris
1833 5723 1994 5779 codd.
2025 5733 2082 5781 et

494 5782 655 5865 editis
700 5798 823 5865 ante
861 5790 1115 5865 Qne_sn_..,
1149 5793 1238 5859 qui
1266 5794 1481 5865 posuit,
1511 5796 1641 5865 ipse.
1671 5794 1858 5849 Solum
1887 5796 1939 5849 in
1971 5811 2073 5852 ms.

495 5852 620 5912 Vat.
654 5852 928 5915 ϐοηθειίὸ
975 5852 1219 5933 habetur,
1255 5852 1320 5919 is.
1347 5852 1477 5921 Mox,
1515 5852 1611 5937 pro
1659 5867 1727 5921 ad
1775 5867 2081 5939 patientiam

2185 4796 2294 4873 duo
2321 4798 2487 4873 codd.
2517 4798 2577 4855 S.
2614 4799 2759 4855 Petri
2794 4800 3017 4867 habent,
3052 4803 3119 4854 ad
3145 4801 3520 4873 paenitentiam.

2265 4868 2282 4905 ί
2320 4868 2395 4922 Ita
2425 4886 2525 4925 sex
2554 4873 2725 4927 nostri
2758 4873 3001 4927 melioris
3032 4868 3171 4928 nota:
3202 4871 3363 4928 codd.
3408 4888 3530 4930 cum
3579 4875 3817 4943 Quesn.

2187 4940 2296 5012 AL,
2327 4945 2519 5012 utique.

2263 5010 2276 5061 i
2321 5010 2425 5087 his.
2462 5012 2583 5087 Vat.
2633 5015 2850 5071 collect.
2891 5015 2945 5081 5,
2998 5032 3295 5081 armamur;
3322 5032 3412 5070 nec
3450 5033 3723 5087 (umquam
3780 5038 3821 5076 es

2187 5083 2423 5154 paschali
2449 5086 2579 5156 festo
2604 5086 2912 5141 recedimus.
2939 5088 3069 5141 Dein
3103 5087 3413 5155 parenthesi
3445 5083 3661 5143 inclusa
3700 5092 3819 5147 de-

2190 5162 2317 5208 sunt
2344 5156 2395 5210 in
2426 5159 2700 5222 Quesnelli
2728 5158 2884 5213 codd.
2917 5168 2972 5213 et
3003 5159 3055 5213 in
3086 5159 3328 5227 pluribus
3352 5159 3519 5213 etiam
3552 5163 3814 5225 nostris,

2191 5240 2295 5279 nec
2324 5244 2429 5304 non
2467 5227 2523 5282 in
2570 5230 2745 5296 prima
2767 5229 3025 5286 editione.
3053 5229 3124 5285 At
3151 5231 3205 5285 in
3236 5230 3515 5286 nonnullis
3561 5234 3820 5304 optimae

2191 5308 2333 5368 noue
2360 5300 2627 5368 leguntur.

2263 5366 2288 5405 ¹ί
2321 5366 2463 5424 Εᾱίἰί
2497 5386 2619 5425 cum
2647 5372 2835 5427 multis
2854 5372 3011 5429 codd.
3032 5372 3217 5427 vitiata
3247 5382 3301 5428 et
3328 5373 3515 5427 mutila
3544 5374 3821 5433 lectione

2189 5439 2485 5515 habebant,
2510 5444 2645 5510 quod
2674 5460 2886 5498 manens
2917 5445 3057 5499 Deus
3086 5446 3140 5499 in
3170 5444 3342 5515 [arma
3373 5444 3468 5498 Dei
3493 5442 3665 5514 Deus,
3691 5465 3815 5502 nou

2186 5521 2258 5567 est
2286 5513 2564 5586 arbitratus
2592 5515 2884 5586 indignum.
2915 5513 3180 5586 lntegrani
3202 5526 3258 5570 et
3284 5530 3466 5571 veram
3492 5513 3822 5576 lectionem

2189 5585 2457 5658 suggessit
2479 5585 2878 5658 Lectionarium
2910 5603 3011 5643 ms.
3039 5585 3106 5646 ’S.
3135 5588 3304 5645 Petri.
3334 5586 3573 5658 Respicit
3598 5590 3821 5648 locum

2191 5654 2249 5711 S.
2265 5656 2427 5729 Pauli
2448 5658 2524 5729 ad
2546 5656 2920 5729 Philippenses
2948 5676 3007 5715 ιι.

2265 5723 2294 5801 1A
2318 5726 2483 5794 Editi,
2510 5728 2612 5801 alia
2635 5723 3073 5801 iniérpunctione
3104 5740 3158 5785 et
3186 5732 3441 5801 lectione,
3476 5740 3522 5785 et
3552 5730 3826 5790 invenie-

2186 5798 2252 5851 tis
2279 5799 2331 5851 in
2353 5800 2490 5853 vobis
2516 5798 2615 5853 Dei
2638 5798 2878 5871 gratiam.
2920 5803 3153 5859 Vestram
3187 5806 3240 5859 in
3267 5805 3361 5860 illo
3383 5798 3658 5860 redamate
3704 5822 3827 5862 saa-

2158 5878 2376 5950 (turam,
2405 5872 2669 5941 quoniam,
2703 5881 2807 5933 etc.
2841 5875 3024 5934 Secuti
3052 5890 3239 5933 sumus
3264 5887 3499 5940 nostros
3535 5874 3820 5940 codices.
