3980 6352
1572 342 1801 401 SERMO
1838 340 2071 397 LXXIII.

3373 340 3478 397 594

200 476 295 515 vos
324 460 530 516 eisdem
559 459 816 532 gradibus
836 469 865 500 ι
889 460 1204 532 eisdemque
1244 462 1507 532 vestigiis,
1546 470 1604 516 ut
1633 462 1794 517 ctele-
1821 462 1873 520 Α
1899 470 2044 514 caret
2074 467 2130 513 et
2158 459 2362 515 diceret
2393 477 2404 512 :
2436 458 2559 512 Non
2583 473 2677 530 pro
2707 458 2784 512 his
2804 465 2975 512 autem
3002 475 3127 531 rogo
3144 468 3362 527 tantum,
3386 465 3475 517 sed

199 556 301 607 stia
373 553 836 621 appreliendatis,
887 565 1099 611 terrena
1163 555 1445 624 despicite.
1514 554 1796 625 Susceptio

199 648 343 702 enim
382 649 565 702 crucis
608 657 691 703 est
740 649 1042 705 interiectio
1083 650 1456 719 cupiditatum.
1491 651 1691 705 occisia
1720 649 1796 702 vi-

204 744 425 807 tiorum,
460 742 758 796 declinatio
786 742 1059 803 vanitatis,
1093 752 1148 797 et
1190 743 1471 798 abdicatio
1507 743 1685 796 omnis
1713 757 1799 795 er—

204 834 364 887 roris.
397 832 534 887 Nam
563 848 686 889 cum
720 834 925 890 Pascha
954 834 1168 889 Domini
1200 849 1306 890 non
1338 835 1666 905 impudicus,
1692 852 1795 890 non

199 926 542 989 luxuriosus,
566 944 673 983 non
706 930 972 998 superbus
1002 928 1261 994 celebret,
1290 943 1398 983 non
1423 944 1639 997 avarus,
1670 928 1799 983 nulli

202 1028 386 1073 tamen
418 1019 490 1073 ab
520 1021 619 1073 hac
658 1019 950 1075 festivitate
992 1021 1203 1089 longius
1232 1036 1392 1090 quam
1430 1021 1668 1075 hzeretici
1708 1036 1797 1075 se-

200 1124 493 1178 paramur,
521 1112 861 1182 maximeque
905 1113 978 1167 illi
1010 1115 1099 1181 qui
1136 1113 1202 1168 de
1238 1113 1399 1169 Verbi
1433 1113 1801 1168 incarnatione

199 1202 346 1255 male
392 1204 654 1270 sentiunt,
689 1215 779 1258 aut
821 1206 1113 1259 minuendo
1147 1206 1287 1272 quod
1316 1215 1403 1261 est
1440 1206 1682 1271 Deitatis,
1711 1215 1803 1262 aut

199 1295 530 1351 evacuando
576 1296 716 1365 quod
756 1308 838 1351 est
885 1300 1083 1353 carnis.
1132 1299 1299 1354 Verus
1347 1302 1490 1354 enim
1533 1301 1673 1355 Deus
1720 1312 1802 1357 est

198 1385 387 1442 Filius
423 1390 541 1453 Dei,
572 1400 737 1444 totum
785 1392 987 1445 habens
1028 1408 1092 1446 ex
1127 1393 1285 1449 Patre
1326 1396 1467 1463 quod
1509 1395 1665 1450 Pater
1697 1406 1798 1462 est,

197 1482 361 1536 nullo
398 1484 629 1539 exordio
660 1486 1000 1554 temporalis,
1027 1488 1167 1542 nulla
1202 1489 1462 1542 varietate
1491 1490 1799 1554 mutabilis;

199 1588 311 1627 nec
348 1576 425 1628 ab
457 1591 565 1629 uno
606 1576 834 1641 divisus,
862 1593 959 1632 nec
1004 1578 1073 1632 ab
1117 1580 1489 1649 omnipotente
1534 1582 1798 1649 diversus,

193 1668 542 1733 sempiterni
586 1668 849 1737 genitoris
910 1671 1212 1739 unigenitus
1272 1675 1633 1742 sempiternus
1682 1690 1695 1726 :
1746 1682 1806 1728 ut

194 1772 369 1812 mens
406 1758 578 1813 ﬁdelis
610 1761 840 1814 credens
872 1763 921 1813 in
952 1761 1183 1825 Patrem,
1216 1776 1267 1817 et
1296 1763 1515 1829 Filium,
1545 1776 1599 1819 et
1628 1766 1801 1833 Spiri-

1901 568 1994 621 pro
2017 554 2081 605 iis
2111 553 2263 606 etiam
2302 554 2388 623 qui
2414 551 2657 606 credituri
2677 560 2794 604 sunt
2819 567 2910 622 per
2938 552 3141 605 verbum
3172 553 3400 621 ipsorum
3422 554 3477 608 in

1898 661 1977 698 me
1998 660 2017 698 :
2046 655 2101 698 ut
2128 662 2298 699 omnes
2337 662 2491 699 unum
2527 646 2648 707 sint,
2678 645 2807 698 sicut
2845 654 2893 697 et
2931 654 2987 698 tu
3031 642 3189 698 Pater
3216 645 3269 698 in
3302 661 3402 715 me,
3432 655 3481 701 et

1898 755 1991 808 ego
2020 738 2074 791 in
2107 747 2173 804 te,
2198 750 2255 792 ut
2298 746 2345 792 et
2372 739 2470 809 ipsi
2508 739 2561 792 in
2599 738 2741 792 nobis
2790 754 2947 792 unum
2992 740 3091 794 sint
3116 736 3296 813 (Joan.
3340 755 3475 809 xv",

1902 828 1994 903 ao,
2026 830 2141 901 ει).

1971 919 2102 977 CAP.
2136 920 2502 990 VII.—Cojus
2531 921 2754 976 unitatis
2785 922 2987 977 nullum
3011 932 3261 992 poterunt
3284 923 3483 980 habere

1901 1015 2254 1079 consortium,
2285 1014 2373 1082 qui
2406 1012 2460 1067 in
2493 1012 2589 1068 Dei
2620 1011 2754 1068 Filio
2785 1013 2897 1068 Deo
2917 1028 3046 1068 vero
3078 1017 3364 1069 humanam
3390 1032 3485 1069 ne-

1901 1116 2029 1175 gant
2050 1121 2268 1160 manere
2292 1115 2565 1168 naturam,
2590 1104 2989 1173 impugnatores
3017 1105 3281 1160 salutiferi
3307 1122 3487 1161 sacra-

1906 1198 2094 1262 menti,
2142 1208 2195 1251 et
2253 1196 2518 1265 paschalis
2562 1198 2779 1251 exsules
2826 1195 2986 1261 festi;
3038 1198 3206 1267 quod,
3247 1200 3369 1267 quia
3417 1200 3486 1254 ab

1906 1287 2192 1356 Evangelia
2215 1287 2536 1342 dissentiunt
2569 1298 2625 1343 et
2663 1288 2922 1359 Symbolo
2956 1289 3356 1356 contradicunt,
3390 1306 3487 1344 no-

1907 1379 2112 1435 biscum
2143 1380 2419 1435 celebrare
2448 1395 2554 1434 non
2586 1389 2810 1449 possunt
2836 1396 2848 1432 :
2876 1381 3001 1450 quia
3023 1380 3126 1435 etsi
3156 1383 3356 1435 audent
3385 1383 3488 1438 sibi

1906 1471 2265 1527 Christianum
2320 1486 2512 1526 nomen
2561 1488 2877 1540 assumere,
2917 1481 2943 1521 s
2980 1474 3048 1526 ab
3102 1472 3249 1527 omni
3308 1483 3489 1527 tamen

1907 1574 2173 1623 creatura.
2208 1564 2291 1618 cui
2323 1562 2569 1617 Christus
2612 1573 2771 1632 caput
2799 1574 2902 1633 est,
2936 1564 3303 1633 repelluntur;
3338 1564 3491 1617 vobis

1909 1656 1961 1709 in
1988 1655 2087 1709 hac
2113 1655 2452 1708 solemnitate
2479 1662 2671 1707 merito
2696 1654 3106 1722 exsultantibus,
3144 1653 3335 1723 pieque
3360 1669 3492 1723 gau-

1908 1750 2184 1815 dentibus,
2212 1750 2301 1817 qui
2334 1749 2538 1802 nullum
2574 1748 2901 1818 recipientes
2933 1750 2983 1801 in
3011 1749 3241 1803 veritate
3271 1748 3493 1802 menda-

195 1858 315 1903 tum
344 1862 623 1919 sanctum,
651 1851 678 1889 δ
702 1854 752 1905 in
781 1855 967 1907 eadem
997 1857 1154 1908 Uttitts
1190 1857 1411 1910 Deitatis
1441 1859 1671 1913 essentia
1705 1874 1798 1913 nec

1923 1844 2078 1908 cium,
2124 1858 2223 1897 nec
2260 1842 2326 1897 de
2357 1843 2634 1895 nativitate
2678 1841 2879 1896 Christi
2920 1842 3215 1897 secundum
3244 1858 3488 1907 carnem,

194 1942 482 1998 unitatem
534 1945 781 2014 gradibus
813 1946 1039 2011 dividat,
1073 1963 1174 2001 nec
1202 1948 1520 2003 Trinitatem
1568 1951 1807 2018 singula-

194 2034 377 2089 ritate
402 2038 708 2091 contundat.
725 2039 841 2092 Non
865 2048 1042 2092 autem
1068 2040 1261 2094 sullicit
1286 2042 1376 2094 Dci
1403 2041 1595 2096 Filium
1617 2044 1669 2096 in
1692 2043 1803 2097 Sola

192 2126 395 2183 Patris
422 2145 578 2184 nosse
603 2147 810 2197 natura,
831 2133 932 2186 nisi
963 2149 1085 2187 eum
1116 2149 1219 2187 non
1249 2135 1590 2190 recedentem
1622 2152 1651 2191 a
1677 2151 1803 2205 pro-

189 2221 363 2288 priis,
398 2237 747 2290 agnoscamus
794 2225 848 2277 in
891 2225 1112 2278 nostris.
1159 2225 1475 2280 Exiuauitio
1521 2229 1666 2281 enim
1712 2228 1804 2281 illa

1909 1952 2011 1992 nec
2041 1937 2107 1990 de
2132 1937 2382 2007 passione
2414 1952 2477 1990 ac
2505 1943 2701 2003 morte,
2736 1951 2835 1991 nec
2857 1935 2924 1990 de
2954 1935 3220 2004 corporali
3254 1951 3495 1990 resurre-

1907 2029 2091 2084 CIione
2110 2030 2228 2100 ejus
2255 2029 2527 2099 ambigitis
2557 2028 2839 2099 :quouiam
2872 2030 2989 2082 sine
3019 2030 3123 2082 ulla
3155 2028 3495 2098 separatione

1909 2123 2156 2190 Deitatis,
2202 2138 2386 2178 verum
2413 2121 2689 2177 Christum
2722 2123 2788 2175 ab
2822 2131 2977 2175 utero
3008 2120 3267 2190 Virginis,
3306 2135 3493 2175 verum

1908 2217 1963 2271 in
1986 2218 2129 2287 ligno
2152 2218 2348 2281 crucis,
2379 2232 2566 2271 verum
2605 2216 2655 2267 in
2705 2214 2953 2283 sepulcro
2981 2214 3179 2278 carnis,
3224 2228 3408 2267 verum
3441 2214 3499 2267 in

1909 2311 2079 2379 gloria
2112 2308 2545 2373 resurrectionis,
2573 2322 2764 2361 verum
2790 2308 2842 2360 in
2868 2306 3088 2361 dextera
3124 2316 3361 2371 paternae
3384 2320 3498 2361 ma-

1905 2401 2121 2472 jestatis
2161 2400 2473 2471 agnoscitis.
2512 2399 2662 2455 Unde
2691 2401 2876 2463 etiam,
2909 2401 3047 2453 sicut
3076 2399 3368 2467 Apostolus
3398 2400 3495 2466 ait,

1909 2503 2257 2565 exspectamus
2320 2493 2643 2549 Salvatorem
2708 2492 2984 2545 Dominum
3036 2502 3264 2545 nostrum
3318 2489 3499 2545 Jesum

1910 2585 2190 2651 Christum,
2243 2586 2328 2656 qui
2372 2587 2671 2657 reformabit
2716 2602 2895 2655 corpus
2939 2594 3128 2640 nostra:
3170 2583 3496 2652 humilitatis,

1907 2682 2168 2751 conforme
2189 2682 2302 2749 ﬁeri
2332 2681 2532 2751 corpori
2553 2680 2733 2749 gloria:
2759 2695 2867 2733 sua:
2893 2677 3153 2753 (Philipp.
3181 2693 3259 2739 ιιι.
3278 2676 3392 2744 20),
3410 2677 3500 2746 qui

1911 2774 2037 2827 vivit
2069 2783 2122 2828 et
2146 2784 2335 2843 regnat
2365 2787 2485 2825 cum
2512 2771 2673 2826 Patre
2702 2782 2755 2825 et
2783 2771 2983 2841 Spiritu
3005 2783 3191 2825 sancto
3220 2771 3272 2824 in
3300 2768 3498 2824 sarcula

1909 2866 2252 2920 saeculorum.
2288 2868 2479 2918 Arnen.

2193 2980 2355 3050 290
2384 2978 2617 3033 SERMO
2660 2977 2873 3033 Lxxut
2905 2977 3009 3050 [AL
3042 2976 3251 3048 LXXI].

2337 3094 2417 3148 De
2446 3095 2755 3148 Ascensione
2782 3094 2992 3148 Domini
3014 3093 3064 3149 Ι.

189 2327 372 2381 quam
434 2315 753 2383 repamtioni
804 2316 1072 2385 impendit
1124 2317 1415 2387 humanae,
1470 2318 1805 2389 dispensatio

188 2403 297 2458 fuit
331 2408 731 2475 miserationis,
766 2425 871 2463 non
906 2410 1135 2476 privatio
1181 2415 1484 2481 potestatis.
1515 2412 1649 2467 Nam
1681 2427 1803 2468 cum

192 2506 213 2534 τ
249 2508 317 2552 et
358 2514 435 2553 ex
462 2508 662 2553 aeterno
698 2500 924 2554 consilio
948 2502 1041 2557 Dei
1066 2519 1165 2556 non
1194 2514 1319 2558 esset
1339 2506 1485 2559 aliud
1511 2522 1694 2561 nomen
1713 2507 1806 2560 sub

185 2590 325 2642 «elo
391 2592 574 2642 datum
619 2592 928 2658 hominibus,
965 2595 1017 2647 in
1050 2612 1153 2664 quo
1202 2606 1430 2667 aporteat
1479 2596 1647 2652 salvos
1694 2598 1807 2666 ﬁeri

187 2682 343 2750 (Act.
376 2697 455 2744 tv,
495 2682 600 2749 l2);
626 2684 910 2740 invisibilis
942 2687 1224 2753 visibilem,
1263 2690 1642 2759 intemporalis
1666 2701 1806 2745 tem-

190 2774 488 2841 poralem,
516 2776 860 2845 impassibilis
903 2779 1217 2846 passibilem
1260 2782 1617 2837 subSIantiam
1651 2798 1805 2838 suam

187 2866 331 2918 iecit
367 2883 386 2916 :
421 2881 527 2919 non
558 2878 611 2919 ut
644 2872 811 2921 virtus
860 2870 1113 2925 deﬁceret
1154 2873 1204 2926 in
1250 2874 1596 2942 inﬁrmitate,
1625 2878 1717 2931 sed
1751 2885 1808 2931 ut

188 2958 509 3015 inﬁrmitas
558 2962 609 3014 in
674 2963 1133 3032 incorruptibilem
1186 2975 1371 3036 posset
1422 2970 1649 3023 transire
1697 2970 1804 3023 vir-

185 3058 377 3103 tatem
391 3090 406 3102 .

258 3145 418 3198 (ΖΑΡ.
449 3144 538 3199 Vl.
567 3176 636 3186 -
664 3148 893 3217 Pr0ptcr
932 3150 1073 3220 quod
1125 3152 1237 3219 ipsa
1292 3152 1557 3208 festivitas
1608 3170 1727 3225 qua:
1769 3170 1799 3209 a

185 3237 367 3293 nobis
402 3236 609 3295 Pascha
637 3244 944 3296 nominatur
972 3246 1111 3312 apud
1142 3245 1398 3301 Hebrmos
1428 3248 1622 3315 Pliase,
1645 3250 1694 3303 id
1718 3257 1801 3305 est

185 3330 495 3394 transitus,
528 3332 738 3397 dicitur,
760 3343 1049 3387 attestante
1078 3338 1409 3406 evangelista
1436 3350 1597 3407 atque
1622 3340 1801 3395 dicen-

183 3431 237 3476 te
270 3438 289 3476 :
330 3422 479 3474 Ante
506 3423 632 3477 diem
660 3426 845 3491 festum
881 3423 1096 3480 Pascha:
1124 3429 1286 3481 sciens
1311 3429 1464 3482 Jesus
1500 3431 1623 3498 quia
1666 3432 1801 3484 venit

181 3513 323 3566 hora
384 3518 525 3585 ejus,
552 3513 576 3551 ἀ
616 3527 670 3568 ut
724 3526 952 3571 transeat
1008 3536 1070 3572 ea;
1108 3521 1202 3573 hoc
1240 3522 1432 3575 mundo
1473 3523 1540 3575 ad
1590 3522 1799 3578 Patrem

183 3605 393 3666 (locis.
434 3624 554 3673 xni,
605 3609 679 3680 l).
725 3609 891 3680 Cujus
939 3623 1116 3668 autent
1159 3624 1366 3669 natura:
1420 3618 1630 3673 iuturus
1683 3627 1799 3673 erat

182 3700 473 3753 transitus
506 3703 667 3773 289
699 3704 822 3767 iste,
859 3705 959 3758 nisi
1003 3714 1224 3771 nostrm,
1255 3724 1377 3762 cum
1416 3709 1798 3779 inseparabili-

184 3802 271 3845 ter
327 3802 396 3845 et
441 3793 598 3848 Pater
632 3797 683 3849 in
716 3796 876 3864 Filio,
899 3808 953 3852 et
988 3800 1157 3853 Filius
1185 3812 1331 3855 esset
1368 3804 1418 3856 in
1452 3803 1652 3859 Patre?
1690 3804 1795 3859 Sed

183 3884 313 3953 quia
355 3884 602 3939 Verbum
638 3899 690 3942 et
716 3904 842 3944 caro
870 3908 971 3945 una
1004 3908 1230 3960 persona
1258 3904 1360 3965 est,
1394 3914 1503 3951 non
1535 3898 1798 3953 dividitur

183 3990 211 4027 a
247 3977 601 4044 suscipiente
625 3993 926 4051 susceptus,
953 3994 1005 4038 et
1034 3984 1208 4039 hanor
1250 3988 1575 4056 proveheudi
1606 4005 1797 4058 prove-

182 4069 385 4123 bentis
440 4074 748 4128 nominatur
792 4087 1169 4146 augmentum,
1232 4080 1445 4135 dicente
1492 4084 1793 4151 Apostolo,

182 4162 339 4232 quod
384 4162 498 4231 jam
529 4171 1070 4223 commemoravimus
1100 4190 1112 4223 ;
1144 4170 1363 4241 Propter
1392 4176 1530 4243 quod
1569 4184 1615 4229 et
1659 4176 1797 4231 Deus

184 4259 453 4312 exultavit
480 4261 645 4327 illum,
674 4272 697 4299 °
726 4272 774 4316 et
804 4264 1010 4317 donavit
1054 4267 1133 4319 illi
1165 4285 1347 4323 nomen
1378 4270 1517 4336 quod
1544 4281 1616 4325 est
1640 4289 1797 4343 super

184 4367 347 4441 omne
382 4367 567 4405 nomen
592 4352 848 4426 (Philipp.
875 4373 932 4425 ιι,
964 4355 1042 4428 9).
1076 4359 1129 4412 In
1170 4377 1275 4428 quo
1309 4361 1499 4430 utique
1529 4364 1795 4435 assumpti

1923 4374 2037 4428 rima
2071 4372 2415 4427 ordinatione
2446 4371 2763 4441 diSpositus,
2792 4381 2847 4425 et
2874 4370 2941 4425 ad
2970 4370 3256 4424 utilitatem
3291 4382 3497 4427 nostra:

185 4440 441 4497 hominis
481 4446 736 4501 exaltatio
774 4450 1185 4506 commendatur
1223 4471 1233 4504 :
1278 4462 1336 4507 ut
1374 4456 1425 4507 in
1467 4456 1628 4524 cujus
1668 4474 1790 4524 pas-
1900 4464 2221 4518 eruditionis
2262 4463 2538 4532 impensus
2572 4479 2585 4514 :
2631 4472 2688 4515 ut
2730 4462 2855 4515 dum
2895 4475 2926 4514 a
2977 4462 3201 4516 Domino
3241 4461 3295 4516 in
3341 4461 3497 4517 hoc11

182 4535 446 4588 mnibus
476 4546 659 4590 manet
690 4537 873 4592 Deitas
915 4540 1277 4608 ittdivisibilis,
1306 4544 1450 4599 idem
1489 4554 1793 4601 coaeternus
1821 4591 1877 4652 Β
1902 4555 2133 4623 spatium
2167 4569 2314 4608 mora
2344 4552 2649 4623 praesentia»,
2678 4554 2976 4622 corporalis
3000 4553 3331 4617 extenditur,
3361 4554 3496 4610 ﬁdes

188 4628 250 4652 ..ζ-
290 4632 346 4652 2-.
387 4629 551 4652 ..ΛΑ-2-
589 4630 805 4652 τινε--.ελ
880 4635 895 4652 Δ
923 4634 944 4652 j
978 4634 1033 4652 I,‘
1256 4638 1284 4652 Α·
1328 4640 1333 4647 ο
1425 4640 1456 4652 ,ι
1658 4641 1668 4651 ο
1753 4642 1772 4652 ιι
2179 4647 2190 4652 -
2273 4648 2285 4652 -
2394 4647 2404 4652 .
2669 4648 2681 4652 -
3036 4646 3065 4652 .-
3297 4646 3310 4652 -

1828 3225 1877 3289 c
1907 3208 2177 3289 Srnorsls.
2209 3238 2278 3248 —-
2307 3207 2348 3261 I.
2386 3207 2452 3289 Et
2484 3223 2678 3289 moram
2702 3206 2897 3289 Christi
2922 3208 2975 3289 in
3005 3210 3153 3289 terris
3188 3218 3312 3289 post
3331 3226 3500 3289 resur-

1978 3282 2269 3341 rectionem,
2313 3291 2361 3332 et
2409 3280 2775 3331 dubitationem
2818 3280 3209 3344 discipulorum,
3244 3281 3312 3332 ad
3340 3281 3500 3349 ﬁdem

1976 3351 2386 3419 conﬁrmandam
2416 3351 2688 3415 dispositas
2712 3365 2838 3401 esse.
2863 3380 2932 3388 —
2960 3350 3020 3403 ll.
3060 3352 3266 3414 Quanta
3294 3351 3374 3404 his
3391 3352 3501 3406 die-

1976 3422 2067 3475 bus
2103 3440 2133 3473 a
2175 3420 2378 3475 Christo
2422 3424 2557 3486 farta
2598 3421 2802 3487 fuerint.
2834 3420 3011 3474 —Ill.
3052 3421 3337 3475 Vulnerum
3376 3440 3499 3475 suo-

1977 3508 2094 3545 rum
2146 3504 2282 3544 tactu
2331 3492 2643 3560 trepidantia
2693 3492 3061 3561 discipulorum
3107 3493 3258 3545 corda
3307 3494 3500 3561 confir-

1977 3508 2094 3545 rum
2146 3508 2282 3544 tactu
2331 3508 2643 3560 trepidantia
2693 3508 3061 3616 aiscgmtorum
3107 3508 3258 3545 coraa
3307 3508 3499 3561 conpr-

1976 3563 2362 3617 masse.—IV.
2408 3563 2765 3616 Ascensionem
2844 3564 2989 3616 hristi
3035 3580 3118 3616 eos
3148 3564 3328 3616 lwtilia
3370 3564 3499 3631 olfe-

1975 3635 2124 3694 cisse.
2160 3652 2288 3703 quos
2320 3644 2366 3687 et
2412 3651 2547 3686 mors
2591 3634 2815 3703 trepidos
2852 3635 3059 3701 fecerat,
3103 3644 3147 3687 et
3192 3636 3500 3689 resurrectio

1976 3706 2157 3759 dubios
2187 3706 2480 3769 reliquerat.
2528 3705 2795 3774 Ampliora
2837 3721 2925 3770 per
2952 3705 3212 3760 Christum
3240 3722 3345 3759 esse
3382 3707 3497 3759 col-

1977 3778 2102 3841 lata,
2135 3792 2290 3845 quam
2322 3793 2413 3847 per
2440 3777 2706 3829 diabolum
2732 3777 2925 3829 ablata.

1974 3910 2103 3967 Ωιι).
2124 3912 2391 3967 I.-—-Post
2415 3912 2623 3966 beatam
2647 3922 2698 3965 et
2719 3910 3007 3981 gloriosam
3031 3912 3491 3968 resurrectionem

1903 4004 2121 4059 Domini
2153 4005 2323 4058 nostri
2350 4002 2478 4059 Jesu
2505 4002 2729 4067 Christi,
2756 4019 2855 4072 qua
2884 4018 3066 4056 verum
3098 4003 3191 4057 Dei
3234 4005 3494 4073 templum

1900 4096 2123 4153 Judaica
2153 4098 2430 4167 impietate
2459 4098 2752 4153 resolutum
2779 4098 2955 4151 divina
2984 4099 3035 4150 in
3087 4099 3262 4152 triduo
3306 4108 3497 4167 poten-

1904 4191 1975 4245 tia
2029 4189 2331 4257 suscitavit,
2385 4190 2843 4259 quadragenarius
2888 4187 3069 4253 hodie,
3128 4189 3492 4257 dilectissimi,

1900 4290 2213 4336 sanctorum
2246 4281 2453 4335 dierum
2482 4281 2728 4347 expletus
2776 4287 2863 4334 est
2911 4294 3188 4347 numerus,
3236 4282 3496 4335 sacratis-

185 4628 257 4681 sit
290 4632 348 4681 in
384 4629 555 4699 gloria
586 4630 831 4685 Deitatis.
868 4634 945 4687 Ad
978 4634 1115 4690 hanc
1146 4638 1620 4707 participationem
1655 4641 1794 4695 inef-

189 4718 383 4775 I’abilis
407 4723 666 4787 muneris,
698 4724 908 4779 beatum
943 4728 1225 4782 transitum
1259 4729 1501 4784 ﬁdelibus
1533 4732 1648 4785 suis
1676 4733 1792 4801 ipse

190 4809 466 4865 Dominus
519 4817 853 4881 praeparabat
884 4857 897 4879 .
946 4815 965 4854 ί
1008 4834 1128 4874 cum
1191 4821 1415 4881 instanti
1455 4825 1560 4889 jam
1612 4825 1795 4893 proxi-

189 4917 313 4956 mus
364 4904 629 4971 passioni,
663 4923 770 4961 non
819 4910 993 4963 solum
1041 4927 1140 4980 pro
1186 4916 1448 4983 apostolis
1478 4918 1589 4971 suis
1630 4927 1794 4988 atque

188 4995 506 5064 discipulis,
538 4998 632 5054 sed
678 5002 842 5056 etiam
892 5018 987 5071 pro
1025 5007 1271 5061 universa
1318 5008 1560 5064 Ecclesia
1591 5014 1794 5083 suppli-

266 5228 295 5253 ι
330 5216 637 5303 l_ta‘_melius
670 5236 739 5275 ex
768 5224 967 5278 nostris
993 5242 1122 5281 mss.
1161 5228 1324 5295 Editi,
1348 5233 1559 5303 eisdem,
1591 5238 1791 5296 omissa

196 5290 507 5359 copulativa
536 5308 650 5359 que.

268 5358 412 5443 {Sic
438 5358 564 5443 cum.
594 5364 943 5443 Quesnaduo
974 5384 1102 5443 mss.
1134 5370 1191 5426 S.
1224 5370 1367 5427 Petri
1402 5384 1454 5425 et
1493 5376 1599 5433 duo
1643 5379 1789 5439 Vati.

198 5430 430 5509 (imitere
484 5434 768 5502 editiones,
798 5436 854 5490 in
892 5441 1121 5494 eamdem
1159 5445 1310 5497 unius
1364 5430 1588 5502 Deitatis
1619 5430 1790 5507 essent

197 5510 345 5556 tam.

272 5583 296 5612 ε
338 5574 520 5628 Prima
545 5574 714 5631 editio
743 5580 947 5635 omittit
970 5591 1040 5636 et.

267 5639 298 5680 ἀ
334 5644 538 5699 Eadem
562 5647 751 5712 editio,
780 5660 836 5703 ut
866 5656 1122 5709 transiret.

273 5714 405 5801 fulta
433 5717 543 5801 duo
565 5718 914 5801 Pectionaria
945 5723 1001 5779 S.
1035 5726 1178 5783 Petri
1206 5743 1326 5785 cum
1354 5747 1448 5788 sex
1480 5732 1599 5791 aliis
1626 5736 1786 5793 codd.

205 5784 369 5853 Editi,
399 5797 447 5842 et
476 5790 638 5846 dedit.

277 5855 297 5893 ί
334 5858 452 5913 Duo
482 5860 641 5915 codd.
684 5864 739 5917 S.
792 5865 955 5930 Petri.
1002 5888 1118 5924 cum
1156 5874 1375 5931 instante
1404 5878 1518 5947 jam
1557 5882 1792 5948 proxima

497 5955 766 6015 PATBUL.
810 5960 961 6020 LIV.

1901 4647 2317 4703 resurrectionis
2374 4647 2715 4702 documentis
2777 4646 3098 4701 necessariis
3163 4646 3491 4702 muniretur.

1903 4746 2047 4801 Mors
2094 4747 2239 4800 enim
2290 4745 2491 4799 Christi
2541 4742 2558 4781 ί
2609 4744 2833 4798 multum
2890 4743 3277 4812 discipulorum
3328 4747 3497 4801 corda

1906 4837 2240 4902 turbaverat,
2274 4848 2328 4891 et
2356 4838 2425 4893 de
2456 4836 2723 4906 supplicio
2742 4836 2941 4902 crucis,
2975 4837 3042 4892 de
3067 4837 3358 4894 emissione
3386 4842 3499 4909 spi-

1902 4929 2060 4992 ritus,
2093 4930 2160 4985 de
2183 4930 2476 4985 exanimati
2495 4930 2740 4997 corporis
2760 4930 3066 4996 sepulturai
3095 4932 3329 5000 gravatis
3354 4949 3497 4988 mae-

1902 5019 2165 5076 stitudine
2196 5021 2473 5078 mentibus
2503 5020 2723 5093 quidam
2764 5019 3078 5076 difﬁdentia:
3119 5031 3305 5093 torpor
3334 5024 3495 5081 obre-

1936 5256 2159 5295 αεειοηε.

1900 5258 2187 5367 pai‘iiiiin
2219 5310 2434 5366 codices
2464 5319 2519 5366 et
2543 5311 2681 5367 alius
2706 5312 2827 5370 Vat.
2859 5326 2979 5366 cum
3014 5312 3183 5381 prima
3223 5313 3427 5369 edition
3449 5332 3500 5379 ρ,

1898 5383 1961 5437 ab
1994 5384 2131 5436 omni
2164 5393 2352 5435 natura
2380 5392 2566 5447 tamen,
2593 5384 2696 5441 cui.

1970 5452 1997 5490 δ
2029 5455 2119 5510 Sic
2144 5470 2268 5509 cum
2307 5455 2512 5521 Quesn.
2552 5470 2683 5510 mss.
2716 5456 2914 5511 Veron.
2949 5465 3001 5509 et
3032 5454 3151 5509 Vat.
3187 5454 3400 5511 collect.
3429 5457 3485 5512 5.

1896 5528 2008 5591 ΑΙ.,
2036 5528 2224 5592 spatio.

1974 5597 1991 5634 ί
2024 5595 2204 5651 Prima
2247 5596 2434 5662 editio,
2486 5597 2683 5652 Homil.
2726 5595 2876 5651 Pauli
2912 5597 3057 5651 Diac.
3090 5614 3189 5653 nec
3230 5612 3339 5653 non
3378 5598 3488 5655 duo

1897 5684 2029 5723 mss.
2064 5669 2205 5722 Vatt.
2235 5682 2288 5722 et
2318 5670 2452 5722 alius
2477 5668 2703 5733 Veron.,
2729 5668 3031 5721 multorum.

1970 5738 1985 5791 i
2026 5740 2136 5809 AL,
2166 5749 2404 5809 gravatas
2434 5751 2624 5793 mentes
2658 5748 2995 5810 Oppresserat.
3024 5739 3223 5807 Quem.
3254 5742 3302 5792 in
3336 5757 3451 5795 mar
3480 5774 3485 5782 ο

1896 5811 2037 5883 gine.
2060 5842 2130 5853 —
2151 5811 2315 5867 Paulo
2338 5820 2477 5882 post,
2506 5812 2557 5865 in
2581 5809 2859 5874 uno’cod.,
2892 5819 3036 5879 tepor
3065 5827 3162 5881 pro
3193 5821 3369 5879 torpor

2928 5977 2996 6036 13
