3980 6352
247 387 356 446 $.97

1643 387 1873 447 SERMO
1911 388 2145 445 LXXIV.

3437 397 3546 463 898

312 535 386 550 -
413 505 607 584 ll.__U_t
655 523 868 584 capaces
910 519 1143 584 essemus
1197 507 1558 584 beatitudinis,
1610 507 1843 584 Christus
1871 510 1920 570 Α
1951 509 2216 563 credidisti
2261 525 2281 563 :
2318 509 2449 563 beati
2495 511 2582 580 qui
2635 527 2738 566 non
2776 509 3014 570 viderunt
3043 557 3058 584 ,
3114 524 3161 573 et
3219 521 3544 580 crediderunt

313 580 542 634 extendit
567 581 640 652 itii
667 583 870 652 (telum,
901 581 972 634 ibi
999 597 1269 634 mansurus
1303 596 1466 650 usque
1491 583 1558 632 ad
1598 580 1729 633 diem
1747 583 1841 652 jn-

309 653 457 706 dirii.
481 680 555 698 --
576 650 661 712 ιιι.
695 650 877 705 Fidem
899 654 971 706 ita
995 655 1293 707 ascensione
1313 671 1423 708 esse
1447 650 1758 718 roboratam,
1785 660 1840 706 ut

313 722 479 776 nullis
518 726 742 791 potuerit
789 726 1050 777 tormentis
1081 725 1335 792 superari.
1379 726 1530 778 etiam
1569 725 1619 778 in
1655 725 1841 777 teneris

311 797 522 864 puellis.
550 825 620 835 —
647 794 736 848 IV.
773 793 1120 849 Excellentius
1150 797 1431 850 ittnotuisse
1462 795 1724 848 Christum
1751 812 1843 862 per

310 868 691 926 excursionem,
714 881 759 920 et
787 870 1162 934 presentiorem
1189 869 1347 938 fuisse
1378 866 1673 938 Dii-initum.
1703 866 1842 931 Quid

303 940 619 1010 att-geit'runr
649 939 964 1008 colloquium
1003 937 1276 1010 signiﬁcet.
1302 968 1374 986 ν·-
1405 939 1465 992 ν.
1498 937 1703 994 Excitat
1750 956 1842 991 nos

300 1011 542 1066 aurasin
581 1008 796 1074 Christi,
848 1020 901 1062 ut
948 1008 1151 1064 terrena
1199 1012 1544 1083 despiciemus
1583 1023 1842 1083 (quiquam

302 1082 593 1151 peregrini,
627 1094 678 1134 et
723 1084 980 1137 clturitate
1009 1085 1253 1151 ditentur,
1292 1081 1404 1139 sine
1448 1099 1548 1152 qua
1576 1082 1645 1134 ad
1687 1081 1841 1136 Clari-

305 1160 445 1205 διωη
470 1170 571 1206 mm
597 1155 719 1207 itur.

301 1263 440 1322 Car.
478 1266 518 1320 l.
550 1297 622 1308 -—
647 1268 1082 1331 Sacramcnmm,
1117 1268 1479 1340 dilectissimi,
1526 1269 1714 1324 salutis
1747 1283 1842 1323 no-

222 1368 396 1425 stt-:2,
440 1377 602 1431 quant
640 1360 817 1434 pretio
858 1360 1135 1432 sanguinis
1165 1363 1244 1416 sui
1287 1362 1654 1416 universitatis

223 1454 494 1508 Conditor
524 1455 885 1522 aaestimavit,
931 1471 960 1509 a
989 1455 1077 1510 die
1126 1457 1424 1526 corporalis
1473 1464 1622 1511 ortus
1675 1473 1842 1528 usque

223 1545 292 1600 ad
327 1550 541 1603 exitum
570 1549 858 1618 passionis,
905 1565 999 1617 per
1027 1549 1486 1619 dispensationem
1520 1547 1841 1606 lmtnilitatis

223 1640 525 1706 impletum
557 1653 656 1697 est.
708 1642 774 1696 Et
805 1642 932 1698 licet
975 1644 1142 1696 multa
1185 1643 1346 1700 etiam
1401 1644 1452 1698 in
1489 1643 1658 1698 forma
1696 1645 1841 1700 servi

218 1731 550 1791 Divinitatis
599 1737 750 1808 signa
801 1737 1151 1803 radiaverint,
1205 1737 1425 1809 proprie
1475 1749 1653 1794 tamen
1696 1739 1839 1795 illius

220 1832 505 1896 temporis
528 1834 670 1886 actio
705 1830 770 1886 ad
806 1832 1286 1886 demonstrandam
1325 1835 1558 1901 suscepti
1599 1833 1836 1888 hominis

1946 599 2130 671 (Jomt.
2167 619 2260 669 xx,
2291 602 2403 672 19).

2014 692 2142 749 Car.
2176 693 2387 751 IL—Ut
2417 696 2577 766 igitur
2600 698 2758 767 hujus
2780 701 3152 768 beatitudinis,
3181 705 3538 780 dilectissimi,

1945 803 1975 843 c
1994 803 2169 856 =paces
2194 803 2314 843 esse
2343 788 2356 839 ί
2391 805 2692 859 possemus,
2719 796 2946 862 expletis
2967 799 3217 854 omnibus
3240 819 3356 874 quae
3376 820 3543 860 evan-

1945 880 2130 950 gelica:
2155 881 2521 950 pra-dicationi
2547 894 2600 939 et
2624 887 2744 939 novi
2768 887 3098 947 Testamenti
3124 898 3395 966 mysteriis
3420 914 3542 951 eou-

1943 973 2228 1043 grucbaut,
2260 975 2520 1032 Dominus
2549 989 2735 1034 uoster
2761 979 2917 1037 Jesus
2946 983 3216 1051 Christus,
3241 991 3541 1061 quadrage-

1947 1068 2086 1122 simo
2119 1068 2282 1141 294.
2315 1082 2432 1137 post
2459 1075 2913 1130 resurrectionem
2936 1077 3023 1132 dic
3052 1094 3231 1134 coram
3260 1083 3540 1152 discipulis

1945 1162 2187 1218 elevatus
2224 1166 2276 1218 in
2305 1167 2499 1220 cmlum
2538 1165 2694 1236 (Luc.
2723 1184 2868 1233 xxrv,
2900 1171 2999 1247 Sp;
3043 1171 3236 1229 Matth.
3273 1193 3382 1246 xvt,
3428 1176 3537 1247 £9),

1945 1253 1971 1292 ιι
2009 1258 2307 1328 corporalis
2353 1261 2655 1330 pra'sentite
2699 1264 2918 1318 modum
2967 1265 3124 1332 fecit,
3155 1285 3440 1324 mansurus
3486 1274 3537 1325 in

1944 1347 2120 1406 Patris
2151 1352 2394 1421 dextera,
2422 1356 2596 1411 donec
2623 1366 2863 1425 tempora
2894 1359 3320 1430 multiplicandis
3352 1362 3539 1418 Ecc'e-

1944 1443 2038 1499 site
2072 1445 2196 1500 filiis
2223 1447 2478 1503 divinitus
2511 1453 2808 1518 prtestituta
2841 1463 3186 1525 peraguntur,
3218 1467 3270 1511 ct
3300 1459 3363 1511 ad
3388 1457 3538 1526 judi-

1943 1537 2146 1593 candos
2165 1541 2313 1595 vivos
2336 1550 2390 1596 t-t
2412 1554 2651 1599 mortuos
2675 1545 2725 1598 in
2749 1545 2938 1602 eadem
2961 1563 3123 1603 carne
3151 1552 3200 1604 in
3225 1567 3323 1619 qua
3348 1567 3539 1607 ascen-

1943 1630 2021 1685 dit
2058 1634 2326 1688 adveniat.
2369 1634 2522 1704 Quod
2559 1639 2738 1708 itaque
2781 1639 3158 1714 Redemptoris
3189 1647 3361 1700 nostri
3401 1663 3534 1702 con-

1943 1731 2190 1800 Spicuum
2240 1731 2360 1799 fuit,
2405 1735 2456 1787 itt
2495 1748 2828 1791 sacramenta
2867 1739 3158 1805 transivit;
3203 1756 3260 1797 et
3300 1753 3360 1797 ut
3402 1743 3535 1798 ﬁdes

1943 1839 2027 1878 exi
2047 1824 2304 1880 ellentior
2327 1840 2471 1882 esset
2500 1844 2564 1882 ac
2588 1831 2812 1896 lirmior,
2843 1832 3034 1886 visioni
3057 1833 3300 1889 doctrinm
3323 1850 3536 1891 Succes-

220 1923 506 1992 pertinuit
546 1923 853 1978 veritatem.
916 1923 1044 1978 Post
1092 1926 1396 1993 passionem
1441 1941 1608 1992 vero,
1665 1927 1837 1992 ruptis
1868 1914 1914 1975 B
1942 1915 2032 1982 sit,
2057 1920 2209 1984 cujus
2231 1922 2605 1976 auctoritatem
2629 1923 2878 1992 supernis
2903 1925 3203 1981 illuminata
3229 1928 3393 1984 radiis
3415 1944 3535 1984 cre—

213 2014 434 2069 mortis
467 2016 714 2085 vinculis,
747 2032 868 2086 qua:
895 2015 999 2070 vim
1039 2033 1190 2070 Sttattt
1219 2014 1246 2054 δ
1281 2018 1333 2071 in
1365 2032 1485 2070 eum
1510 2018 1596 2086 qui
1631 2020 1835 2088 peccati

210 2115 348 2162 erat
403 2109 615 2162 nescius
666 2108 969 2164 incedendo
1003 2120 1024 2148 ε
1058 2109 1377 2179 pandiderat
1406 2125 1420 2164 :
1453 2108 1736 2165 inﬁrmitas
1779 2111 1833 2165 in

209 2196 530 2268 virtutem,
579 2199 932 2258 mortalitan
963 2205 1014 2258 in
1065 2205 1457 2268 :eteruitatem,
1507 2205 1833 2261 contumelia

210 2292 487 2347 transivit
521 2293 570 2347 in
597 2295 824 2364 gloriam
864 2314 876 2349 :
906 2312 1065 2366 quam
1115 2297 1368 2352 Dominus
1399 2297 1555 2354 Jcsus
1587 2299 1834 2354 Christus

204 2382 266 2442 in
309 2385 508 2440 multis
538 2386 944 2462 manifestisque
970 2389 1313 2444 documentis
1343 2390 1476 2463 (Act.
1511 2406 1551 2453 ι,
1575 2392 1654 2461 5),
1690 2392 1831 2446 mul-

206 2487 416 2535 torum
463 2481 756 2538 declaravit
803 2485 1132 2552 aspectibus,
1162 2483 1337 2540 donec
1384 2486 1713 2553 triumphum
1750 2487 1831 2540 vi-

205 2576 444 2642 ctoriae,
488 2591 650 2645 quem
681 2588 984 2648 reportarat
1034 2595 1061 2631 a
1096 2581 1346 2643 mortuis,
1381 2579 1609 2636 inferret
1639 2590 1693 2636 et
1722 2597 1833 2644 (ω-

206 2665 311 2721 lis.
355 2666 520 2722 Sicut
561 2686 687 2739 ergo
733 2673 785 2725 iu
839 2672 1182 2728 solemnitate
1226 2673 1460 2741 paschali
1507 2675 1832 2730 resurrectio

207 2757 456 2814 Domini
493 2761 591 2814 fuit
623 2762 774 2815 nobis
801 2779 962 2818 causa
989 2765 1224 2834 Ia'latttli,
1262 2768 1329 2820 ita
1361 2770 1608 2822 ascensio
1639 2769 1755 2837 ejus
1777 2769 1830 2824 itt

204 2851 411 2906 celos
443 2855 784 2922 ρτειιδυιιιὶιηιι
817 2857 974 2912 nobis
1003 2869 1085 2912 est
1113 2859 1337 2914 materia
1369 2861 1708 2930 gaudiorum,
1745 2878 1832 2918 re-

202 2946 546 3000 calentibus
573 2949 716 3000 illum
741 2951 881 3003 diem
903 2961 956 3004 et
987 2954 1089 3006 rite
1120 2955 1520 3019 venerantibus,
1552 2971 1660 3025 qtto
1691 2965 1714 2993 ο
1740 2973 1834 3009 ua-

203 3045 338 3091 tura
380 3049 588 3094 nostrae
611 3041 930 3098 humilitatis
969 3047 1018 3098 in
1045 3044 1262 3102 Christo
1285 3063 1447 3116 super
1470 3063 1684 3104 omnem
1710 3047 1832 3105 creti

201 3129 511 3199 militiam,
538 3149 694 3201 supra
736 3153 927 3193 omnes
971 3137 1188 3194 ordines
1233 3142 1570 3211 angelorum,
1608 3152 1663 3197 et
1693 3143 1831 3199 ultra

197 3223 474 3279 muniuit:
519 3226 854 3283 altitudinem
905 3241 1230 3298 potestatum
1281 3234 1346 3286 ad
1388 3234 1482 3288 Dei
1524 3235 1700 3289 Patris
1742 3244 1825 3291 est

1939 2011 2178 2066 dentium
2210 2012 2374 2066 corda
2403 2023 2781 2082 sequerentur.

2009 2107 2137 2164 Car.
2173 2108 2253 2162 ΙΙΙ.
2273 2110 2506 2165 —llanc
2533 2110 2691 2166 ﬁdem
2719 2112 3034 2168 ascensione
3056 2111 3267 2170 Domini
3296 2124 3530 2186 auctam,

1936 2208 1991 2256 et
2032 2199 2268 2274 Spiritus
2299 2204 2470 2257 sancti
2504 2219 2732 2261 munere
2771 2204 3104 2274 roboratam,
3151 2224 3256 2261 non
3294 2209 3529 2276 vincula,

1935 2309 2041 2348 non
2069 2310 2339 2359 carceres,
2375 2313 2480 2352 non
2509 2298 2721 2366 exsilia,
2747 2315 2852 2354 non
2881 2298 3071 2370 fatnes,
3106 2318 3210 2356 non
3242 2303 3398 2371 ignis,
3423 2319 3535 2360 non

1937 2387 2166 2443 laniatus
2193 2389 2452 2452 ferarum,
2477 2407 2576 2446 nec
2603 2393 2864 2463 exquisita
2893 2397 3328 2463 persequentium
3359 2394 3376 2434 ι
3407 2412 3534 2452 cru-

1935 2479 2249 2536 delitatihus
2299 2483 2558 2551 supplicia
2611 2495 2944 2540 terruerunt.
2988 2485 3092 2541 Pro
3142 2488 3240 2541 hac
3290 2487 3393 2542 ille
3436 2503 3534 2558 per

1934 2575 2246 2630 Universum
2291 2577 2575 2639 mundum,
2612 2593 2718 2630 non
2749 2578 2922 2632 solum
2956 2579 3080 2642 viri,
3111 2580 3204 2633 sed
3243 2583 3404 2635 etiam
3450 2581 3530 2636 fe-

1934 2669 2116 2733 minm,
2153 2686 2252 2723 nec
2285 2680 2488 2724 tantum
2524 2671 2772 2737 impubes
2803 2673 2978 2743 pueri,
3013 2673 3106 2727 sed
3137 2677 3299 2728 etiam
3333 2685 3532 2730 tcncrte

1932 2761 2192 2829 virgines,
2229 2777 2398 2831 usque
2423 2761 2488 2815 ad
2521 2760 2840 2819 cilusionem
2866 2765 2946 2817 sui
2981 2765 3258 2831 sanguinis
3285 2766 3532 2823 decerta-

1932 2865 2080 2908 runt.
2112 2853 2235 2906 ".I'C
2259 2853 2391 2906 [idos
2413 2857 2678 2908 dﬂ’lllttllla
2710 2857 2891 2927 ejccit,
2925 2858 3270 2924 {Pgl‘illldlltes
3300 2859 3527 2930 depulit,

1935 2963 2176 3001 mortuos
2222 2949 2521 3002 suscitavit.
2557 2947 2707 3003 Unde
2739 2959 2794 3004 et
2834 2950 2932 3020 ipsi
2975 2951 3117 3006 beati
3155 2956 3403 3023 apostoli,
3437 2953 3530 3026 qui

1935 3049 2013 3095 tot
2059 3040 2336 3094 miraculis
2381 3039 2717 3106 conﬁrmati,
2771 3051 2852 3097 tot
2905 3045 3244 3100 sermonibus
3293 3047 3525 3114 eruditi,

1931 3141 1973 3171 ω
2002 3134 2283 3188 atrocitate
2327 3145 2506 3188 tamen
2542 3134 2837 3190 Dominica:
2869 3138 3134 3206 passionis
3174 3150 3524 3209 cxpaverant,

1936 3237 1989 3281 et
2020 3226 2300 3281 veritatem
2325 3228 2742 3283 resurrectionis
2769 3230 2884 3299 ejus
2907 3246 3013 3284 non
3042 3230 3159 3286 sine
3190 3232 3530 3288 ha:sitatione

199 3325 486 3381 νοηθείη
519 3331 847 3374 consessum.
881 3321 1000 3387 Quo
1042 3323 1231 3378 ordine
1261 3337 1488 3394 operum
1516 3327 1827 3381 divinorum
1858 3303 1903 3365 (ἶ
1935 3333 2304 3389 susceperant,
2341 3331 2544 3374 tantum
2576 3320 2645 3375 de
2672 3323 2992 3379 ascensione
3031 3325 3237 3379 Domini
3284 3329 3528 3396 profece-

203 3421 321 3462 nos
361 3406 599 3473 fundati,
631 3427 730 3470 nos
762 3413 1008 3469 aediﬁcati
1040 3429 1226 3470 sumus
1263 3433 1276 3468 :
1310 3426 1367 3469 ut
1408 3417 1706 3474 mirabilior
1733 3420 1828 3473 tie-

203 3511 299 3555 ret
334 3503 521 3569 gratia
553 3502 664 3565 Dei,
691 3519 812 3559 cum
859 3508 1088 3562 remotis
1129 3525 1158 3564 a
1183 3518 1480 3578 conspectu
1520 3511 1824 3582 hominum,

201 3607 348 3666 qua
405 3595 600 3650 merito
641 3599 995 3656 reverentiam
1046 3602 1126 3656 sui
1159 3605 1534 3660 sentiebantur
1564 3605 1824 3677 indicere,

203 3685 364 3742 Ides
397 3685 416 3724 ί
447 3702 557 3742 non
596 3689 886 3756 difﬁderet,
934 3707 1060 3764 Spes
1108 3709 1214 3748 non
1247 3695 1550 3763 ﬂuctuaret,
1591 3697 1830 3754 charitas

207 3796 328 3835 non
370 3792 698 3852 tepesceret.
725 3784 1242 3856 Magnarumxeuim
1277 3787 1362 3844 hic
1393 3791 1543 3860 vigor
1571 3802 1654 3846 est
1676 3807 1828 3848 men-

206 3873 390 3941 tium,
422 3885 473 3928 et
505 3875 658 3930 valde
688 3877 928 3932 ﬁdelium
962 3875 990 3914 ¹ι
1016 3879 1119 3934 hoc
1149 3880 1332 3935 lumen
1379 3893 1461 3936 est
1497 3885 1824 3951 animarum,

206 3962 615 4022 incunctanter
641 3969 864 4024 credere
887 3986 1004 4040 quae
1033 3987 1298 4040 corporeo
1331 3990 1438 4029 non
1474 3975 1725 4031 videntur
1749 3980 1828 4031 iu-

208 4059 393 4124 tuitu,
424 4066 477 4112 et
510 4056 583 4114 ibi
624 4060 787 4130 ﬁgere
815 4063 1162 4130 desiderium,
1212 4078 1317 4134 quo
1348 4079 1584 4136 nequeas
1625 4065 1827 4125 inferre

212 4160 605 4220 conspectum.
641 4153 764 4208 llaec
795 4164 970 4210 autem
1003 4157 1172 4224 pictas
1213 4158 1352 4213 unde
1391 4159 1442 4213 iu
1474 4161 1675 4215 nostris
1704 4177 1827 4218 cor-

212 4244 392 4299 d-bus
439 4257 774 4312 nasceretur,
819 4259 912 4303 aut
941 4252 1212 4318 quomodo
1250 4253 1531 4321 quisquam
1557 4253 1824 4324 justilica-

213 4349 382 4394 retur
412 4356 509 4409 per
539 4339 722 4408 ﬁdem,
758 4345 803 4397 si
833 4343 884 4397 in
918 4345 982 4398 iis
1020 4353 1224 4400 tantum
1258 4347 1403 4400 salus
1436 4359 1617 4404 nostra
1648 4350 1828 4404 c0ttsi-

215 4440 423 4496 stetet,
475 4448 597 4502 qua:
644 4435 924 4492 obtutibus
961 4435 976 4473 ί
1013 4439 1394 4506 suhjacerent?
1448 4437 1596 4494 Unde
1647 4452 1700 4496 et
1746 4442 1824 4498 illi

217 4525 346 4578 viro
369 4523 464 4592 qui
492 4527 558 4578 de
584 4529 980 4583 resurrectione
1007 4528 1204 4584 Christi
1229 4531 1510 4586 videbatur
1529 4532 1821 4604 ambigere,

217 4616 332 4672 nisi
361 4621 416 4670 in
449 4617 618 4688 ipsius
643 4634 808 4675 carne
844 4625 1066 4692 vesrigia
1109 4625 1373 4693 passionis
1399 4634 1452 4680 et
1485 4627 1597 4681 visu
1627 4627 1822 4695 ειμι)-

1935 3424 2082 3480 rttnt,
2117 3425 2173 3468 ut
2203 3413 2460 3483 quidquid
2493 3415 2598 3470 illis
2629 3417 2776 3486 prius
2805 3417 3061 3473 intulerat
3091 3429 3318 3485 metum,
3353 3434 3529 3477 verte-

1933 3519 2088 3563 retur
2134 3508 2186 3562 in
2237 3508 2516 3577 gaudium.
2566 3509 2758 3563 Totam
2812 3509 2958 3566 enim
3012 3514 3528 3582 contemplationem

1931 3600 2096 3654 animi
2130 3599 2182 3654 in
2211 3600 2554 3654 Divinitatem
2580 3601 2644 3654 ad
2676 3600 2852 3657 Patris
2878 3601 3154 3657 dexteram
3179 3604 3528 3660 consedenlis

1932 3705 2244 3766 erexerant,
2289 3710 2390 3750 nec
2426 3694 2536 3764 jatn
2579 3710 2857 3763 oorporeze
2903 3697 3131 3752 visionis
3177 3699 3528 3752 tardabantur

1931 3790 2168 3859 obiectu,
2207 3790 2498 3860 quominus
2539 3789 2589 3841 in
2633 3789 2684 3842 id
2721 3791 2890 3843 aciem
2934 3790 3129 3844 mentis
3162 3791 3525 3857 intenderent,

1931 3883 2073 3954 qund
2107 3897 2205 3935 nec
2230 3898 2257 3934 a
2293 3881 2450 3935 Patre
2479 3879 2864 3936 descendendo
2885 3880 3150 3951 abluerat,
3178 3897 3276 3938 nec
3305 3898 3337 3936 a
3367 3882 3530 3939 disci-

1931 3975 2072 4048 pulis
2094 3973 2439 4028 ascendendo
2471 3972 2820 4028 disceSscrat.

2003 4066 2133 4122 CAP.
2165 4065 2482 4120 lV.—'l‘unc
2516 4067 2695 4137 igitur,
2720 4065 3074 4136 dilectissimi,
3102 4065 3244 4122 ﬁlius
3270 4067 3522 4136 hominis,

1931 4159 2024 4215 Dei
2057 4161 2249 4225 Filius,
2271 4161 2627 4215 excellentius
2651 4160 3022 4228 sacralittsque
3048 4159 3299 4226 innotuit,
3323 4177 3443 4214 cum
3472 4161 3524 4216 in

1931 4267 2170 4326 paterna:
2217 4253 2518 4323 majestatis
2552 4254 2778 4321 gloriam
2821 4269 2880 4308 se
2925 4253 3128 4323 recepit
3163 4263 3217 4309 et
3267 4254 3525 4308 iucﬂ‘ahili

1929 4347 2091 4402 modo
2118 4347 2276 4417 cmplt
2299 4364 2418 4401 esse
2444 4347 2734 4401 Divinitate
2760 4346 3100 4416 praesentior,
3130 4349 3216 4416 qui
3247 4347 3414 4400 factus
3441 4357 3526 4402 est

1932 4441 2264 4496 humanitate
2287 4440 2649 4510 longinquior.
2683 4439 2833 4494 Tunc
2864 4441 2929 4493 ad
2960 4441 3224 4510 atqualem
3261 4439 3402 4492 Patri
3437 4438 3526 4492 Fi-

1928 4533 2060 4588 lium
2101 4531 2366 4587 eruditior
2404 4530 2538 4586 ﬁdes
2574 4547 2767 4601 glessu
2809 4531 3004 4586 mentis
3041 4531 3204 4601 cmpit
3241 4530 3524 4595 accedere,

1932 4635 1986 4682 et
2014 4628 2444 4681 contrectatione
2475 4640 2752 4694 corporere
2785 4625 2839 4678 in
2871 4624 3088 4679 Christo
3119 4624 3442 4678 substantia:
3470 4631 3520 4691 ⁸³,

220 4720 408 4768 lasset
451 4721 509 4767 et
546 4722 690 4769 tactu
725 4731 738 4768 :
777 4713 913 4781 Quia
958 4717 1127 4770 vidisti
1167 4734 1267 4790 me,
1317 4718 1490 4790 inquit
1539 4719 1819 4788 Dominus,
1850 4709 1902 4768 D
1927 4736 2028 4792 qua
2066 4719 2226 4776 Patre
2266 4717 2446 4773 minor
2490 4728 2571 4773 est
2617 4715 2800 4789 (Joan.
2844 4732 2959 4783 xw,
2999 4715 3117 4786 9.8),
3169 4733 3277 4771 non
3322 4732 3519 4787 t-gt-re:

289 4861 321 4927 ξ
347 4853 412 4927 to
443 4852 688 4927 margine
727 4869 831 4927 ms.
857 4853 1190 4923 Casinensis,
1219 4856 1463 4927 dignatus
1488 4865 1562 4911 est
1591 4859 1816 4927 Operari.

287 4922 318 4962 ι
346 4924 446 4978 Hs.
478 4923 704 4993 Verum,
736 4925 790 4978 in
829 4942 926 4991 eo;
953 4942 1007 4980 et
1031 4922 1184 4989 mox,
1207 4922 1480 4983 iuitdendo
1511 4933 1561 4984 iu
1587 4922 1821 4983 editione

217 4993 515 5069 ﬂaittatnli,
550 5013 646 5069 pro
678 4996 996 5069 incedendo;
1031 4998 1202 5069 prima
1245 5000 1407 5055 editio
1451 5012 1502 5056 et
1529 5017 1666 5056 unus
1695 5001 1818 5056 cod.

217 5066 373 5126 ναι..
407 5070 456 5119 in
482 5068 743 5122 cudendo.

292 5150 316 5176 ε
362 5139 574 5214 ljlditiet
610 5143 790 5206 plures
810 5139 994 5206 codd.,
1027 5143 1341 5212 perdiderat.
1383 5143 1548 5214 Magis
1595 5143 1814 5210 placuit,

220 5211 556 5279 prodiderat,
591 5215 911 5266 auctoritate
956 5211 1299 5267 vetustissimi
1349 5211 1627 5271 eodeat.
1676 5216 1819 5270 alte-

215 5286 441 5347 riusque
461 5281 576 5338 Vat.
602 5281 1046 5352 Utugohardicis,
1065 5299 1119 5338 ut
1141 5303 1156 5334 \
1171 5296 1351 5347 oeant,
1373 5287 1564 5340 ltltt-ris
1584 5287 1818 5342 exat'ati.

288 5353 318 5392 δλ
356 5354 495 5406 Editi
531 5362 589 5408 et
629 5357 736 5424 altq
761 5365 834 5410 aut
857 5358 1043 5423 codd.,
1085 5357 1141 5410 in
1171 5358 1627 5412 inuuortulitatcut.
1675 5362 1820 5424 Qua-

219 5435 343 5479 tuor
396 5430 832 5492 praastatttitorttm
884 5441 1196 5488 nostrorum
1238 5429 1481 5488 codicum
1531 5431 1819 5488 lectionem

221 5512 352 5567 praet
366 5500 584 5552 ulitttus.

291 5579 316 5606 ε
357 5568 540 5637 \‘ulg.,
586 5579 783 5623 natura:
826 5581 1013 5625 nostra:
1069 5573 1358 5626 humilitas.
1408 5572 1570 5639 Magis
1622 5570 1822 5640 placuit

218 5640 377 5710 sequi
407 5653 520 5693 tres
549 5645 951 5707 jtrzrstatttiores
976 5652 1189 5699 uestros
1217 5647 1452 5699 codices.
1471 5647 1613 5707 Mox,
1643 5647 1692 5698 in
1716 5659 1816 5698 an-

223 5711 536 5778 tiquissimo
569 5711 688 5777 Vat.
724 5723 780 5768 et
817 5715 872 5771 in
908 5714 1134 5782 Veroe.,
1183 5729 1514 5782 cunctamur,
1559 5732 1658 5785 pro
1706 5732 1817 5770 om-

294 5853 314 5893 ι
351 5854 427 5929 Ita
481 5856 819 5929 restituimus
867 5872 934 5917 ex
986 5858 1160 5929 prima
1221 5859 1456 5921 editione
1505 5870 1553 5912 ot
1614 5868 1818 5929 septem

221 5926 419 5982 nostris
445 5940 579 5982 mss.
619 5925 842 5984 (ἔπιθι-ω
869 5925 1159 6001 editiones,
1192 5947 1289 5984 non
1315 5933 1583 5997 «Inﬁcerct.

1999 4867 2025 4905 tt
2058 4857 2377 4913 Addidimus
2402 4858 2540 4912 enim
2583 4871 2650 4912 ex
2691 4870 2785 4912 sex
2815 4855 3014 4911 nostris
3049 4855 3206 4913 codd.
3248 4861 3305 4910 et
3352 4856 3519 4924 prima

1922 4930 2180 4988 editione.

1999 4999 2026 5037 ιι
2061 5002 2137 5054 Et
2169 5001 2356 5055 eadem
2384 4999 2620 5053 editione
2648 5011 2701 5053 et
2740 5015 2802 5052 ex
2855 4998 3092 5068 quinque
3125 4999 3520 5064 prae—lautiori-

1926 5072 2029 5134 bus
2058 5072 2335 5126 eodicibus
2365 5071 2461 5123 hoc
2491 5075 2746 5125 insvrtum
2782 5070 2898 5124 fuit.

2007 5141 2022 5180 ί
2061 5144 2114 5196 ltt
2149 5162 2250 5196 ms.
2286 5143 2648 5209 Longobard.,
2681 5143 2962 5211 subjacmt.

2006 5227 2020 5266 ι
2065 5215 2349 5269 Vetususs.
2388 5214 2504 5266 Vat.
2540 5226 2591 5266 et
2617 5214 2738 5267 cod.
2767 5210 2828 5265 Vt
2851 5229 2992 5275 rott.,
3020 5210 3292 5283 possimus.

2003 5283 2028 5323 ¹ι
2063 5287 2330 5352 Corporali
2360 5288 2638 5352 praesentire
2682 5285 2732 5338 itt
2774 5299 2874 5336 ms.
2915 5283 3032 5338 Vat.
3077 5283 3293 5338 collect.
3333 5283 3385 5350 5,
3421 5296 3520 5338 nec

1927 5373 2035 5433 non
2063 5361 2120 5433 in
2158 5374 2323 5433 prima
2356 5358 2614 5433 editione,
2647 5355 2961 5433 quaeaddit,
2993 5371 3152 5433 sure.“
3217 5423 3250 5433 Α

2008 5426 2022 5466 ¹
2061 5423 2174 5482 Βιιό
2199 5429 2527 5498 antiquiores
2569 5423 2702 5482 mss.
2738 5426 2902 5493 Vatt.,
2957 5423 3315 5491 crudelitatis;
3355 5423 3516 5490 forte,

1926 5503 2254 5555 crudelitate.
3349 5500 3356 5508 ’

2001 5582 2041 5610 ω
2071 5577 2159 5627 Sic
2191 5589 2255 5626 ex
2297 5570 2665 5625 vetustissimo
2693 5568 2813 5622 Vat.
2854 5576 2906 5622 et
2929 5565 3049 5620 cod.
3085 5566 3216 5620 Bon.
3253 5582 3315 5621 ac
3345 5566 3518 5631 prima

1928 5645 2189 5710 editione,
2223 5662 2275 5696 ιιι
2304 5659 2428 5714 qua,
2479 5654 2524 5697 et
2555 5644 2856 5705 atrocitate;
2886 5639 3087 5694 omisso
3117 5645 3308 5691 tamen.
3350 5640 3515 5699 Ain»,

1928 5717 2267 5772 atrocitatem.

2001 5796 2028 5823 ιι
2061 5790 2173 5852 Qua
2205 5802 2300 5856 pro
2329 5800 2440 5853 qua:
2465 5783 2634 5856 magis
2665 5780 2881 5854 placuit,
2918 5779 3044 5838 litct
3074 5780 3127 5842 in
3174 5793 3280 5834 uno
3314 5786 3518 5838 tantum

1929 5860 2116 5922 codice
2137 5860 2523 5922 invenerimus.
