3980 6352
535 313 644 372 399

1678 304 1737 358 S.
1777 302 2019 359 LEONIS
2057 301 2272 360 MAGNI
2312 303 2712 363 SERMONES.‘

3717 314 3809 377 400

532 428 789 501 quoniam
820 422 1106 497 gloriﬁcati
1132 419 1379 490 corporis
1400 424 1650 472 manente
1672 425 1887 483 natura,
1911 428 1978 469 eo
1998 414 2134 470 ﬁdes
2160 418 2214 477 Α
2239 432 2269 469 a
2290 416 2582 471 carnalibus
2618 417 2907 485 desideriis,
2931 434 3050 489 qua
3074 419 3301 475 militant
3327 419 3573 475 adversus
3602 423 3810 482 animam

535 522 878 580 credentium
919 517 1235 578 vocabatur,
1278 510 1370 567 ubi
1413 524 1522 566 non
1559 508 1765 565 carnali
1806 523 1991 574 manu,
2036 507 2130 563 sed

529 616 760 688 spiritali
809 612 971 686 295
1019 607 1317 673 intellectu,
1371 618 1468 674 par
1519 601 1762 660 Genitori
1810 600 2132 671 Unigenitus

526 716 863 779 tangerctur.
902 705 1036 759 Hinc
1072 700 1204 756 illud
1234 707 1318 755 est
1346 698 1487 768 quod
1527 707 1645 767 post
1672 696 2129 753 resurrectionem

524 818 681 859 suam
715 810 741 837 ει
771 798 1052 863 Dominus,
1101 809 1227 850 cum
1278 792 1439 848 Maria
1486 790 1799 861 Magdalene
1837 803 2128 860 personam

529 894 793 951 Ecclesiae
850 906 1081 963 gerens,
1138 889 1209 944 ad
1251 895 1556 944 contactum
1604 884 1774 952 ipsius
1819 891 2132 964 properaret

522 986 806 1050 accedere,
847 983 977 1038 dicit
1021 983 1109 1037 ei:
1152 979 1283 1035 Noli
1322 996 1401 1033 me
1442 988 1678 1049 tangere,
1723 976 1955 1029 nondum
1993 974 2129 1028 enim

520 1078 733 1133 asceudi
754 1078 823 1130 ad
849 1074 1060 1130 Patrem
1083 1090 1251 1128 meum
1270 1073 1451 1145 (Joan.
1474 1087 1568 1134 xx,
1594 1068 1720 1141 i7):
1747 1070 1849 1124 hoc
1872 1078 1975 1135 est,
2001 1068 2128 1123 nolo

519 1182 579 1225 ut
610 1172 675 1227 ad
705 1187 791 1225 me
813 1158 1171 1238 corporaliter
1192 1166 1401 1232 venias,
1434 1179 1536 1220 nec
1563 1171 1620 1218 ut
1651 1178 1737 1218 me
1764 1177 1927 1217 sensu
1948 1161 2127 1217 carnis

516 1279 823 1333 agnoscas;
852 1263 920 1318 ad
948 1262 1264 1318 sublimiora
1293 1270 1347 1314 te
1375 1258 1590 1321 differo,
1621 1256 1831 1326 majora
1865 1256 1959 1310 tibi
1988 1270 2127 1325 pras-

516 1371 671 1429 paro.
704 1355 838 1411 Cum
883 1355 949 1410 ad
979 1356 1193 1409 Patrem
1225 1352 1252 1391 b
1284 1367 1466 1406 meum
1508 1350 1832 1415 ascendere,
1878 1359 2007 1404 tunc
2037 1364 2126 1406 me

516 1451 813 1520 perfectius
830 1449 1124 1517 veriusque
1142 1445 1405 1516 palpabis,
1424 1444 1831 1514 apprehensura
1851 1442 1993 1511 quod
2014 1457 2122 1496 non

516 1545 722 1613 tangis,
768 1551 823 1599 et
861 1542 1132 1597 creditura
1172 1540 1319 1609 quod
1363 1554 1470 1593 non
1513 1537 1718 1593 cernis.
1762 1534 1897 1591 Cum
1939 1544 2119 1591 autem

510 1637 898 1692 ascendentem
942 1634 1010 1689 ad
1051 1633 1224 1699 caelos
1260 1632 1549 1686 Dominum
1590 1645 1853 1698 sequaces
1898 1641 1920 1669 ο
1955 1629 2123 1685 disci-

510 1730 760 1798 pulorum
793 1727 935 1783 oculi
971 1728 1174 1781 intenta
1205 1724 1565 1779 admiratione
1594 1724 1963 1792 suspicerent,
1994 1723 2119 1777 asti-

2236 510 2279 583 (Ι
2310 509 2455 567 Petr.
2483 528 2543 577 ll,
2576 510 2691 583 11).
2719 512 2820 568 Cui
2845 522 3029 569 autem
3053 513 3155 570 nisi
3174 513 3388 569 diabolo
3413 516 3662 571 carnales
3689 520 3814 575 mili-

2236 616 2352 662 tant
2393 608 2719 677 voluptates,
2763 611 2854 679 qui
2900 608 3106 665 animas
3148 610 3214 665 ad
3257 624 3491 677 superna
3542 612 3813 671 tendentes

2232 700 2665 771 corruptibilium
2708 702 2973 757 bonorum
3014 702 3465 759 delectationibus
3497 705 3733 775 obligare
3767 718 3815 763 et

2232 793 2301 848 ab
2343 794 2451 850 illis
2480 796 2702 851 sedibus
2724 796 2790 852 de
2818 797 3014 865 quibus
3044 797 3160 867 ipse
3198 797 3403 854 excidit
3425 798 3621 869 gaudet
3649 800 3811 856 abdu-

2230 888 2395 942 cere?
2421 886 2626 943 Contra
2654 885 2682 928 δ
2712 889 2865 960 cujus
2900 889 3121 944 insidias
3152 891 3427 959 sapienter
3455 891 3617 946 debet
3648 891 3813 950 fidelis

2231 982 2457 1052 quisque
2478 981 2721 1051 vigilare,
2757 991 2815 1036 ut
2844 982 3121 1037 inimicum
3153 998 3310 1037 suum
3344 982 3410 1038 de
3436 997 3503 1039 eo
3532 984 3671 1053 quod
3703 996 3810 1042 ten-

2230 1080 2371 1126 tatur
2395 1073 2562 1142 possit
2588 1074 2812 1128 elidere.
2838 1072 2975 1128 Nihil
3001 1083 3177 1128 autem
3200 1084 3286 1129 est
3304 1073 3554 1141 validius,
3585 1075 3815 1133 dilectis-

2227 1164 2371 1230 simi,
2410 1174 2597 1219 contra
2638 1165 2838 1221 diaboli
2876 1164 3052 1229 dolos,
3085 1181 3244 1235 quam
3274 1166 3579 1236 benignitas
3609 1168 3812 1224 miscri-

2227 1255 2426 1311 cordire
2455 1265 2510 1311 et
2544 1258 2769 1326 largitas
2797 1256 3099 1325 charitatis,
3134 1272 3230 1324 per
3254 1273 3412 1327 quam
3444 1253 3465 1295 ί
3500 1272 3658 1312 omne
3692 1273 3814 1327 pec-

2226 1355 2405 1401 catum
2429 1356 2521 1400 aut
2544 1346 2848 1402 declinatur
2871 1357 2962 1401 aut
2994 1348 3248 1402 vincitur.
3281 1348 3387 1402 Sed
3417 1347 3575 1417 hujus
3607 1348 3814 1407 virtutis

2225 1441 2525 1497 sublimitas
2553 1457 2662 1497 non
2696 1443 2845 1511 prius
2872 1443 3298 1511 apprehenditur
3326 1458 3483 1512 qnam
3517 1443 3647 1497 illud
3678 1446 3814 1513 quod

2224 1534 2272 1589 ei
2299 1534 2669 1590 adversarium
2694 1546 2779 1591 est
2799 1536 3111 1591 subruatur.
3141 1536 3277 1604 Quid
3300 1546 3479 1591 autem
3506 1545 3611 1591 tam
3645 1538 3815 1594 inimi-

2222 1643 2344 1684 cum
2375 1629 2763 1685 misericordize
2796 1640 2852 1685 et
2881 1629 3137 1700 Operibtw
3161 1631 3465 1696 eharitatis,
3497 1646 3657 1700 quam
3690 1646 3814 1688 ava-

2221 1721 2364 1787 ritia,
2396 1722 2464 1777 de
2485 1722 2638 1792 cujus
2662 1722 2842 1778 radice
2864 1724 3105 1778 omnium
3130 1724 3390 1777 malorum
3407 1738 3626 1792 germen
3645 1738 3814 1779 emer-

513 1829 691 1876 tcrunt
716 1818 743 1856 ἀ
767 1835 950 1874 coram
978 1818 1109 1887 ipsis
1133 1816 1307 1886 angeli
1336 1816 1443 1870 duo
1468 1810 1701 1869 mirabili
1729 1815 1957 1869 vestium
1980 1829 2107 1868 can-
2140 1807 2188 1867 Β
2216 1815 2330 1885 git?
2355 1815 2489 1882 Quae
2513 1816 2616 1870 nisi
2650 1816 2701 1871 in
2727 1816 2842 1871 suis
2872 1816 3147 1871 fomitibus
3174 1824 3449 1879 enecetur,
3483 1829 3709 1871 necesse
3736 1827 3818 1873 est

512 1910 647 1968 dore
694 1911 977 1981 fulgentes,
1008 1910 1099 1980 qui
1143 1918 1199 1963 et
1242 1908 1529 1963 dixerunt:
1569 1905 1683 1961 Viri
1724 1905 1952 1971 Galilwi,
1992 1906 2117 1979 quid

511 2005 662 2058 statis
692 2004 996 2071 aspicientes
1035 2003 1090 2055 in
1121 2000 1348 2055 caelum?
1380 1999 1482 2053 Hic
1522 1999 1675 2054 Jesus
1704 2000 1793 2069 qui
1822 2008 2115 2069 assumptus

507 2103 583 2149 eu
613 2114 643 2147 a
674 2096 816 2148 vobis
846 2095 901 2146 in
933 2092 1140 2157 calum,
1179 2094 1251 2146 sic
1278 2094 1460 2159 veniet,
1497 2092 1931 2163 quemadmodum
1971 2093 2109 2145 vidi-

510 2191 607 2244 stis
635 2206 752 2243 eum
779 2197 983 2243 euntem
1008 2187 1063 2240 in
1091 2188 1271 2241 caelum
1305 2188 1441 2259 (Act.
1481 2202 1519 2251 t,
1551 2184 1662 2257 Η).
1692 2187 1897 2254 Quibus
1925 2186 2114 2242 verbis

521 2295 711 2337 Omnes
740 2282 999 2338 Ecclesiae
1030 2280 1122 2335 filii
1151 2280 1484 2335 docebantur
1509 2292 1564 2335 ut
1592 2281 1749 2336 Jesus
1785 2281 2031 2335 Christus
2061 2282 2113 2337 in

513 2372 703 2427 eadem
726 2388 829 2441 qua
858 2371 1175 2428 ascenderat
1198 2387 1361 2426 carne
1390 2384 1649 2427 venturus
1669 2372 1898 2428 visibilis
1926 2372 2116 2428 crede-

506 2477 692 2529 retur;
736 2480 837 2519 nec
882 2477 1063 2533 posset
1106 2463 1304 2534 ambigi
1346 2465 1529 2518 omnia
1562 2464 1637 2517 illi
1682 2478 1805 2519 esse
1845 2463 2110 2533 subjecta,

517 2554 603 2609 cui
637 2557 709 2612 ab
746 2556 863 2624 ipso
903 2570 1183 2622 corporeae
1225 2556 1520 2610 nativitatis
1561 2556 1788 2610 exordio
1827 2555 2114 2612 famulatus

506 2647 769 2703 servisset
806 2648 1102 2719 angelicas.
1142 2649 1293 2702 Sicut
1322 2648 1466 2703 enim
1502 2648 1918 2716 concipiendum
1951 2648 2112 2704 Chri-

506 2747 647 2795 stum
679 2740 746 2793 de
764 2738 968 2809 Spiritu
1000 2750 1191 2795 sancto
1218 2740 1388 2794 beata:
1414 2738 1619 2808 Virgini
1643 2740 1867 2809 angelus
1895 2741 2112 2796 nuntia-

502 2832 603 2897 vit,
634 2831 713 2886 sic
740 2841 795 2886 et
815 2832 1022 2888 editum
1052 2831 1121 2887 de
1150 2830 1374 2902 Virgine
1404 2847 1508 2886 vox
1538 2832 1843 2887 coeleSIium
1876 2834 2112 2903 pastori-

502 2921 604 2978 bus
624 2924 850 2981 cecinit:
874 2925 1017 2979 sicut
1034 2926 1400 2981 resurrexisse
1421 2939 1449 2977 a
1476 2925 1728 2992 mortuis,
1752 2940 2110 2994 supernorum

500 3018 817 3074 nuntiorum
851 3027 875 3057 ο
902 3019 1077 3088 prima
1109 3018 1420 3073 testimonia
1462 3018 1786 3086 docuerunt,
1815 3020 1893 3075 sic
1925 3019 1991 3073 ad
2017 3020 2110 3088 ju-

502 3109 789 3164 dicandum
822 3112 1081 3166 mundum
1120 3111 1174 3165 in
1206 3112 1322 3181 ipsa
1349 3125 1514 3166 carne
1543 3121 1850 3179 venturum,
1885 3112 2109 3181 angelo-

501 3220 621 3259 rum
652 3206 829 3260 officia
862 3204 882 3245 ι
916 3206 1314 3275 praedicarunt:
1346 3215 1403 3260 ut
1435 3205 1859 3275 intelligeremus
1890 3216 2105 3273 quantae
2133 3184 2179 3247 (ἶ

499 3305 801 3365 potestates
832 3296 943 3353 sint
968 3297 1235 3353 adfutura;
1263 3305 1290 3345 8
1320 3313 1446 3351 cum
1466 3298 1797 3365 judicaturo,
1829 3297 1917 3352 cui
1944 3306 2103 3352 tanta:

2221 1916 2277 1959 ut
2308 1906 2361 1960 in
2394 1921 2523 1976 agro
2558 1907 2740 1963 cordis
2766 1908 2932 1972 illius,
2976 1908 3028 1962 in
3059 1922 3166 1977 quo
3200 1910 3215 1957 t
3258 1907 3415 1977 hujus
3458 1907 3585 1962 moli
3627 1907 3812 1977 planta

2218 1998 2513 2061 convaluit,
2560 1999 2730 2068 spinae
2780 1999 2957 2067 potius
2999 1998 3285 2067 tribulique
3329 1999 3605 2063 vitiorum,
3651 2014 3811 2068 quam

2221 2091 2386 2145 ullum
2418 2107 2559 2146 verat
2587 2093 2804 2147 virtutis
2830 2107 3015 2147 semen
3038 2093 3261 2147 oriatur.
3294 2091 3633 2148 Resistamus
3658 2106 3811 2162 ergo,

2218 2183 2582 2251 dilectissimi,
2612 2184 2734 2239 huic
2766 2195 2872 2239 tam
2903 2184 3159 2254 pestifero
3184 2186 3349 2253 malo,
3375 2195 3429 2240 et
3455 2184 3809 2254 charitatem,

2214 2277 2333 2332 sine
2360 2292 2464 2347 qua
2496 2276 2641 2331 nulla
2664 2277 2833 2331 virtus
2866 2286 3043 2347 potest
3064 2276 3297 2349 uitere(l
3322 2275 3445 2332 Cor.
3468 2276 3609 2348 xm),
3637 2288 3811 2333 secte'

2216 2386 2377 2427 mur:
2414 2380 2471 2424 ut
2504 2384 2600 2440 per
2645 2370 2802 2438 hanc,
2834 2386 2937 2440 qua
2982 2371 3046 2424 ad
3091 2386 3189 2425 nos
3214 2370 3463 2425 Christus
3504 2371 3819 2442 descendit,

2213 2462 2521 2518 dilectionis
2567 2464 2738 2531 viam,
2788 2464 2948 2518 etiam
3005 2478 3104 2518 nos
3169 2464 3233 2518 ad
3298 2466 3470 2534 ipsum
3539 2470 3819 2535 possimus

2216 2552 2244 2591 ι
2266 2555 2582 2621 ascendere,
2614 2555 2700 2609 cui
2725 2563 2809 2611 est
2828 2570 2948 2610 cum
2980 2555 3091 2611 Deo
3116 2556 3276 2611 Patre
3304 2566 3359 2613 et
3386 2554 3591 2628 Spiritu
3623 2568 3820 2615 sancto

2218 2647 2393 2703 honor
2418 2658 2471 2703 et
2499 2648 2668 2719 gloria
2700 2650 2752 2702 in
2782 2649 2978 2704 saecula
3006 2652 3347 2705 seculorum.
3378 2651 3572 2707 Amen.

2570 2783 2803 2839 SERMO
2842 2782 3033 2839 Lxxv
3059 2784 3166 2855 [Αι.
3191 2784 3450 2858 LXXIII].

2770 2874 2848 2929 De
2873 2875 3173 2931 Pentecoste
3198 2876 3253 2932 1.

2213 2964 2485 3021 Stuorsxs.
2539 2994 2610 3006 -—
2662 2964 2702 3018 l.
2744 2964 3095 3020 Christianam
3158 2967 3494 3024 Pentecosten
3561 2970 3823 3028 Mosaica

2284 3037 2610 3103 respondere.
2643 3066 2713 3076 —
2751 3034 2813 3088 11.
2854 3036 3019 3103 Quam
3050 3039 3286 3091 velociter
3324 3056 3384 3093 ac
3424 3041 3744 3095 mirabiliter
3788 3060 3822 3094 a

2285 3106 2487 3176 Spiritu
2517 3116 2691 3182 sancto
2718 3108 2898 3182 edocti
2919 3109 3019 3182 sint
3047 3107 3306 3179 discipuli.
3349 3141 3419 3152 —
3446 3112 3529 3166 Ill.
3568 3111 3823 3182 Perfecta

2282 3194 2616 3254 personarum
2636 3180 2688 3254 in
2721 3178 2827 3232 SS.
2857 3177 3107 3232 Trinitate
3125 3177 3387 3254 mortalitas
3416 3177 3823 3254 explicatur.—

2280 3248 2369 3302 IV.
2402 3248 2891 3303 Macedonianorum
2905 3266 3043 3304 error
3062 3248 3246 3305 contra
3270 3248 3527 3321 Spiritum
3546 3269 3821 3318 sanctum,

2279 3322 2365 3389 qui
2390 3322 2554 3373 omnis
2586 3322 2702 3374 boni
2743 3322 2859 3390 fons
2885 3331 2934 3375 et
2970 3339 3145 3376 causa.
3180 3352 3249 3363 --
3290 3325 3346 3378 V.
3379 3323 3565 3379 Omnia
3605 3326 3669 3379 in
3713 3326 3825 3380 Ec-

2279 3391 2432 3464 clesia
2472 3408 2561 3459 per
2611 3391 2865 3462 Spiritum
2906 3404 3139 3446 sanctum
3180 3396 3527 3464 sanctiﬁcari,
3572 3397 3643 3450 ab
3678 3413 3745 3451 eo
3779 3407 3829 3451 et

498 3391 947 3448 ministraverunt
974 3394 1140 3447 etiam
1169 3391 1484 3460 iudicando.
2279 3407 2295 3472 ς

2276 3463 2391 3530 ipsa
2407 3463 2618 3533 jejunia
2641 3464 2898 3517 instituta.

572 3484 700 3539 Car.
734 3486 1245 3541 V.—Exsultemus
1276 3488 1482 3555 itaque,
1508 3485 1874 3555 dilectissimi,
1904 3487 2103 3557 gaudio

499 3575 748 3647 spiritali,
780 3585 837 3631 et
860 3576 1023 3647 digna
1056 3577 1200 3644 apud
1236 3578 1400 3631 Deum
1432 3578 1733 3647 gratiarum
1766 3578 1981 3631 actione
2011 3578 2104 3633 lm-

496 3680 699 3734 tnntes,
744 3672 943 3726 liberos
972 3671 1153 3726 cordis
1183 3672 1371 3727 oculos
1399 3672 1466 3726 ad
1500 3673 1643 3725 illam
1676 3671 2017 3727 altitudinem
2047 3673 2097 3725 in

495 3778 602 3830 qua
642 3761 892 3817 Christus
929 3771 1013 3818 est
1038 3764 1329 3834 erigamus.
1365 3762 1593 3820 Sursum
1636 3771 1856 3819 vocatos
1889 3764 2099 3817 animos

494 3855 765 3912 desideria
800 3866 1019 3912 terrena
1057 3872 1162 3913 non
1200 3858 1548 3928 deprimant;
1583 3857 1648 3913 ad
1691 3870 1889 3913 aeterna
1930 3874 2102 3928 praee-

495 3944 667 4001 lectos
690 3947 926 4016 peritura
954 3964 1060 4004 non
1080 3960 1375 4017 occupent;
1394 3952 1532 4004 viam
1557 3949 1802 4005 veritatis
1824 3952 2098 4020 ingressos

495 4034 721 4093 fallaces
765 4038 1038 4094 illecebrae
1079 4056 1186 4095 non
1223 4040 1530 4107 retardent;
1572 4050 1628 4095 et
1673 4042 1743 4095 ita
1780 4058 1809 4095 a
1848 4041 2098 4098 fidelibus

491 4128 611 4185 haec
636 4132 953 4201 temporalia
977 4132 1355 4201 decurrantur,
1385 4143 1444 4187 ut
1471 4134 1805 4205 peregrinari
1829 4150 1888 4190 se
1916 4136 1969 4190 in
1996 4137 2094 4190 hac

493 4225 679 4279 mundi
704 4226 838 4280 valle
860 4236 1210 4296 cognoscant,
1238 4226 1417 4295 ingqua
1441 4226 1653 4281 etiamsi
1675 4227 1921 4297 quaadam
1946 4243 2095 4283 com-

488 4317 649 4371 moda
694 4317 1068 4383 blandiantur,
1103 4335 1210 4373 non
1259 4319 1633 4387 amplectenda
1681 4319 1961 4389 nequiter,
1993 4320 2090 4375 sed

490 4410 828 4465 transeunda
860 4422 985 4465 sunt
1007 4411 1236 4465 fortiter.
1269 4411 1348 4465 Ad
1382 4410 1517 4465 hanc
1543 4411 1683 4467 enim
1716 4425 1814 4466 nos
1842 4411 2087 4465 devotio-

485 4516 611 4555 nem
645 4502 987 4556 beatissimus
1017 4504 1292 4572 apostolus
1324 4503 1515 4557 Petrus
1551 4503 1775 4567 incitat;
1805 4513 1858 4557 et
1887 4517 2084 4557 secun-

484 4594 613 4649 dum
635 4596 783 4651 illam
810 4596 1153 4651 dilectionem
1182 4614 1340 4667 quam
1369 4598 1653 4666 pascendis
1676 4597 1872 4651 Christi
1895 4597 2085 4653 ovibus

2275 3568 2406 3627 Car.
2438 3571 2478 3625 1.
2507 3602 2580 3613 -—
2605 3572 2932 3629 Hodiernam
2966 3577 3366 3632 solemnitatem
3387 3620 3401 3643 ,
3433 3577 3827 3647 dilectissimi,

2204 3664 2257 3718 in
2284 3665 2563 3733 prmeipnis
2604 3664 2754 3720 festis
2802 3682 2922 3722 esse
2953 3669 3335 3735 venerandam,
3371 3667 3391 3707 ι
3439 3671 3694 3724 omnium
3731 3686 3828 3726 ca-

2202 3756 2521 3811 tholicorum
2541 3759 2701 3813 corda
2726 3769 3058 3829 cognoscunt
3083 3778 3097 3815 :
3126 3777 3223 3817 nec
3241 3763 3458 3817 dubium
3483 3774 3565 3819 est
3588 3776 3821 3834 quanta

2201 3846 2327 3903 huic
2351 3847 2458 3903 diei
2481 3851 2787 3904 reverentia
2812 3850 3091 3920 debeatur,
3123 3870 3282 3922 quem
3314 3854 3547 3923 Spiritus
3575 3869 3831 3913 sanctus

2198 3948 2656 4004 excellentiSsimo
2692 3951 2853 4021 297
2883 3952 2964 4005 sui
3013 3952 3252 4006 muneris
3297 3953 3560 4007 miracqu
3604 3968 3832 4010 conse-

2197 4042 2386 4095 cravit.
2420 4039 2552 4095 Nam
2584 4042 2650 4095 ab
2676 4041 2771 4095 illo
2794 4043 2883 4097 die
2911 4058 3017 4113 quo
3048 4043 3305 4099 Dominus
3330 4059 3492 4114 super
3514 4052 3828 4101 unomnem

2196 4136 2455 4191 caelorum
2489 4136 2833 4191 altitudinem
2867 4138 2932 4191 ad
2984 4138 3258 4194 dexteram
3309 4140 3405 4195 Dei
3448 4140 3633 4195 Patris
3690 4157 3835 4197 con-

2195 4243 2442 4284 sessurus
2469 4230 2735 4299 ascendit,
2770 4230 3011 4286 decimus
3054 4234 3152 4287 iste
3201 4242 3283 4287 est
3307 4234 3396 4302 qui
3427 4234 3495 4288 ab
3542 4234 3831 4304 ejusdem

2192 4321 2588 4376 resurrectione
2611 4323 3084 4393 quinquagesimus
3116 4325 3273 4378 nobis
3303 4325 3355 4379 in
3388 4340 3453 4380 eo
3484 4342 3513 4379 a
3536 4341 3660 4396 quo
3695 4341 3829 4384 cm-

2190 4411 2269 4481 pit
2296 4411 2489 4479 illuxit,
2526 4426 2713 4483 magna
2748 4415 3000 4485 mysteria
3031 4416 3082 4469 in
3107 4430 3164 4469 se
3204 4426 3258 4471 et
3307 4426 3548 4472 veterum
3601 4435 3826 4476 sacra-

2190 4513 2491 4560 mentorum
2519 4505 2802 4562 continens
2829 4516 2883 4563 et
2907 4521 3167 4564 novorum
3193 4528 3204 4561 :
3226 4511 3417 4579 quibus
3448 4512 3831 4571 manifestis-

2191 4596 2328 4652 sime
2356 4596 2678 4665 declaratur,
2709 4606 2763 4654 et
2785 4600 3007 4667 gratiam
3035 4603 3446 4670 praenuntiatam
3484 4605 3672 4662 fuisse
3716 4622 3832 4678 per

484 4686 626 4743 trina
671 4686 933 4742 Dominici
968 4689 1170 4742 amoris
1220 4687 1562 4757 professione
1604 4689 1855 4757 concepit
1902 4687 2082 4760 (Joan.
2190 4688 2386 4760 legem,
2418 4698 2471 4744 et
2499 4690 2666 4760 legem
2710 4692 2983 4761 impletam
3027 4707 3147 4747 esse
3189 4709 3286 4763 per
3334 4697 3588 4765 gratiam.
3644 4698 3834 4757 Sicut

483 4792 596 4843 χιι,
634 4775 847 4848 15-17),
886 4779 1176 4834 obsecrans
1212 4779 1377 4834 dicit:
1410 4778 1733 4845 Charissimi,
1764 4779 1971 4834 obsecro
1998 4795 2084 4834 vos
2189 4783 2333 4837 enim
2365 4782 2590 4847 Hebrazo
2613 4784 2881 4853 quondam
2906 4786 3106 4855 populo
3136 4787 3204 4841 ab
3228 4787 3501 4860 Egyptiis
3527 4793 3827 4863 liberato,

484 4876 744 4939 tamquam
772 4869 996 4925 advenas
1038 4881 1084 4925 et
1117 4872 1434 4943 peregrinos,
1483 4872 1738 4926 abstinere
1788 4888 1877 4926 vos
1920 4873 2085 4944 296
2191 4873 2631 4944 quinquagesimo
2657 4875 2745 4930 die
2771 4886 2892 4945 post
2931 4877 3351 4934 immolationem
3378 4882 3502 4951 agni
3536 4883 3631 4937 lex
3678 4884 3832 4941 data

2255 5024 2276 5064 ί
2314 5026 2421 5093 AL,
2452 5028 2799 5081 declararunt.

2254 5106 2279 5145 ε
2316 5096 2490 5151 Prima
2521 5099 2687 5154 editio
2726 5110 2781 5155 et
2809 5115 2949 5157 unus
2988 5103 3156 5158 codex
3192 5104 3378 5160 delent
3425 5110 3829 5176 praepositio-

2180 5182 2305 5222 nem
2338 5184 2471 5221 cum.

2249 5235 2279 5314 ιξ
2297 5238 2479 5314 Prima
2501 5240 2685 5307 editio,
2710 5242 2885 5314 hujus.
2907 5242 3048 5308 Mox,
3066 5245 3118 5297 in
3138 5244 3348 5302 duobus
3372 5248 3828 5310 vetustioribus

2174 5308 2358 5385 codd_.,
2395 5313 2459 5385 de
2479 5328 2537 5385 eo
2564 5308 2830 5385 potentatu
2863 5317 3023 5385 possit
3056 5316 3267 5371 elidere.

2252 5378 2270 5418 ί
2297 5378 2719 5454 Αηιίψιίεέίιηιις
2744 5378 2888 5450 Vati,
2913 5401 3061 5440 omne
3082 5397 3346 5454 peccatum
3376 5389 3728 5454 declinatur.
3765 5408 3837 5453 et

2177 5453 2461 5535 omittitur,
2494 5463 2583 5505 aut
2625 5455 2863 5535 vincitur.
2908 5456 3006 5511 Ms.
3054 5453 3279 5525 Veron.,
3312 5475 3462 5515 omne
3499 5453 3835 5528 peccatum

2173 5533 2264 5597 aut
2294 5527 2561 5597 minuitur,
2588 5537 2675 5578 aut
2704 5527 2939 5579 vincitur.
3501 5527 3506 5528 ⁷
3867 5566 3895 5597 L

2247 5592 2261 5670 _i
2297 5594 2430 5670 Cod.
2464 5594 2758 5670 Veronen”
2790 5601 3089 5670 hujusmodi
3120 5601 3345 5669 planta.i
3867 5592 3877 5603 τ

2244 5663 2270 5743 ξι
2296 5666 2440 5743 Idem
2473 5667 2647 5743 codex
2679 5663 3128 5743 addit,'accedere'
3148 5683 3323 5743 atque.

2247 5738 2263 5776 ι
2301 5738 2718 5809 Antiquissimus
2748 5740 2868 5795 Vat.
2896 5743 3061 5805 5855,
3093 5738 3287 5798 omnia.

2236 5818 2279 5848 ω
2303 5810 2448 5867 Idem
2476 5810 2645 5867 codex
2663 5811 2889 5877 omittit,
2909 5829 3129 5881 omnem,
3163 5825 3219 5870 et
3248 5815 3408 5884 paulo
3446 5822 3607 5886 post,
3654 5820 3726 5876 in
3765 5840 3840 5881 se

556 5024 862 5097 ﬂrVulgati,
909 5024 1162 5079 Dominus
1206 5024 1393 5079 Maria:
1431 5025 1751 5097 Magdalenae
1807 5041 2077 5096 personam

483 5095 733 5169 Ecclesia:
757 5098 1111 5169 gerenti,__cum
1152 5097 1219 5150 ad
1258 5095 1551 5150 contactum
1577 5099 1737 5169 ipsius
1777 5095 2075 5169 properaret

482 5168 741 5231 accedere,
771 5167 929 5221 dicit:
958 5166 1103 5229 Noli,
1132 5178 1237 5222 etc.
1263 5170 1504 5234 Quatuor
1526 5166 1880 5223 vetustiorum
1910 5168 2070 5223 codd.

481 5237 856 5294 auctoritatem
881 5239 1051 5293 secuti
1078 5255 1284 5293 sumus.

556 5310 582 5348 ι’
606 5309 722 5365 Vox
741 5326 909 5364 meum
927 5309 1106 5364 addita
1136 5325 1202 5364 ex
1228 5311 1600 5380 antiquissimo
1632 5310 1745 5363 Vat.
1772 5319 1825 5364 et
1848 5310 2070 5365 Lectio-

481 5383 635 5437 nario
662 5380 858 5436 Veron.

558 5463 581 5523 ς
612 5451 791 5506 Prima
822 5453 989 5507 editio
1018 5462 1072 5507 et
1097 5452 1219 5507 cod.
1256 5451 1416 5517 Bon.,
1450 5454 1817 5523 apostolorum.

550 5521 577 5559 ἀ
606 5524 983 5593 Snpplevimus
1006 5540 1177 5578 coram
1198 5521 1512 5578 auctoritate
1534 5524 1768 5594 quinque
1798 5524 2067 5587 pOIiorum

480 5595 640 5649 codd.
662 5603 720 5649 et
754 5596 939 5662 prima:
972 5596 1251 5660 editionis;
1284 5609 1347 5649 ac
1382 5609 1449 5649 ex
1487 5594 1699 5659 iisdem,
1744 5611 1842 5649 nec
1868 5612 1969 5649 non
2001 5612 2068 5651 ex

480 5664 688 5737 cunctis
714 5664 1042 5721 editionibus
1062 5678 1185 5721 ante
1207 5667 1407 5733 Quesn.
1436 5667 1809 5721 revocavimus
1832 5668 2065 5737 particu-

478 5734 585 5790 lam
616 5746 660 5787 et
680 5746 802 5790 ante
833 5739 1090 5792 dixerunt.
1103 5738 1125 5759 ⁸

554 5813 581 5843 ο
604 5805 945 5870 Adiectivum
970 5810 1144 5875 prima
1172 5810 1324 5867 abest
1348 5825 1378 5864 a
1406 5810 1772 5867 vetustissimo
1799 5824 1903 5866 ms.
1936 5808 2061 5865 Vat.
