3980 6352
262 334 361 394 tat
558 348 563 353 ε
1658 333 1892 389 SERMO
1932 334 2143 389 LXXV.
3424 340 3533 399 40,3

255 455 345 503 est
362 446 413 501 in
441 452 627 500 monte
647 443 776 499 Sina
800 441 997 514 (Exod.
1048 459 1159 507 xu,
1202 442 1321 515 l7);
1349 444 1421 499 ita
1468 455 1590 515 post
1636 446 1845 515 passio-
1868 453 1921 510 Α
1954 446 2241 505 iessentiae
2257 464 2364 507 suae
2396 452 2446 505 in
2463 466 2558 506 sua
2584 452 2792 507 Deitate
2817 452 3107 507 continuit:
3127 455 3248 523 quia
3272 456 3410 510 sicut
3430 470 3529 512 nec

256 552 378 593 nem
422 545 451 574 ι
494 534 721 602 Christi,
751 550 853 605 qua
904 549 1065 590 verus
1104 536 1199 591 Dei
1252 537 1435 605 Agnus
1478 538 1690 593 occisus
1736 545 1839 604 est,
1945 541 2157 598 Patrem
2184 558 2283 599 nec
2310 543 2525 611 Filium,
2556 546 2629 600 ita
2660 561 2760 601 nec
2782 545 3039 615 Spiritum
3073 559 3315 603 sanctum
3346 549 3534 603 huma-

250 627 1355 699 quinqusgesimoaresurrectioneipsius
1380 628 1467 684 die
1493 629 1547 684 in
1566 630 1843 698 apostolos
1948 646 2047 686 nus
2079 644 2253 702 potest
2281 636 2428 689 visus
2466 637 2747 706 attingere.
2781 636 2836 691 lu
2871 637 3129 695 Trinitnte
3168 641 3310 696 enim
3347 640 3525 698 divina

249 722 576 790 plebemque
604 720 936 777 credentium
966 720 1198 790 Spiritus
1236 729 1461 775 sanctus
1507 720 1726 790 illapsus
1760 732 1844 777 est
1943 723 2076 778 nihil
2101 725 2384 792 dissimile,
2415 727 2544 781 nihil
2576 730 2747 797 impar
2774 739 2889 795 est;
2922 741 2975 785 et
3002 732 3180 785 omnia
3204 748 3321 801 qua}
3343 733 3407 788 de
3435 733 3527 788 illa

248 813 393 881 (Act.
427 828 490 879 tt,
521 811 618 881 5):
652 824 710 867 ut
740 814 894 868 facile
936 813 1166 882 diligens
1204 812 1546 868 Christianus
1586 822 1843 881 agnoscat
1944 828 2167 886 possunt
2202 820 2497 873 substantia
2529 822 2783 892 cogitari,
2814 838 2913 877 nec
2942 824 3137 879 virtute
3159 867 3175 892 ,
3208 840 3304 881 nec
3331 827 3522 895 gloria,

244 905 400 959 initia
423 904 629 961 veteris
642 905 975 963 Testamenti
995 907 1318 976 evangelicis
1341 906 1678 961 ministrasse
1696 906 1842 975 prin-
1944 925 2045 965 nec
2069 912 2367 966 aeternitate
2391 911 2624 967 discreta
2654 920 2796 965 sunt.
2830 914 3068 984 Cumque
3096 916 3146 969 in
3177 930 3523 983 personarum

238 996 427 1064 cipiis,
458 1006 517 1052 et
557 997 626 1052 ab
646 999 837 1053 eodem
872 997 1077 1067 Spiritu
1117 999 1388 1054 conditum
1433 999 1608 1055 fmdus
1646 1014 1841 1055 secun-
1948 1002 2360 1069 proprietatibus
2391 1004 2526 1057 alius
2567 1004 2637 1056 sit
2681 1002 2859 1066 Pater,
2894 1004 3030 1058 alius
3060 1007 3128 1059 sit
3157 1004 3355 1071 Filius,
3388 1006 3524 1060 alius

177 1078 181 1111 ξ
240 1090 401 1157 dum,
432 1105 463 1144 a
491 1106 599 1160 quo
624 1092 854 1161 primum
886 1091 1060 1147 fuerat
1090 1094 1418 1147 institutum.
1945 1087 2175 1158 Spiritus
2205 1099 2450 1155 sanctus,
2483 1105 2587 1143 non
2630 1096 2808 1143 tamen
2847 1090 2946 1143 alia
2978 1090 3155 1145 Deitas
3186 1107 3285 1147 nec
3312 1092 3521 1147 diversa

312 1181 454 1238 Cn.
489 1184 553 1238 ll.
575 1214 646 1225 —
667 1186 821 1248 Nam,
853 1184 993 1239 sicut
1019 1185 1312 1253 apostolica
1342 1194 1569 1241 testatur
1594 1184 1839 1251 historia,
1944 1189 2131 1233 natura
2163 1188 2264 1233 est.
2293 1180 2565 1249 Siquidem
2597 1194 2715 1233 cum
2750 1192 2801 1234 et
2824 1180 2892 1235 de
2925 1181 3083 1236 Patre
3113 1182 3180 1235 sit
3209 1182 3376 1237 Filius
3407 1185 3524 1238 uni-

236 1272 261 1310 δ
287 1276 426 1338 dum
454 1278 837 1341 comploraretur
866 1278 972 1331 dies
998 1277 1349 1339 Pentecostes,
1376 1289 1639 1348 essentque
1670 1296 1843 1333 omnes
1943 1277 2175 1345 genitus,
2213 1286 2266 1330 et
2298 1275 2531 1343 Spiritus
2559 1288 2777 1331 sanctus
2803 1277 2976 1332 Patris
3008 1278 3238 1347 Filiique
3266 1282 3333 1335 sit
3365 1282 3526 1349 spiri-

232 1366 496 1436 discipuli
527 1370 716 1435 pariter
754 1370 809 1422 in
854 1373 1029 1423 eodem
1067 1370 1179 1423 loco
1199 1411 1211 1431 ,
1247 1375 1411 1442 [actus
1446 1382 1517 1425 est
1546 1382 1746 1436 repente
1781 1372 1843 1426 de
1947 1375 2051 1431 tus,
2084 1383 2189 1421 non
2217 1370 2353 1421 sicut
2375 1384 2725 1437 quaecumque
2752 1379 3020 1434 creatura,
3046 1386 3166 1439 quas
3198 1382 3250 1425 et
3280 1372 3453 1427 Patris
3472 1382 3527 1428 et

229 1461 377 1513 calo
405 1477 563 1515 sonus
583 1472 841 1530 tamquam
870 1463 1182 1516 advenientis
1211 1466 1420 1533 spiritus
1446 1466 1768 1526 vehementis,
1793 1474 1843 1519 et
1945 1458 2064 1513 Filii
2094 1471 2175 1513 est
2204 1502 2217 1525 ,
2250 1461 2342 1515 sed
2374 1460 2513 1513 sicut
2558 1475 2678 1514 cum
2732 1470 2956 1530 utroque
2987 1462 3174 1516 vivens
3208 1471 3263 1517 et
3298 1472 3488 1532 potens
3507 1506 3523 1529 ,

230 1553 463 1617 replevit
490 1563 645 1605 totam
665 1554 896 1619 domum,
932 1553 1184 1607 abierant
1212 1556 1456 1609 sedentes,
1492 1553 1561 1607 Et
1587 1572 1843 1625 apparue-
1950 1552 1963 1600 l
2001 1559 2055 1604 et
2082 1552 2408 1619 sempiterna
2436 1566 2504 1605 ex
2537 1566 2603 1605 eo
2623 1550 2767 1620 quod
2800 1561 2881 1605 est
2909 1553 3065 1607 Pater
3095 1554 3368 1625 Filiusque
3397 1557 3526 1609 sub-

229 1651 371 1693 rutus
400 1642 509 1694 illis
534 1642 812 1708 dispertita:
839 1644 1031 1714 lingute
1055 1654 1310 1711 tamquam
1330 1646 1482 1715 ignis,
1506 1646 1735 1714 seditque
1754 1662 1838 1698 su-
1945 1646 2159 1699 sistens.
2182 1644 2355 1709 Unde,
2384 1659 2509 1698 cum
2540 1645 2794 1699 Dominus
2818 1655 2940 1700 ante
2966 1647 3227 1714 passionis
3250 1662 3361 1702 suae
3380 1647 3525 1703 diem

226 1748 337 1799 pra
366 1733 604 1802 singulos
630 1749 827 1790 eorum.
858 1732 926 1786 Et
953 1736 1134 1804 repleti
1155 1746 1272 1789 sunt
1293 1752 1467 1789 omnes
1495 1736 1694 1803 Spiritu
1719 1752 1840 1790 san-
1946 1737 2223 1804 discipulis
2258 1737 2371 1790 suis
2412 1737 2581 1789 sancti
2625 1735 2852 1803 Spiritus
2884 1738 3174 1803 sponderet
3211 1734 3521 1807 adventum,

227 1835 346 1890 sto,
396 1836 736 1894 et-cwperunt
780 1828 919 1897 loqui
964 1838 986 1865 ο
1018 1826 1138 1882 aliis
1184 1830 1392 1899 linguis,
1433 1842 1583 1897 prout
1616 1828 1841 1901 Spiritus
1875 1818 1917 1878 Β
1948 1827 2148 1891 Adhuc,
2182 1826 2386 1894 inquit,
2420 1826 2579 1878 multa
2608 1825 2767 1880 habeo
2797 1828 2935 1881 vobis
2969 1829 3155 1895 dicere,
3188 1829 3276 1883 sed
3302 1845 3409 1883 non
3436 1846 3529 1900 po-

226 1928 467 1970 sanctus
493 1917 649 1970 dabat
680 1918 846 1988 eloqui
880 1919 984 1973 illis
1015 1917 1205 1990 (Ibid.,
1238 1918 1381 1990 1-4).
1415 1920 1459 1975 Ο
1492 1936 1652 1989 quam
1686 1921 1842 1976 velox
1947 1920 2086 1973 testis
2115 1919 2207 1971 illa
2232 1926 2437 1988 portare
2462 1917 2637 1972 modo.
2671 1918 2797 1971 Cum
2826 1930 2994 1972 autem
3026 1923 3213 1974 venerit
3244 1922 3332 1975 ille
3358 1921 3529 1991 Spiri—

224 2016 322 2060 est
350 2022 544 2062 sermo
570 2010 868 2078 sapientiae,
897 2019 953 2064 et
979 2009 1066 2065 ubi
1098 2010 1238 2064 Deus
1264 2011 1519 2080 magiSIer
1549 2020 1651 2073 est,
1682 2027 1842 2081 quam
1946 2019 2024 2063 tus
2054 2011 2277 2062 veritatis
2299 2051 2312 2073 ,
2346 2008 2434 2062 ille
2467 2010 2648 2079 diriget
2676 2027 2759 2062 vos
2788 2012 2839 2064 in
2873 2028 3070 2064 onmem
3098 2014 3372 2066 veritatem.
3409 2014 3529 2066 Non

224 2100 357 2153 cito
409 2100 634 2155 discitur
675 2101 815 2170 quod
846 2100 1071 2156 docetur
1096 2103 1110 2156 !
1140 2101 1259 2155 Non
1288 2111 1371 2155 est
1400 2101 1636 2157 adhibita
1679 2102 1845 2156 inter-
1945 2104 2077 2157 enim
2110 2101 2339 2171 loquetur
2366 2118 2398 2153 a
2436 2106 2703 2167 semetipso
2730 2143 2744 2165 ,
2786 2102 2872 2155 sed
2898 2118 3224 2171 quwcumque
3253 2100 3279 2139 ιι
3309 2104 3529 2156 audierit

226 2192 491 2259 pretatio
533 2192 597 2246 ad
645 2192 994 2259 audiendum,
1027 2208 1134 2248 non
1164 2194 1499 2249 consuetudo
1545 2194 1611 2248 ad
1662 2210 1840 2260 usum,
1946 2197 2202 2265 loquetur,
2229 2205 2273 2247 et
2303 2195 2479 2263 futura
2506 2194 2828 2247 aununtiabit
2856 2196 3012 2249 vobis.
3050 2195 3232 2249 Omnia
3253 2213 3364 2260 qum
3383 2198 3529 2253 habet

230 2297 359 2335 non
400 2294 608 2349 tempus
636 2284 700 2336 ad
734 2284 995 2344 studium,
1026 2283 1121 2338 sed
1152 2283 1388 2353 spirante
1421 2284 1506 2336 ubi
1532 2282 1697 2337 voluit
1726 2283 1845 2352 Spi-
1947 2286 2107 2340 Pater
2137 2304 2248 2341 mea
2277 2297 2392 2340 sunt
2425 2304 2443 2339 :
2476 2297 2743 2355 propterea
2773 2289 2909 2351 dixi,
2942 2291 3063 2354 quia
3088 2290 3150 2343 de
3181 2306 3288 2342 meo
3315 2292 3529 2360 accipiet

224 2374 351 2427 ritu
390 2376 631 2429 veritatis
655 2373 836 2444 (Joan.
867 2391 947 2442 tu,
979 2376 1060 2445 8),
1088 2377 1316 2447 propria:
1343 2376 1677 2446 singularum
1710 2389 1843 2447 geni-
1946 2389 1991 2433 et
2019 2380 2341 2433 annuutiabit
2373 2380 2508 2433 vobis
2534 2378 2713 2450 (Joan.
2750 2396 2859 2445 xvt,
2894 2381 3081 2448 12-15)
3136 2382 3251 2437 Non
3281 2398 3408 2451 ergo
3428 2384 3529 2437 alia

226 2466 389 2519 tium
429 2480 589 2521 voces
622 2464 775 2521 factm
810 2478 937 2522 sunt
972 2468 1023 2522 in
1067 2468 1319 2522 Ecclesia:
1369 2483 1464 2523 ore
1502 2484 1840 2525 communes.
1946 2481 2069 2526 sunt
2092 2472 2288 2536 Patris,
2313 2472 2414 2526 alia
2440 2471 2585 2536 Filii,
2610 2474 2711 2526 alia
2737 2474 2965 2542 Spiritus
2992 2474 3197 2537 sancti;
3231 2475 3323 2529 sed
3354 2475 3531 2529 omnia

223 2558 324 2610 Ab
362 2558 477 2612 hoc
514 2558 672 2628 igitur
699 2560 788 2614 die
819 2560 945 2614 tuba
973 2561 1294 2629 evangelicae
1326 2561 1725 2629 praedicationis
1755 2562 1840 2615 in-
1946 2578 2296 2633 quaecumque
2339 2563 2501 2617 habet
2547 2563 2725 2623 Pater.
2761 2564 2919 2619 habet
2964 2576 3017 2621 et
3058 2564 3245 2629 Filius,
3276 2565 3438 2621 habet
3476 2573 3533 2621 et

225 2654 466 2717 tonuit;
500 2653 567 2707 ab
598 2652 699 2707 hoc
728 2654 816 2708 die
843 2655 1044 2709 imbres
1072 2655 1475 2722 charismatum,
1507 2656 1723 2711 flumina
1752 2658 1845 2712 bes
1943 2654 2175 2724 Spiritus
2201 2664 2451 2719 sanctus;
2477 2669 2575 2709 nec
2599 2671 2847 2725 umquam
2876 2656 2928 2709 in
2959 2657 3045 2717 illa
3073 2656 3335 2710 Trinitate
3366 2656 3382 2693 1
3423 2672 3530 2712 non

224 2744 646 2811 nedictionum,
674 2762 836 2801 omne
864 2746 1135 2802 desertum
1186 2760 1240 2803 et
1287 2750 1593 2803 universam
1635 2750 1839 2805 aridam
1946 2745 2043 2801 fuit
2075 2749 2173 2801 iSIa
2201 2750 2544 2814 enmmunio,
2584 2748 2705 2817 quia
2750 2749 2850 2802 hoc
2878 2759 2959 2803 est
2990 2749 3060 2803 ibi
3092 2751 3267 2802 omnia
3303 2749 3525 2815 habere,

226 2839 597 2909 ligaverunt:
631 2841 882 2911 quoniam
929 2842 997 2896 ad
1040 2842 1397 2896 renovandam
1447 2843 1636 2898 faciem
1685 2853 1842 2907 terra:
1941 2840 2086 2909 quod
2114 2856 2326 2907 semper
2348 2841 2599 2894 existere.
2632 2839 2785 2893 Nulla
2812 2841 2975 2911 299
3001 2839 3069 2893 ibi
3102 2848 3367 2909 tempora,
3394 2842 3527 2896 nulli

226 2929 489 2998 Spiritus
522 2931 616 2985 Dei
638 2933 897 3002 ferebatur
916 2950 1068 3001 super
1089 2952 1247 3004 aquas
1271 2934 1475 3008 (Cenes.
1508 2951 1546 3001 ι,
1571 2936 1667 3003 2),
1698 2947 1751 2991 et
1773 2936 1841 2991 ad
1946 2932 2161 3005 gradus,
2196 2933 2357 2985 nulla}
2388 2931 2703 2985 differentiae
2733 2932 3037 3001 Cogitentur
3077 2949 3091 2986 :
3126 2942 3166 2969 ω
3198 2941 3252 2985 et
3283 2933 3325 2985 si
3371 2948 3532 2987 nemo

228 3034 473 3077 veteres
506 3024 754 3078 tenebras
793 3024 1111 3095 abigendas,
1142 3042 1293 3082 nova:
1340 3026 1475 3082 lucis
1506 3028 1713 3097 fulgura
1752 3044 1839 3083 ρο·
1946 3026 2013 3080 de
2046 3027 2154 3080 Deo
2186 3035 2359 3093 potest
2388 3026 2658 3092 explicare
2680 3026 2818 3091 quod
2848 3033 2949 3087 est,
2971 3038 3129 3079 nemo
3153 3026 3349 3080 audeat
3373 3025 3525 3079 afﬁr-

232 3114 579 3181 ruseabant,
618 3131 740 3170 cum
770 3117 1081 3171 micantium
1110 3118 1396 3185 splendore
1439 3120 1759 3187 linguarum,
1789 3129 1845 3174 et
1873 3153 1920 3216 Ο
1950 3134 2099 3173 mare
2128 3118 2268 3187 quod
2300 3133 2403 3171 non
2433 3126 2533 3171 est.
2572 3116 2939 3171 Excusabilius
2968 3118 3113 3172 enim
3138 3127 3221 3172 est
3249 3118 3316 3174 de
3341 3129 3532 3173 natura

231 3206 424 3276 298
445 3206 666 3260 verbum
694 3208 906 3262 Domini
931 3209 1189 3276 lucidum,
1220 3221 1275 3265 et
1304 3210 1571 3279 eloquium
1597 3212 1849 3282 concipe-
1881 3206 1920 3216 “
1953 3209 2203 3263 ineffabili
2238 3225 2339 3261 non
2371 3207 2548 3277 eloqui
2577 3207 2737 3276 digna
2759 3250 2773 3270 ,
2800 3224 2957 3276 quam
2988 3208 3213 3262 definire
3238 3210 3528 3263 contraria.

228 3312 409 3353 retur
450 3300 695 3367 ignitum,
742 3301 826 3355 cui
866 3301 933 3355 ad
976 3302 1263 3357 creandum
1306 3304 1670 3372 intellectum,
1718 3321 1848 3360 con-
1950 3300 2214 3370 Quidquid
2240 3300 2420 3369 itaque
2447 3299 2514 3353 de
2541 3301 2866 3369 sempiterna
2891 3312 2943 3352 et
2974 3299 3395 3354 incommutabili
3420 3302 3531 3369 glo-

232 3389 687 3460 sumendumque
719 3403 1019 3464 peccatum,
1051 3406 1105 3450 et
1137 3395 1376 3450 efficacia
1403 3397 1760 3463 illuminandi,
1795 3406 1848 3452 et
1950 3393 2025 3446 ria
2054 3393 2226 3446 Patris
2259 3392 2338 3460 pia
2378 3404 2601 3458 possunt
2633 3391 2794 3445 corda
2824 3394 3130 3459 concipere,
3166 3394 3267 3446 hoc
3288 3393 3447 3448 simul
3478 3402 3533 3446 et

233 3483 327 3538 vis
362 3481 623 3539 inesset‘1
651 3486 863 3541 urendi.
1950 3484 2018 3538 de
2066 3484 2223 3549 Filio,
2259 3492 2311 3537 et
2354 3483 2421 3537 de
2460 3482 2661 3551 Spiritu
2702 3491 2885 3537 sancto
2924 3484 3346 3551 inseparabiliter
3372 3491 3532 3552 atque

311 3577 457 3630 Cn.
505 3575 592 3630 ΙΙΙ.
612 3606 685 3617 -
707 3578 961 3646 Quamvis
1005 3589 1183 3635 autem
1203 3620 1221 3647 ,
1267 3580 1645 3649 dilectissimi,
1692 3582 1850 3639 valde
1951 3574 2319 3630 indifferenter
2344 3576 2658 3645 intelligant.
2694 3575 2819 3629 Ideo
2840 3577 2983 3629 enim
3010 3578 3147 3631 hanc
3173 3578 3385 3631 beatam
3413 3576 3529 3629 Tri-

233 3669 419 3724 fuerit
459 3673 573 3739 ipsa
615 3671 692 3726 rei
736 3682 900 3739 gestae
942 3671 1112 3728 forma
1158 3674 1441 3737 mirabilis,
1496 3690 1595 3730 nec
1623 3676 1842 3729 dubium
1951 3669 2172 3722 nitatem
2206 3682 2365 3721 unum
2410 3668 2728 3721 confitemur
2758 3667 2943 3729 Deum,
2974 3667 3099 3735 quia
3142 3667 3196 3720 in
3237 3666 3321 3722 his
3361 3667 3533 3723 tribus

233 3764 348 3827 sit,
408 3763 463 3816 in
511 3763 605 3818 illo
649 3765 887 3819 omnium
927 3764 1280 3820 humanarum
1314 3782 1504 3821 vocum
1537 3766 1845 3823 exsultante
1949 3759 2195 3828 personis
2231 3773 2331 3813 nec
2383 3758 2720 3822 substantiae,
2757 3774 2855 3812 nec
2892 3758 3163 3826 potentiae,
3204 3774 3303 3814 nec
3347 3760 3533 3814 volun-

237 3868 265 3894 θ
293 3871 576 3913 concentu
599 3901 615 3925 ,
644 3860 979 3928 maiestatem
1014 3861 1245 3931 Spiritus
1284 3862 1455 3915 sancti
1494 3860 1662 3916 fuisse
1710 3875 1845 3924 prm-

236 3961 491 4016 sentem,
530 3948 551 3990 ¹
577 3967 734 4007 nemo
765 3963 940 4007 tamen
978 3955 1208 4009 aestimet
1235 3954 1288 4008 in
1331 3955 1394 4006 iis
1422 3968 1542 4023 quze
1570 3952 1845 4021 corporeis

237 4044 362 4096 visa
391 4053 520 4096 sunt
543 4044 711 4097 oculis
734 4043 966 4098 divinam
992 4045 1109 4114 ejus
1132 4046 1444 4114 apparuisse
1467 4044 1841 4098 substantiam.

239 4134 453 4188 Natura
492 4135 634 4188 enim
670 4135 980 4199 invisibilis,
1010 4145 1035 4183 ε
1064 4145 1116 4190 et
1156 4136 1299 4189 Patri
1334 4134 1578 4204 Filioque
1606 4149 1847 4188 commu-

243 4229 355 4293 nis,
392 4228 705 4296 qualitatem
737 4229 974 4282 muneris
1001 4225 1033 4266 λι
1066 4238 1229 4296 atque
1262 4228 1443 4297 operis
1479 4227 1586 4291 sui,
1619 4242 1720 4293 qua
1750 4240 1845 4279 vo-

244 4320 351 4373 luit
397 4320 793 4391 signiﬁcatione
855 4320 1207 4385 monstravit,
1264 4319 1648 4389 praprietatem
1714 4331 1844 4403 vero

1946 3855 2092 3919 tatis,
2128 3866 2225 3906 nec
2253 3851 2580 3921 operationis
2609 3859 2690 3904 est
2716 3851 2824 3905 ulla
2845 3850 3147 3905 diversitas.

2018 3945 2146 4001 CAP.
2178 3944 2269 4000 1V.
2291 3943 2527 3999 —Sicut
2567 3958 2693 4012 ergo
2726 3941 3055 3998 deteStamur
3082 3952 3111 3980 ιι
3142 3943 3371 3998 Arianos
3398 3984 3410 4005 ,
3441 3944 3532 4012 qui

1950 4039 2087 4092 inter
2117 4037 2328 4092 Patrem
2366 4046 2421 4090 et
2462 4035 2654 4090 Filium
2695 4036 2923 4104 aliquam
2958 4034 3141 4091 volunt
3181 4049 3300 4091 csse
3330 4036 3533 4089 distan-

1946 4134 2097 4195 tiam,
2140 4132 2211 4185 ita
2259 4132 2419 4185 etiam
2464 4130 2878 4184 Macedonianos
2925 4129 3126 4198 pariter
3173 4129 3529 4192 detestamur,

1945 4226 2035 4297 qui
2061 4225 2186 4279 licet
2209 4224 2350 4277 Patri
2376 4232 2428 4276 et
2456 4221 2591 4275 Filio
2618 4222 2855 4275 tribuant
2871 4223 3250 4292 aequalitatem,
3271 4219 3529 4288 Spiritum

1948 4326 2127 4372 tamen
2161 4324 2402 4370 sanctum
2454 4312 2728 4368 inferioris
2770 4321 2957 4382 putant
2994 4328 3114 4367 esse
3155 4321 3531 4367 naturaeznon

318 4486 347 4513 α
384 4476 480 4547 Sic
531 4492 596 4531 ex
636 4477 832 4532 nostris
878 4476 1037 4531 codd.
1081 4485 1136 4531 et
1178 4476 1335 4531 editis
1364 4487 1490 4533 ante
1519 4478 1719 4545 Quesn.
1753 4478 1839 4546 qui
1869 4482 1921 4541 1)
1946 4473 2112 4547 Nemo
2152 4482 2320 4529 tamen
2357 4476 2413 4530 in
2460 4477 2590 4530 iis...
2636 4478 2863 4531 divinam
2902 4479 3017 4547 ejus
3065 4482 3204 4545 putet
3231 4491 3534 4545 apparuisse

245 4562 347 4615 pro
393 4546 590 4600 Christi
620 4548 778 4603 habet
816 4548 1045 4602 Domini.
1072 4549 1131 4603 In
1164 4549 1333 4616 prima
1361 4548 1598 4605 editione
1630 4561 1840 4603 utrum-

242 4633 355 4688 que
384 4618 748 4673 desideratur.

314 4688 347 4726 δ
382 4690 501 4743 AL.
537 4686 685 4743 Cum.

460 4729 501 4751 .,
537 4705 685 4743 eum.

319 4770 345 4797 ε
382 4758 565 4813 Prima
595 4760 780 4823 editio,
806 4759 960 4812 variis
988 4760 1198 4829 linguis.

316 4830 347 4866 ά
381 4830 459 4883 Ita
490 4831 827 4885 retinendum
859 4831 1062 4900 putavit
1091 4831 1433 4899 Quesnellus,
1462 4843 1515 4888 et
1538 4834 1706 4887 suasit
1727 4842 1839 4890 tota

242 4899 415 4970 huius
443 4912 627 4956 textus
654 4899 868 4965 series:
887 4902 1009 4955 licet
1036 4911 1146 4957 tres
1174 4904 1414 4973 ejusdem
1446 4904 1603 4959 codd.
1637 4906 1838 4971 0xon.,

243 4987 347 5045 pro
375 4973 559 5045 urendi
584 4975 842 5045 baberent
860 4974 1145 5027 erudiendi.
1170 4974 1401 5045 ldipsum
1422 4985 1476 5031 et
1498 4990 1619 5041 nos,
1644 4978 1837 5029 etiam-

246 5044 291 5096 si
322 5042 742 5110 antiquissimus
765 5044 883 5099 Vat.
920 5045 1046 5097 item
1078 5042 1290 5109 habeat,
1320 5048 1621 5111 erudiendi;
1651 5056 1706 5100 et
1734 5062 1836 5099 ms.

243 5113 581 5187 ἣδε-δεῖ..βὸ
608 5116 821 5187 collect.
855 5116 892 5167 2
924 5116 1063 5169 hunc
1090 5117 1264 5171 loeum
1299 5120 1368 5170 ita
1403 5117 1592 5171 efferat
1626 5136 1638 5169 :
1672 5116 1739 5170 El
1762 5118 1836 5187 ef-

247 5184 439 5250 ﬁcacia
466 5184 802 5238 illuminandi
830 5187 1012 5240 inesset
1042 5196 1089 5239 et
1114 5188 1399 5241 erudiendi.

319 5264 342 5290 ⁸
379 5254 706 5329 Quesnellns
734 5271 803 5311 ex
834 5259 949 5329 suis
975 5257 1155 5329 codd.,
1186 5258 1380 5329 quibus
1409 5257 1649 5329 nonnulli
1683 5259 1841 5311 etiam

247 5327 423 5379 nostri
453 5328 833 5394 astipulantur,
867 5328 1064 5392 edidit,
1096 5326 1359 5382 conventu.
1383 5329 1522 5382 Edit.
1552 5326 1724 5382 Paris.
1755 5345 1841 5383 an.

249 5395 413 5462 1671,
438 5412 712 5451 consensu.
738 5397 926 5453 Melior
953 5397 1067 5452 visa
1094 5410 1177 5454 est
1199 5401 1357 5455 lectio
1377 5401 1704 5453 anteriorum
1728 5400 1847 5454 edi-

249 5468 456 5541 tionum
488 5467 610 5522 aliis
641 5484 771 5541 mss.
804 5471 1045 5538 probata,
1073 5485 1193 5525 cum
1218 5486 1321 5541 qua
1354 5472 1519 5541 magis
1547 5478 1847 5540 congruunt

248 5539 610 5605 pracedentia
637 5584 651 5608 ,
693 5539 1035 5593 humanarum
1072 5539 1267 5595 vocum.
1450 5539 1460 5541 ⁷
1663 5539 1668 5540 “

326 5607 345 5645 ί
384 5608 780 5665 Revocavimus
806 5612 1092 5666 lectionem
1122 5613 1388 5667 editorum
1422 5620 1548 5666 ante
1575 5611 1839 5676 Quesnel-

254 5679 363 5734 lum
390 5721 405 5744 ,
435 5682 640 5750 quippe
682 5697 840 5749 quam
885 5681 939 5736 in
990 5682 1361 5751 antiquissimo
1391 5682 1510 5737 Vat.
1544 5695 1599 5737 et
1637 5684 1686 5735 in
1720 5683 1838 5735 aliis

250 5751 447 5806 nostris
500 5752 663 5807 codd.
716 5755 1042 5822 reperimus,
1099 5771 1217 5807 cum
1275 5754 1468 5823 quibus
1522 5754 1837 5820 scripsimus

249 5823 483 5894 estiam,
507 5839 610 5894 pro
631 5824 851 5894 vulgato
870 5824 1144 5882 existimet.
1172 5824 1492 5893 Quesnellus
1512 5832 1690 5879 autem
1712 5824 1790 5878 sic
1815 5840 1829 5876 :

1943 4546 2301 4601 substantiam.

2018 4625 2043 4663 δ
2073 4616 2164 4670 Sic
2212 4618 2379 4671 nostri
2428 4617 2585 4671 codd.
2640 4629 2693 4671 et
2742 4617 2893 4681 editi,
2938 4626 3169 4685 excepto
3214 4615 3527 4683 Quesnello,

1942 4689 2081 4754 apud
2110 4702 2268 4754 quem
2298 4729 2312 4752 ,
2344 4697 2389 4740 et
2420 4705 2532 4742 cum
2561 4687 2720 4743 Patre
2748 4696 2795 4742 el
2826 4705 2943 4741 cum
2972 4686 3132 4740 Filio.

2015 4755 2041 4795 h
2078 4758 2448 4829 Voces,iatque
2480 4761 2667 4823 operis,
2698 4759 2895 4815 desunt
2922 4760 2975 4813 in
3001 4758 3372 4827 antiquissimo
3407 4758 3528 4813 Vat.

2022 4829 2039 4865 ι
2077 4828 2224 4882 Unus
2252 4828 2395 4895 Vat.,
2427 4830 2740 4883 substantiae.

2018 4898 2032 4948 i
2075 4899 2287 4970 Vulgati
2309 4908 2432 4954 ante
2454 4900 2681 4968 Quesn.,
2707 4912 2752 4953 et
2777 4899 3135 4970 sempiternus,
3161 4909 3207 4953 et
3236 4917 3297 4955 ea:
3317 4917 3374 4953 eo
3395 4898 3533 4969 quod

1944 4981 2036 5037 est,
2068 4979 2169 5025 etc.
2199 4969 2463 5025 Similiter
2492 4987 2624 5025 mss.
2659 4968 2942 5025 collect.‘
2966 4979 3018 5025 et
3051 4970 3104 5035 5,
3142 4971 3192 5023 in
3222 4968 3416 5039 quibus
3449 4980 3531 5022 ta-

1942 5058 2065 5096 men
2092 5056 2213 5094 cum
2238 5043 2521 5095 omittatur
2548 5042 2862 5110 coniunctio
2886 5051 2931 5094 et
2960 5050 3085 5095 ante
3111 5057 3174 5095 ea:
3196 5058 3279 5109 eo,
3310 5042 3471 5096 lectio
3499 5055 3527 5091 a

1944 5113 2231 5180 Quesnello
2270 5112 2486 5166 inducta
2523 5126 2577 5167 et
2621 5112 2997 5181 antiquissimo
3038 5126 3141 5167 ms.
3184 5121 3368 5166 nostro
3398 5110 3521 5164 Vat.

1945 5183 2256 5238 conﬁrmata
2289 5186 2416 5236 satis
2450 5183 2738 5237 indicatur.

2018 5253 2045 5291 ι
2076 5254 2281 5322 Vulgati
2305 5263 2428 5307 ante
2442 5255 2639 5321 Quesn.
2668 5264 2719 5308 et
2743 5269 2871 5309 mss.
2898 5253 3116 5307 collect.
3144 5253 3525 5322 posteriorum,

1949 5326 2141 5387 audiet,
2176 5340 2283 5379 non
2317 5336 2491 5379 tamen
2524 5326 2928 5394 antiquissimus
2962 5324 3077 5378 Vat.

2026 5394 2045 5433 ι
2072 5398 2146 5450 lta
2190 5411 2253 5449 ex
2282 5398 2480 5451 nostris
2505 5390 2781 5451 codicibus
2802 5404 2857 5450 et
2885 5394 3051 5463 prima
3076 5394 3329 5448 editione.
3357 5390 3526 5449 Alias.

1949 5468 2134 5522 defuit.

1951 5468 2267 5660 έεῗιξςὲςηθ
2297 5536 2483 5603 editio,
2513 5548 2567 5591 ut
2596 5539 2679 5603 si;
2706 5546 2760 5593 et
2790 5536 2936 5601 dein,
2967 5532 3394 5598 incommutabili,
3429 5547 3527 5600 pro

1951 5625 2027 5660 me
2072 5625 2102 5660 a
2139 5625 2216 5660 tt.

1944 5625 2216 5661 tne/motu.

2014 5607 2481 5745 Ξῃ-Κῗέῖίμιὶεείιηηε
2513 5678 2613 5731 Vat
2644 5720 2657 5742 ,
2688 5692 2785 5746 pro
2806 5676 3046 5739 Arianos,
3076 5672 3293 5746 praefert
3318 5689 3444 5737 eos;
3474 5686 3529 5727 et

1939 5758 2165 5821 postea,
2183 5742 2397 5821 omissis
2418 5750 2638 5821 vocibus
2661 5742 2733 5800 ila
2761 5749 2935 5811 etiam,
2970 5742 3526 5818 pro’Macedonianos,

1936 5819 2120 5885 habet,
2150 5819 2268 5873 illos
2290 5822 2483 5901 pariter
2504 5820 2823 5873 detestentur.
