3980 6352
255 312 378 376 405

1665 310 1894 368 SERMO
1932 310 2167 370 LXXVI.

3440 323 3467 376 4
3481 323 3548 380 06

255 440 429 498 quam
456 423 630 482 Filius
672 424 792 479 sine
820 422 1011 490 Patre.
1067 437 1359 497 numquam
1405 421 1566 481 Pater
1609 433 1662 482 et
1689 426 1853 482 Filios
1883 431 1934 489 Α
1960 440 2290 486 sacramenta
2313 473 2329 500 ,
2365 433 2508 489 nulla
2557 444 2682 492 sunt
2728 437 2998 493 celebrata
3035 435 3292 510 mysteria
3326 440 3434 494 θυι
3457 450 3552 496 ea-

251 517 469 575 t'uerint
517 519 635 576 sine
661 519 864 590 Spiritu
902 529 1120 587 sancto;
1163 527 1218 575 et
1257 519 1511 575 omnibus
1559 522 1860 576 existentize

247 616 523 686 gradibus
570 615 828 680 exclusis,
864 615 1009 669 nulla
1041 623 1067 651 ἰ
1098 615 1170 672 ibi
1202 630 1433 687 persona
1485 616 1556 670 sit
1596 617 1860 686 anterior,

247 710 415 765 nulla
468 709 756 779 posterior.
807 709 976 779 Hujus
1024 710 1166 765 enim
1203 711 1372 766 beatae
1416 711 1694 767 Trinitatis
1723 710 1748 750 ³³
1780 713 1862 766 in-

248 805 673 860 commutabilis
707 805 886 858 Deitas
918 820 1021 858 una
1051 814 1135 860 est
1161 805 1217 860 in
1245 805 1545 861 substantia
1569 847 1584 872 ,
1630 804 1858 862 indivisa

248 898 304 952 in
364 913 560 968 opere,
610 912 838 953 concors
887 899 943 953 in
992 897 1299 966 voluntate,
1345 914 1444 972 par
1491 900 1543 954 in
1594 900 1854 970 potentia,

246 992 492 1064 aequalis
523 995 572 1047 iu
622 992 815 1063 gloria.
849 992 922 1047 De
951 1007 1058 1061 qua
1104 1007 1224 1048 cum
1251 1003 1433 1048 sancta
1464 993 1740 1064 Scriptura
1780 993 1859 1051 sic

245 1086 528 1156 loquitur,
560 1096 617 1140 ut
644 1095 737 1140 aut
767 1085 819 1139 in
864 1083 1023 1142 factis
1065 1094 1160 1142 aut
1191 1088 1242 1140 in
1274 1087 1456 1141 verbis
1489 1085 1688 1158 aliquid
1721 1087 1859 1143 assi-

241 1188 393 1247 gnat
438 1177 584 1250 quod
629 1178 854 1248 singulis
904 1177 1152 1233 videatur
1195 1187 1218 1216 ι
1248 1179 1541 1233 convenire
1587 1179 1855 1248 personis,

242 1286 363 1326 non
416 1270 765 1343 perturbatur
813 1270 947 1326 ﬁdes
996 1271 1295 1336 catholica,
1348 1272 1443 1327 sed
1492 1272 1721 1327 docetur
1751 1290 1763 1326 :
1795 1280 1858 1330 ut

240 1379 353 1432 per
408 1366 797 1436 proprietatem
850 1371 946 1419 aut
990 1367 1142 1421 vocis
1190 1373 1284 1419 aut
1330 1365 1514 1434 operis
1559 1365 1859 1420 insinuetur

239 1459 422 1515 nobis
451 1461 655 1515 veritas
683 1459 967 1516 Trinitatis
991 1501 1007 1525 ,
1061 1470 1115 1514 et
1161 1475 1270 1515 non
1315 1457 1519 1514 dividat
1551 1458 1856 1513 intellectus

235 1552 404 1622 quod
452 1553 736 1623 distinguit
777 1553 1015 1608 auditus.
1044 1551 1126 1608 Ob
1153 1553 1255 1607 hoc
1291 1552 1437 1607 enim
1469 1551 1715 1622 qumdam
1741 1550 1857 1606 sive

235 1645 351 1700 sub
389 1646 588 1710 Patris,
637 1645 750 1700 sive
795 1644 896 1700 sub
926 1645 1080 1714 Filii,
1124 1644 1236 1700 sive
1282 1645 1384 1701 sub
1425 1645 1655 1714 Spiritus
1683 1641 1858 1699 sancti

236 1738 631 1807 appellatione
656 1738 821 1810 302
866 1750 1213 1808 promuntur,
1242 1747 1298 1792 ut
1339 1736 1613 1793 confessio
1644 1733 1672 1773 ἀ
1721 1735 1852 1791 lide-

1965 522 2086 578 tlem
2121 540 2334 592 semper
2359 527 2520 582 fuerit
2543 530 2712 585 virtus
2738 532 3143 595 charismatum,
3169 530 3413 602 quamvis
3440 545 3549 586 uou

1963 617 2151 671 eadem
2185 618 2344 673 luerit
2371 636 2620 675 mensura
2654 622 2939 676 donorum.

2032 711 2162 766 CAP.
2195 713 2286 764 IV.
2336 743 2407 753 —
2446 714 2548 782 lpsi
2581 730 2793 784 quoque
2834 717 2974 772 beati
3005 716 3231 786 apostoli
3275 727 3397 772 ante
3429 731 3552 787 pas.

1960 805 2165 862 sionem
2215 808 2427 862 Domini
2477 820 2665 863 sancto
2714 810 2916 879 Spiritu
2967 827 3070 865 non
3127 811 3401 873 carebant,
3452 825 3551 865 nec

1961 899 2199 970 potentia
2248 899 2408 966 hujus
2439 901 2652 956 virtutis
2701 903 2889 958 aberat
2918 903 2985 957 ab
3025 904 3275 972 operibus
3308 903 3551 960 Salvato-

1960 993 2054 1048 ris.
2091 994 2156 1048 Et
2198 1009 2319 1048 eum
2369 994 2647 1061 discipulis
2693 996 2848 1051 daret
2894 996 3261 1051 intinnitatum
3307 998 3547 1054 curatio-

1961 1100 2107 1151 nem,
2154 1094 2209 1140 et
2252 1086 2640 1156 ejiciendorum
2695 1088 2998 1144 dmmonttm
3046 1100 3389 1159 potestatem,
3431 1090 3550 1160 ejus

1960 1181 2142 1247 utique
2172 1179 2404 1248 Spiritus
2435 1181 2756 1250 largiebatur
2786 1181 2800 1232 i
2843 1180 3085 1247 ellectus,
3119 1184 3171 1236 in
3216 1199 3321 1252 quo
3374 1184 3551 1252 ipsum

1959 1270 2253 1327 immundis
2300 1272 2579 1343 spiritibus
2626 1274 2984 1344 imperantem
3031 1275 3338 1329 .ludreorum
3390 1291 3553 1346 nega-

1961 1364 2052 1419 bat
2093 1366 2254 1439 303
2301 1368 2572 1437 impietas,
2610 1377 2663 1422 et
2703 1367 2883 1421 divina
2919 1367 3176 1422 beneﬁcia
3205 1367 3420 1422 diabolo
3452 1368 3552 1424 do-

1961 1459 2180 1527 putabat
2221 1458 2394 1528 (Luc.
2431 1475 2483 1527 x,
2517 1462 2580 1515 l'J
2606 1459 2643 1530 )-
2694 1459 2849 1516 Unde
2895 1461 3071 1514 taliter
3116 1460 3550 1531 biasphemantes

1960 1550 2158 1606 merito
2204 1551 2352 1605 illam
2387 1552 2593 1606 Domini
2625 1568 2888 1621 excepere
2925 1554 3270 1619 sententiam,
3301 1569 3404 1623 qua
3434 1553 3548 1608 ait:

1962 1642 2125 1696 Omne
2170 1653 2434 1711 peccatum
2472 1653 2518 1698 et
2559 1644 2874 1713 blasphemia
2910 1648 3196 1700 remittetur
3226 1645 3547 1716 hominibus;

1959 1735 2189 1807 Spiritus
2217 1746 2387 1790 autem
2420 1736 2738 1803 biasp/tetttid
2778 1756 2879 1793 non
2914 1740 3193 1793 remittetur
3238 1740 3547 1794 hominibus.

232 1830 390 1886 lium
423 1833 476 1887 in
502 1830 766 1886 Trittitate
796 1849 903 1886 non
949 1841 1095 1888 erret
1122 1848 1137 1898 ;
1170 1848 1289 1902 qua:
1320 1847 1445 1888 cum
1475 1831 1547 1887 sit
1571 1834 1850 1901 inseparat-
1881 1828 1926 1887 Β
1957 1827 2024 1882 Ει
2058 1831 2360 1901 quicumque
2405 1831 2824 1900 dixeritzverbum
2855 1843 3031 1885 contra
3059 1831 3254 1886 Filium
3285 1831 3548 1902 Hominis,

230 1920 411 1988 bilis,
444 1939 736 1994 numquam
767 1923 1161 1994 intelligeretur
1185 1941 1310 1981 esse
1352 1925 1608 1993 Trinitas,
1639 1925 1684 1978 si
1715 1939 1859 1979 sem-

229 2030 344 2086 per
407 2017 843 2088 inseparabiliter
887 2017 1180 2073 diceretur.
1214 2018 1360 2074 Bene
1395 2034 1525 2088 ergo
1570 2019 1683 2090 ipsa
1715 2015 1856 2072 ditii-

230 2108 437 2164 cultas
461 2109 716 2179 loquendi
743 2125 839 2165 cor
857 2119 1104 2164 nostrum
1131 2109 1198 2164 ad
1225 2110 1635 2180 intelligentiam
1666 2109 1852 2173 trahit,

229 2209 289 2254 et
328 2215 440 2270 per
468 2202 836 2258 inﬁrmitatem
889 2212 1128 2256 nostram
1178 2203 1419 2259 ραιῐεειὶς
1462 2203 1705 2258 doctrina
1756 2218 1853 2259 nos

229 2293 480 2362 adjuvat
513 2310 528 2346 :
563 2303 620 2348 ut
649 2294 769 2364 quia
800 2294 852 2349 in
883 2293 1090 2349 Deitate
1117 2294 1317 2361 Patris,
1365 2303 1421 2350 et
1455 2294 1597 2366 Filii,
1641 2303 1698 2352 et
1728 2295 1853 2365 Spi-

228 2384 396 2440 ritus
447 2387 622 2441 sancti
665 2402 764 2442 ucc
793 2387 1135 2457 singularitas
1176 2398 1278 2457 εει,
1312 2403 1414 2443 nec
1443 2387 1726 2444 diversitas
1757 2403 1853 2444 co-

227 2479 502 2548 gitanda,
537 2495 658 2534 vera
699 2481 877 2536 unitas
921 2489 976 2534 et
1013 2495 1145 2536 vera
1188 2481 1420 2536 Trinitas
1471 2491 1494 2517 °
1529 2483 1699 2552 possit
1735 2481 1856 2553 qui-

229 2573 376 2628 dem
417 2573 580 2628 simul
608 2583 787 2628 mente
816 2573 1156 2644 aliquatenus
1186 2573 1396 2640 sentiri,
1424 2573 1519 2629 sed
1549 2590 1654 2630 non
1684 2574 1854 2646 possit

226 2665 416 2720 simul
445 2682 545 2720 ore
573 2665 821 2736 proferri.

307 2757 460 2814 Car.
494 2758 580 2814 Ill.
604 2759 932 2814 -—-andata
953 2760 1133 2831 igitur,
1166 2760 1525 2829 dilectissimi,
1562 2759 1582 2799 τ
1615 2760 1717 2816 hac
1747 2761 1851 2816 ﬁde

226 2849 288 2904 in
343 2850 614 2905 cordibus
658 2852 883 2918 nostris,
916 2867 1018 2922 qua
1067 2852 1356 2907 salubriter
1386 2852 1658 2908 credimus
1706 2852 1849 2924 quod

227 2946 419 3000 simul
469 2954 580 3000 tota
625 2945 862 3002 Trinitas
909 2961 1011 3001 una
1055 2947 1227 3002 virtus
1265 2955 1371 3013 est,
1422 2963 1524 3002 una
1571 2947 1846 3016 majestas,

227 3054 348 3093 una
403 3038 719 3102 substantia,
768 3037 1059 3095 indiscreta
1103 3054 1309 3110 opere,
1355 3039 1733 3110 inseparabilis
1767 3037 1850 3094 di-

229 3131 518 3196 lectione,
543 3132 854 3189 indlll'erens
885 3143 1171 3206 potestate,
1197 3134 1356 3190 simul
1387 3135 1614 3205 implens
1643 3133 1844 3202 omnia,

1956 1924 2241 1978 remittetur
2267 1925 2348 1990 ei;
2388 1924 2474 1994 qui
2507 1935 2678 1977 autem
2717 1926 2900 1978 dixerit
2929 1936 3106 1979 contra
3138 1926 3390 1997 Spiritum
3427 1943 3551 1981 san-

1958 2027 2118 2081 ctum,
2151 2033 2251 2070 non
2285 2017 2571 2070 remittetur
2600 2017 2644 2069 ei
2672 2033 2830 2087 neque
2857 2019 2906 2069 in
2939 2017 3032 2070 ltoc
3066 2018 3276 2084 smculo,
3311 2035 3470 2088 neque
3496 2021 3552 2074 in

1956 2111 2134 2183 futuro
2181 2109 2421 2182 (Matth.
2461 2126 2554 2174 xu,
2589 2109 2816 2181 Iit—52).
2871 2108 3024 2166 Unde
3072 2109 3414 2165 manifestum
3464 2120 3551 2167 est

1956 2214 2307 2277 peccatorum
2359 2205 2740 2259 remissionem
2785 2204 2901 2260 sine
2931 2202 3164 2271 Spiritus
3192 2204 3362 2258 sancti
3393 2201 3422 2240 ιι
3448 2203 3549 2258 ad-

1953 2299 2242 2354 vocatione
2271 2312 2376 2351 non
2411 2296 2549 2361 ﬁeri,
2581 2311 2681 2351 nec
2711 2311 3036 2365 quemquam
3070 2295 3186 2350 sine
3231 2296 3322 2351 illo
3343 2337 3358 2364 ,
3410 2296 3551 2353 sicut

1955 2389 2196 2457 eXpedit,
2249 2388 2627 2459 ingemiscere,
2657 2397 2750 2442 aut
2799 2389 2940 2442 sicut
2969 2397 3204 2456 Oportet,
3249 2404 3428 2455 orare,
3460 2389 3551 2445 di-

1953 2490 2111 2537 cente
2139 2477 2400 2551 Apostolo
2432 2496 2446 2534 :
2485 2481 2621 2545 Quid
2651 2481 2786 2534 enim
2821 2497 3021 2535 oremus
3048 2482 3176 2535 sicut
3222 2491 3439 2551 oportet,
3469 2499 3552 2536 ne.

1951 2574 2175 2638 scimus;
2213 2573 2302 2627 sed
2330 2575 2438 2642 ipse
2468 2572 2693 2642 Spiritus
2724 2573 2950 2644 postulat
2980 2591 3074 2642 pro
3104 2574 3248 2627 nobis
3281 2574 3548 2644 gemitibus

1952 2664 2383 2720 inenarrabilibus
2420 2664 2617 2734 (Rom.
2666 2681 2790 2727 \‘ttt,
2836 2666 2905 2718 520'
2937 2669 2982 2732 );
3024 2675 3076 2720 et
3113 2683 3122 2717 :
3164 2664 3327 2719 Nemo
3384 2673 3550 2738 potest

1951 2758 2121 2812 dicere
2150 2757 2427 2811 Dominum
2455 2754 2653 2822 Jesum,
2688 2757 2786 2810 nisi
2815 2758 2868 2811 in
2900 2752 3098 2829 Spiritu
3127 2766 3304 2812 sancto
3335 2758 3391 2830 (Ι
3421 2758 3542 2816 Cor.

1951 2865 2048 2917 xu,
2079 2847 2136 2924 ὅ)
2165 2867 2178 2903 :
2214 2865 2322 2920 quo
2353 2850 2568 2904 vacuari
2601 2847 2764 2903 nimis
2795 2847 2816 2886 ι
2850 2849 3125 2904 exitiabile
3164 2860 3244 2905 est
3276 2851 3546 2921 nimisque

1951 2944 2312 3010 mortiferum,
2363 2943 2482 3014 quia
2537 2957 2826 3013 numquam
2878 2945 3086 2998 veniam
3140 2954 3398 3010 meretur,
3452 2947 3546 3016 qui

1951 3039 2020 3093 ab
2047 3039 2410 3093 intercessore
2441 3037 2732 3093 deseritur.
2761 3036 2959 3092 Omnes
2991 3038 3544 3107 igitur,dilectissimi,

1952 3131 2044 3200 qui
2092 3132 2141 3186 iu
2194 3131 2482 3186 Dominum
2527 3132 2715 3186 Jesum
2769 3129 3133 3196 crediderant,
3175 3132 3413 3187 infusum
3442 3132 3546 3188 sibi

228 3225 417 3281 simul
468 3227 754 3282 continens
799 3227 1048 3283 un'r'ltersa
1080 3247 1094 3282 :
1149 3227 1290 3299 quod
1340 3227 1484 3284 enim
1533 3227 1694 3284 Pater
1739 3237 1842 3295 est,
1875 3215 1920 3278 C
1955 3226 2221 3282 habebant
2253 3225 2514 3295 Spiritum
2546 3235 2818 3290 sanctum,
2848 3234 2903 3280 et
2939 3225 3387 3280 remittendorum
3419 3239 3546 3297 pec-

230 3320 351 3374 boc
404 3328 491 3374 est
541 3326 594 3374 et
637 3318 826 3386 Filius,
877 3319 978 3374 hoc
1019 3331 1103 3376 est
1141 3328 1197 3376 et
1241 3319 1474 3390 Spiritus
1503 3328 1750 3386 sanctus;
1790 3327 1846 3374 et

236 3425 382 3466 vera
433 3411 671 3466 Deitas:
702 3413 757 3467 in
801 3413 952 3468 nullo
999 3427 1122 3470 esse
1168 3419 1262 3468 aut
1310 3413 1482 3483 major
1525 3421 1617 3468 aut
1669 3412 1846 3468 manr

237 3514 461 3575 potest,
491 3522 608 3576 quae
638 3509 716 3563 sic
745 3509 799 3562 in
843 3509 1014 3564 tribus
1044 3518 1126 3564 est
1154 3507 1460 3564 conﬁtenda
1491 3506 1758 3578 personis,
1789 3515 1847 3562 ut

232 3608 294 3656 et
339 3599 700 3657 solitudinem
747 3615 854 3656 non
905 3601 1130 3670 recipiat
1181 3601 1437 3666 Trinitas,
1488 3611 1542 3656 et
1584 3601 1844 3656 unitatem

233 3704 436 3750 servet
478 3697 778 3766 aequalitas.
823 3698 973 3768 Hac,
1021 3699 1275 3771 inquam,
1326 3697 1689 3764 dilectissimi,
1740 3698 1845 3754 tlde

236 3787 489 3842 ﬁrmiter
536 3790 890 3859 apprehensa,
925 3805 1031 3845 non
1083 3789 1423 3861 ambigamus
1453 3791 1594 3863 quod
1626 3806 1746 3846 cum
1789 3792 1843 3848 in

236 3883 330 3938 die
361 3882 721 3940 Pentecostes
764 3885 1058 3954 discipulos
1109 3886 1320 3941 Domini
1346 3885 1581 3955 Spiritus
1625 3895 1845 3942 sanctus

241 3974 524 4042 implevit,
557 3974 586 4013 ι
615 3991 718 4031 non
750 3975 848 4032 fuit
880 3975 1154 4032 inchoatio
1185 3978 1457 4045 muneris,
1486 3979 1579 4033 sed
1611 3978 1844 4048 adjectio

237 4066 562 4136 largitatis:
597 4069 848 4139 quoniam
894 4077 948 4124 et
994 4070 1335 4139 patriarclnc,
1365 4079 1417 4126 et
1457 4070 1756 4141 prophetae,
1788 4080 1842 4126 et

239 4158 605 4227 sacerdotes,
653 4176 950 4231 omnesque
999 4162 1177 4218 sancti
1223 4163 1313 4233 qui
1368 4163 1641 4232 prioribus
1689 4162 1839 4219 fuere

243 4252 614 4321 temporibus,
645 4253 890 4324 ejusdem
935 4266 1060 4311 sunt
1088 4256 1322 4326 Spiritus
1358 4253 1375 4294 ί
1415 4256 1840 4314 sanctiﬁcatione

243 4344 525 4412 vegetati;
563 4353 619 4400 et
644 4344 759 4402 sine
788 4345 889 4400 hac
934 4348 1105 4418 gratia
1137 4348 1284 4403 nulla
1315 4363 1569 4418 umquam
1598 4349 1838 4407 instituta

316 4553 348 4619 ξ
383 4544 501 4619 Duo
530 4543 868 4603 Lectionaria
897 4549 1089 4605 Venet.
1118 4559 1172 4606 et
1201 4549 1486 4619 Bergom.,
1509 4550 1626 4605 sibi.

314 4614 347 4655 δ
390 4617 604 4693 Vulgati
649 4631 774 4693 ante
812 4621 1014 4687 Quesn.
1065 4631 1118 4676 et
1148 4614 1362 4692 quidam
1395 4614 1634 4693 codices,
1682 4635 1729 4679 et
1758 4623 1839 4677 in-

246 4690 631 4766 commutabilis
665 4691 884 4766 Deitatis
906 4709 1007 4744 una
1039 4701 1112 4746 est
1142 4690 1442 4748 substantia.
1475 4694 1594 4749 Mox
1607 4690 1629 4762 ,⁷
1664 4710 1760 4766 pro
1788 4697 1840 4750 in

248 4762 518 4833 potentia.
536 4759 634 4824 aL,
664 4763 718 4814 in
745 4764 1129 4833 omnipotmtia.

324 4829 458 4922 e-lta
488 4832 810 4922 Quesueltus
839 4829 898 4888 et
924 4835 1089 4917 prima
1121 4835 1286 4890 editio
1314 4850 1439 4891 cum
1469 4836 1669 4894 nostris
1704 4853 1836 4894 mss.
1867 4861 1918 4922 Ι)

248 4899 627 4956 Leuionauiis.
661 4906 768 4966 AL,
802 4899 1109 4960 convenisse.

318 4970 348 5009 ἀ
387 4974 492 5036 AL,
527 4973 863 5028 credentium.

321 5053 348 5081 ε
381 5043 774 5120 Primaeditio
822 5062 944 5101 cum
994 5047 1206 5103 duobus
1252 5061 1384 5102 mss.
1433 5050 1568 5104 Bon.
1613 5060 1665 5107 et
1695 5051 1840 5120 Vat.,

247 5117 411 5186 possit
433 5117 586 5168 simul
616 5118 940 5187 aliquatenus
968 5130 1133 5174 mente
1161 5121 1357 5174 sentiri.
1391 5120 1616 5176 Czetertc
1647 5117 1842 5178 editio;

253 5202 348 5239 nes
373 5199 519 5262 ‘ante
562 5188 792 5262 Qttesu.,
844 5191 1007 5262 possit
1053 5193 1259 5261 quidem
1306 5189 1633 5261 aliquatenus
1681 5206 1843 5251 mente

255 5259 460 5324 sentire,
492 5259 576 5311 vel
606 5260 805 5312 sentiri.

329 5329 349 5367 ί
391 5329 596 5407 Vulgati
627 5342 752 5384 ante
772 5333 999 5400 Quesn.,
1024 5333 1076 5388 in
1108 5335 1345 5407 cordibus
1373 5338 1560 5392 nostris
1589 5337 1709 5407 ﬁde,
1740 5337 1839 5394 de-

255 5399 358 5453 leta
384 5415 514 5453 voce
539 5400 672 5464 hac;
704 5418 808 5456 non
842 5399 1018 5457 tamen
1045 5409 1209 5460 nostri
1241 5405 1477 5462 codices.

323 5479 351 5517 ι
383 5470 706 5552 Quesuellus
729 5515 742 5535 ,
790 5475 843 5552 in
875 5475 1032 5552 nullo
1075 5494 1204 5552 sese,
1225 5488 1314 5532 aut
1359 5483 1527 5532 minor
1555 5491 1642 5552 aut
1673 5482 1843 5552 major

255 5552 348 5594 est.
382 5545 726 5597 Anteriorutu
756 5547 1053 5601 editionum
1085 5549 1376 5606 lectionem
1425 5551 1626 5606 nostris
1674 5545 1836 5607 Codd.

256 5613 624 5668 conﬁrmatam
657 5619 1018 5675 restituimus.

322 5679 356 5762 ξ
384 5689 804 5763 ἑῃβίῃυιηὶιιμιιε
839 5689 982 5757 Vat.,
1018 5708 1119 5745 non
1145 5691 1319 5763 fuerit.

330 5757 350 5794 ί
564 5761 863 5835 et‘plures
905 5757 1396 5829 codices'addunt,
1440 5767 1623 5828 sancti,
1673 5780 1835 5835 quam

254 5839 444 5887 roum
487 5829 793 5888 doluimus
827 5835 1154 5906 auctoritate
1189 5837 1552 5894 vetustissimi
1591 5829 1836 5894 Vaticani

1951 3329 2194 3376 calorum
2223 3329 2265 3358 ω
2295 3320 2458 3376 etlam
2507 3329 2634 3375 tunc
2663 3320 2894 3389 apostoli
2935 3329 3260 3390 acceperant
3303 3329 3547 3390 potesta-

1953 3424 2090 3482 tem,
2143 3414 2360 3483 quando
2410 3423 2535 3485 post
2584 3415 3046 3470 resurrectionem
3097 3429 3250 3469 suam
3283 3414 3544 3471 Dominus

1951 3507 2286 3577 insulllavit,
2339 3517 2390 3562 et
2438 3507 2623 3563 dixit:
2668 3509 2901 3578 Accipite
2950 3507 3208 3580 Spiritum
3252 3517 3484 3564 sanctum
3521 3523 3546 3564 :

1950 3617 2169 3672 quorum
2195 3601 2489 3655 remiseritis
2519 3611 2746 3673 peccata,
2771 3602 3094 3656 remittentur
3118 3604 3224 3668 eis;
3257 3612 3302 3656 et
3325 3619 3544 3672 quorum

1952 3694 2268 3752 retinueritis
2295 3735 2309 3759 ,
2358 3693 2714 3748 retinebuntur
2761 3695 2965 3766 (Joan.
3007 3713 3098 3764 xx,
3126 3695 3256 3768 2‘2).
3311 3697 3416 3753 Sed
3465 3696 3544 3752 illi

1949 3789 2288 3860 pert'ectioni,
2324 3804 2446 3858 qua:
2493 3797 2612 3845 erat
2663 3790 2946 3861 discipulis
2975 3792 3328 3856 conterenda,
3367 3792 3543 3860 major

1948 3883 2117 3954 gratia
2166 3891 2223 3939 et
2280 3883 2643 3938 abundantior
2706 3885 2993 3954 inSplratio
3053 3884 3391 3950 servabatur,
3444 3899 3542 3954 per

1948 3991 2106 4046 quam
2136 3984 2342 4046 ebqum
2390 3976 2628 4032 nondum
2677 3986 2998 4045 acceperant
3026 3986 3320 4042 sumerent,
3355 3985 3410 4031 et
3445 3992 3540 4030 cx-

1947 4069 2231 4125 cellcntius
2262 4079 2488 4139 possent
2519 4069 2720 4124 habere
2752 4085 2870 4139 quin
2909 4077 3272 4138 sumpserant.
3305 4068 3538 4138 PrOpter

1949 4160 2092 4232 quod
2142 4161 2405 4217 Dominus
2449 4162 2666 4217 dicebat
2711 4161 2937 4215 :Adltuc
2985 4162 3148 4214 multa
3192 4160 3350 4215 habeo
3401 4159 3541 4214 vobis

1948 4256 2136 4322 dicere,
2171 4257 2260 4309 sed
2308 4273 2412 4310 non
2455 4256 2663 4325 potestis
2709 4264 2737 4291 η
2785 4253 2880 4307 illa
2930 4263 3136 4326 portare
3185 4251 3358 4306 modo.
3410 4251 3540 4306 Cum

1947 4357 2118 4404 autem
2164 4350 2356 4418 venerit
2403 4348 2629 4422 Spiritus
2674 4347 2933 4414 veritatis,
2981 4347 3070 4400 ille
3124 4344 3308 4416 diriget
3354 4360 3441 4399 vos
3486 4344 3543 4397 in

1943 4560 2000 4608 et
2031 4552 2351 4614 Padiliron.,
2387 4561 2443 4606 ttt
2480 4553 2676 4606 vitetur
2705 4550 3035 4622 cacopltonia
3081 4551 3151 4607 οι)
3200 4551 3540 4622 subsequen-

1946 4635 2050 4680 tem
2085 4641 2291 4688 vocem,
2325 4625 2750 4690 sanctiﬁcatione.

2021 4699 2036 4746 ι
2076 4696 2166 4752 Sic
2195 4699 2600 4751 etnetnlavimus
2630 4712 2694 4750 ex
2726 4694 3106 4765 antiquissimo
3136 4693 3261 4750 Vat.
3292 4703 3347 4751 et
3374 4691 3535 4752 Padi-

1943 4767 2106 4821 lirnn.
2142 4769 2253 4829 AL,
2291 4768 2549 4835 eﬂ'ectum.

2017 4836 2041 4877 ¹ε
2073 4839 2184 4908 AL,
2237 4843 2579 4908 invocatione,
2632 4838 2684 4892 in
2731 4837 3067 4908 vulgatorum
3117 4839 3392 4911 margine,
3441 4838 3540 4895 sed

1951 4925 2059 4966 non
2094 4911 2145 4964 in
2175 4916 2373 4965 nostris
2404 4911 2562 4966 codd.

2031 4979 2047 5019 ι
2083 4983 2409 5050 Quesuellus
2441 4982 2492 5036 in
2527 4981 2768 5051 margine
2816 4989 2867 5035 et
2897 4980 2948 5035 in
2981 4983 3359 5051 antiquissimo
3385 4980 3538 5048 ναι..

1950 5055 2314 5126 perniciosum.
2347 5055 2524 5109 Prima
2570 5053 3031 5126 etlitio,_ca‘itiale.
3054 5053 3194 5110 Aule
3222 5069 3413 5125 pauca,
3446 5069 3538 5108 va-

1949 5123 2067 5178 care
2098 5142 2194 5192 pro
2223 5126 2428 5178 vacuari
2458 5126 2508 5179 in
2542 5140 2643 5179 ms.
2675 5123 2972 5180 ‘l’adiliron.

2023 5203 2063 5233 ω
2099 5197 2240 5250 Editi
2293 5208 2416 5251 ante
2457 5195 2656 5264 Quesn.
2711 5211 2832 5251 eunt
2865 5211 2995 5253 mss.
3026 5196 3409 5253 collectionum
3439 5208 3538 5266 po-

1949 5269 2261 5340 steriorum,
2282 5269 2417 5340 jam,
2449 5284 2556 5340 pro
2576 5270 2746 5322 etiam.

2021 5347 2049 5376 ιι
2083 5339 2138 5393 lu
2189 5337 2294 5393 ms;
2329 5340 2447 5393 Vat.
2479 5339 2694 5392 collect.
2731 5342 2762 5394 5
2793 5337 2948 5395 deest
2990 5356 3120 5404 vox,
3169 5339 3284 5392 illa.
3315 5337 3446 5392 Dein
3481 5337 3536 5390 in

1950 5411 2239 5479 antiquiss.
2297 5411 2412 5464 Vat.
2464 5414 2542 5464 sic
2573 5409 2872 5464 elTernutnr
2914 5410 3192 5480 sequentia
3239 5407 3540 5480 evangelici

1951 5477 2127 5536 textus
2156 5499 2166 5533 :
2193 5481 2320 5536 Cum
2351 5491 2517 5536 autem
2564 5483 2753 5534 venerit
2787 5477 3011 5547 Sp’ritus
3042 5483 3287 5543 teritatis,
3321 5479 3406 5531 ille
3434 5477 3535 5531 do-

1947 5553 2074 5606 cebit
2125 5571 2209 5606 vos
2263 5570 2460 5607 omnem
2501 5554 2780 5607 veritatem.
2816 5551 2937 5606 Non
2969 5554 3098 5606 enim
3134 5553 3366 5619 loquetur
3397 5566 3428 5600 a
3459 5565 3539 5601 se-

1947 5627 2160 5690 metipso
2188 5668 2202 5684 ,
2245 5625 2335 5678 sed
2387 5642 2714 5694 qudcumque
2758 5623 2933 5677 audiet
2981 5625 3213 5690 loqmtur
3260 5631 3306 5674 et
3359 5621 3541 5691 futura

1945 5697 2268 5749 annuntiabit
2297 5697 2475 5753 vobis:
2499 5698 2742 5767 quoniam
2773 5695 2837 5749 de
2878 5711 2988 5750 meo
3017 5694 3234 5763 accipiet
3262 5703 3306 5747 et
3334 5707 3540 5750 annun-

1945 5769 2087 5824 tiabit
2115 5769 2280 5826 vobis.
