3980 6352
289 383 398 441 λοῦ

1678 366 1910 423 SERMO
1948 364 2180 421 LXXVI.

3456 361 3564 419 ιίο

284 494 433 550 ditor
461 489 860 562 superstitionis
888 486 1237 547 obscenae.eo
1256 493 1503 554 tempore
1528 480 1868 539 damnandus
1896 485 1944 544 Α
1970 466 2258 551 accipere).
2286 479 2541 549 Repletus
2561 478 2702 535 enim
2726 476 2918 549 spiritu
2936 477 3160 549 diaboli,
3184 475 3447 551 Spiritui:
3474 493 3560 535 re-

282 589 546 653 innotuit,
578 601 682 655 quo
710 591 830 654 post
858 581 1307 637 resurrectionem
1341 578 1553 633 Domini
1602 587 1628 614 ιι
1669 577 1868 631 ducen-

283 682 519 735 tesimus
561 688 616 734 et
664 676 1032 746 sexagesimus
1068 688 1239 727 annos
1285 672 1536 741 impletus
1561 680 1662 731 est.
1694 670 1870 723 Probo

277 774 616 841 imperatore
642 770 972 838 Paulinoque
1020 768 1355 835 consulibus,
1384 780 1506 821 cum
1533 775 1717 819 octava
1757 763 1868 833 jam

278 868 336 921 in
376 865 716 921 Chrisuanos
748 863 1048 933 persecutio
1075 860 1102 899 δ
1133 860 1438 924 des:eviret,
1482 869 1534 911 et
1578 857 1742 929 306
1788 857 1866 911 in-

273 973 511 1012 numera
542 966 837 1027 martyrum
871 955 1033 1009 millia
1075 954 1206 1021 ipsis
1252 954 1364 1007 suis
1408 951 1647 1006 victoriis
1680 951 1869 1018 proba-

272 1053 491 1106 vissent
521 1052 796 1118 impletum
824 1064 942 1104 esse
967 1048 1111 1118 quod
1139 1047 1395 1101 Dominus
1415 1047 1758 1115 promiserat,
1786 1042 1870 1097 tli-

266 1159 441 1198 cens:
463 1142 593 1197 Cum
621 1153 791 1195 autem
825 1142 1026 1195 tradent
1045 1157 1151 1207 vos,
1182 1138 1341 1194 nolite
1367 1139 1591 1211 cogitare
1611 1135 1868 1205 quomodo

266 1244 368 1286 aut
384 1234 513 1303 quid
537 1233 833 1302 loquamini.
850 1232 1064 1285 Dabitur
1084 1233 1217 1285 enim
1242 1231 1379 1286 vobis
1402 1233 1454 1283 in
1482 1230 1573 1282 illa
1595 1230 1721 1281 hora
1743 1229 1866 1297 quid

265 1324 590 1395 loquamini.
612 1325 730 1379 Non
760 1325 894 1378 enim
920 1340 1007 1377 vos
1034 1324 1151 1377 estis
1180 1323 1265 1405 qui
1293 1322 1578 1390 loquimini,
1595 1321 1684 1373 sed
1715 1319 1866 1385 spiri-

261 1426 356 1471 tus
389 1417 567 1472 Patris
588 1418 739 1472 vestri
759 1419 847 1487 qui
869 1418 1090 1488 loquitur
1113 1417 1164 1469 in
1186 1417 1323 1470 vobis
1347 1413 1557 1475 (Matth.
1581 1428 1637 1475 ι,
1662 1408 1861 1481 19-20).

343 1509 487 1565 Car.
525 1509 632 1563 VII.
661 1539 734 1550 —
764 1509 880 1563 Non
929 1524 1058 1578 ergo
1100 1510 1271 1577 potuit
1330 1506 1614 1576 promissio
1655 1505 1864 1559 Domini

267 1615 289 1641 ε
329 1620 440 1673 per
470 1616 549 1659 tot
577 1613 788 1657 :rtatum
820 1603 1100 1657 intervalla
1128 1600 1354 1668 ditl'erri,
1384 1615 1481 1655 nec
1510 1598 1600 1652 ille
1633 1598 1865 1667 Spiritus

259 1698 550 1761 veritatis,
580 1711 735 1765 quem
766 1695 996 1747 mundus
1045 1709 1150 1748 non
1183 1693 1389 1758 accepit
1429 1692 1738 1761 impiorum,
1792 1693 1862 1747 ita

259 1784 648 1851 septiformem
673 1785 819 1838 illam
850 1784 1114 1837 donorum
1141 1798 1359 1837 suorum
1389 1782 1654 1837 continuit
1704 1782 1863 1852 largi-

1975 575 2110 627 stitit
2141 572 2378 639 Christi;
2404 584 2607 629 etcum
2638 574 2842 630 sanctis
2874 574 2963 629 Dei
3015 574 3115 629 hoc
3165 574 3428 629 Paracleti
3463 576 3561 629 do-

1974 665 2147 720 ctrina
2178 666 2489 732 contulerit,
2530 679 2586 720 ut
2620 666 2800 721 futura
2831 666 3205 734 pradicerent,
3237 666 3325 722 hic
3354 683 3420 720 ue
3464 665 3564 719 fal-

1973 760 2161 812 sitates
2187 760 2301 827 ejus
2327 760 2444 829 ipse
2472 775 2651 813 rerum
2700 774 2988 829 processus
3016 769 3292 829 argueret,
3330 753 3363 794 ι
3391 757 3561 813 sacri-

1971 849 2209 921 legarum
2243 850 2624 920 impudentiam
2656 852 2951 906 tabularum
2987 851 3042 905 in
3067 850 3366 921 prmteritas
3389 858 3559 905 retor-

1971 950 2046 1002 sit
2092 956 2297 1002 tetates.
2363 947 2429 1003 Et
2481 949 2631 1016 quasi
2683 948 2815 1003 nihil
2866 962 2965 1002 nos
3006 947 3077 1003 de
3133 950 3560 1016 sempiternitate

1970 1037 2267 1107 Creatoris,
2308 1040 2444 1096 nihil
2474 1041 2542 1096 de
2568 1041 2757 1097 ordine
2777 1051 3043 1099 creaturae
3084 1039 3103 1078 ί
3153 1042 3236 1097 lex
3267 1056 3451 1096 sancta
3505 1051 3560 1097 et

1970 1130 2225 1186 divinitus
2258 1131 2511 1200 inspirata
2542 1131 2823 1201 prophetia
2852 1131 3149 1196 docuisset,
3180 1132 3232 1186 in
3279 1141 3561 1188 contume-

1972 1222 2094 1277 liam
2120 1223 2211 1278 Dei
2244 1222 2260 1274 l
2310 1233 2363 1279 et
2388 1224 2441 1278 in
2482 1224 2721 1278 omnium
2750 1226 2887 1279 bene
2932 1224 3273 1279 conditarum
3307 1223 3556 1294 injuriam

1972 1325 2329 1385 naturarum,
2385 1318 2799 1386 compugnantia
2857 1316 3265 1371 mendaciorum
3317 1329 3557 1371 monstra

1968 1412 2267 1467 contexuit.
2297 1411 2502 1478 Quibus
2523 1411 2742 1465 tandem
2768 1426 2893 1466 suas
2922 1410 3291 1465 insinuaturus
3321 1420 3433 1464 erat
3466 1410 3556 1464 in-

1969 1504 2170 1570 sanias,
2226 1506 2325 1559 nisi
2360 1505 2587 1559 multum
2639 1500 2667 1541 ιι
2713 1503 3094 1573 insipientibus
3142 1512 3199 1557 et
3251 1501 3475 1556 nimium
3530 1514 3559 1553 a

1968 1598 2171 1655 lumine
2202 1597 2443 1651 veritatis
2468 1598 2697 1659 aversis,
2727 1596 2817 1663 qui
2847 1595 2963 1649 sive
2991 1611 3086 1664 per
3114 1595 3430 1664 ignorantia:
3455 1607 3562 1648 cae-

1967 1688 2206 1751 citatem,
2248 1690 2362 1742 sive
2388 1702 2483 1755 per
2507 1687 2854 1756 turpitudinis
2872 1685 3272 1755 appetitum,ad
3290 1684 3381 1740 illa
3408 1682 3428 1721 ι
3454 1699 3562 1739 non

1968 1795 2149 1846 sacra,
2180 1782 2274 1835 sed
2331 1791 2737 1835 exsecratnenta
2792 1784 3141 1848 perveniunt,
3172 1794 3293 1849 qua:
3343 1786 3553 1847 praptet

258 1884 471 1939 tatem,
507 1872 532 1912 ἀ
575 1886 630 1929 ιιι
682 1884 758 1930 tot
810 1874 1064 1929 Ecclesia:
1094 1875 1466 1945 generationes
1493 1890 1588 1929 sua
1636 1874 1865 1945 inspira-
1897 1882 1945 1943 Β
1971 1888 2312 1930 communem
2341 1875 2721 1930 verecundiam
2753 1891 2861 1929 non
2909 1884 3037 1929 sunt
3086 1883 3273 1929 nostro
3312 1888 3563 1929 sermone

259 1969 433 2022 tione
464 1967 753 2031 fr:mdaret,
784 1968 955 2023 donec
996 1969 1332 2039 prodigiosos
1375 1968 1608 2036 tttrpittm
1640 1969 1862 2024 menda-

259 2059 491 2115 ciorum
512 2059 723 2127 signifer
740 2060 1112 2130 nasceretur(e
1133 2062 1216 2115 cui
1241 2061 1510 2133 nec307
1527 2060 1627 2116 hoc
1649 2060 1861 2130 quidem

257 2152 447 2207 tribui
480 2160 669 2220 potest,
699 2153 839 2220 quod
873 2153 955 2208 vel
991 2154 1238 2223 exiguam
1275 2154 1468 2208 divinae
1499 2156 1865 2223 inspirationis

255 2246 552 2314 acceperit
583 2246 909 2312 portionem:
940 2250 1191 2316 quoniam
1225 2257 1278 2301 et
1302 2246 1386 2300 hic
1416 2247 1485 2302 de
1514 2247 1602 2303 illa
1629 2245 1648 2284 ί
1684 2248 1865 2303 mundi

254 2337 488 2391 exstitit
535 2347 701 2406 parte,
751 2352 873 2408 quae
927 2354 1035 2393 non
1086 2348 1264 2408 potest
1313 2338 1572 2408 Spiritum
1626 2341 1866 2396 veritatis

250 2500 413 2555 quos
442 2494 597 2539 natus
623 2491 738 2537 erat
758 2491 810 2537 et
830 2482 1066 2547 vivebat,
1096 2482 1161 2555 ad
1184 2481 1858 2555 plttrimorumperniciem

252 2552 316 2611 ἐι
350 2557 633 2610 interitum
661 2556 1049 2626 disseminavit.
1086 2554 1243 2626 Plura
1272 2552 1393 2608 vide
1423 2554 1561 2626 apud
1593 2556 1647 2609 S.
1683 2555 1861 2626 Cyril-

250 2626 391 2681 lum
414 2626 730 2698 Jerosolym.
767 2624 1036 2698 catecltesi
1077 2624 1450 2698 6_illuminat.,
1495 2624 1854 2698 ,Philastrinm

251 2696 637 2761 Brixiensetn,
670 2696 1023 2766 Epiphanium
1069 2696 1279 2750 advers.
1316 2696 1448 2749 baer.
1492 2697 1584 2751 lib.
1620 2712 1679 2761 tt,
1723 2705 1856 2752 tom.

251 2769 333 2827 Il.
398 2769 593 2823 haeresi
639 2766 728 2833 60,
770 2780 822 2822 et
857 2768 993 2835 apud
1044 2767 1399 2836 Augustinum
1434 2768 1627 2823 haeresi
1658 2767 1749 2823 46.
1782 2769 1859 2825 De

249 2841 469 2894 eodem
506 2842 648 2906 quasi
680 2840 856 2909 primo
877 2848 1038 2910 sectae
1069 2837 1229 2904 hujus
1258 2848 1481 2893 auctore
1518 2840 1629 2910 agit
1656 2838 1854 2895 Euseb.

252 2911 414 2965 Hist.
448 2912 546 2965 lib.
574 2908 818 2976 vtt,cap.
843 2908 929 2964 5i.
966 2910 1335 2977 QUBSNELLUS.

337 2991 373 3018 ⁸
398 2982 471 3035 Ita
505 2998 689 3035 omnes
711 2996 847 3047 quos
865 2980 1116 3041 vidimus,
1151 2986 1292 3048 iique
1319 2993 1424 3033 non
1449 2980 1602 3045 pauci
1632 2989 1687 3035 et
1713 2996 1853 3050 prte-

249 3053 596 3107 stantissitui
622 3052 858 3116 codices,
898 3053 1146 3105 nimirum
1203 3061 1313 3104 tum
1355 3050 1690 3106 Lectionaria
1736 3068 1853 3119 sex,

253 3136 387 3177 tum
445 3140 574 3177 mss.
623 3125 862 3178 omnium
930 3124 1167 3191 quinque
1213 3122 1620 3177 collectionum.
1702 3122 1855 3179 Unus

251 3194 597 3249 0x0niensis
619 3212 645 3247 a
677 3193 1252 3262 Quesnellolaudatus,
1288 3197 1337 3245 in
1370 3194 1611 3261 margine
1637 3196 1855 3250 exhibet

253 3282 561 3320 numerum
585 3267 836 3319 Romanis
867 3264 1059 3318 litteris
1090 3264 1235 3317 CCL.
1277 3264 1349 3316 De
1384 3266 1484 3318 hoc
1533 3280 1660 3317 vero
1688 3281 1849 3331 anno,

251 3338 437 3391 immo
465 3339 531 3390 de
550 3347 661 3389 toto
684 3344 782 3388 hoc
811 3336 954 3396 loco,
981 3336 1069 3403 qui
1088 3334 1249 3388 variis
1271 3334 1672 3389 difﬁcultattbtts
1694 3337 1852 3389 chro—

252 3410 535 3476 nologicis
564 3408 856 3473 praesertim
900 3416 954 3460 et
994 3407 1265 3460 historicis
1315 3406 1642 3472 implicatur,
1698 3407 1849 3472 plura

252 3479 498 3532 dicenda
527 3490 679 3532 erunt
722 3480 774 3533 itt
805 3476 1272 3530 ob~ervationibus
1321 3476 1386 3529 ad
1445 3476 1587 3530 hunc
1638 3490 1849 3531 sermo-

253 3565 417 3611 nem,
453 3550 541 3603 ubi
580 3559 685 3603 tres
726 3548 888 3602 etiam
932 3548 1064 3600 satis
1102 3550 1319 3614 prolixa:
1361 3547 1629 3612 Quesaelli
1680 3565 1851 3602 anno-

252 3624 505 3674 tationes
543 3620 935 3674 describentur.
980 3620 1099 3673 Mox
1150 3619 1277 3671 editi
1329 3631 1453 3671 ante
1498 3619 1849 3684 Quesnellum

252 3708 391 3744 cum
425 3692 740 3761 quibusdam
772 3690 954 3756 codd.,
1001 3689 1168 3743 Probo
1201 3690 1505 3759 imperatore
1528 3689 1854 3760 Paulinoque

254 3767 502 3816 consule.

335 3832 367 3869 δ
392 3835 534 3888 Editi
564 3848 680 3888 cum
711 3831 869 3885 codd.
900 3830 1273 3885 collectionum
1307 3831 1687 3897 posteriorum,
1710 3833 1853 3886 ebul-

256 3905 401 3957 tiret.
445 3909 513 3957 At
561 3905 817 3958 deueniret
874 3902 1263 3966 praeferendum
1297 3902 1416 3959 fuit.
1474 3917 1597 3955 cum
1648 3903 1852 3971 legatur

256 3990 370 4027 non
403 3978 576 4029 solum
603 3976 651 4027 in
686 3989 814 4027 mss.
842 3973 1068 4026 duarum
1114 3978 1541 4042 pnestantiorum
1573 3974 1852 4029 collectio-

256 4062 389 4098 num
424 4049 442 4100 I
494 4058 544 4100 et
573 4048 607 4100 2
640 4056 694 4099 et
730 4046 783 4099 in
824 4046 995 4097 tribus
1028 4059 1159 4096 mss.
1194 4043 1589 4097 0x0uiensibtts
1626 4062 1654 4098 a
1681 4047 1852 4113 Ques-

258 4117 409 4169 nello
435 4118 696 4186 allegatis,
730 4130 915 4169 verum
948 4114 1111 4168 etiam
1142 4115 1191 4167 in
1225 4115 1471 4167 omnibus
1519 4125 1717 4168 nostris
1749 4117 1849 4170 Le-

254 4188 559 4254 ctinnariis,
606 4203 666 4240 ac
712 4187 1013 4254 przesertim
1058 4191 1108 4237 in
1160 4186 1536 4254 antiquissimo
1567 4186 1844 4241 Vaticano.

252 4258 394 4311 Cum
429 4274 559 4312 vero
585 4260 648 4309 de
672 4256 937 4310 Valeriani
965 4256 1338 4324 persecutione
1366 4257 1562 4323 iamdiu
1586 4268 1767 4309 exacta
1793 4266 1850 4312 et

253 4331 362 4380 sui)
392 4331 636 4383 Gallieno
662 4329 924 4382 exstincta
954 4342 1132 4380 sermo
1156 4330 1249 4391 sit,
1280 4343 1343 4380 ex
1378 4328 1755 4383 observatione
1782 4329 1842 4383 P.

254 4397 523 4452 Rttinartii
552 4403 603 4452 in
636 4397 946 4467 prarl‘atione
975 4398 1039 4451 ad
1074 4400 1202 4452 Acta
1236 4407 1530 4466 martyrum
1582 4415 1726 4451 num.
1748 4398 1841 4465 54,

253 4470 545 4538 legendum
589 4481 750 4532 eset,
801 4469 1107 4535 deswvisset,
1151 4470 1220 4520 ita
1272 4481 1324 4520 ul
1374 4469 1516 4522 facili
1551 4483 1845 4523 amanuen-

252 4541 394 4593 sium
423 4556 611 4595 errore
637 4542 833 4609 duplex
859 4556 907 4592 ss
949 4541 999 4592 in
1027 4558 1051 4590 r
1075 4551 1306 4592 mutatus
1330 4539 1507 4593 fuerit.
1554 4540 1657 4593 Sed
1696 4540 1843 4595 nullo

256 4612 477 4665 favente
503 4611 708 4676 radice,
740 4622 947 4664 textum
982 4610 1269 4663 immutare
1296 4612 1587 4663 noluimus.
1607 4611 1727 4665 Mox
1750 4627 1843 4664 vo-

1876 3302 1923 3365 C

1969 1969 2289 2039 promenda,
2316 1984 2437 2023 cum
2469 1978 2508 2006 ω
2530 1970 2641 2038 jam
2675 1968 3140 2024 abundantissime
3165 1967 3406 2037 ipsorum
3456 1968 3561 2022 sint

1969 2061 2307 2117 confessione
2341 2062 2629 2130 patefacta.

2039 2156 2170 2212 CAP.
2205 2156 2340 2211 Vlll.
2372 2186 2441 2197 —
2486 2156 2628 2211 Nulli
2681 2171 2811 2226 ergo
2852 2164 3094 2212 vestrum
3121 2196 3138 2223 ,
3178 2154 3513 2211 dilectissimi
3543 2194 3557 2218 ,

1968 2248 2260 2302 suadeatttr
2292 2248 2437 2317 quod
2471 2257 2634 2302 tantae
2674 2248 2963 2315 impietatis
3007 2256 3285 2302 auctorem
3331 2245 3562 2315 Spiritus

1969 2348 2187 2395 sanctus
2218 2339 2393 2409 aliqua
2422 2354 2485 2393 ex
2521 2349 2670 2409 parte
2699 2339 2952 2409 dignatus
2984 2339 3075 2394 sit.
3102 2338 3248 2393 Nihil
3284 2338 3351 2393 ad
3396 2336 3561 2390 istum

1963 2497 2109 2537 mum
2139 2481 2500 2551 antiquissimi
2517 2489 2573 2537 et
2593 2489 2745 2536 certo
2773 2481 3002 2536 Romani
3024 2480 3227 2538 codicis
3253 2481 3559 2549 Vat.Ques-

1963 2555 2251 2609 nellianam
2285 2555 2571 2608 lectionem
2606 2554 2947 2609 retiuuimus.

2036 2633 2059 2661 ο
2083 2624 2402 2679 Parenthesi
2443 2625 2643 2679 inclusa
2674 2626 2871 2679 desunt
2908 2626 2962 2681 in
3006 2623 3375 2680 vetustissimo
3399 2624 3557 2692 Vat.,

1961 2695 2051 2750 ubi
2084 2694 2221 2750 forte
2253 2697 2444 2750 melius
2491 2694 2778 2766 aptiusque
2802 2706 2920 2763 post
2966 2696 3188 2752 verbum
3234 2704 3550 2761 nasceretur,

1959 2767 2271 2841 subjicitur,
2302 2768 2390 2835 qui
2418 2767 2647 2841 repletus
2667 2766 3102 2841 spiritudiaboli,
3143 2766 3369 2841 spiritui
3403 2768 3558 2841 resti-

1963 2838 2022 2891 tit
2047 2837 2262 2903 Christi,
2295 2850 2398 2894 etc.
2432 2837 2489 2891 In
2520 2852 2627 2892 uno
2667 2837 2933 2894 Vallicell.
2983 2837 3247 2893 omittitur
3285 2838 3404 2894 hoc.
3435 2837 3556 2893 Mox

1962 2907 2016 2963 in
2046 2924 2149 2980 ms.
2185 2909 2508 2973 Padiliron.,
2540 2910 2907 2975 probationem,
2941 2909 3369 2980 proportionem.

2038 2977 2058 3018 ί
2091 2981 2395 3052 Intelligere
2436 2980 2674 3052 videtur
2699 2977 2954 3052 mundum
2990 2982 3287 3052 impiorum,
3341 2981 3408 3035 de
3449 2996 3559 3052 quo

1960 3050 2119 3125 initio
2170 3050 2328 3120 hujus
2350 3051 2546 3121 capitis
2569 3051 2731 3125 dixit:
2759 3051 2925 3118 Quem
2965 3050 3245 3123 (Spiritum
3277 3050 3551 3125 veritatis)

1958 3123 2184 3194 mundus
2210 3139 2312 3176 non
2342 3123 2865 3194 accepit_impiorum.

2032 3201 2058 3240 ε
2081 3193 2245 3253 Editi,
2276 3191 2484 3247 resistit.
2522 3191 2869 3249 Cori-eximus
2904 3209 2972 3248 ex
3016 3192 3389 3261 antiquissimo
3422 3194 3545 3251 Vat.

1956 3271 2014 3318 et
2051 3263 2307 3319 Vallicell.
2358 3265 2403 3319 A
2448 3264 2503 3327 9,
2537 3277 2600 3318 at.
2645 3265 2857 3319 duobus
2897 3265 3014 3319 aliis
3056 3278 3187 3318 mss.
3224 3264 3363 3319 Vatt.
3400 3267 3547 3333 Mox,

1958 3348 2054 3397 pro
2070 3335 2305 3389 doctrina
2332 3336 2383 3389 in
2403 3335 2779 3395 antiquissimo
2808 3334 2949 3397 Vat.,
2977 3335 3138 3400 dona,
3170 3337 3307 3391 forte
3330 3335 3547 3393 donum.

1954 3404 2111 3529 Beia,
2148 3407 2198 3528 ip
2224 3406 2433 3461 duobus
2452 3405 2713 3462 Vallicell.
2734 3407 2860 3461 etin
2885 3405 3203 3474 Padiliron.,
3221 3407 3393 3477 futura
3415 3425 3553 3479 prte-

1991 3493 2161 3529 tcaren
2191 3519 2204 3529 .

1991 3487 2204 3531 tcarent.

2028 3542 2058 3582 δ
2090 3547 2368 3603 Editioues
2399 3557 2527 3605 ante
2548 3549 2751 3618 Quesn.
2774 3563 2896 3604 cum
2930 3549 3205 3617 plerisque
3243 3548 3430 3614 codd.,
3480 3549 3553 3604 ri-

1955 3617 2261 3691 dendarum.
2321 3618 2468 3673 Illius
2516 3617 2805 3691 lectionem
2848 3636 2953 3673 non
2989 3620 3372 3686 expunxitnus,
3424 3622 3551 3691 quia

1956 3688 2232 3760 inv_enitur
2261 3691 2316 3743 in
2341 3691 2719 3760 antiquissimo
2746 3690 2867 3746 Vat.

2034 3755 2051 3796 ί
2082 3761 2221 3818 Editi
2256 3763 2339 3815 hic
2364 3755 2587 3824 addunt.
2616 3764 2669 3816 in
2696 3763 2989 3816 universum
3024 3760 3274 3814 mundum
3306 3761 3447 3829 bene,
3470 3764 3546 3818 uti

1954 3840 2036 3885 est
2061 3832 2112 3885 in
2146 3847 2274 3886 mss.
2309 3834 2521 3888 collect.
2574 3834 2629 3894 5.
2660 3834 2694 3888 4
2726 3843 2778 3887 et
2805 3837 2857 3888 5.
2885 3831 3067 3886 Codex
3096 3830 3276 3888 Casin.
3333 3838 3546 3889 collect.

1959 3904 2011 3967 1,
2044 3903 2097 3955 in
2119 3905 2412 3957 universum
2442 3906 2687 3958 mundum
2717 3904 2849 3958 bona
2886 3904 2988 3964 lex,
3019 3913 3197 3957 sancta
3219 3913 3264 3957 et
3303 3905 3548 3961 divinitus

1953 3972 2205 4045 inspirata
2234 3977 2522 4045 prophetia.
2555 3977 2733 4030 Codex
2759 3975 3137 4031 Casanatensis
3176 3975 3386 4030 collect.
3411 3977 3446 4029 2
3489 3988 3546 4032 et

1954 4041 2267 4099 Lectionar.
2298 4045 2593 4102 Padiliron.
2624 4047 2807 4101 delent
2834 4061 3043 4109 vocem,
3075 4048 3347 4109 mundum,
3374 4060 3426 4101 et
3466 4047 3544 4103 sic

1964 4113 2184 4179 habent,
2217 4117 2270 4168 in
2292 4118 2583 4171 universum
2610 4118 2739 4172 bona
2768 4120 2852 4170 lea:
2877 4128 2919 4169 et
2948 4128 3147 4179 saneta,
3175 4128 3278 4173 t-tc.
3309 4120 3418 4171 Duo
3444 4118 3546 4172 Le-

1950 4186 2210 4239 ctionuria
2246 4187 2533 4253 Vallicell.,
2559 4190 2613 4242 in
2636 4190 2925 4241 universum
2953 4190 3078 4241 bene
3101 4188 3185 4241 lea:
3210 4199 3408 4253 sancta,
3435 4200 3539 4244 etc.

1951 4254 2006 4308 In
2024 4266 2166 4309 tanta
2196 4258 2475 4324 varietate,
2497 4260 2862 4323 antiquissimi
2883 4268 2940 4313 et
2962 4259 3189 4311 Romani
3216 4259 3537 4314 Lectionarii

1955 4324 2073 4380 Vat.
2106 4328 2394 4382 lectionem
2422 4330 2773 4396 praetulintus.

2023 4396 2037 4447 i
2071 4396 2146 4452 Ita
2178 4398 2500 4467 Quesnellus
2529 4416 2651 4453 cum
2686 4416 2792 4453 uno
2814 4414 2913 4454 suo
2941 4399 3147 4459 codice.
3171 4398 3256 4454 cui
3280 4398 3542 4470 suﬂ'raga-

1958 4476 2043 4521 tur
2079 4470 2490 4540 antiquiSSImus
2538 4470 2652 4524 Vat.
2698 4471 3075 4526 Praecedeutes
3115 4471 3377 4524 editiones
3418 4488 3538 4525 cum

1947 4540 2225 4612 plerisque
2280 4556 2436 4606 mss.,
2493 4550 2540 4595 et
2587 4542 2641 4595 in
2690 4544 2918 4596 omnium
2950 4542 3195 4612 injuriam
3232 4555 3535 4596 naturarum

1945 4610 2389 4681 inexplicabilium
2408 4613 2788 4666 mendaciorum
2808 4610 3036 4667 monstra
3049 4615 3330 4667 contexuit.
3358 4612 3538 4669 Prima

252 4682 409 4735 cibus
442 4686 707 4735 innumera
735 4690 1022 4750 martyrum
1068 4683 1229 4734 millia
1272 4679 1576 4735 indicantur
1607 4696 1711 4735 non
1741 4682 1838 4736 soli
1867 4689 1923 4749 Ῑ)
1947 4679 2113 4736 editio
2138 4697 2259 4737 cum
2284 4684 2443 4737 codd.
2477 4683 2693 4739 collect.
2727 4685 2759 4739 5
2796 4696 2851 4739 et
2889 4685 2923 4739 4
2948 4683 3115 4747 addit.
3149 4687 3273 4737 bene
3299 4684 3539 4737 condita-

252 4767 361 4804 mat
378 4764 521 4823 tyre.
545 4753 931 4823 persecutionis
953 4760 1176 4817 octavae,
1200 4750 1294 4806 sed
1313 4766 1500 4804 omnes
1525 4754 1615 4820 qui
1642 4753 1693 4805 in
1717 4765 1839 4805 octo

252 4826 619 4877 amarioribus
670 4823 1135 4893 persecutionibus
1192 4836 1289 4892 pro
1340 4823 1558 4877 Christo
1614 4835 1841 4879 mortem

250 4896 549 4961 oppetiere.

333 4974 355 5000 ε
389 4964 527 5018 Editi
572 4973 697 5017 ante
743 4963 1133 5035 Quesn.,tanta
1168 4982 1256 5035 per
1296 4972 1510 5035 at'atum
1543 4965 1837 5018 intervalla.

252 5033 372 5087 Duo
404 5035 741 5090 Lectionaria
780 5033 1057 5095 Vallicell.,
1097 5033 1258 5088 unum
1293 5034 1585 5087 Padiliron.
1618 5047 1670 5089 et
1714 5036 1839 5091 Cod.

251 5105 436 5162 Casio.
466 5108 679 5162 collect.
718 5104 777 5171 I,
814 5119 912 5158 nec
959 5120 1059 5159 non
1090 5121 1219 5159 mss.
1252 5107 1365 5158 Vat.
1397 5108 1608 5159 collect.
1645 5106 1677 5159 4
1704 5117 1757 5160 et
1783 5110 1839 5173 5,

250 5192 345 5247 per
370 5187 531 5231 tanta.
563 5175 982 5244 Antiquissimus
1013 5176 1126 5231 Vat.
1163 5194 1222 5229 ac
1252 5192 1378 5229 nt~s.
1413 5176 1626 5231 collect.
1659 5179 1692 5231 ‘2
1724 5188 1839 5232 tex-

255 5258 341 5300 tus
366 5249 651 5304 lectionem
685 5262 713 5302 a
741 5247 1026 5313 Qttesnello
1053 5249 1321 5302 inductam
1368 5256 1635 5300 :tstruunt.
1675 5247 1842 5303 Paulo

230 5330 545 5442 ‘mtﬁirn’onn
574 5320 758 5389 accipit
808 5317 860 5372 iu
892 5321 1080 5375 eodem
1126 5318 1498 5387 antiquissimo
1531 5318 1646 5371 Vat.
1689 5328 1742 5374 et
1784 5319 1838 5375 itt

370 5391 547 5445 iliron.

326 5457 351 5496 ά
378 5460 453 5515 Ita
485 5459 808 5529 Quesnellus
839 5475 958 5514 cunt
992 5460 1160 5514 tribus
1201 5462 1312 5514 suis
1348 5459 1506 5512 codd.
1538 5458 1711 5515 Oxon.
1785 5471 1842 5516 et

258 5544 361 5583 uno
385 5532 629 5589 Corb.ac
656 5542 842 5585 nostro
866 5532 1226 5585 vetustissimo
1241 5531 1357 5584 Vat.
1391 5531 1668 5585 Editioues
1701 5547 1840 5599 prte-

260 5602 531 5671 cedentes,
583 5618 707 5658 Cum
749 5617 878 5655 mss.
913 5605 1150 5656 omnium
1197 5604 1432 5672 quinque
1462 5602 1835 5657 collectionum

259 5683 310 5726 et
340 5677 547 5729 duobus
575 5674 929 5728 Lectionariis
979 5672 1236 5726 Vallict-ll.
1286 5686 1337 5724 ct
1381 5688 1483 5724 uno
1541 5672 1834 5729 pzltlllll‘tln.

260 5744 481 5800 habent:
520 5743 589 5800 Ut
612 5753 682 5797 tot
709 5742 950 5796 Ecclesia:
978 5747 1345 5813 generatinex,
1377 5745 1630 5807 sapientia
1680 5755 1724 5797 et
1764 5747 1841 5798 in-

261 5814 479 5883 tellectu,
508 5818 724 5870 consilio
745 5824 792 5867 et
815 5815 1128 5884 fortitudine.
1153 5816 1362 5868 scientia
1392 5826 1435 5868 et
1458 5815 1662 5881 pietate,
1690 5826 1841 5885 atque

259 5886 367 5947 ipso
396 5888 491 5943 Dei
524 5888 707 5945 timore
750 5887 1036 5952 fraudaret.
1090 5886 1171 5941 0b
1198 5886 1572 5942 auctoritatem
1624 5886 1838 5956 potissi-

1944 4766 2082 4824 rum,
2126 4754 2266 4807 utin
2317 4764 2493 4819 textu;
2529 4754 2623 4809 sed
2679 4755 2726 4807 itt
2780 4756 3028 4824 reliquis,
3081 4765 3139 4809 ut
3177 4765 3390 4809 easterze
3420 4755 3539 4810 edi-

1943 4822 2138 4878 tiones.

2022 4891 2066 4945 k.
2097 4895 2239 4949 Editi
2269 4904 2395 4950 ante
2424 4894 2772 4964 QueSnellum
2805 4912 2927 4951 cum
2961 4896 3119 4951 codd.
3168 4896 3387 4951 collect.
3438 4911 3533 4966 po-

1947 4966 2261 5033 steriorum,
2322 4967 2545 5021 incentis.
2609 4968 2723 5022 Duo
2777 4967 3068 5031 Vallit'ell.,
3124 4967 3414 5021 Padilirou.
3478 4975 3535 5024 et

1947 5036 2279 5103 Casinensis,
2311 5039 2581 5105 inertibus,
2612 5051 2663 5092 et
2686 5038 2813 5091 satis
2846 5040 2981 5093 bene
3005 5055 3021 5103 ;
3045 5039 3138 5091 sed
3170 5053 3382 5103 vocem,
3408 5039 3533 5091 insi-

1948 5107 2221 5175 pientibus,
2248 5122 2277 5162 a
2301 5109 2593 5176 Quesnello
2640 5110 2914 5163 inductam
2946 5110 3265 5164 retinuimus
3295 5117 3530 5163 auctori-

1947 5186 2056 5248 tate
2086 5181 2432 5234 vetustissimi
2466 5179 2586 5235 Vat.
2619 5180 2759 5245 Mox,
2784 5198 2817 5233 a
2845 5181 3038 5235 lumine
3066 5182 3268 5248 pietatis
3313 5183 3363 5234 in
3419 5197 3525 5234 uno

1946 5246 2065 5318 Vat.
2095 5251 2308 5305 collect.
2332 5249 2366 5303 5
2387 5261 2438 5305 et
2466 5252 2575 5305 alio
2598 5250 2756 5318 Bon.,
2780 5267 2880 5306 nec
2910 5267 3016 5305 non
3037 5246 3086 5304 in
3112 5250 3525 5306 Padilironensi.

2024 5317 2039 5355 ¹
2075 5320 2250 5375 Prima
2275 5321 2440 5376 editio
2463 5336 2584 5376 eum
2610 5338 2738 5376 mss.
2762 5323 2975 5377 collect.
3008 5322 3043 5377 5
3062 5334 3115 5376 et
3140 5322 3194 5390 4,
3222 5338 3323 5375 ηοη
3355 5336 3524 5387 saera,

1944 5391 2036 5443 sed
2061 5394 2406 5447 ex~ccranda.
2436 5393 2589 5462 Apud
2616 5394 2981 5459 Quesnellutn,
3025 5410 3127 5446 non
3165 5402 3525 5459 sacramenta,

1945 5462 2035 5533 sed
2066 5476 2466 5529 exsecramenta,
2514 5465 2654 5533 quod
2689 5466 2740 5517 in
2784 5466 2932 5518 nullo
2974 5464 3159 5517 codice
3203 5465 3522 5529 reperimus.

1951 5532 2161 5585 Editatn
2208 5535 2492 5588 lectionem
2525 5532 2627 5588 non
2661 5537 2834 5590 Solum
2864 5546 3071 5589 caetera:
3115 5533 3377 5587 editiones
3400 5549 3523 5589 cum

1945 5618 2074 5675 mss.
2098 5604 2316 5675 collect.
2346 5606 2397 5669 5,
2417 5607 2508 5659 sed
2533 5615 2585 5659 et
2610 5609 2774 5660 nostri
2809 5608 3043 5675 potiores
3067 5604 3518 5675 codicesﬂCasin”

1942 5674 2058 5798 duoI
2098 5673 2382 5741 Va‘licell.,
2434 5678 2726 5731 Padiliron.
2758 5673 2820 5731 et
2842 5677 3244 5747 antiquissimus
3270 5673 3391 5731 Vat.
3422 5690 3518 5750 ap-

1943 5760 2039 5798 pro
2064 5756 2191 5798 )atll.

1942 5756 2191 5814 pronattt.

2012 5826 2051 5855 ω
2085 5818 2198 5873 Duo
2233 5817 2493 5876 Vallicell.
2527 5828 2584 5876 et
2605 5816 2787 5875 Casia.
2818 5816 2997 5874 delent
3014 5818 3157 5890 jam.
