3980 6352
460 342 565 406 ω

1586 326 1650 387 S.
1690 324 1937 384 LEONIS
1974 321 2191 383 MAGNI
2232 321 2625 381 SERMONES.

3645 331 3769 401 412

464 474 688 537 prorsus
716 457 789 517 de
816 456 909 517 illa
940 456 1147 514 virtute
1166 448 1435 524 pervenit,
1460 460 1621 519 quam
1654 446 1913 505 Ecclesiae
1947 460 2060 503 suat
2090 450 2133 509 Α
2168 452 2431 501 terrarum
2462 443 2598 498 orbe
2628 443 3019 515 venerabilem,
3050 447 3143 504 ille
3162 450 3339 508 sancti
3371 450 3605 522 Spiritus
3628 469 3769 514 con-

462 556 711 615 Christus
749 563 804 611 et
835 550 1079 623 promisit
1125 556 1182 603 et
1212 545 1379 600 misit.
1414 541 1641 598 Dicente
1665 542 1812 597 enim
1842 547 1871 580 ι
1901 539 2061 596 hea‘o

464 653 712 725 apostolo
742 651 949 707 Joanne
985 664 1002 702 :
1032 642 1265 710 Spiritus
1304 638 1539 695 nondum
1568 646 1680 695 erat
1730 637 1908 700 datus,
1938 636 2060 706 quia

463 750 618 808 Iesus
643 749 869 804 nondum
895 752 1005 799 erat
1031 740 1343 809 clariﬁcalus
1366 734 1549 809 (Joan.
1576 748 1669 803 vlt,
1693 732 1783 804 59)
1805 750 1822 788 :
1847 730 2059 790 Domini

467 844 732 905 ascensio,
762 838 923 894 dandi
956 834 1183 905 Spiritus
1211 832 1309 887 fuit
1341 830 1501 895 ratio,
1522 844 1682 900 quem
1713 827 1806 883 ille
1835 840 2061 882 necesse

466 948 552 994 est
580 946 635 991 ut
666 939 821 1003 neget
848 931 1051 995 datum,
1082 926 1173 996 qui
1203 924 1267 979 ad
1297 936 1609 981 consessum
1643 930 1878 994 paterna
1926 918 2059 975 dett-

470 1042 601 1085 teras
644 1041 831 1081 verum
882 1023 932 1077 in
974 1021 1192 1078 Christo
1220 1020 1491 1073 hominem
1522 1024 1684 1088 negat
1719 1017 1843 1071 esse
1871 1027 2059 1083 provo-

463 1136 632 1180 ctum.
651 1122 759 1177 Nos
778 1129 980 1187 autem,
1006 1115 1364 1184 dileCtissimi,
1395 1113 1459 1168 ad
1482 1113 1693 1169 beatam
1717 1110 1883 1184 308
1903 1120 2061 1168 aeter-

468 1222 689 1276 nitatem
722 1226 776 1272 et
801 1216 997 1270 animas
1020 1222 1080 1268 et
1104 1212 1285 1267 carnis
1319 1221 1415 1280 per
1442 1211 1909 1277 regenerationem
1937 1217 2060 1261 san-

463 1315 537 1372 cti
586 1313 819 1383 Spiritus
875 1306 1139 1378 adoptati,
1198 1302 1228 1344 δ
1270 1300 1695 1359 sacratissimum
1750 1298 1858 1355 disi
1904 1297 2061 1355 istius

472 1407 668 1463 festum
697 1402 1006 1459 rationabili
1055 1396 1316 1467 obsequio
1344 1404 1398 1450 et
1424 1404 1575 1450 casta
1603 1392 1789 1449 laetitia
1818 1391 2062 1450 celebre-

467 1516 608 1567 mus,
639 1500 961 1554 conﬁtentes
1015 1508 1136 1547 cum
1174 1492 1334 1548 beato
1376 1488 1545 1545 Paulo
1585 1488 1869 1558 apostolo,
1914 1486 2060 1560 quod

467 1593 726 1648 Dominus
755 1591 912 1644 Jcsus
940 1586 1189 1642 Christus
1228 1583 1511 1639 ascendens
1566 1584 1618 1637 in
1657 1583 1842 1647 altum,
1898 1584 2062 1654 rapti-

465 1698 577 1738 vam
624 1681 1163 1751 duxitcaptivitatem,
1214 1675 1359 1731 dedit
1409 1676 1547 1730 dona
1597 1675 1887 1732 nominibus
1924 1674 2056 1748 (Ps.

466 1778 755 1843 t.xvn,i9;
810 1776 1007 1848 Ephes.
1058 1789 1133 1841 IV,
1186 1771 1287 1846 8):
1332 1782 1387 1827 ut
1447 1771 1795 1841 Evangelium
1826 1770 1920 1826 Dei
1965 1786 2061 1840 per

2164 540 2397 597 secravit
2419 540 2712 608 adventus,
2747 555 2767 578 υ
2797 544 2885 613 qui
2918 557 3032 614 poSt
3057 551 3513 603 resurrectionem
3547 549 3765 608 Domini

2163 632 2609 708 quinquagesimo
2631 630 2717 688 die
2752 635 2802 688 in
2834 638 3107 702 apostolos
3132 644 3495 711 populumque
3524 645 3759 698 creden-

2165 726 2322 793 tium,
2346 728 2486 783 sicut
2506 730 2847 796 sperabatur,
2882 729 3095 786 inﬂuxit
3118 734 3255 803 (Act.
3287 749 3346 798 tt,
3375 735 3452 804 i).
3486 734 3764 805 Speraba-

2164 832 2253 881 tur
2277 835 2479 894 autem,
2510 826 2632 893 quia
2666 825 2815 878 illum
2850 825 3113 881 Dominus
3145 828 3303 883 .lesus
3337 826 3355 866 ί
3388 831 3764 900 Spoponderat

2162 920 2452 976 affuturum
2489 918 2639 991 (Luc.
2686 936 2835 987 sxw,
2884 922 2991 987 i7;
3036 922 3149 975 Act.
3188 939 3227 991 ι,
3270 922 3348 993 4),
3403 939 3508 979 non
3541 936 3597 980 ut
3628 933 3763 984 tunc

2163 1013 2393 1085 primum
2425 1028 2547 1069 esse
2583 1024 2895 1068 sanctorum
2939 1014 3212 1071 habitator
3256 1016 3545 1084 inciperet,
3576 1019 3669 1074 sed
3700 1028 3766 1075 ut

2162 1116 2373 1164 sacrata
2414 1106 2513 1161 sibi
2544 1116 2764 1177 pectora
2791 1118 2844 1162 et
2874 1102 3177 1164 terrendos
3207 1112 3531 1168 accenderet
3552 1157 3561 1173 .
3585 1125 3639 1168 et
3665 1128 3767 1167 cu-

2163 1199 2363 1272 piositts
2395 1209 2420 1249 κ
2454 1200 2779 1265 inuudaret;
2828 1203 3113 1257 cumulans
3158 1218 3250 1257 Sil.)
3300 1203 3468 1272 dona,
3517 1221 3623 1259 non
3671 1207 3761 1261 in-

2162 1291 2389 1358 choatis,
2419 1308 2517 1347 nec
2550 1293 2672 1348 ideo
2702 1309 2876 1349 novus
2898 1310 3089 1364 Opere,
3121 1296 3241 1365 quia
3276 1296 3441 1352 ditior
3487 1297 3761 1368 largitate.

2162 1385 2462 1456 Numquam
2509 1386 2653 1440 enim
2695 1387 2763 1442 ab
2810 1388 3200 1457 mnuipotentia
3246 1389 3420 1444 Patris
3448 1431 3465 1458 ,
3509 1400 3565 1445 et
3597 1391 3740 1453 Filii,

2164 1477 2400 1549 Spiritus
2439 1480 2611 1534 sancti
2645 1490 2727 1534 est
2758 1478 2990 1535 discreta
3023 1482 3308 1551 majestas;
3345 1494 3397 1537 et
3421 1484 3674 1554 quidquid
3703 1482 3763 1539 in

2161 1571 2518 1641 dispositione
2559 1567 2799 1627 omnium
2830 1590 3011 1628 rerum
3049 1576 3154 1645 agit
3201 1574 3379 1629 divina
3422 1576 3757 1647 moderatio,

2164 1681 2230 1721 ex
2257 1667 2419 1722 tutius
2444 1668 2591 1723 venit
2624 1667 2960 1736 providentia
2985 1668 3291 1724 Trinitatis.
3314 1670 3429 1727 Una
3458 1681 3538 1726 est
3566 1672 3637 1727 ibi
3665 1672 3764 1728 be-

2166 1760 2405 1830 nignitas
2460 1760 2852 1816 misericordite
2877 1803 2890 1823 ,
2926 1776 3029 1815 una
3069 1776 3297 1818 censura
3336 1763 3604 1831 jnstitim;
3657 1777 3767 1820 nec

465 1887 627 1929 omne
659 1846 907 1925 humanae
936 1868 1085 1923 vocis
1116 1868 1386 1937 eloquium
1417 1864 1763 1935 praedicetur,
1807 1872 1856 1916 et
1895 1864 2059 1918 omisi;
2093 1846 2138 1907 Β
2168 1853 2367 1925 aliquid
2400 1864 2484 1909 est
2525 1855 2580 1909 in
2609 1856 2826 1910 actione
2856 1855 3111 1920 divisum,
3148 1857 3236 1910 ubi
3281 1856 3415 1910 nihil
3448 1866 3530 1913 est
3575 1857 3628 1911 in
3661 1874 3762 1913 vo-

466 1968 641 2037 lingua
662 1965 967 2032 confiteatur
992 1962 1117 2032 quia
1144 1957 1399 2014 Dominus
1425 1956 1580 2013 Jesus
1603 1954 1839 2013 Christus
1858 1956 1915 2011 in
1941 1956 2058 2026 glo-

464 2062 545 2116 ria
574 2071 644 2115 est
668 2058 765 2113 Dei
790 2056 966 2111 Patris
992 2055 1216 2125 (Philip.
1247 2070 1305 2117 it,
1342 2052 1451 2124 Η).

536 2153 665 2209 Car.
698 2151 787 2206 IX.
816 2150 990 2204 ——Ad
1024 2159 1346 2218 pra-sentem
1401 2155 1580 2203 autem
1636 2146 2057 2213 solemnitatem,

469 2257 494 2289 ε
517 2246 870 2312 dilectissimi,
896 2245 1058 2299 etiam
1091 2243 1177 2298 illa
1208 2242 1365 2296 nobis
1386 2252 1470 2296 est
1490 2240 1789 2311 adjicienda
1819 2239 2057 2309 devotio,

468 2350 529 2397 ut
554 2341 817 2411 jejunium
849 2336 993 2407 quod
1016 2351 1085 2391 ex
1119 2336 1416 2405 apostolica
1443 2336 1736 2390 traditione
1775 2336 2061 2405 subsequi-

467 2440 557 2489 tur
593 2434 963 2498 celebremus,
1008 2430 1127 2501 quia
1160 2438 1215 2484 et
1251 2427 1352 2484 hoc
1388 2428 1526 2483 inter
1573 2424 1602 2465 τι
1653 2442 1843 2497 magna
1889 2429 2059 2483 sancti

466 2524 702 2595 Spiritus
726 2526 866 2581 dona
899 2522 1292 2579 numerandum
1333 2530 1439 2587 est,
1478 2517 1626 2597 quod
1669 2521 1826 2576 nobis
1862 2520 2059 2579 adver-

464 2634 584 2676 sum
619 2620 903 2675 illecebras
923 2620 1101 2676 carnis
1144 2627 1200 2673 et
1233 2615 1455 2671 insidias
1481 2614 1686 2671 diaboli
1730 2614 2061 2685 jejuniorum

465 2724 591 2770 sunt
620 2712 813 2769 collata
848 2710 1118 2781 praisldia,
1144 2708 1345 2777 quibus
1374 2722 1565 2765 omnes
1593 2710 1919 2765 tentationes
1948 2707 2060 2764 Deo

464 2806 755 2873 adjuvante
798 2804 1095 2860 vincamus.
1153 2799 1359 2870 Quarta
1418 2801 1579 2872 igitur
1631 2809 1688 2856 et
1726 2810 1879 2858 sexta
1924 2794 2060 2856 feria

462 2899 766 2971 jejunemus
789 2912 805 2962 ;
831 2895 1053 2949 sabbato
1078 2904 1259 2949 autem
1283 2891 1422 2964 apud
1445 2894 1661 2949 beatum
1685 2891 1900 2949 Petrum
1925 2908 2059 2964 spo-

464 2994 661 3048 stolum
688 2990 896 3060 vigilias
918 2988 1279 3055 celebremus,
1327 2985 1700 3058 patrocinante
1720 2986 1914 3042 eodem
1939 3001 2063 3042 ora-

466 3085 705 3141 tionibus
745 3083 967 3149 noswis,
1018 3090 1080 3138 ut
1121 3082 1175 3137 in
1207 3078 1457 3137 omnibus
1502 3080 1926 3137 misericordiam
1966 3082 2061 3139 Dei

466 3178 713 3232 obtinere
751 3190 1075 3243 mereamur,
1122 3189 1217 3246 per
1269 3175 1554 3230 Dominum
1595 3187 1836 3229 nostrum
1868 3176 2056 3230 Jesum

2164 1949 2371 2006 luntate
2400 1949 2697 2005 diversum.
2728 1946 2754 1986 ιι
2784 1949 2915 2018 Quae
2947 1967 3076 2019 ergo
3116 1949 3384 2006 illuminat
3420 1952 3602 2017 Pater,
3636 1952 3768 2009 illu-

2167 2046 2335 2100 minat
2366 2044 2574 2110 Filius,
2622 2045 2890 2099 illuminat
2945 2045 3179 2113 Spiritus
3220 2055 3476 2113 sanctus;
3523 2062 3765 2117 eumque

2161 2139 2264 2194 alia
2288 2140 2359 2193 sit
2384 2154 2620 2208 persona
2646 2139 2819 2202 missi,
2847 2139 2953 2193 alia
2978 2138 3264 2207 mittentis,
3298 2140 3405 2193 alia
3435 2143 3764 2210 promitten-

2164 2236 2258 2299 tis,
2291 2233 2452 2286 simul
2486 2232 2641 2286 nobis
2666 2241 2722 2286 et
2753 2232 2936 2286 unitas
2974 2230 3355 2287 manifestatur
3384 2245 3440 2288 et
3478 2234 3760 2289 TrinitaS'

2163 2336 2222 2382 ut
2246 2326 2481 2380 essentia
2529 2325 2732 2380 habens
2774 2325 3181 2395 aequalitatem,
3227 2335 3281 2381 et
3331 2340 3438 2380 non
3484 2327 3763 2395 recipiens

2162 2421 2529 2488 solitudinem,
2563 2430 2615 2473 et
2648 2419 2893 2489 ejusdem
2923 2420 3271 2486 substantiae,
3301 2429 3483 2474 etnon
3512 2420 3758 2490 ejusdem

2170 2510 2501 2582 intelligatur
2527 2526 2647 2566 esse
2677 2526 2941 2580 personae.

2235 2607 2361 2661 Car.
2394 2605 2454 2661 ll.
2474 2635 2545 2647 --
2565 2605 2718 2671 Quod
2750 2621 2879 2673 ergo
2902 2603 3046 2659 salva
3074 2604 3458 2671 cooperatione
3478 2603 3768 2674 inseparao

2162 2700 2286 2755 bilis
2316 2699 2563 2761 Deitatis,
2598 2699 2843 2768 qurrdam
2881 2698 3077 2766 Pater,
3105 2698 3354 2769 quaedam
3381 2698 3575 2759 Filius,
3609 2711 3767 2767 qua-

2163 2791 2285 2849 dam
2319 2794 2535 2863 proprie
2565 2792 2800 2862 Spiritus
2830 2802 3050 2847 sanctus
3078 2794 3389 2863 exequitur,
3440 2800 3638 2845 nostra:
3671 2804 3765 2846 re-

2164 2883 2494 2953 dentptiunis
2546 2882 2864 2952 dispositio,
2909 2895 3112 2939 nostrae
3153 2883 3345 2939 salutis
3386 2892 3471 2939 est
3513 2885 3676 2938 ratio.
3702 2881 3766 2940 Si

2162 2978 2305 3034 enim
2337 2976 2501 3031 homo
2522 2976 2590 3031 ad
2627 2978 2916 3047 imaginem
2944 2984 3002 3031 et
3024 2976 3429 3031 similitudinem
3463 2975 3555 3029 Dei
3586 2975 3765 3030 factus

2165 3067 2317 3144 (Gen.
2351 3088 2388 3137 ι,
2430 3070 2524 3140 ιὶϐ)
2571 3072 2623 3125 in
2652 3086 2763 3124 sua:
2805 3073 3012 3126 honore
3043 3081 3248 3125 natura!
3294 3070 3612 3135 mansisset,
3657 3083 3768 3127 nec

2165 3162 2428 3221 diabolica
2470 3163 2659 3220 fraude
2706 3164 2967 3234 deceptus
3009 3180 3037 3218 a
3081 3166 3196 3234 lege
3237 3165 3338 3220 sibi
3388 3165 3562 3235 posita
3610 3161 3630 3203 ί
3664 3179 3767 3233 per

466 3268 737 3324 Christum
767 3269 1031 3323 viventem
1061 3240 1456 3335 iet—regnantem
1488 3280 1609 3321 cum
1650 3266 1809 3322 Patre
1833 3276 1889 3323 et
1930 3263 2054 3336 δρᾶ.
2086 3240 2132 3303 C
2167 3260 2659 3327 concupiscentiam
2700 3258 2996 3319 deviasset,
3038 3256 3265 3314 Creator
3290 3256 3476 3312 mundi
3506 3266 3767 3313 creatura

468 3364 572 3418 ritu
600 3372 788 3418 sancto
814 3362 864 3417 in
896 3361 1091 3416 srecula
1121 3360 1467 3416 saeculorum.
1500 3356 1695 3415 Amen.

810 3474 1041 3530 SERMU
1068 3470 1301 3528 Lxxvn
1329 3470 1436 3545 [AL
1470 3469 1707 3542 LXXV].

981 3587 1061 3644 De
1092 3585 1391 3643 Pentecoste
1413 3585 1437 3640 Ι
1447 3584 1473 3641 1
1483 3580 1535 3641 Ῑ.

468 3706 736 3765 Srnorsts.
796 3736 869 3748 -—
914 3705 957 3761 l.
1005 3703 1256 3773 Spiritum
1303 3712 1531 3758 sanctum
1576 3715 1678 3757 non
1707 3704 1976 3758 inchoasse
2000 3706 2057 3760 in

542 3779 842 3833 Pentecoste
863 3793 955 3831 sua
984 3778 1140 3840 dona,
1186 3778 1276 3830 sed
1325 3776 1632 3838 cumttlasre,
1682 3790 1799 3829 cum
1842 3778 2059 3831 indivise

537 3851 766 3905 Trinitas
794 3859 1045 3921 operetur.
1101 3876 1171 3921 -έ
1223 3846 1386 3919 309
1425 3848 1485 3900 ll.
1536 3844 1620 3921 Ex
1647 3858 1852 3921 pertato
1884 3856 2058 3921 ortum

537 3940 663 3985 esse,
698 3934 745 3975 ιι·
777 3919 903 3987 opus
934 3920 1276 3991 reparatiouis
1307 3926 1496 3972 nostra
1530 3919 1662 3991 inter
1689 3920 2060 3991 rediuiderent

540 4008 769 4063 personis
792 3989 1089 4063 Trinitatis;
1129 4002 1175 4043 et
1201 3991 1574 4063 quomodo._—
1600 3990 1685 4045 Ill.
1714 3989 1853 4063 Eam
1893 3992 2060 4058 parti-

540 4060 725 4119 tionem
755 4063 885 4117 nihil
912 4061 1191 4134 aqualitati
1213 4071 1274 4134 et
1323 4060 1850 4134 consubstantialitati
1877 4079 2056 4134 perso-

542 4153 723 4190 narum
754 4140 941 4188 obesse.
976 4167 1045 4177 —
1078 4133 1165 4188 iV.
1198 4133 1348 4187 Nihil
1379 4136 1525 4185 rebus
1554 4134 1739 4187 creatis
1773 4132 1852 4187 re!
1878 4132 2059 4188 Vvisibi-

542 4207 672 4261 libus
704 4207 848 4278 omne
870 4206 1197 4278 regjtaudunt
1225 4205 1289 4258 de
1308 4202 1579 4278 Trinitate,
1610 4208 1725 4275 quis
1751 4214 1858 4258 tota
1883 4221 2055 4276 mqua-

543 4282 606 4334 lis
634 4276 820 4331 estf—
847 4278 906 4331 V.
941 4276 1043 4332 Cur
1068 4277 1346 4346 discipulos
1375 4276 1437 4329 de
1462 4277 1573 4344 ejus
1602 4278 1905 4332 ascensione
1930 4293 2063 4347 gau-

544 4353 664 4405 dere
686 4352 913 4403 Christus
939 4352 1073 4401 uelit.
1104 4378 1171 4387 —
1206 4350 1287 4402 VI.
1322 4348 1448 4402 Tres
1478 4361 1721 4419 personas
1751 4364 1908 4402 unum
1950 4362 2060 4403 esse

544 4423 743 4487 habere,
768 4436 1024 4491 unumque
1053 4419 1276 4490 operari.

2161 3367 2267 3406 non
2296 3350 2485 3415 ﬁeret;
2518 3367 2694 3422 neque
2725 3360 2816 3405 aut
2844 3352 3213 3421 sempiternus
3249 3352 3413 3427 310
3444 3350 3768 3421 temporali-

2163 3450 2328 3498 tatem
2376 3442 2616 3509 subiret,
2666 3450 2759 3496 aut
2800 3442 3020 3513 aqualis
3061 3441 3174 3497 Deo
3222 3440 3365 3496 Patri
3407 3440 3574 3497 Filius
3616 3440 3770 3498 Deus

2158 3534 2394 3589 formam
2423 3535 2567 3589 servi
2598 3540 2654 3588 et
2683 3534 3094 3589 similitudinem
3132 3533 3316 3589 carnis
3364 3536 3566 3601 peccati
3610 3548 3771 3589 assus

2160 3635 2355 3681 meret.
2381 3626 2398 3676 i
2428 3625 2536 3681 Sed
2570 3625 2695 3695 quia
2725 3626 2918 3680 invidia
2945 3624 3136 3680 diaboli
3169 3641 3308 3680 mors
3343 3625 3570 3679 introivit
3598 3626 3651 3678 in
3676 3641 3770 3679 or—

2161 3718 2273 3773 bem
2304 3728 2557 3773 terrarum
2585 3718 2744 3787 (Sap.
2774 3734 2833 3786 ιι,
2866 3716 2984 3789 24),
3016 3727 3070 3773 et
3107 3718 3267 3774 aliter
3298 3718 3434 3773 solvi
3468 3715 3769 3787 captivitas

2161 3821 2396 3877 humana
2428 3837 2533 3876 non
2566 3821 2773 3891 potuit,
2816 3820 2919 3877 nisi
2956 3836 3176 3877 causam
3222 3828 3464 3877 nostram
3490 3819 3515 3859 ¹ι
3553 3820 3646 3874 ille
3672 3836 3770 3874 su-

2161 3922 2437 3992 seiperet,
2486 3923 2576 3993 qui
2634 3923 2750 3977 sine
2800 3923 3097 3991 majestatis
3148 3937 3259 3978 suae
3290 3922 3491 3977 damno
3513 3932 3565 3977 et
3596 3935 3769 3978 verus

2162 4024 2330 4081 homo
2360 4024 2533 4091 ﬁeret,
2558 4034 2611 4080 et
2633 4025 2783 4081 solus
2804 4024 3007 4092 peccati
3036 4025 3343 4095 contagium
3368 4041 3475 4080 non
3496 4024 3761 4092 haberet;

2164 4127 2350 4182 divisit
2399 4128 2502 4185 sibi
2547 4142 2684 4197 opus
2734 4137 2933 4182 nostra:
2971 4128 3331 4197 reparationis
3383 4127 3767 4182 misericordia

2165 4218 2479 4298 Trinitatis;
2504 4241 2561 4287 ut
2586 4231 2749 4288 Pater
2780 4220 3184 4302 propitiarctur,
3214 4230 3384 4287 Filius
3416 4231 3762 4301 proiiitiaret,

2166 4333 2401 4405 Spiritus
2447 4345 2671 4390 sanctus
2715 4334 2931 4405 igniret.
2978 4332 3278 4402 Oportebat
3321 4333 3465 4387 enim
3498 4342 3555 4385 ut
3596 4332 3764 4386 etiam

2169 4433 2410 4490 salvandi
2441 4436 2637 4507 aliquid
2673 4451 2766 4505 pro
2789 4450 2847 4491 se
2888 4444 3132 4504 agerent,
3162 4443 3215 4489 et
3245 4434 3531 4488 conversis
3556 4432 3623 4486 ad
3654 4430 3768 4486 Re-

542 4531 1550 4599 CAP.l.—liodiernam,dilectissimi,
1573 4532 1921 4589 festivitatem
1949 4541 2065 4590 toto
2086 4525 2143 4586 D
2168 4536 2503 4606 demptorem
2550 4536 2801 4591 cordibus
2821 4578 2835 4602 ,
2866 4534 2883 4573 1
2921 4536 2988 4589 ab
3029 4534 3234 4591 inimici
3278 4534 3654 4591 dominatione
3674 4534 3767 4590 di-

544 4723 569 4751 α
600 4713 674 4770 Ex
700 4715 1073 4785 antiquissimo
1088 4714 1212 4770 Vat.
1241 4714 1747 4786 adjecimusvoces,
1767 4711 1912 4768 beato
1932 4729 2062 4786 apo-

475 4789 627 4841 stolo.
667 4791 793 4840 Iit-in
837 4805 901 4841 ex
942 4788 1130 4840 eodem
1164 4797 1215 4840 et
1267 4788 1435 4853 prima
1473 4785 1711 4841 editione
1746 4785 2062 4856 scripsimus

476 4869 608 4921 erat,
641 4876 736 4926 pro
764 4861 929 4925 fuerat
958 4859 1291 4922 clari/reatus.

544 4929 568 4967 δ
604 4931 873 4982 ltililttmes
900 4938 1021 4981 ante
1049 4930 1247 4995 Qut-sn.
1280 4943 1399 4981 cum
1432 4942 1564 4982 mss.
1618 4927 1831 4983 collect.
1878 4938 2060 4998 poste-

476 5001 699 5060 riortttn,
730 5001 1065 5054 sacratissimi
1097 5002 1244 5053 istius
1263 5001 1379 5069 festi
1403 4999 1710 5055 diem.C0tl.
1742 4999 2060 5067 Padiliron.,

474 5072 803 5124 sacratiSsimi
836 5072 951 5136 [esti
980 5073 1129 5123 diem.
1162 5073 1286 5123 υιιιιι
1323 5074 1481 5126 verba
1512 5079 1559 5125 et
1581 5084 1724 5129 casta
1751 5069 1934 5127 laetitia
1960 5071 2059 5127 de-

474 5144 781 5196 siderantur
805 5141 856 5195 in
884 5141 1256 5206 antiqui-sitim
1290 5139 1412 5197 Vat.

551 5224 571 5250 ε
598 5213 671 5265 Ita
700 5229 759 5269 ex
796 5212 1166 5281 antiquissimo
1200 5213 1317 5266 Vat.
1346 5215 1566 5267 Cmterze
1596 5211 1862 5269 editiones
1894 5213 2061 5284 igno-

477 5294 617 5347 rant,
651 5288 682 5334 tt
708 5285 985 5347 lectissimi.
1016 5295 1068 5337 et
1100 5299 1194 5352 pro
1229 5286 1343 5349 illa,
1370 5285 1585 5350 habent,
1617 5285 1735 5339 ista.
1779 5284 2060 5342 Editioncs

475 5357 963 5421 atitcthuesncllo
990 5355 1286 5409 anteriores
1324 5374 1420 5425 pro
1451 5356 1747 5427 adjicienda
1772 5356 2064 5427 prteferunt

476 5432 813 5491 assumenda;
841 5442 889 5481 et
915 5443 1062 5490 uiox,
1090 5436 1219 5481 ante
1250 5430 1466 5483 verbum
1493 5427 2061 5497 celebremus,addunt,

474 5510 652 5552 sancta
679 5499 1012 5553 observantia.

546 5568 571 5605 ά
598 5570 757 5633 Editi,
777 5572 1021 5623 maxima.
1046 5570 1385 5629 Praetulimus
1407 5572 1688 5629 lectionem
1706 5572 2062 5631 vetustissimi

484 5637 601 5695 Vat.
634 5657 792 5710 quau:
824 5644 932 5696 duo
957 5649 1117 5699 etiam
1161 5662 1288 5699 mss.
1328 5646 1444 5701 libri
1476 5663 1500 5697 a
1534 5646 1825 5711 Quesnello
1859 5662 2063 5700 memo-

476 5717 581 5772 rati
611 5722 949 5773 coiitirtnant.
982 5717 1146 5772 Paulo
1172 5726 1290 5783 post
1318 5718 1368 5771 in
1416 5719 1603 5771 eodem
1626 5716 1764 5783 Vah,
1814 5732 1909 5786 pro
1948 5717 2063 5774 ille-

480 5790 675 5862 cebras,
711 5794 924 5860 legitur,
961 5790 1458 5862 concupiscentiam;
1482 5797 1536 5862 et
1564 5789 1897 5862 Quesnellus
1923 5789 2067 5849 torte

477 5874 552 5921 ex
574 5860 756 5930 aliquo
777 5877 875 5917 suo
893 5863 1105 5927 codice,
1144 5860 1599 5932 concupiscendos;

2244 4727 2267 4754 ο
2289 4715 2347 4773 1η
2386 4716 2761 4789 antiquissimo
2791 4716 2913 4776 Vat.
2945 4716 3107 4777 5835.
3154 4718 3243 4789 qui
3268 4727 3385 4786 post
3428 4717 3769 4773 resurrectio-

2170 4804 2286 4842 nem
2330 4806 2477 4843 suam
2524 4786 2779 4841 Dominus
2808 4786 3227 4859 quinquagesimo
3270 4790 3353 4842 die
3398 4790 3447 4842 in
3498 4790 3771 4857 apostolos

2172 4861 2463 4931 plebemque
2500 4861 2833 4924 credentium,
2861 4862 2991 4913 sicut
3015 4864 3353 4929 sperabatur,
3384 4862 3617 4931 inﬂuxit.

2241 4929 2259 4969 ί
2292 4932 2434 4985 Editi
2463 4943 2586 4984 ante
2608 4931 2813 4997 Quesu.
2854 4949 2973 4985 cum
3009 4948 3139 4986 mss.
3170 4929 3552 4987 colle-otionum
3581 4938 3769 5003 poste-

2167 5001 2397 5069 riorum,
2430 5003 2755 5071 promiserat.

2238 5072 2465 5141 5Prima
2498 5073 2665 5126 editio
2696 5080 2750 5127 et
2778 5073 2898 5127 cod.
2933 5073 3095 5137 Bon.,
3136 5084 3427 5141 corrupte,
3461 5075 3766 5130 mandaret.

2236 5138 2265 5218 ξι
2299 5146 2498 5218 Eadem
2526 5143 2687 5218 c_dit_i_o
2712 5156 2765 5199 et
2796 5145 2931 5198 idem
2962 5145 3129 5199 codex
3153 5186 3167 5210 ,
3210 5138 3371 5210 Quem
3398 5162 3539 5218 ergo.

2243 5213 2259 5284 ἦ
2299 5216 2444 5269 Unus
2468 5216 2587 5270 cod.
2622 5215 2767 5281 \’at.,
2800 5227 2910 5283 post
2940 5217 3399 5284 concupiscendos.

2242 5283 2256 5336 i
2292 5288 2429 5359 Quia
2454 5304 2571 5340 t'ero
2596 5286 2648 5340 in
2676 5290 2845 5341 tribus
2879 5288 3077 5359 nostris
3112 5303 3240 5341 mss.
3273 5300 3327 5343 et
3359 5287 3529 5359 prima
3565 5287 3774 5345 editio-

2166 5373 2258 5424 ne,
2287 5358 2340 5412 iu
2373 5376 2474 5427 qua
2506 5373 2651 5424 mox,
2676 5358 2878 5411 intravit
2910 5357 3004 5423 pro
3031 5359 3289 5413 introivit.

2245 5429 2271 5467 ¹ι
2299 5430 2373 5485 Ita
2405 5431 2596 5483 melius
2618 5445 2682 5484 ex
2707 5430 3083 5500 antiquissimo
3114 5432 3230 5485 Vat.
3258 5441 3310 5486 et
3333 5431 3549 5488 duobus
3578 5447 3770 5488 exem-

2169 5502 2406 5575 plaribus
2448 5500 2651 5575 Veron.

2245 5572 2263 5613 ι
2298 5575 2474 5627 I’rinta
2500 5570 2665 5626 editio
2689 5580 2740 5626 et
2768 5572 2890 5627 cod.
2927 5572 3088 5639 Bon.,
3133 5574 3195 5629 ab
3241 5574 3401 5630 nimia
3430 5574 3773 5629 damnatione

2171 5645 2506 5703 discederent.
2531 5642 2755 5697 Caetera:
2786 5645 3050 5699 editiones
3080 5659 3205 5700 ante
3236 5648 3440 5715 Quesn.
3477 5651 3606 5699 utin
3646 5658 3773 5701 tex-

2177 5730 2254 5785 tu,
2288 5717 2388 5770 hac
2414 5731 2512 5767 una
2552 5719 2869 5785 excoptione
2905 5718 3044 5783 quod
3082 5717 3375 5786 pra-ferunt
3422 5716 3772 5772 desciscerent

2173 5787 2634 5863 progdiscedereut.
2671 5787 2852 5845 Nostri
2894 5798 3074 5847 tamen
3101 5790 3319 5849 codices
3348 5789 3428 5848 uti
3462 5804 3591 5851 cum
3620 5787 3775 5861 Que-

2172 5856 2349 5919 inello
2377 5856 2665 5915 edidimus.
