3980 6352
438 314 541 375 415

1552 316 1611 372 S.
1654 314 1897 371 LEONIS
1935 314 2149 369 MAGNI
2199 314 2583 371 SERMONES.

3597 317 3717 379 416

436 433 561 505 quid
585 430 723 489 Filio
749 432 910 490 audet
931 441 957 473 ι
979 433 1270 505 denegare,
1294 441 1350 489 et
1370 440 1438 487 tta
1459 435 1510 487 in
1531 431 1615 487 his
1635 448 1753 503 qua:
1780 433 2011 488 humana
2038 434 2095 497 Α
2118 433 2472 491 descensione
2498 436 2671 491 sancti
2699 434 2933 505 Spiritus
2962 443 3334 493 consecratam
3362 435 3625 509 sequitur,
3644 444 3714 497 ut

434 535 563 583 sunt
588 527 821 598 desipit,
849 538 906 583 ut
934 536 1085 598 putet
1111 528 1252 597 quod
1294 527 1419 581 ideo
1461 526 1747 597 Uuigenito
1795 538 2012 596 paterna

435 618 726 687 defuerint,
757 620 879 691 quia
923 630 1105 674 nostra
1142 620 1398 689 suscepit.
1434 618 1548 674 Non
1588 618 1783 675 minuit
1820 622 1871 674 in
1902 620 2015 676 Deo

438 712 808 767 misericordia
838 720 1156 780 potestatem
1179 752 1193 775 ,
1222 725 1321 765 nec
1351 708 1378 748 δ
1404 711 1615 766 dilectae
1644 712 2015 767 reconciliatio

432 815 728 867 creaturae,
782 802 1125 869 sempiternae
1165 800 1409 858 delectus
1456 813 1540 858 est
1574 804 1779 875 glorise.
1818 814 1839 842 ο
1886 805 2016 873 Quae

435 893 597 947 habet
628 892 805 955 Pater,
831 891 989 946 habet
1019 903 1073 948 et
1106 893 1275 949 Filius
1294 935 1312 961 ,
1342 903 1399 950 et
1439 911 1559 964 qua:
1587 895 1747 951 habet
1779 896 1933 950 Pater
1961 904 2018 951 et

431 982 620 1048 Filius,
658 982 823 1038 habet
850 994 906 1039 et
928 985 1165 1054 Spiritus
1184 996 1419 1054 sanctus,
1436 989 1555 1058 quia
1580 994 1690 1043 tota
1718 989 1874 1044 simul
1898 988 2018 1043 Tri-

433 1077 573 1130 nitas
605 1086 689 1131 est
711 1093 851 1133 unus
885 1080 1045 1137 Deus.
1078 1079 1224 1135 Hanc
1260 1091 1439 1136 autem
1473 1082 1631 1137 ﬁdem
1664 1098 1769 1136 non
1802 1092 2014 1137 terrena

430 1168 693 1236 sapientia
718 1170 954 1240 reperit,
989 1188 1087 1227 nec
1129 1175 1311 1243 opinio
1342 1174 1574 1229 humana
1610 1174 1896 1242 persuasit,
1920 1176 2017 1229 sed

429 1257 546 1330 ipse
578 1263 882 1331 unigenitus
913 1262 1082 1319 Filius
1126 1264 1325 1330 docuit,
1372 1264 1490 1335 ipse
1534 1266 1766 1335 Spiritus
1800 1276 2019 1320 sanctus

430 1353 691 1421 instituit;
740 1355 807 1410 de
844 1372 951 1425 quo
980 1355 1111 1410 nihil
1141 1366 1225 1411 est
1264 1356 1420 1411 aliter
1457 1372 1614 1427 quam
1656 1356 1723 1411 de
1768 1355 1926 1410 Patre
1963 1364 2020 1412 et

434 1441 572 1499 Filio
602 1448 967 1501 sentiendum.
999 1448 1130 1512 Quia
1172 1447 1298 1502 licet
1343 1463 1448 1502 non
1481 1450 1549 1501 sit
1592 1448 1771 1511 Pater,
1810 1462 1916 1501 non
1949 1450 2019 1501 sit

432 1532 622 1603 Filius,
657 1550 763 1588 non
796 1545 973 1590 tamen
1016 1546 1102 1590 est
1138 1552 1165 1588 a
1205 1537 1364 1591 Patre
1412 1536 1654 1607 Filioque
1695 1537 1932 1603 divisus;
1965 1546 2021 1593 et

431 1624 572 1678 sicut
598 1629 867 1694 propriam
894 1626 1054 1679 habet
1084 1628 1136 1680 in
1151 1628 1415 1684 Trinitate
1444 1644 1751 1697 personam,
1769 1630 1838 1683 ita
1858 1646 2018 1684 unam

432 1714 595 1769 habet
636 1716 688 1769 iu
720 1716 898 1771 Patris
938 1726 995 1773 et
1022 1717 1142 1772 Filii
1179 1720 1384 1774 Deitate
1414 1721 1795 1786 substantiam,
1839 1723 2017 1775 omnia

2122 528 2312 593 nostis,
2345 526 2364 565 ί
2395 529 2635 583 solemne
2660 528 2945 598 jejunium,
2969 529 3110 595 quod
3136 528 3330 585 animis
3360 530 3714 600 corporibus-

2118 634 2225 688 que
2244 618 2498 673 curandis
2523 619 2816 674 salubriter
2846 620 3170 683 institutum,
3206 620 3401 676 devota
3450 623 3605 677 nobis
3626 630 3715 678 est

2118 711 2461 767 observantia
2491 712 2894 768 celebrandum.
2928 712 3169 782 Repletis
3192 729 3422 781 namque
3447 716 3713 783 apostolis

2118 807 2320 862 virtute
2346 806 2633 877 promissa,
2668 816 2722 861 et
2754 809 2805 861 in
2836 807 2997 861 corda
3026 822 3212 861 eorum
3240 808 3442 873 Spiritu
3471 810 3717 865 veritatis

2120 898 2385 967 ingresso,
2413 914 2515 954 non
2534 898 2858 967 ambigimus
2882 900 3023 955 inter
3045 907 3238 955 caetera
3263 900 3503 956 caelestis
3533 916 3717 957 sacra-

2119 1002 2302 1045 menta
2334 990 2617 1053 doctrinae,
2650 991 2790 1046 hanc
2818 992 3073 1060 spiritalis
3100 992 3445 1047 continentia
3469 993 3715 1063 discipli-

2122 1096 2243 1135 nam
2280 1082 2348 1137 de
2376 1082 2638 1137 Paracleti
2672 1084 2981 1151 magisterio
3010 1083 3257 1152 primitus
3290 1085 3453 1139 fuisse
3478 1099 3716 1153 concep-

2123 1182 2228 1228 tam
2256 1190 2271 1227 :
2301 1183 2359 1226 ut
2384 1174 2731 1227 sanctiﬁcata:
2759 1172 2967 1244 jejunio
2997 1184 3208 1230 mentes
3235 1174 3575 1230 conferendis
3605 1174 3719 1232 sibi

2121 1266 2537 1321 charismatibus
2608 1268 2798 1322 fierent
2856 1267 3111 1335 aptiores.
3172 1267 3432 1322 Aderats
3489 1268 3715 1337 quidem

2121 1360 2322 1418 Christi
2348 1362 2628 1428 discipulis
2660 1362 2923 1430 proiectio
2948 1360 3112 1433 315
3134 1360 3526 1429 omnipotentis
3558 1361 3721 1416 auxi-

2122 1456 2200 1522 lii,
2225 1464 2278 1509 et
2297 1454 2628 1524 principibus
2661 1455 2929 1509 nascentis
2954 1455 3207 1508 Ecclesiae
3234 1462 3344 1508 tota
3369 1454 3540 1508 Patris
3559 1452 3719 1508 Filii-

2121 1563 2225 1618 qne
2241 1548 2499 1602 Diviuitas
2530 1548 2582 1601 in
2612 1548 2899 1615 pratsentia
2921 1548 3089 1600 sancti
3109 1544 3345 1614 Spiritus
3362 1546 3716 1615 prmsidobat.

2123 1639 2228 1696 Sed
2259 1650 2445 1693 contra
2476 1640 2739 1694 instantes
2771 1641 3005 1708 impetus
3035 1640 3497 1707 persequentium,
3520 1647 3719 1693 contra

2124 1732 2360 1785 minaces
2379 1731 2625 1785 fremitus
2645 1729 2950 1799 impiorum,
2978 1744 3082 1783 non
3104 1730 3347 1797 corporis
3370 1728 3717 1792 fortitudine,

431 1806 768 1877 implentem,
799 1811 977 1864 omnia
999 1812 1389 1877 continentem,
1410 1823 1461 1866 et
1484 1827 1605 1866 cum
1628 1811 1789 1867 Patre
1804 1824 1857 1867 et
1879 1811 2019 1869 Filio
2050 1835 2097 1895 Β
2124 1837 2223 1877 nec
2250 1822 2430 1875 carnis
2460 1829 2576 1875 erat
2606 1821 2885 1875 saturitate
2929 1820 3274 1884 certandum;
3319 1833 3442 1875 cum
3471 1821 3571 1875 hoc
3596 1835 3721 1874 ma-

430 1900 679 1953 universa
714 1898 743 1937 ἀ
777 1901 1171 1969 moderantem,
1219 1903 1304 1957 cui
1342 1914 1425 1958 est
1458 1903 1629 1959 honor
1672 1915 1726 1960 et
1754 1905 1923 1975 gloria
1962 1906 2014 1962 in

432 1992 629 2046 saecula
657 1992 1003 2049 saeculorum.
1038 1996 1231 2049 Amen.

635 2109 796 2182 313
835 2109 1063 2165 SERMO
1104 2109 1360 2165 Lxxvut
1400 2111 1509 2185 [Αι.
1550 2111 1810 2186 LXXVI].

802 2209 827 2238 ο
867 2199 945 2254 De
980 2200 1191 2272 Jejunio
1230 2199 1557 2256 Pentecostes
1598 2202 1669 2276 1.]

433 2311 707 2369 Snorsts.
734 2343 807 2355 —
844 2313 882 2367 1.
919 2314 1164 2367 Instituta
1206 2331 1313 2369 esse
1351 2327 1558 2371 auctore
1598 2317 1800 2385 Spiritu
1837 2327 2015 2373 sancto

489 2386 720 2456 jejunio,
748 2396 803 2439 ut
832 2386 1070 2456 adversus
1094 2388 1326 2441 inimicos
1353 2405 1473 2441 suos
1496 2389 1774 2441 Christiani
1795 2390 2015 2444 validius

498 2454 801 2527 pugnarent.
834 2486 903 2497 ——
934 2457 993 2512 Il.
1026 2454 1217 2511 Contra
1246 2474 1363 2511 eum
1393 2460 1480 2527 qui
1508 2457 1635 2511 liber
1668 2471 1738 2513 est
1769 2476 1800 2512 α
1830 2476 2015 2513 carna-

500 2526 633 2579 libus
662 2528 947 2592 desideriis,
980 2529 1223 2581 inermem
1251 2545 1359 2582 esse
1380 2526 1657 2585 diabolum.
1680 2531 1855 2585 —ll|.
1884 2530 2016 2585 Post

500 2601 630 2666 festa
674 2599 961 2652 institutum
1007 2615 1113 2653 esse
1144 2600 1425 2670 Ieiunium,
1460 2611 1546 2666 ut,
1579 2611 1625 2653 et
1656 2600 1867 2654 illorum
1901 2606 2015 2671 fru-

499 2679 609 2740 ctus
632 2678 950 2740 permaneat,
984 2681 1032 2723 et
1063 2671 1320 2740 negligens
1349 2672 1485 2725 circa
1518 2671 1609 2724 illa
1640 2670 1910 2735 plectatur.
1941 2702 2013 2713 —

499 2738 586 2793 IV.
616 2737 846 2823 Jejunii,
878 2743 961 2794 cui
996 2737 1163 2795 comes
1193 2737 1266 2796 est
1300 2743 1684 2811 misericordia,
1730 2745 2011 2798 maximam

498 2826 604 2865 €888
630 2826 753 2866 tum.

495 2928 623 2985 Car.
667 2929 709 2984 Ι.
740 2958 811 2971 -
842 2928 1200 2995 Hodiernam,
1258 2928 1622 2998 dilectissimi,
1665 2928 2012 2986 festivitatem

498 3116 523 3143 ει
558 3107 632 3161 Ita
654 3106 936 3175 antiquiss.
956 3106 1077 3161 Vat.
1112 3123 1233 3163 cum
1264 3107 1475 3164 duobus
1504 3107 1625 3163 aliis
1655 3106 1927 3163 Vaticanis
1950 3118 2007 3165 et

425 3178 888 3250 primaeditione.
914 3179 1019 3243 AL,
1050 3195 1254 3250 negare.
1355 3227 1366 3235 .

496 3248 522 3286 δ
551 3248 689 3303 Editi
720 3263 842 3303 cum
873 3248 1188 3318 quibusdam
1238 3265 1398 3314 mss.,
1430 3249 1602 3303 delata
1628 3249 2001 3304 reconciliatio.

431 3316 781 3374 Correximus
807 3336 873 3374 ex
893 3316 1180 3389 antiquiss.
1208 3321 1327 3374 Vat.
1358 3331 1414 3375 et
1444 3319 1645 3374 Veron.

498 3400 523 3429 ε
550 3389 727 3445 Prima
748 3390 946 3445 editio:
983 3386 1112 3458 Qua:
1156 3392 1301 3445 habet
1342 3391 1524 3456 Pater,
1557 3390 1705 3444 habet
1734 3401 1781 3444 et
1807 3386 2000 3456 Filius,

423 3459 571 3529 habet
600 3470 645 3513 et
672 3461 902 3529 Spiritus
934 3462 1176 3517 Sanctus.

496 3528 523 3569 ἀ
559 3530 637 3585 ita
665 3516 730 3586 ei
756 3516 1039 3602 antiquiss.
1081 3533 1200 3586 Vat.
1236 3531 1446 3599 Vulgati
1490 3542 1616 3587 ante
1649 3528 1852 3598 Quesn.
1879 3546 2002 3585 cum
2030 3516 2078 3581 C

424 3616 556 3673 mss.
584 3602 802 3656 collect.
834 3606 1214 3670 posteriorum,
1252 3618 1342 3673 per
1370 3603 1577 3671 inﬁnita
1614 3604 1806 3657 stecula
1835 3619 1969 3656 strcn

422 3672 609 3726 lorum.
644 3675 822 3728 Amen.
853 3674 1173 3741 Quesnellus
1204 3672 1350 3741 vero,
1382 3675 1733 3728 moderantem
1759 3676 1811 3727 in
1843 3690 2005 3727 οωειιο

426 3744 497 3798 la.
537 3745 714 3797 Amen.

497 3825 521 3851 θ
547 3815 644 3870 Hic
689 3815 874 3871 titulus
919 3815 1200 3883 prmfertur
1242 3815 1293 3869 in
1333 3830 1458 3869 mss.
1495 3813 1553 3880 2,
1583 3817 1618 3871 5
1648 3823 1703 3869 et
1731 3813 2001 3870 5collect.

421 3882 479 3939 in
504 3888 671 3952 prima
703 3882 938 3941 editione
966 3895 1020 3940 et
1042 3902 1169 3942 mss.
1203 3890 1235 3942 '5
1261 3888 1475 3941 collect.
1503 3886 1591 3940 hic
1613 3901 1793 3941 sermo
1816 3888 2006 3940 inscri-

422 3954 708 4011 biturzbe
738 3954 1033 4011 Pentecoste
1078 3974 1241 4011 sermo
1288 3957 1375 4021 IV,
1424 3972 1652 4027 eumque
1693 3972 1822 4010 sane
1862 3957 2003 4011 idem

423 4028 689 4097 sermonis
720 4029 927 4081 initium
963 4030 1077 4097 ipso
1111 4028 1455 4083 Pentecostes
1489 4029 1575 4081 die
1607 4028 1844 4080 habitum
1878 4044 2004 4093 pro-

420 4097 516 4152 dit.
560 4096 617 4153 In
664 4114 764 4153 ms.
798 4096 1074 4153 Casinensi
1102 4101 1315 4152 collect.
1349 4102 1370 4152 i
1404 4100 1504 4152 sub
1540 4100 1729 4153 eodem
1766 4100 1917 4151 titulo
1943 4100 2007 4151 de

422 4167 616 4223 Sancto
646 4168 941 4223 Ρεηιεσοειε
988 4180 1274 4223 censentur
1303 4185 1491 4223 omnes
1520 4172 1680 4223 etiam
1726 4184 2004 4223 sermones

421 4248 708 4307 sequentes
735 4242 790 4305 Ξ,
817 4242 850 4295 5
869 4250 923 4295 et
942 4242 975 4296 4
1004 4243 1065 4293 de
1091 4238 1300 4309 Jejunio
1324 4238 1647 4293 Pentecostes
1663 4256 1682 4305 ;
1706 4241 2004 4309 similisque

419 4312 587 4364 codex
618 4313 823 4365 exstitit
849 4313 988 4376 apud
1034 4312 1409 4380 Micrologum;
1456 4313 1652 4379 quippe
1695 4311 1763 4364 de
1794 4311 2000 4365 Eceles.

418 4380 694 4435 observan
726 4397 844 4450 cap.
882 4384 954 4437 95
992 4383 1048 4437 S.
1090 4383 1283 4436 Leonis
1328 4383 1648 4436 Sermonum
1698 4396 2005 4436 memorans

420 4450 636 4515 librum,
670 4454 837 4520 plures
867 4453 931 4507 de
962 4452 1261 4507 Pentecoste
1300 4454 1353 4504 in
1378 4454 1590 4507 diversis
1632 4454 1781 4505 annis
1824 4455 2006 4522 fecisse

420 4524 605 4576 tradit.
642 4524 713 4576 Ex
747 4539 877 4577 voce
907 4534 1083 4577 autem
1119 4524 1288 4585 plures
1315 4532 1458 4590 patet
1480 4525 1534 4576 in
1566 4540 1630 4575 eo
1658 4539 1757 4575 ms.
1792 4523 2004 4577 Sermo-

420 4608 543 4644 num
583 4593 714 4644 libro
744 4608 934 4648 omnes
976 4608 1255 4648 sermones
1301 4595 1367 4646 de
1404 4593 1615 4661 Jejuuio
1654 4591 2003 4648 Pentecostes

420 4663 521 4715 sub
546 4663 698 4715 titulo
735 4664 799 4717 de
823 4663 1119 4717 Pentecoste
1150 4666 1311 4718 luisse
1346 4665 1786 4731 comprehensos.
1831 4665 2004 4716 (laete-

419 4746 538 4785 rum
578 4735 678 4787 hoc
710 4735 969 4803 jejunium
1014 4735 1152 4788 intra
1180 4735 1525 4789 Pentecostes
1554 4744 1797 4787 octavam
1845 4748 2001 4800 pera-

419 4813 565 4856 Ctum
608 4805 825 4873 antiqua
868 4804 1135 4859 locutiOue
1188 4806 1473 4858 vocabatur
1505 4804 1771 4875 jejunium
1817 4807 2003 4859 mensis

417 4875 620 4941 quarti;
652 4877 725 4928 uti
756 4876 1003 4930 similiter
1034 4878 1085 4928 in
1111 4876 1482 4944 antiquissimo
1507 4875 1941 4927 Sacramentario
1971 4891 2002 4930 e

418 4946 794 5013 tttattnscriptis
827 4946 1045 5010 capituli
1078 4944 1403 5000 Veronensis
1442 4944 1587 4999 edito
1618 4958 1645 4995 a
1678 4944 1736 4997 P.
1766 4945 2002 5009 Joscpho

420 5014 734 5070 Blanchinio
773 5030 837 5070 ac
876 5016 1042 5071 Leoni
1081 5018 1355 5087 altribtlio,
1403 5017 1564 5070 missa
1600 5014 1765 5087 rhnjtts
1810 5015 2001 5083 jejttnii

418 5088 633 5153 propria
675 5086 855 5157 (cujus
895 5087 1098 5158 aliquot
1144 5086 1337 5142 nedum
1380 5086 1683 5158 sententiae,
1718 5087 1811 5140 sed
1842 5087 2000 5141 etiam

416 5158 597 5224 verba,
625 5156 748 5212 cum
776 5156 1053 5212 sententiis
1078 5170 1131 5214 et
1156 5159 1334 5213 verbis
1364 5159 1520 5225 primi
1555 5156 1710 5225 hujus
1734 5159 2001 5211 sermonis

418 5229 574 5294 plane
614 5230 961 5292 conveniunt,
995 5238 1051 5282 ut
1081 5230 1301 5283 inferius
1327 5231 1437 5282 suis
1465 5228 1515 5281 iu
1561 5229 1689 5281 locis
1721 5230 2004 5281 annotabi-

417 5300 558 5369 mus)
589 5298 857 5368 profertur
893 5301 994 5354 sub
1026 5300 1201 5361 tilttlo.
1249 5298 1315 5353 In
1346 5300 1550 5369 jejunio
1587 5300 1771 5352 mensis
1809 5300 1999 5369 quarti.

415 5372 517 5437 Qui
540 5368 734 5426 titulus
761 5373 962 5440 pariter
998 5381 1244 5425 servatur
1284 5368 1355 5424 iu’
1380 5368 1814 5424 Sacramentario
1839 5368 1998 5424 Gela-

415 5445 569 5496 siauo
615 5442 905 5498 cardiua‘lis
939 5441 1213 5496 Thomasii
1245 5441 1335 5494 lib.
1370 5456 1407 5506 l,
1460 5456 1607 5493 num.
1642 5441 1732 5503 83,
1764 5457 1860 5494 nec
1891 5456 1995 5494 non

415 5513 469 5568 in
498 5510 849 5582 Gregoriano,
874 5514 1015 5582 quod
1040 5529 1104 5567 ex
1125 5512 1334 5567 duobus
1360 5510 1593 5579 antiquis
1621 5520 1673 5564 et
1697 5512 1998 5578 purioribus

418 5531 469 5568 Ill
498 5531 603 5569 ure
639 5531 849 5580 01⁸13110,
874 5531 1015 5582 quoa
1040 5531 1104 5567 ΘΧ
1125 5531 1334 5567 (11100115
1360 5531 1593 5579 anuqu
1621 5531 1673 5564 ('l
1697 5531 1997 5578 pUI'IOI'IDUS

418 5598 548 5638 mss.
584 5531 901 5639 hinratorius
934 5586 1121 5639 edidit.
1155 5583 1285 5637 lliuc
1325 5583 1662 5651 sequentium
1693 5583 1853 5636 etiam
1883 5596 1997 5636 ser-

415 5670 634 5710 monum
660 5656 841 5711 titulus
867 5657 935 5725 (si
956 5655 1017 5728 de
1038 5653 1395 5728 Jejunioolim
1424 5653 1667 5728 inscripti
1683 5654 1994 5728 credantur,

416 5736 607 5795 etnon
650 5734 822 5795 potius
859 5721 923 5780 de
957 5721 1273 5794 Pentecoste)
1320 5724 1406 5779 hic
1434 5722 1641 5778 videtur
1680 5724 1840 5778 fuisse
1872 5743 1885 5778 :
1924 5721 1999 5778 De

415 5794 625 5860 Ieiunia
655 5799 842 5854 mensis
866 5799 1059 5870 quarti,
1089 5807 1146 5855 ut
1166 5797 1259 5855 alii
1280 5795 1507 5854 aliorum
1539 5801 1769 5865 quatuor
1796 5804 2001 5866 tempo-

2122 1914 2267 1969 xime
2316 1912 2548 1967 hominis
2586 1910 2841 1965 interiora
2878 1921 3209 1980 corrumpat,
3260 1910 3401 1980 quod
3440 1912 3716 1967 exteriora

2122 2008 2391 2073 delectat;
2440 2017 2495 2063 et
2532 2014 2683 2061 tanto
2723 2005 2813 2060 ﬁat
2862 2005 3140 2061 rationalis
3188 2005 3367 2060 anima
3415 2004 3720 2076 purgatior,

2122 2110 2329 2171 quanto
2356 2100 2511 2155 fuerit
2539 2100 2835 2153 substantia
2864 2100 3043 2153 carnis
3071 2097 3339 2153 afﬂictior.

2192 2190 2324 2246 Car.
2366 2190 2429 2245 ll.
2457 2220 2529 2232 -
2561 2192 2622 2245 lli
2670 2192 2850 2261 itaque
2896 2191 3168 2256 doctores,
3217 2192 3306 2262 qui
3355 2191 3616 2261 exemplis
3657 2201 3722 2247 et

2124 2285 2505 2340 traditionibus
2550 2282 2664 2337 suis
2689 2298 2881 2339 omnes
2916 2284 3169 2338 Ecclesia:
3197 2282 3336 2339 ﬁlios
3379 2284 3716 2352 imbuerunt,

2121 2355 2430 2431 tirocinium
2470 2375 2494 2410 δ
2542 2374 2744 2428 militia:
2789 2373 3096 2429 christiana:
3142 2377 3343 2430 sanctis
3388 2376 3721 2433 inchoavere

2118 2469 2339 2539 jejuniis
2380 2487 2392 2521 :
2431 2479 2492 2523 ut
2535 2478 2719 2522 contra
2760 2467 3032 2534 spiritales
3081 2470 3349 2539 nequitias
3399 2472 3715 2541 pugnaturi,

2122 2560 2465 2615 abstinentiae
2506 2574 2651 2614 arma
2684 2557 2698 2596 ί
2726 2571 3002 2628 caperent,
3028 2560 3221 2629 quibus
3246 2561 3496 2617 vitiorum
3522 2563 3722 2620 incen-

2120 2657 2231 2708 tiva
2280 2663 2611 2708 truncareut.
2659 2652 2963 2709 Invisibiles
3016 2656 3161 2709 enim
3206 2656 3496 2711 adversarii
3538 2668 3592 2712 et
3626 2662 3721 2713 ln-

2120 2746 2429 2812 corporales
2448 2746 2633 2801 hostes
2656 2762 2758 2799 non
2778 2755 2934 2800 erunt
2950 2753 3138 2801 contra
3160 2761 3259 2801 nos
3278 2748 3462 2817 validi,
3483 2748 3528 2803 si
3544 2749 3717 2804 nullis

2116 2837 2420 2893 carnalibus
2467 2835 2753 2891 desideriis
2801 2838 3059 2892 fuerimus
3110 2840 3371 2894 immersi.
3430 2838 3715 2911 Cupiditas

2115 2930 2332 3002 quidem
2365 2930 2592 2986 nocendi
2621 2931 2671 2983 in
2706 2942 2976 2987 tentatore
3015 2942 3273 3013 perpetua
3300 2943 3403 3000 est,
3436 2936 3528 2990 sed
3559 2936 3711 2990 iner-

2109 3124 2226 3181 rum
2248 3124 2528 3163 sermones
2544 3108 2934 3163 inscribuntur:
2958 3108 3256 3181 Delejunio
3272 3112 3457 3166 mensis
3471 3116 3704 3181 septimi,

2110 3180 2198 3234 vel
2226 3180 2431 3233 decimi.
2470 3182 2600 3234 Sine
2631 3181 2736 3233 ulla
2768 3195 2896 3235 vero
2927 3180 3243 3237 auctoritate
3286 3180 3533 3238 codicum
3567 3180 3708 3241 nihil

2118 3251 2406 3305 immutare
2431 3252 2717 3303 voluimus.

2186 3320 2205 3359 ί
2232 3339 2251 3372 ι
2281 3320 2372 3373 Vel
2390 3320 2507 3375 haec
2525 3320 2721 3375 Leonis
2736 3322 2919 3393 verba.
2938 3321 3111 3393 inquit
3129 3322 3178 3376 in
3196 3324 3709 3393 annotationeQue—

2108 3394 2334 3464 snellus,
2369 3394 2706 3464 transcripsit
2748 3391 2985 3446 Ecclesia
3017 3393 3071 3446 iu
3115 3395 3340 3447 collecta
3374 3411 3491 3464 quae
3525 3391 3708 3464 primo

2106 3462 2546 3531 Quadragesimm
2576 3463 2800 3516 sabbato
2833 3464 3055 3527 legitur,
3106 3465 3186 3518 vel
3212 3464 3322 3533 jam
3354 3462 3483 3520 tunc
3513 3462 3563 3521 in
3598 3483 3704 3522 usu

2109 3543 2226 3587 erat
2254 3534 2341 3586 illa
2372 3535 2601 3588 collecta
2647 3533 2698 3587 iu
2739 3534 2931 3588 ofﬁciis
2970 3534 3369 3598 ecclesiasticis.
3415 3538 3553 3592 unde
3582 3538 3705 3595 haec

2110 3605 2273 3659 verba
2309 3615 2581 3658 mutuatus
2607 3604 2675 3658 sit
2705 3614 2891 3658 auctor
2919 3615 3121 3659 noster.
3158 3605 3235 3659 Ex
3266 3607 3527 3661 alterutro
3546 3610 3709 3664 colli-

2108 3676 2252 3743 gitur
2280 3676 2361 3727 vel
2406 3690 2514 3746 quo
2561 3680 2612 3729 in
2656 3685 2828 3745 pretio
2870 3677 2941 3727 sit
2967 3674 3025 3730 S.
3061 3674 3169 3729 Leo
3214 3677 3265 3728 in
3304 3679 3564 3737 Ecclesia.
3614 3680 3703 3735 vel

2108 3762 2267 3817 quam
2296 3748 2529 3814 antiqua:
2554 3747 2941 3817 sinticollecue
2970 3748 3162 3815 quibus
3190 3746 3351 3817 hodie
3392 3751 3567 3803 utitur
3589 3750 3704 3805 Ec-

2108 3816 2271 3872 clesia
2296 3819 2349 3870 in
2379 3819 2569 3871 divinis
2594 3816 2820 3871 Ofﬁciis.
2854 3834 2873 3869 ι
2905 3816 3091 3872 Verius
3111 3816 3294 3872 S.Leo
3316 3820 3703 3875 nonnullarum

2108 3889 2413 3942 orationum
2437 3905 2554 3955 qua:
2577 3888 2821 3955 leguntur
2852 3888 2902 3940 in
2928 3887 3124 3941 divinis
3151 3888 3344 3941 officiis
3365 3900 3552 3943 auctor
3577 3890 3702 3957 fuit,

2111 3972 2166 4011 ut
2199 3969 2339 4026 patet
2369 3974 2430 4011 ex
2458 3958 2831 4023 attlitttliSsitlto
2856 3958 3289 4013 Sacramentario
3316 3965 3561 4027 superius
3588 3978 3706 4016 tue-

2111 4041 2350 4092 morato;
2375 4029 2515 4097 quod
2543 4031 2585 4082 si
2615 4046 2718 4082 nnlt
2747 4037 2829 4081 est
2850 4030 3071 4099 omnino
3086 4030 3142 4085 S.
3164 4029 3377 4096 Leonis,
3398 4046 3503 4083 non
3528 4047 3701 4099 pauca

2111 4110 2288 4153 tamen
2318 4100 2598 4154 continere
2632 4100 2841 4153 videtur
2866 4116 2893 4151 a
2921 4098 3099 4153 Leme
3132 4101 3407 4154 lucubrata
3436 4114 3487 4155 et
3521 4104 3574 4156 in
3597 4118 3703 4158 usn

2109 4184 2388 4223 sacrorum
2437 4170 2734 4223 ofﬁciorum
2784 4182 3018 4239 recepta,
3053 4172 3189 4224 utin
3233 4172 3601 4227 admonitione
3629 4174 3701 4229 ad

2110 4241 2247 4294 idem
2281 4240 2769 4296 Sacramentarium
2804 4252 2947 4291 tumo
2978 4240 3020 4294 11
3045 4241 3381 4295 ostendetur.
3415 4242 3557 4296 Inter
3584 4248 3703 4300 haec

2108 4320 2193 4365 est
2216 4313 2386 4365 oratio
2413 4328 2533 4381 qua:
2565 4328 2703 4365 nunc
2741 4312 2931 4377 legitur
2969 4312 3018 4364 in
3060 4312 3230 4379 primo
3259 4312 3702 4382 Quadragesimaz

2108 4382 2362 4449 sabbato;
2401 4395 2452 4434 at
2481 4384 2534 4435 in
2557 4398 2621 4435 eo
2650 4382 3084 4454 Sacramentario
3116 4383 3327 4450 ponitui'
3356 4399 3369 4437 :
3398 4381 3464 4437 In
3484 4384 3704 4454 Jejunio

2107 4456 2291 4524 mensis
2317 4455 2508 4522 quarti,
2539 4453 2587 4505 id
2619 4464 2700 4506 est
2742 4453 2793 4503 in
2817 4452 3020 4524 jejunio
3050 4452 3416 4516 Pentecostes,
3450 4455 3513 4507 ad
3542 4452 3695 4524 quod

2108 4523 2194 4577 hic
2223 4539 2433 4591 quoque
2464 4539 2643 4576 sermo
2678 4526 2933 4590 pertinet.
2977 4523 3162 4576 Oratio
3200 4534 3378 4577 autem
3411 4524 3462 4577 in
3500 4523 3700 4581 eodem

2108 4593 2538 4647 Sacratnentat'io
2568 4603 2649 4646 est
2678 4596 2792 4645 hinc
2821 4612 2831 4643 :
2867 4593 2910 4645 Α
2931 4595 3078 4655 lesto,
3107 4592 3347 4659 Domine,
3372 4596 3700 4665 supplicibus

2108 4666 2226 4729 tuis,
2256 4678 2309 4717 ut
2339 4666 2445 4737 hoc,
2460 4665 2987 4737 solemnejcjunium,
3005 4666 3140 4730 quod
3162 4666 3349 4737 animis
3366 4666 3705 4737 corporibus-

2106 4750 2201 4802 que
2232 4735 2473 4787 curandis
2512 4734 2786 4788 salubriter
2826 4735 3115 4788 institutum
3156 4745 3252 4800 est,
3284 4734 3464 4789 devoto
3492 4739 3704 4792 servitio

2108 4804 2431 4858 celebremus.

2182 4885 2207 4921 κ
2243 4876 2404 4939 liditi,
2440 4877 2661 4945 quippe;
2706 4876 2799 4929 sed
2837 4874 3030 4929 melius
3059 4891 3124 4929 ex
3156 4875 3496 4931 Lectionario
3528 4877 3703 4933 Vero.

2108 4948 2282 5016 nensi,
2315 4947 2540 5016 quidem,
2570 4956 2624 4999 ut
2648 4949 2983 5013 subsequens
3009 4956 3291 5000 contextus
3324 4947 3585 5002 ostendit.

2179 5012 2208 5052 ιι
2235 5016 2290 5070 lu
2325 5012 3005 5082 landatoSacramentario,
3030 5016 3081 5070 in
3105 5019 3203 5069 alia
3232 5019 3393 5071 missa
3417 5018 3469 5070 in
3485 5018 3707 5088 Jejunio

2108 5089 2294 5141 mensis
2322 5089 2486 5150 quarti
2510 5088 2610 5140 alia
2639 5090 2814 5141 oratio
2834 5102 2899 5141 ex
2926 5088 3006 5140 his
3034 5089 3211 5142 verbis
3234 5090 3471 5141 derivata
3497 5104 3705 5153 cogno-

2107 5156 2560 5213 scitur:Coucede
2586 5159 2751 5223 nobis,
2787 5157 3021 5221 Domine,
3057 5159 3299 5229 prtest'dia
3332 5160 3526 5214 militia!
3552 5160 3707 5215 Chri-

2108 5230 2262 5281 tiam:
2283 5231 2470 5283 sanctis
2502 5230 2741 5283 inchoare
2760 5229 3000 5301 jejuniis,
3034 5241 3085 5281 ut
3118 5240 3292 5282 contra
3322 5230 3577 5299 spiritales
3609 5248 3709 5284 ne-

2106 5301 2291 5369 quitias
2322 5302 2619 5369 pugnaturi.
2644 5303 2970 5353 continentur
3001 5302 3295 5353 muniantur
3315 5302 3543 5354 auxiliis.
3574 5302 3709 5358 Haec

2108 5374 2294 5425 eadem
2324 5374 2495 5425 oratio
2526 5375 2578 5425 in
2601 5372 2943 5426 Gelasianum
2974 5370 3122 5424 card.
3150 5371 3421 5424 Thomasii
3453 5372 3704 5427 codicem

2112 5444 2346 5495 traducta
2386 5444 2580 5511 legitur
2614 5442 2701 5494 lih.
2740 5457 2777 5507 ι,
2811 5456 2959 5494 num.
2984 5441 3072 5496 85.
3101 5440 3243 5509 Mox,
3271 5442 3461 5495 sanctis
3484 5443 3710 5495 inc/tua-

2107 5527 2220 5565 uere
2239 5514 2483 5583 jejuniis,
2512 5511 2654 5581 quod
2681 5528 2798 5565 cum
2828 5514 3049 5565 recitata
3092 5514 3337 5566 oratione
3365 5514 3526 5580 magis
3566 5530 3709 5566 con-

2106 5582 2272 5649 venit,
2307 5583 2629 5652 scripsimus
2661 5598 2723 5636 ex
2750 5598 2850 5634 ms.
2881 5582 3220 5636 Lectionario
3248 5584 3566 5645 Vernaensi,
3602 5600 3708 5647 pro

2107 5668 2174 5707 eo
2189 5656 2339 5726 quod
2361 5655 2707 5726 legebaturin
2732 5654 2913 5726 editis.
2936 5656 3349 5726 sanctisjejuniis
3363 5655 3705 5726 inchoaruut.

2185 5723 2201 5762 ί
2239 5725 2364 5780 Mss.
2397 5725 2673 5797 collect.‘5
2700 5733 2754 5777 et
2777 5724 2809 5797 _5
2833 5735 2991 5797 atque
3022 5723 3285 5780 editiones
3312 5731 3437 5778 ante
3463 5723 3704 5797 Quesn.,

2106 5805 2367 5867 raperent.
2398 5796 2493 5853 Ms.
2526 5795 2741 5853 collect.
2767 5794 2824 5863 4,
2854 5796 3157 5866 reciperent.
