  <div class='ocr_page' id='page_1' title='image "/cluster/home/n/w/nwhite01/storage/ocr_20150623/54/hvd.32044015471584/212.png"; bbox 0 0 3980 6352; ppageno 0'>
   <div class='ocr_carea' id='block_1_1' title="bbox 236 402 351 460">
    <p class='ocr_par' dir='ltr' id='par_1_1' title="bbox 236 402 351 460">
     <span class='ocr_line' id='line_1_1' title="bbox 236 402 351 460; baseline -0.009 0"><span class='ocrx_word' id='word_1_1' title='bbox 236 402 351 460; x_wconf 68' lang='grc'><strong>417</strong></span> 
     </span>
    </p>
   </div>
   <div class='ocr_carea' id='block_1_2' title="bbox 1622 383 2132 446">
    <p class='ocr_par' dir='ltr' id='par_1_2' title="bbox 1622 383 2132 446">
     <span class='ocr_line' id='line_1_2' title="bbox 1622 383 2132 446; baseline -0.012 0"><span class='ocrx_word' id='word_1_2' title='bbox 1622 384 1856 446; x_wconf 80' lang='lat' dir='ltr'><strong>SERMO</strong></span> <span class='ocrx_word' id='word_1_3' title='bbox 1893 383 2132 440; x_wconf 77' lang='lat' dir='ltr'><strong>LXXIX.</strong></span> 
     </span>
    </p>
   </div>
   <div class='ocr_carea' id='block_1_3' title="bbox 3421 380 3529 435">
    <p class='ocr_par' dir='ltr' id='par_1_3' title="bbox 3421 380 3529 435">
     <span class='ocr_line' id='line_1_3' title="bbox 3421 380 3529 435; baseline 0.019 -3"><span class='ocrx_word' id='word_1_4' title='bbox 3421 380 3529 435; x_wconf 75' lang='lat' dir='ltr'><strong>sis</strong></span> 
     </span>
    </p>
   </div>
   <div class='ocr_carea' id='block_1_4' title="bbox 235 491 3531 583">
    <p class='ocr_par' dir='ltr' id='par_1_4' title="bbox 235 491 3531 583">
     <span class='ocr_line' id='line_1_4' title="bbox 235 491 3531 583; baseline -0.008 -11"><span class='ocrx_word' id='word_1_5' title='bbox 235 517 352 572; x_wconf 83' lang='lat' dir='ltr'><strong>mis</strong></span> <span class='ocrx_word' id='word_1_6' title='bbox 370 524 534 583; x_wconf 84' lang='lat' dir='ltr'><strong>atque</strong></span> <span class='ocrx_word' id='word_1_7' title='bbox 561 511 810 567; x_wconf 80' lang='lat' dir='ltr'><strong>inefﬁcax</strong></span> <span class='ocrx_word' id='word_1_8' title='bbox 837 509 965 575; x_wconf 91' lang='lat' dir='ltr'><strong>erit,</strong></span> <span class='ocrx_word' id='word_1_9' title='bbox 991 510 1037 564; x_wconf 88' lang='lat' dir='ltr'><strong>si</strong></span> <span class='ocrx_word' id='word_1_10' title='bbox 1063 506 1198 563; x_wconf 86' lang='lat' dir='ltr'><strong>nihil</strong></span> <span class='ocrx_word' id='word_1_11' title='bbox 1225 506 1279 560; x_wconf 93' lang='lat' dir='ltr'><strong>in</strong></span> <span class='ocrx_word' id='word_1_12' title='bbox 1303 503 1461 560; x_wconf 90' lang='lat' dir='ltr'><strong>nobis</strong></span> <span class='ocrx_word' id='word_1_13' title='bbox 1484 501 1625 557; x_wconf 91' lang='lat' dir='ltr'><strong>unde</strong></span> <span class='ocrx_word' id='word_1_14' title='bbox 1649 510 1833 557; x_wconf 90' lang='lat' dir='ltr'><strong>contra</strong></span> <span class='ocrx_word' id='word_1_15' title='bbox 1861 497 1915 557; x_wconf 76' lang='grc' dir='ltr'><strong>Α</strong></span> <span class='ocrx_word' id='word_1_16' title='bbox 1943 495 2202 550; x_wconf 88' lang='lat' dir='ltr'><strong>fructibus</strong></span> <span class='ocrx_word' id='word_1_17' title='bbox 2222 508 2345 549; x_wconf 89' lang='lat' dir='ltr'><strong>esse</strong></span> <span class='ocrx_word' id='word_1_18' title='bbox 2375 491 2607 551; x_wconf 84' lang='lat' dir='ltr'><strong>fecundi.</strong></span> <span class='ocrx_word' id='word_1_19' title='bbox 2641 491 2911 564; x_wconf 85' lang='lat' dir='ltr'><strong>Quidquid</strong></span> <span class='ocrx_word' id='word_1_20' title='bbox 2942 491 3086 547; x_wconf 92' lang='lat' dir='ltr'><strong>enim</strong></span> <span class='ocrx_word' id='word_1_21' title='bbox 3129 491 3183 547; x_wconf 91' lang='lat' dir='ltr'><strong>in</strong></span> <span class='ocrx_word' id='word_1_22' title='bbox 3212 491 3363 548; x_wconf 88' lang='lat' dir='ltr'><strong>cibos</strong></span> <span class='ocrx_word' id='word_1_23' title='bbox 3392 508 3531 563; x_wconf 82' lang='lat' dir='ltr'><strong>pau-</strong></span> 
     </span>
    </p>
   </div>
   <div class='ocr_carea' id='block_1_5' title="bbox 239 592 1839 679">
    <p class='ocr_par' dir='ltr' id='par_1_5' title="bbox 239 592 1839 679">
     <span class='ocr_line' id='line_1_5' title="bbox 239 592 1839 679; baseline -0.013 -14"><span class='ocrx_word' id='word_1_24' title='bbox 239 627 351 665; x_wconf 76' lang='lat' dir='ltr'><strong>Dus</strong></span> <span class='ocrx_word' id='word_1_25' title='bbox 384 616 582 679; x_wconf 88' lang='lat' dir='ltr'><strong>pugnet</strong></span> <span class='ocrx_word' id='word_1_26' title='bbox 621 605 909 659; x_wconf 88' lang='lat' dir='ltr'><strong>invenerit.</strong></span> <span class='ocrx_word' id='word_1_27' title='bbox 940 601 1073 670; x_wconf 82' lang='lat' dir='ltr'><strong>Quis</strong></span> <span class='ocrx_word' id='word_1_28' title='bbox 1111 609 1294 655; x_wconf 88' lang='lat' dir='ltr'><strong>autem</strong></span> <span class='ocrx_word' id='word_1_29' title='bbox 1338 600 1439 651; x_wconf 88' lang='lat' dir='ltr'><strong>hac</strong></span> <span class='ocrx_word' id='word_1_30' title='bbox 1476 592 1650 666; x_wconf 88' lang='lat' dir='ltr'><strong>fragili</strong></span> <span class='ocrx_word' id='word_1_31' title='bbox 1676 606 1839 649; x_wconf 83' lang='lat' dir='ltr'><strong>carne</strong></span> 
     </span>
    </p>
   </div>
   <div class='ocr_carea' id='block_1_6' title="bbox 237 686 1840 758">
    <p class='ocr_par' dir='ltr' id='par_1_6' title="bbox 237 686 1840 758">
     <span class='ocr_line' id='line_1_6' title="bbox 237 686 1840 758; baseline -0.012 -2"><span class='ocrx_word' id='word_1_32' title='bbox 237 702 635 758; x_wconf 80' lang='lat' dir='ltr'><strong>circumdatus,</strong></span> <span class='ocrx_word' id='word_1_33' title='bbox 684 706 741 751; x_wconf 85' lang='lat' dir='ltr'><strong>et</strong></span> <span class='ocrx_word' id='word_1_34' title='bbox 776 695 829 749; x_wconf 93' lang='lat' dir='ltr'><strong>in</strong></span> <span class='ocrx_word' id='word_1_35' title='bbox 870 696 971 747; x_wconf 87' lang='lat' dir='ltr'><strong>isto</strong></span> <span class='ocrx_word' id='word_1_36' title='bbox 1002 693 1191 746; x_wconf 88' lang='lat' dir='ltr'><strong>mortis</strong></span> <span class='ocrx_word' id='word_1_37' title='bbox 1222 704 1451 757; x_wconf 92' lang='lat' dir='ltr'><strong>corpore</strong></span> <span class='ocrx_word' id='word_1_38' title='bbox 1492 686 1840 748; x_wconf 90' lang='lat' dir='ltr'><strong>constitutus,</strong></span> 
     </span>
    </p>
   </div>
   <div class='ocr_carea' id='block_1_7' title="bbox 241 774 1846 859">
    <p class='ocr_par' dir='ltr' id='par_1_7' title="bbox 241 774 1846 859">
     <span class='ocr_line' id='line_1_7' title="bbox 241 774 1846 859; baseline -0.012 -12"><span class='ocrx_word' id='word_1_39' title='bbox 241 795 417 847; x_wconf 84' lang='lat' dir='ltr'><strong>etiam</strong></span> <span class='ocrx_word' id='word_1_40' title='bbox 452 791 541 859; x_wconf 89' lang='lat' dir='ltr'><strong>qui</strong></span> <span class='ocrx_word' id='word_1_41' title='bbox 574 791 798 842; x_wconf 89' lang='lat' dir='ltr'><strong>multum</strong></span> <span class='ocrx_word' id='word_1_42' title='bbox 828 794 856 823; x_wconf 84' lang='grc' dir='ltr'><strong>ι</strong></span> <span class='ocrx_word' id='word_1_43' title='bbox 887 784 1169 854; x_wconf 76' lang='lat' dir='ltr'><strong>validoque</strong></span> <span class='ocrx_word' id='word_1_44' title='bbox 1191 779 1506 852; x_wconf 86' lang='lat' dir='ltr'><strong>profecerit,</strong></span> <span class='ocrx_word' id='word_1_45' title='bbox 1548 778 1618 832; x_wconf 91' lang='lat' dir='ltr'><strong>ita</strong></span> <span class='ocrx_word' id='word_1_46' title='bbox 1644 778 1753 845; x_wconf 87' lang='lat' dir='ltr'><strong>jam</strong></span> <span class='ocrx_word' id='word_1_47' title='bbox 1778 774 1846 829; x_wconf 89' lang='lat' dir='ltr'><strong>de</strong></span> 
     </span>
    </p>
   </div>
   <div class='ocr_carea' id='block_1_8' title="bbox 236 867 1850 943">
    <p class='ocr_par' dir='ltr' id='par_1_8' title="bbox 236 867 1850 943">
     <span class='ocr_line' id='line_1_8' title="bbox 236 867 1850 943; baseline -0.011 -4"><span class='ocrx_word' id='word_1_48' title='bbox 236 900 345 939; x_wconf 79' lang='lat' dir='ltr'><strong>sua</strong></span> <span class='ocrx_word' id='word_1_49' title='bbox 372 886 547 937; x_wconf 86' lang='lat' dir='ltr'><strong>salute</strong></span> <span class='ocrx_word' id='word_1_50' title='bbox 577 893 802 935; x_wconf 90' lang='lat' dir='ltr'><strong>securus</strong></span> <span class='ocrx_word' id='word_1_51' title='bbox 845 878 936 943; x_wconf 92' lang='lat' dir='ltr'><strong>sit,</strong></span> <span class='ocrx_word' id='word_1_52' title='bbox 985 887 1039 930; x_wconf 89' lang='lat' dir='ltr'><strong>ut</strong></span> <span class='ocrx_word' id='word_1_53' title='bbox 1070 872 1099 913; x_wconf 71' lang='grc' dir='ltr'>δ</span> <span class='ocrx_word' id='word_1_54' title='bbox 1125 874 1193 928; x_wconf 92' lang='lat' dir='ltr'><strong>ab</strong></span> <span class='ocrx_word' id='word_1_55' title='bbox 1218 874 1456 926; x_wconf 91' lang='lat' dir='ltr'><strong>omnium</strong></span> <span class='ocrx_word' id='word_1_56' title='bbox 1489 884 1548 925; x_wconf 90' lang='lat' dir='ltr'><strong>se</strong></span> <span class='ocrx_word' id='word_1_57' title='bbox 1574 867 1850 923; x_wconf 86' lang='lat' dir='ltr'><strong>illecebra-</strong></span> 
     </span>
    </p>
   </div>
   <div class='ocr_carea' id='block_1_9' title="bbox 239 958 1848 1041">
    <p class='ocr_par' dir='ltr' id='par_1_9' title="bbox 239 958 1848 1041">
     <span class='ocr_line' id='line_1_9' title="bbox 239 958 1848 1041; baseline -0.009 -12"><span class='ocrx_word' id='word_1_58' title='bbox 239 992 377 1029; x_wconf 83' lang='lat' dir='ltr'><strong>rum</strong></span> <span class='ocrx_word' id='word_1_59' title='bbox 403 973 642 1041; x_wconf 84' lang='lat' dir='ltr'><strong>periculo</strong></span> <span class='ocrx_word' id='word_1_60' title='bbox 661 972 848 1026; x_wconf 89' lang='lat' dir='ltr'><strong>credat</strong></span> <span class='ocrx_word' id='word_1_61' title='bbox 869 965 1139 1023; x_wconf 79' lang='lat' dir='ltr'><strong>alienum?</strong></span> <span class='ocrx_word' id='word_1_62' title='bbox 1165 965 1337 1020; x_wconf 89' lang='lat' dir='ltr'><strong>Donet</strong></span> <span class='ocrx_word' id='word_1_63' title='bbox 1364 964 1487 1018; x_wconf 90' lang='lat' dir='ltr'><strong>licet</strong></span> <span class='ocrx_word' id='word_1_64' title='bbox 1514 962 1715 1015; x_wconf 79' lang='lat' dir='ltr'><strong>sanctis</strong></span> <span class='ocrx_word' id='word_1_65' title='bbox 1734 958 1848 1014; x_wconf 82' lang='lat' dir='ltr'><strong>suis</strong></span> 
     </span>
    </p>
   </div>
   <div class='ocr_carea' id='block_1_10' title="bbox 238 1052 1850 1137">
    <p class='ocr_par' dir='ltr' id='par_1_10' title="bbox 238 1052 1850 1137">
     <span class='ocr_line' id='line_1_10' title="bbox 238 1052 1850 1137; baseline -0.011 -13"><span class='ocrx_word' id='word_1_66' title='bbox 238 1068 628 1137; x_wconf 81' lang='lat' dir='ltr'><strong>quotidianam</strong></span> <span class='ocrx_word' id='word_1_67' title='bbox 656 1064 828 1135; x_wconf 88' lang='lat' dir='ltr'><strong>gratia</strong></span> <span class='ocrx_word' id='word_1_68' title='bbox 858 1062 1039 1118; x_wconf 87' lang='lat' dir='ltr'><strong>divina</strong></span> <span class='ocrx_word' id='word_1_69' title='bbox 1080 1058 1385 1123; x_wconf 88' lang='lat' dir='ltr'><strong>victoriam,</strong></span> <span class='ocrx_word' id='word_1_70' title='bbox 1427 1070 1536 1109; x_wconf 90' lang='lat' dir='ltr'><strong>non</strong></span> <span class='ocrx_word' id='word_1_71' title='bbox 1570 1052 1746 1108; x_wconf 83' lang='lat' dir='ltr'><strong>aufert</strong></span> <span class='ocrx_word' id='word_1_72' title='bbox 1768 1059 1850 1107; x_wconf 85' lang='lat' dir='ltr'><strong>ta-</strong></span> 
     </span>
    </p>
   </div>
   <div class='ocr_carea' id='block_1_11' title="bbox 240 1150 1851 1224">
    <p class='ocr_par' dir='ltr' id='par_1_11' title="bbox 240 1150 1851 1224">
     <span class='ocr_line' id='line_1_11' title="bbox 240 1150 1851 1224; baseline -0.009 -7"><span class='ocrx_word' id='word_1_73' title='bbox 240 1178 385 1217; x_wconf 83' lang='lat' dir='ltr'><strong>men</strong></span> <span class='ocrx_word' id='word_1_74' title='bbox 415 1159 703 1215; x_wconf 87' lang='lat' dir='ltr'><strong>dimicandi</strong></span> <span class='ocrx_word' id='word_1_75' title='bbox 736 1156 1012 1212; x_wconf 83' lang='lat' dir='ltr'><strong>materiam</strong></span> <span class='ocrx_word' id='word_1_76' title='bbox 1044 1171 1057 1208; x_wconf 95' lang='lat'><strong>:</strong></span> <span class='ocrx_word' id='word_1_77' title='bbox 1090 1154 1213 1224; x_wconf 89' lang='lat' dir='ltr'><strong>quia</strong></span> <span class='ocrx_word' id='word_1_78' title='bbox 1243 1162 1297 1208; x_wconf 89' lang='lat' dir='ltr'><strong>et</strong></span> <span class='ocrx_word' id='word_1_79' title='bbox 1321 1152 1425 1208; x_wconf 89' lang='lat' dir='ltr'><strong>hoc</strong></span> <span class='ocrx_word' id='word_1_80' title='bbox 1452 1152 1623 1221; x_wconf 86' lang='lat' dir='ltr'><strong>ipsum</strong></span> <span class='ocrx_word' id='word_1_81' title='bbox 1656 1152 1723 1205; x_wconf 89' lang='lat' dir='ltr'><strong>de</strong></span> <span class='ocrx_word' id='word_1_82' title='bbox 1750 1150 1851 1203; x_wconf 91' lang='lat' dir='ltr'><strong>mi-</strong></span> 
     </span>
    </p>
   </div>
   <div class='ocr_carea' id='block_1_12' title="bbox 238 1240 1847 1317">
    <p class='ocr_par' dir='ltr' id='par_1_12' title="bbox 238 1240 1847 1317">
     <span class='ocr_line' id='line_1_12' title="bbox 238 1240 1847 1317; baseline -0.007 -10"><span class='ocrx_word' id='word_1_83' title='bbox 238 1253 558 1310; x_wconf 84' lang='lat' dir='ltr'><strong>sericordia</strong></span> <span class='ocrx_word' id='word_1_84' title='bbox 588 1249 914 1317; x_wconf 76' lang='lat' dir='ltr'><strong>protegentis</strong></span> <span class='ocrx_word' id='word_1_85' title='bbox 934 1256 1038 1311; x_wconf 88' lang='lat' dir='ltr'><strong>est,</strong></span> <span class='ocrx_word' id='word_1_86' title='bbox 1058 1249 1147 1317; x_wconf 90' lang='lat' dir='ltr'><strong>qui</strong></span> <span class='ocrx_word' id='word_1_87' title='bbox 1172 1257 1377 1300; x_wconf 75' lang='lat' dir='ltr'><strong>natura:</strong></span> <span class='ocrx_word' id='word_1_88' title='bbox 1400 1243 1663 1308; x_wconf 87' lang='lat' dir='ltr'><strong>mutabili,</strong></span> <span class='ocrx_word' id='word_1_89' title='bbox 1685 1240 1847 1314; x_wconf 75' lang='lat'><strong>315</strong></span> 
     </span>
    </p>
   </div>
   <div class='ocr_carea' id='block_1_13' title="bbox 238 1336 1850 1411">
    <p class='ocr_par' dir='ltr' id='par_1_13' title="bbox 238 1336 1850 1411">
     <span class='ocr_line' id='line_1_13' title="bbox 238 1336 1850 1411; baseline -0.007 -11"><span class='ocrx_word' id='word_1_90' title='bbox 238 1361 317 1400; x_wconf 86' lang='lat' dir='ltr'><strong>ne</strong></span> <span class='ocrx_word' id='word_1_91' title='bbox 357 1345 430 1400; x_wconf 88' lang='lat' dir='ltr'><strong>de</strong></span> <span class='ocrx_word' id='word_1_92' title='bbox 456 1344 701 1398; x_wconf 81' lang='lat' dir='ltr'><strong>confecto</strong></span> <span class='ocrx_word' id='word_1_93' title='bbox 724 1342 908 1411; x_wconf 76' lang='lat' dir='ltr'><strong>prtelio</strong></span> <span class='ocrx_word' id='word_1_94' title='bbox 936 1338 1261 1410; x_wconf 89' lang='lat' dir='ltr'><strong>superbiret,</strong></span> <span class='ocrx_word' id='word_1_95' title='bbox 1310 1351 1526 1405; x_wconf 88' lang='lat' dir='ltr'><strong>semper</strong></span> <span class='ocrx_word' id='word_1_96' title='bbox 1558 1336 1732 1391; x_wconf 90' lang='lat' dir='ltr'><strong>voluit</strong></span> <span class='ocrx_word' id='word_1_97' title='bbox 1759 1349 1850 1389; x_wconf 89' lang='lat' dir='ltr'><strong>su-</strong></span> 
     </span>
    </p>
   </div>
   <div class='ocr_carea' id='block_1_14' title="bbox 237 1435 953 1509">
    <p class='ocr_par' dir='ltr' id='par_1_14' title="bbox 237 1435 953 1509">
     <span class='ocr_line' id='line_1_14' title="bbox 237 1435 953 1509; baseline -0.013 -14"><span class='ocrx_word' id='word_1_98' title='bbox 237 1454 489 1509; x_wconf 84' lang='lat' dir='ltr'><strong>peresse</strong></span> <span class='ocrx_word' id='word_1_99' title='bbox 518 1437 659 1504; x_wconf 86' lang='lat' dir='ltr'><strong>quod</strong></span> <span class='ocrx_word' id='word_1_100' title='bbox 691 1435 953 1489; x_wconf 85' lang='lat' dir='ltr'><strong>vinceret.</strong></span> 
     </span>
    </p>
   </div>
   <div class='ocr_carea' id='block_1_15' title="bbox 315 1521 1852 1598">
    <p class='ocr_par' dir='ltr' id='par_1_15' title="bbox 315 1521 1852 1598">
     <span class='ocr_line' id='line_1_15' title="bbox 315 1521 1852 1598; baseline -0.012 -9"><span class='ocrx_word' id='word_1_101' title='bbox 315 1531 465 1589; x_wconf 65' lang='lat' dir='ltr'><strong>Car.</strong></span> <span class='ocrx_word' id='word_1_102' title='bbox 497 1529 585 1587; x_wconf 91' lang='lat' dir='ltr'><strong>lll.</strong></span> <span class='ocrx_word' id='word_1_103' title='bbox 614 1559 681 1571; x_wconf 87' lang='lat'><em>--</em></span> <span class='ocrx_word' id='word_1_104' title='bbox 711 1527 877 1598; x_wconf 82' lang='lat' dir='ltr'><strong>Igitur</strong></span> <span class='ocrx_word' id='word_1_105' title='bbox 910 1537 932 1565; x_wconf 72' lang='grc' dir='ltr'><strong>ε</strong></span> <span class='ocrx_word' id='word_1_106' title='bbox 962 1534 1083 1595; x_wconf 89' lang='lat' dir='ltr'><strong>post</strong></span> <span class='ocrx_word' id='word_1_107' title='bbox 1103 1530 1305 1579; x_wconf 72' lang='lat' dir='ltr'><strong>sanctae</strong></span> <span class='ocrx_word' id='word_1_108' title='bbox 1332 1521 1532 1576; x_wconf 66' lang='lat' dir='ltr'><strong>laetitia:</strong></span> <span class='ocrx_word' id='word_1_109' title='bbox 1552 1521 1687 1587; x_wconf 89' lang='lat' dir='ltr'><strong>dies,</strong></span> <span class='ocrx_word' id='word_1_110' title='bbox 1717 1532 1852 1588; x_wconf 89' lang='lat' dir='ltr'><strong>quos</strong></span> 
     </span>
    </p>
   </div>
   <div class='ocr_carea' id='block_1_16' title="bbox 235 1608 1855 1683">
    <p class='ocr_par' dir='ltr' id='par_1_16' title="bbox 235 1608 1855 1683">
     <span class='ocr_line' id='line_1_16' title="bbox 235 1608 1855 1683; baseline -0.01 -4"><span class='ocrx_word' id='word_1_111' title='bbox 235 1626 298 1679; x_wconf 84' lang='lat' dir='ltr'><strong>in</strong></span> <span class='ocrx_word' id='word_1_112' title='bbox 338 1624 614 1679; x_wconf 83' lang='lat' dir='ltr'><strong>honorem</strong></span> <span class='ocrx_word' id='word_1_113' title='bbox 641 1619 848 1674; x_wconf 88' lang='lat' dir='ltr'><strong>Domini</strong></span> <span class='ocrx_word' id='word_1_114' title='bbox 876 1633 906 1671; x_wconf 91' lang='lat' dir='ltr'><strong>a</strong></span> <span class='ocrx_word' id='word_1_115' title='bbox 938 1614 1165 1670; x_wconf 86' lang='lat' dir='ltr'><strong>mortuis</strong></span> <span class='ocrx_word' id='word_1_116' title='bbox 1194 1613 1545 1683; x_wconf 76' lang='lat' dir='ltr'><strong>resurgentis,</strong></span> <span class='ocrx_word' id='word_1_117' title='bbox 1578 1626 1639 1664; x_wconf 90' lang='lat' dir='ltr'><strong>ac</strong></span> <span class='ocrx_word' id='word_1_118' title='bbox 1660 1608 1855 1663; x_wconf 87' lang='lat' dir='ltr'><strong>deinde</strong></span> 
     </span>
    </p>
   </div>
   <div class='ocr_carea' id='block_1_17' title="bbox 246 1709 1852 1777">
    <p class='ocr_par' dir='ltr' id='par_1_17' title="bbox 246 1709 1852 1777">
     <span class='ocr_line' id='line_1_17' title="bbox 246 1709 1852 1777; baseline -0.013 -3"><span class='ocrx_word' id='word_1_119' title='bbox 246 1720 313 1773; x_wconf 85' lang='lat' dir='ltr'><strong>in</strong></span> <span class='ocrx_word' id='word_1_120' title='bbox 356 1717 537 1772; x_wconf 69' lang='lat' dir='ltr'><strong>caelos</strong></span> <span class='ocrx_word' id='word_1_121' title='bbox 561 1712 923 1774; x_wconf 82' lang='lat' dir='ltr'><strong>ascendentis,</strong></span> <span class='ocrx_word' id='word_1_122' title='bbox 955 1709 1252 1777; x_wconf 79' lang='lat' dir='ltr'><strong>exegimus,</strong></span> <span class='ocrx_word' id='word_1_123' title='bbox 1284 1714 1511 1775; x_wconf 85' lang='lat' dir='ltr'><strong>postque</strong></span> <span class='ocrx_word' id='word_1_124' title='bbox 1542 1712 1852 1773; x_wconf 89' lang='lat' dir='ltr'><strong>perceptum</strong></span> 
     </span>
    </p>
   </div>
   <div class='ocr_carea' id='block_1_18' title="bbox 238 1795 1857 1875">
    <p class='ocr_par' dir='ltr' id='par_1_18' title="bbox 238 1795 1857 1875">
     <span class='ocr_line' id='line_1_18' title="bbox 238 1795 1857 1875; baseline -0.012 -11"><span class='ocrx_word' id='word_1_125' title='bbox 238 1809 443 1863; x_wconf 78' lang='lat' dir='ltr'><strong>sancti</strong></span> <span class='ocrx_word' id='word_1_126' title='bbox 474 1806 701 1875; x_wconf 88' lang='lat' dir='ltr'><strong>Spiritus</strong></span> <span class='ocrx_word' id='word_1_127' title='bbox 730 1798 997 1865; x_wconf 69' lang='lat' dir='ltr'><strong>donum,‘1</strong></span> <span class='ocrx_word' id='word_1_128' title='bbox 1022 1798 1312 1853; x_wconf 85' lang='lat' dir='ltr'><strong>salubriter</strong></span> <span class='ocrx_word' id='word_1_129' title='bbox 1338 1808 1388 1851; x_wconf 90' lang='lat' dir='ltr'><strong>et</strong></span> <span class='ocrx_word' id='word_1_130' title='bbox 1414 1795 1857 1850; x_wconf 80' lang='lat' dir='ltr'><strong>necessariecon-</strong></span> 
     </span>
    </p>
   </div>
   <div class='ocr_carea' id='block_1_19' title="bbox 1945 583 3527 658">
    <p class='ocr_par' dir='ltr' id='par_1_19' title="bbox 1945 583 3527 658">
     <span class='ocr_line' id='line_1_19' title="bbox 1945 583 3527 658; baseline -0.001 -17"><span class='ocrx_word' id='word_1_131' title='bbox 1945 603 2156 658; x_wconf 88' lang='lat' dir='ltr'><strong>perum,</strong></span> <span class='ocrx_word' id='word_1_132' title='bbox 2188 586 2241 641; x_wconf 90' lang='lat' dir='ltr'><strong>in</strong></span> <span class='ocrx_word' id='word_1_133' title='bbox 2261 586 2566 641; x_wconf 85' lang='lat' dir='ltr'><strong>curationes</strong></span> <span class='ocrx_word' id='word_1_134' title='bbox 2587 585 2863 651; x_wconf 87' lang='lat' dir='ltr'><strong>debilium,</strong></span> <span class='ocrx_word' id='word_1_135' title='bbox 2896 583 2948 638; x_wconf 91' lang='lat' dir='ltr'><strong>in</strong></span> <span class='ocrx_word' id='word_1_136' title='bbox 2979 583 3146 653; x_wconf 87' lang='lat' dir='ltr'><strong>pretia</strong></span> <span class='ocrx_word' id='word_1_137' title='bbox 3168 585 3527 653; x_wconf 90' lang='lat' dir='ltr'><strong>captivorum,</strong></span> 
     </span>
    </p>
   </div>
   <div class='ocr_carea' id='block_1_20' title="bbox 1949 674 3534 749">
    <p class='ocr_par' dir='ltr' id='par_1_20' title="bbox 1949 674 3534 749">
     <span class='ocr_line' id='line_1_20' title="bbox 1949 674 3534 749; baseline -0.003 -15"><span class='ocrx_word' id='word_1_138' title='bbox 1949 678 1970 717; x_wconf 74' lang='grc' dir='ltr'>ί</span> <span class='ocrx_word' id='word_1_139' title='bbox 1994 688 2051 734; x_wconf 87' lang='lat' dir='ltr'><strong>et</strong></span> <span class='ocrx_word' id='word_1_140' title='bbox 2077 680 2127 733; x_wconf 92' lang='lat' dir='ltr'><strong>in</strong></span> <span class='ocrx_word' id='word_1_141' title='bbox 2150 680 2403 749; x_wconf 65' lang='lat' dir='ltr'><strong>quaelibet</strong></span> <span class='ocrx_word' id='word_1_142' title='bbox 2420 693 2579 745; x_wconf 84' lang='lat' dir='ltr'><strong>Opera</strong></span> <span class='ocrx_word' id='word_1_143' title='bbox 2607 677 2817 746; x_wconf 88' lang='lat' dir='ltr'><strong>pietatis</strong></span> <span class='ocrx_word' id='word_1_144' title='bbox 2836 675 3183 745; x_wconf 85' lang='lat' dir='ltr'><strong>impenditur,</strong></span> <span class='ocrx_word' id='word_1_145' title='bbox 3211 691 3316 731; x_wconf 91' lang='lat' dir='ltr'><strong>non</strong></span> <span class='ocrx_word' id='word_1_146' title='bbox 3337 674 3534 731; x_wconf 86' lang='lat' dir='ltr'><strong>minui-</strong></span> 
     </span>
    </p>
   </div>
   <div class='ocr_carea' id='block_1_21' title="bbox 1945 767 3537 839">
    <p class='ocr_par' dir='ltr' id='par_1_21' title="bbox 1945 767 3537 839">
     <span class='ocr_line' id='line_1_21' title="bbox 1945 767 3537 839; baseline -0.001 -14"><span class='ocrx_word' id='word_1_147' title='bbox 1945 779 2056 838; x_wconf 89' lang='lat' dir='ltr'><strong>tur,</strong></span> <span class='ocrx_word' id='word_1_148' title='bbox 2102 772 2193 825; x_wconf 90' lang='lat' dir='ltr'><strong>sed</strong></span> <span class='ocrx_word' id='word_1_149' title='bbox 2236 781 2479 839; x_wconf 87' lang='lat' dir='ltr'><strong>augetur,</strong></span> <span class='ocrx_word' id='word_1_150' title='bbox 2524 783 2624 824; x_wconf 92' lang='lat' dir='ltr'><strong>nec</strong></span> <span class='ocrx_word' id='word_1_151' title='bbox 2665 784 2917 839; x_wconf 90' lang='lat' dir='ltr'><strong>umquam</strong></span> <span class='ocrx_word' id='word_1_152' title='bbox 2962 768 3104 837; x_wconf 90' lang='lat' dir='ltr'><strong>apud</strong></span> <span class='ocrx_word' id='word_1_153' title='bbox 3144 767 3312 822; x_wconf 89' lang='lat' dir='ltr'><strong>Deum</strong></span> <span class='ocrx_word' id='word_1_154' title='bbox 3360 768 3537 837; x_wconf 87' lang='lat' dir='ltr'><strong>perire</strong></span> 
     </span>
    </p>
   </div>
   <div class='ocr_carea' id='block_1_22' title="bbox 1950 859 3572 935">
    <p class='ocr_par' dir='ltr' id='par_1_22' title="bbox 1950 859 3572 935">
     <span class='ocr_line' id='line_1_22' title="bbox 1950 859 3572 935; baseline -0.006 -16"><span class='ocrx_word' id='word_1_155' title='bbox 1950 868 2145 935; x_wconf 87' lang='lat' dir='ltr'><strong>poterit</strong></span> <span class='ocrx_word' id='word_1_156' title='bbox 2177 863 2317 933; x_wconf 91' lang='lat' dir='ltr'><strong>quod</strong></span> <span class='ocrx_word' id='word_1_157' title='bbox 2360 861 2532 915; x_wconf 85' lang='lat' dir='ltr'><strong>fidelis</strong></span> <span class='ocrx_word' id='word_1_158' title='bbox 2576 862 2877 929; x_wconf 78' lang='lat' dir='ltr'><strong>benignitas</strong></span> <span class='ocrx_word' id='word_1_159' title='bbox 2903 860 3157 931; x_wconf 84' lang='lat' dir='ltr'><strong>erogarit,</strong></span> <span class='ocrx_word' id='word_1_160' title='bbox 3203 860 3330 915; x_wconf 90' lang='lat' dir='ltr'><strong>dum</strong></span> <span class='ocrx_word' id='word_1_161' title='bbox 3361 859 3535 927; x_wconf 84' lang='lat' dir='ltr'><strong>quod—</strong></span> <span class='ocrx_word' id='word_1_162' title='bbox 3565 884 3572 909; x_wconf 62' lang='grc' dir='ltr'><strong><em>ρ</em></strong></span> 
     </span>
    </p>
   </div>
   <div class='ocr_carea' id='block_1_23' title="bbox 1949 951 3537 1026">
    <p class='ocr_par' dir='ltr' id='par_1_23' title="bbox 1949 951 3537 1026">
     <span class='ocr_line' id='line_1_23' title="bbox 1949 951 3537 1026; baseline -0.004 -13"><span class='ocrx_word' id='word_1_163' title='bbox 1949 971 2180 1026; x_wconf 90' lang='lat' dir='ltr'><strong>cumque</strong></span> <span class='ocrx_word' id='word_1_164' title='bbox 2210 955 2393 1009; x_wconf 90' lang='lat' dir='ltr'><strong>tribuit</strong></span> <span class='ocrx_word' id='word_1_165' title='bbox 2423 962 2449 1000; x_wconf 78' lang='lat'><strong>8</strong></span> <span class='ocrx_word' id='word_1_166' title='bbox 2494 953 2557 1005; x_wconf 85' lang='lat' dir='ltr'><strong>ad</strong></span> <span class='ocrx_word' id='word_1_167' title='bbox 2588 953 2908 1018; x_wconf 85' lang='lat' dir='ltr'><strong>subsidium,</strong></span> <span class='ocrx_word' id='word_1_168' title='bbox 2962 953 3015 1006; x_wconf 92' lang='lat' dir='ltr'><strong>id</strong></span> <span class='ocrx_word' id='word_1_169' title='bbox 3049 952 3149 1007; x_wconf 87' lang='lat' dir='ltr'><strong>sibi</strong></span> <span class='ocrx_word' id='word_1_170' title='bbox 3189 952 3434 1007; x_wconf 87' lang='lat' dir='ltr'><strong>recondit</strong></span> <span class='ocrx_word' id='word_1_171' title='bbox 3468 951 3537 1007; x_wconf 86' lang='lat' dir='ltr'><strong>ad</strong></span> 
     </span>
    </p>
   </div>
   <div class='ocr_carea' id='block_1_24' title="bbox 1950 1045 3542 1121">
    <p class='ocr_par' dir='ltr' id='par_1_24' title="bbox 1950 1045 3542 1121">
     <span class='ocr_line' id='line_1_24' title="bbox 1950 1045 3542 1121; baseline -0.002 -20"><span class='ocrx_word' id='word_1_172' title='bbox 1950 1050 2253 1121; x_wconf 73' lang='lat' dir='ltr'><strong>pra-mium.</strong></span> <span class='ocrx_word' id='word_1_173' title='bbox 2288 1046 2436 1101; x_wconf 89' lang='lat' dir='ltr'><strong>Beati</strong></span> <span class='ocrx_word' id='word_1_174' title='bbox 2458 1047 2601 1101; x_wconf 89' lang='lat' dir='ltr'><strong>enim</strong></span> <span class='ocrx_word' id='word_1_175' title='bbox 2624 1045 2999 1108; x_wconf 85' lang='lat' dir='ltr'><strong>misericordes,</strong></span> <span class='ocrx_word' id='word_1_176' title='bbox 3030 1045 3275 1116; x_wconf 87' lang='lat' dir='ltr'><strong>quoniam</strong></span> <span class='ocrx_word' id='word_1_177' title='bbox 3308 1047 3542 1115; x_wconf 88' lang='lat' dir='ltr'><strong>ipsorum</strong></span> 
     </span>
    </p>
   </div>
   <div class='ocr_carea' id='block_1_25' title="bbox 1951 1135 3544 1209">
    <p class='ocr_par' dir='ltr' id='par_1_25' title="bbox 1951 1135 3544 1209">
     <span class='ocr_line' id='line_1_25' title="bbox 1951 1135 3544 1209; baseline -0.003 -13"><span class='ocrx_word' id='word_1_178' title='bbox 1951 1141 2273 1196; x_wconf 77' lang='lat' dir='ltr'><strong>miserebitur</strong></span> <span class='ocrx_word' id='word_1_179' title='bbox 2305 1139 2442 1193; x_wconf 88' lang='lat' dir='ltr'><strong>Deus</strong></span> <span class='ocrx_word' id='word_1_180' title='bbox 2464 1137 2681 1209; x_wconf 82' lang='lat' dir='ltr'><strong>(Matth.</strong></span> <span class='ocrx_word' id='word_1_181' title='bbox 2705 1153 2756 1198; x_wconf 92' lang='lat' dir='ltr'><strong>v.</strong></span> <span class='ocrx_word' id='word_1_182' title='bbox 2783 1135 2870 1209; x_wconf 88' lang='lat'><strong>7);</strong></span> <span class='ocrx_word' id='word_1_183' title='bbox 2897 1152 3069 1207; x_wconf 88' lang='lat' dir='ltr'><strong>neque</strong></span> <span class='ocrx_word' id='word_1_184' title='bbox 3089 1136 3405 1192; x_wconf 89' lang='lat' dir='ltr'><strong>delictorum</strong></span> <span class='ocrx_word' id='word_1_185' title='bbox 3431 1151 3544 1192; x_wconf 91' lang='lat' dir='ltr'><strong>me-</strong></span> 
     </span>
    </p>
   </div>
   <div class='ocr_carea' id='block_1_26' title="bbox 1955 1227 3540 1302">
    <p class='ocr_par' dir='ltr' id='par_1_26' title="bbox 1955 1227 3540 1302">
     <span class='ocr_line' id='line_1_26' title="bbox 1955 1227 3540 1302; baseline -0.003 -13"><span class='ocrx_word' id='word_1_186' title='bbox 1955 1236 2127 1289; x_wconf 91' lang='lat' dir='ltr'><strong>moria</strong></span> <span class='ocrx_word' id='word_1_187' title='bbox 2174 1234 2282 1288; x_wconf 93' lang='lat' dir='ltr'><strong>erit</strong></span> <span class='ocrx_word' id='word_1_188' title='bbox 2325 1233 2409 1287; x_wconf 91' lang='lat' dir='ltr'><strong>ubi</strong></span> <span class='ocrx_word' id='word_1_189' title='bbox 2452 1231 2616 1302; x_wconf 75' lang='lat'><strong>316</strong></span> <span class='ocrx_word' id='word_1_190' title='bbox 2654 1228 3020 1284; x_wconf 83' lang='lat' dir='ltr'><strong>testimonium</strong></span> <span class='ocrx_word' id='word_1_191' title='bbox 3062 1229 3279 1299; x_wconf 88' lang='lat' dir='ltr'><strong>pietatis</strong></span> <span class='ocrx_word' id='word_1_192' title='bbox 3303 1227 3540 1284; x_wconf 80' lang='lat' dir='ltr'><strong>aﬂ&#39;uerit.</strong></span> 
     </span>
    </p>
   </div>
   <div class='ocr_carea' id='block_1_27' title="bbox 1954 1321 3543 1396">
    <p class='ocr_par' dir='ltr' id='par_1_27' title="bbox 1954 1321 3543 1396">
     <span class='ocr_line' id='line_1_27' title="bbox 1954 1321 3543 1396; baseline -0.004 -16"><span class='ocrx_word' id='word_1_193' title='bbox 1954 1328 2152 1396; x_wconf 88' lang='lat' dir='ltr'><strong>Quarta</strong></span> <span class='ocrx_word' id='word_1_194' title='bbox 2176 1326 2337 1395; x_wconf 87' lang='lat' dir='ltr'><strong>igitur</strong></span> <span class='ocrx_word' id='word_1_195' title='bbox 2357 1334 2411 1377; x_wconf 89' lang='lat' dir='ltr'><strong>et</strong></span> <span class='ocrx_word' id='word_1_196' title='bbox 2435 1333 2585 1378; x_wconf 83' lang='lat' dir='ltr'><strong>sexta</strong></span> <span class='ocrx_word' id='word_1_197' title='bbox 2612 1324 2739 1378; x_wconf 83' lang='lat' dir='ltr'><strong>feria</strong></span> <span class='ocrx_word' id='word_1_198' title='bbox 2758 1322 3094 1391; x_wconf 78' lang='lat' dir='ltr'><strong>jejunemus;</strong></span> <span class='ocrx_word' id='word_1_199' title='bbox 3121 1321 3346 1375; x_wconf 89' lang='lat' dir='ltr'><strong>sabbato</strong></span> <span class='ocrx_word' id='word_1_200' title='bbox 3364 1328 3543 1375; x_wconf 89' lang='lat' dir='ltr'><strong>autem</strong></span> 
     </span>
    </p>
   </div>
   <div class='ocr_carea' id='block_1_28' title="bbox 1954 1410 3547 1490">
    <p class='ocr_par' dir='ltr' id='par_1_28' title="bbox 1954 1410 3547 1490">
     <span class='ocr_line' id='line_1_28' title="bbox 1954 1410 3547 1490; baseline -0.006 -15"><span class='ocrx_word' id='word_1_201' title='bbox 1954 1420 2094 1490; x_wconf 86' lang='lat' dir='ltr'><strong>apud</strong></span> <span class='ocrx_word' id='word_1_202' title='bbox 2136 1418 2505 1475; x_wconf 85' lang='lat' dir='ltr'><strong>beatissimum</strong></span> <span class='ocrx_word' id='word_1_203' title='bbox 2539 1417 2755 1470; x_wconf 81' lang='lat' dir='ltr'><strong>Petrum</strong></span> <span class='ocrx_word' id='word_1_204' title='bbox 2799 1412 3099 1481; x_wconf 83' lang='lat' dir='ltr'><strong>apostolum</strong></span> <span class='ocrx_word' id='word_1_205' title='bbox 3143 1412 3353 1481; x_wconf 83' lang='lat' dir='ltr'><strong>vigilias</strong></span> <span class='ocrx_word' id='word_1_206' title='bbox 3399 1410 3547 1466; x_wconf 88' lang='lat' dir='ltr'><strong>cele-</strong></span> 
     </span>
    </p>
   </div>
   <div class='ocr_carea' id='block_1_29' title="bbox 1956 1502 3548 1579">
    <p class='ocr_par' dir='ltr' id='par_1_29' title="bbox 1956 1502 3548 1579">
     <span class='ocr_line' id='line_1_29' title="bbox 1956 1502 3548 1579; baseline -0.007 -12"><span class='ocrx_word' id='word_1_207' title='bbox 1956 1512 2199 1575; x_wconf 87' lang='lat' dir='ltr'><strong>bremus,</strong></span> <span class='ocrx_word' id='word_1_208' title='bbox 2248 1509 2400 1579; x_wconf 86' lang='lat' dir='ltr'><strong>cujus</strong></span> <span class='ocrx_word' id='word_1_209' title='bbox 2428 1524 2526 1563; x_wconf 92' lang='lat' dir='ltr'><strong>nos</strong></span> <span class='ocrx_word' id='word_1_210' title='bbox 2558 1506 2893 1561; x_wconf 84' lang='lat' dir='ltr'><strong>orationibus</strong></span> <span class='ocrx_word' id='word_1_211' title='bbox 2938 1516 2990 1561; x_wconf 90' lang='lat' dir='ltr'><strong>et</strong></span> <span class='ocrx_word' id='word_1_212' title='bbox 3019 1521 3046 1557; x_wconf 91' lang='lat' dir='ltr'><strong>a</strong></span> <span class='ocrx_word' id='word_1_213' title='bbox 3079 1504 3412 1575; x_wconf 86' lang='lat' dir='ltr'><strong>spiritalibus</strong></span> <span class='ocrx_word' id='word_1_214' title='bbox 3443 1502 3548 1557; x_wconf 80' lang='lat' dir='ltr'><strong>ini-</strong></span> 
     </span>
    </p>
   </div>
   <div class='ocr_carea' id='block_1_30' title="bbox 1958 1595 3548 1671">
    <p class='ocr_par' dir='ltr' id='par_1_30' title="bbox 1958 1595 3548 1671">
     <span class='ocr_line' id='line_1_30' title="bbox 1958 1595 3548 1671; baseline -0.005 -12"><span class='ocrx_word' id='word_1_215' title='bbox 1958 1604 2111 1659; x_wconf 89' lang='lat' dir='ltr'><strong>micis</strong></span> <span class='ocrx_word' id='word_1_216' title='bbox 2148 1612 2203 1658; x_wconf 93' lang='lat' dir='ltr'><strong>et</strong></span> <span class='ocrx_word' id='word_1_217' title='bbox 2224 1600 2251 1639; x_wconf 69' lang='grc' dir='ltr'>δ</span> <span class='ocrx_word' id='word_1_218' title='bbox 2285 1618 2315 1656; x_wconf 91' lang='lat' dir='ltr'><strong>a</strong></span> <span class='ocrx_word' id='word_1_219' title='bbox 2347 1602 2622 1671; x_wconf 86' lang='lat' dir='ltr'><strong>corporeis</strong></span> <span class='ocrx_word' id='word_1_220' title='bbox 2666 1599 2909 1653; x_wconf 85' lang='lat' dir='ltr'><strong>hostibus</strong></span> <span class='ocrx_word' id='word_1_221' title='bbox 2954 1596 3273 1653; x_wconf 88' lang='lat' dir='ltr'><strong>conﬁdimus</strong></span> <span class='ocrx_word' id='word_1_222' title='bbox 3305 1595 3548 1652; x_wconf 89' lang='lat' dir='ltr'><strong>liberari.</strong></span> 
     </span>
    </p>
   </div>
   <div class='ocr_carea' id='block_1_31' title="bbox 1960 1688 3549 1757">
    <p class='ocr_par' dir='ltr' id='par_1_31' title="bbox 1960 1688 3549 1757">
     <span class='ocr_line' id='line_1_31' title="bbox 1960 1688 3549 1757; baseline -0.006 -4"><span class='ocrx_word' id='word_1_223' title='bbox 1960 1697 2063 1753; x_wconf 86' lang='lat' dir='ltr'><strong>Per</strong></span> <span class='ocrx_word' id='word_1_224' title='bbox 2112 1694 2396 1749; x_wconf 91' lang='lat' dir='ltr'><strong>Dominum</strong></span> <span class='ocrx_word' id='word_1_225' title='bbox 2447 1704 2688 1748; x_wconf 88' lang='lat' dir='ltr'><strong>nostrum</strong></span> <span class='ocrx_word' id='word_1_226' title='bbox 2718 1691 2902 1745; x_wconf 83' lang='lat' dir='ltr'><strong>lesum</strong></span> <span class='ocrx_word' id='word_1_227' title='bbox 2941 1689 3238 1753; x_wconf 83' lang='lat' dir='ltr'><strong>Cbrismm,</strong></span> <span class='ocrx_word' id='word_1_228' title='bbox 3288 1688 3378 1757; x_wconf 90' lang='lat' dir='ltr'><strong>qui</strong></span> <span class='ocrx_word' id='word_1_229' title='bbox 3424 1702 3549 1743; x_wconf 90' lang='lat' dir='ltr'><strong>cum</strong></span> 
     </span>
    </p>
   </div>
   <div class='ocr_carea' id='block_1_32' title="bbox 1962 1782 3551 1860">
    <p class='ocr_par' dir='ltr' id='par_1_32' title="bbox 1962 1782 3551 1860">
     <span class='ocr_line' id='line_1_32' title="bbox 1962 1782 3551 1860; baseline -0.006 -14"><span class='ocrx_word' id='word_1_230' title='bbox 1962 1792 2120 1847; x_wconf 87' lang='lat' dir='ltr'><strong>Patre</strong></span> <span class='ocrx_word' id='word_1_231' title='bbox 2149 1803 2204 1846; x_wconf 89' lang='lat' dir='ltr'><strong>et</strong></span> <span class='ocrx_word' id='word_1_232' title='bbox 2234 1790 2437 1860; x_wconf 85' lang='lat' dir='ltr'><strong>Spiritu</strong></span> <span class='ocrx_word' id='word_1_233' title='bbox 2468 1800 2654 1844; x_wconf 86' lang='lat' dir='ltr'><strong>sancto</strong></span> <span class='ocrx_word' id='word_1_234' title='bbox 2686 1790 2820 1842; x_wconf 83' lang='lat' dir='ltr'><strong>vivit</strong></span> <span class='ocrx_word' id='word_1_235' title='bbox 2844 1797 2899 1842; x_wconf 91' lang='lat' dir='ltr'><strong>et</strong></span> <span class='ocrx_word' id='word_1_236' title='bbox 2924 1794 3111 1857; x_wconf 87' lang='lat' dir='ltr'><strong>regnat</strong></span> <span class='ocrx_word' id='word_1_237' title='bbox 3147 1785 3201 1839; x_wconf 91' lang='lat' dir='ltr'><strong>in</strong></span> <span class='ocrx_word' id='word_1_238' title='bbox 3228 1782 3425 1839; x_wconf 68' lang='lat' dir='ltr'><strong>saecula</strong></span> <span class='ocrx_word' id='word_1_239' title='bbox 3448 1796 3551 1837; x_wconf 69' lang='lat' dir='ltr'><strong>sae-</strong></span> 
     </span>
    </p>
   </div>
   <div class='ocr_carea' id='block_1_33' title="bbox 237 1876 2455 1961">
    <p class='ocr_par' dir='ltr' id='par_1_33' title="bbox 237 1876 2455 1961">
     <span class='ocr_line' id='line_1_33' title="bbox 237 1876 2455 1961; baseline -0.009 -8"><span class='ocrx_word' id='word_1_240' title='bbox 237 1899 505 1954; x_wconf 82' lang='lat' dir='ltr'><strong>suetudo</strong></span> <span class='ocrx_word' id='word_1_241' title='bbox 534 1907 618 1953; x_wconf 77' lang='lat' dir='ltr'><strong>est</strong></span> <span class='ocrx_word' id='word_1_242' title='bbox 655 1895 902 1949; x_wconf 88' lang='lat' dir='ltr'><strong>ordinata</strong></span> <span class='ocrx_word' id='word_1_243' title='bbox 944 1891 1135 1961; x_wconf 92' lang='lat' dir='ltr'><strong>jejunii</strong></span> <span class='ocrx_word' id='word_1_244' title='bbox 1166 1905 1182 1946; x_wconf 88' lang='lat'><strong>:</strong></span> <span class='ocrx_word' id='word_1_245' title='bbox 1216 1899 1272 1943; x_wconf 92' lang='lat' dir='ltr'><strong>ut</strong></span> <span class='ocrx_word' id='word_1_246' title='bbox 1313 1889 1356 1942; x_wconf 91' lang='lat' dir='ltr'><strong>si</strong></span> <span class='ocrx_word' id='word_1_247' title='bbox 1388 1888 1511 1957; x_wconf 90' lang='lat' dir='ltr'><strong>quid</strong></span> <span class='ocrx_word' id='word_1_248' title='bbox 1540 1885 1680 1942; x_wconf 88' lang='lat' dir='ltr'><strong>forte</strong></span> <span class='ocrx_word' id='word_1_249' title='bbox 1723 1887 1861 1940; x_wconf 92' lang='lat' dir='ltr'><strong>inter</strong></span> <span class='ocrx_word' id='word_1_250' title='bbox 1891 1876 1941 1937; x_wconf 88' lang='grc' dir='ltr'><strong>Β</strong></span> <span class='ocrx_word' id='word_1_251' title='bbox 1968 1885 2230 1939; x_wconf 90' lang='lat' dir='ltr'><strong>culorum.</strong></span> <span class='ocrx_word' id='word_1_252' title='bbox 2262 1885 2455 1936; x_wconf 83' lang='lat' dir='ltr'><strong>Anien.</strong></span> 
     </span>
    </p>
   </div>
   <div class='ocr_carea' id='block_1_34' title="bbox 240 1979 1864 2064">
    <p class='ocr_par' dir='ltr' id='par_1_34' title="bbox 240 1979 1864 2064">
     <span class='ocr_line' id='line_1_34' title="bbox 240 1979 1864 2064; baseline -0.009 -16"><span class='ocrx_word' id='word_1_253' title='bbox 240 1995 385 2064; x_wconf 79' lang='lat' dir='ltr'><strong>ipsa</strong></span> <span class='ocrx_word' id='word_1_254' title='bbox 418 1992 764 2047; x_wconf 81' lang='lat' dir='ltr'><strong>festivitatum</strong></span> <span class='ocrx_word' id='word_1_255' title='bbox 795 1985 985 2057; x_wconf 85' lang='lat' dir='ltr'><strong>gaudia</strong></span> <span class='ocrx_word' id='word_1_256' title='bbox 1017 1984 1294 2052; x_wconf 84' lang='lat' dir='ltr'><strong>negligens</strong></span> <span class='ocrx_word' id='word_1_257' title='bbox 1320 1981 1539 2035; x_wconf 89' lang='lat' dir='ltr'><strong>libertas</strong></span> <span class='ocrx_word' id='word_1_258' title='bbox 1562 1990 1616 2034; x_wconf 91' lang='lat' dir='ltr'><strong>et</strong></span> <span class='ocrx_word' id='word_1_259' title='bbox 1648 1979 1864 2033; x_wconf 85' lang='lat' dir='ltr'><strong>licentia</strong></span> 
     </span>
    </p>
   </div>
   <div class='ocr_carea' id='block_1_35' title="bbox 241 2072 1866 2149">
    <p class='ocr_par' dir='ltr' id='par_1_35' title="bbox 241 2072 1866 2149">
     <span class='ocr_line' id='line_1_35' title="bbox 241 2072 1866 2149; baseline -0.009 -10"><span class='ocrx_word' id='word_1_260' title='bbox 241 2086 579 2140; x_wconf 85' lang='lat' dir='ltr'><strong>inordinata</strong></span> <span class='ocrx_word' id='word_1_261' title='bbox 604 2077 965 2149; x_wconf 69' lang='lat' dir='ltr'><strong>praesumpsit,</strong></span> <span class='ocrx_word' id='word_1_262' title='bbox 984 2078 1086 2129; x_wconf 89' lang='lat' dir='ltr'><strong>hoc</strong></span> <span class='ocrx_word' id='word_1_263' title='bbox 1104 2074 1366 2144; x_wconf 66' lang='lat' dir='ltr'><strong>religiosae</strong></span> <span class='ocrx_word' id='word_1_264' title='bbox 1383 2072 1719 2126; x_wconf 69' lang='lat' dir='ltr'><strong>abstinentiae</strong></span> <span class='ocrx_word' id='word_1_265' title='bbox 1736 2085 1866 2125; x_wconf 88' lang='lat' dir='ltr'><strong>cen-</strong></span> 
     </span>
    </p>
   </div>
   <div class='ocr_carea' id='block_1_36' title="bbox 240 2166 1866 2245">
    <p class='ocr_par' dir='ltr' id='par_1_36' title="bbox 240 2166 1866 2245">
     <span class='ocr_line' id='line_1_36' title="bbox 240 2166 1866 2245; baseline -0.009 -12"><span class='ocrx_word' id='word_1_266' title='bbox 240 2193 406 2233; x_wconf 77' lang='lat' dir='ltr'><strong>sura</strong></span> <span class='ocrx_word' id='word_1_267' title='bbox 436 2174 699 2245; x_wconf 83' lang='lat' dir='ltr'><strong>castiget:</strong></span> <span class='ocrx_word' id='word_1_268' title='bbox 733 2186 853 2243; x_wconf 64' lang='lat' dir='ltr'><strong>quae</strong></span> <span class='ocrx_word' id='word_1_269' title='bbox 881 2170 952 2226; x_wconf 88' lang='lat' dir='ltr'><strong>ob</strong></span> <span class='ocrx_word' id='word_1_270' title='bbox 998 2168 1100 2224; x_wconf 93' lang='lat' dir='ltr'><strong>hoc</strong></span> <span class='ocrx_word' id='word_1_271' title='bbox 1126 2183 1339 2238; x_wconf 79' lang='lat' dir='ltr'><strong>quoque</strong></span> <span class='ocrx_word' id='word_1_272' title='bbox 1376 2166 1669 2221; x_wconf 81' lang='lat' dir='ltr'><strong>studiosius</strong></span> <span class='ocrx_word' id='word_1_273' title='bbox 1709 2179 1866 2219; x_wconf 80' lang='lat' dir='ltr'><strong>exse-</strong></span> 
     </span>
    </p>
   </div>
   <div class='ocr_carea' id='block_1_37' title="bbox 242 2256 1867 2341">
    <p class='ocr_par' dir='ltr' id='par_1_37' title="bbox 242 2256 1867 2341">
     <span class='ocr_line' id='line_1_37' title="bbox 242 2256 1867 2341; baseline -0.01 -15"><span class='ocrx_word' id='word_1_274' title='bbox 242 2270 491 2341; x_wconf 83' lang='lat' dir='ltr'><strong>quenda</strong></span> <span class='ocrx_word' id='word_1_275' title='bbox 532 2278 629 2332; x_wconf 87' lang='lat' dir='ltr'><strong>est,</strong></span> <span class='ocrx_word' id='word_1_276' title='bbox 678 2277 736 2321; x_wconf 92' lang='lat' dir='ltr'><strong>ut</strong></span> <span class='ocrx_word' id='word_1_277' title='bbox 779 2263 870 2319; x_wconf 91' lang='lat' dir='ltr'><strong>illa</strong></span> <span class='ocrx_word' id='word_1_278' title='bbox 910 2264 961 2317; x_wconf 93' lang='lat' dir='ltr'><strong>in</strong></span> <span class='ocrx_word' id='word_1_279' title='bbox 1005 2262 1157 2316; x_wconf 88' lang='lat' dir='ltr'><strong>nobis</strong></span> <span class='ocrx_word' id='word_1_280' title='bbox 1186 2274 1308 2329; x_wconf 64' lang='lat' dir='ltr'><strong>quae</strong></span> <span class='ocrx_word' id='word_1_281' title='bbox 1353 2258 1453 2313; x_wconf 84' lang='lat' dir='ltr'><strong>hac</strong></span> <span class='ocrx_word' id='word_1_282' title='bbox 1481 2256 1568 2312; x_wconf 89' lang='lat' dir='ltr'><strong>die</strong></span> <span class='ocrx_word' id='word_1_283' title='bbox 1607 2256 1867 2312; x_wconf 68' lang='lat' dir='ltr'><strong>Ecclesia:</strong></span> 
     </span>
    </p>
   </div>
   <div class='ocr_carea' id='block_1_38' title="bbox 246 2352 1867 2424">
    <p class='ocr_par' dir='ltr' id='par_1_38' title="bbox 246 2352 1867 2424">
     <span class='ocr_line' id='line_1_38' title="bbox 246 2352 1867 2424; baseline -0.009 -4"><span class='ocrx_word' id='word_1_284' title='bbox 246 2367 542 2420; x_wconf 69' lang='lat' dir='ltr'><strong>divinitus</strong></span> <span class='ocrx_word' id='word_1_285' title='bbox 580 2371 703 2417; x_wconf 82' lang='lat' dir='ltr'><strong>sunt</strong></span> <span class='ocrx_word' id='word_1_286' title='bbox 743 2357 937 2414; x_wconf 86' lang='lat' dir='ltr'><strong>collata</strong></span> <span class='ocrx_word' id='word_1_287' title='bbox 984 2365 1352 2424; x_wconf 86' lang='lat' dir='ltr'><strong>permaneant.</strong></span> <span class='ocrx_word' id='word_1_288' title='bbox 1397 2352 1679 2421; x_wconf 86' lang='lat' dir='ltr'><strong>Templum</strong></span> <span class='ocrx_word' id='word_1_289' title='bbox 1721 2353 1867 2406; x_wconf 87' lang='lat' dir='ltr'><strong>enim</strong></span> 
     </span>
    </p>
   </div>
   <div class='ocr_carea' id='block_1_39' title="bbox 246 2443 1871 2525">
    <p class='ocr_par' dir='ltr' id='par_1_39' title="bbox 246 2443 1871 2525">
     <span class='ocr_line' id='line_1_39' title="bbox 246 2443 1871 2525; baseline -0.008 -14"><span class='ocrx_word' id='word_1_290' title='bbox 246 2457 417 2512; x_wconf 77' lang='lat' dir='ltr'><strong>facti</strong></span> <span class='ocrx_word' id='word_1_291' title='bbox 435 2455 663 2525; x_wconf 87' lang='lat' dir='ltr'><strong>Spiritus</strong></span> <span class='ocrx_word' id='word_1_292' title='bbox 684 2450 879 2515; x_wconf 83' lang='lat' dir='ltr'><strong>sancti,</strong></span> <span class='ocrx_word' id='word_1_293' title='bbox 912 2461 963 2503; x_wconf 89' lang='lat' dir='ltr'><strong>et</strong></span> <span class='ocrx_word' id='word_1_294' title='bbox 994 2447 1201 2515; x_wconf 89' lang='lat' dir='ltr'><strong>majore</strong></span> <span class='ocrx_word' id='word_1_295' title='bbox 1226 2460 1387 2515; x_wconf 90' lang='lat' dir='ltr'><strong>quam</strong></span> <span class='ocrx_word' id='word_1_296' title='bbox 1435 2459 1687 2515; x_wconf 87' lang='lat' dir='ltr'><strong>umquam</strong></span> <span class='ocrx_word' id='word_1_297' title='bbox 1714 2443 1871 2513; x_wconf 85' lang='lat' dir='ltr'><strong>copia</strong></span> 
     </span>
    </p>
   </div>
   <div class='ocr_carea' id='block_1_40' title="bbox 247 2537 1872 2611">
    <p class='ocr_par' dir='ltr' id='par_1_40' title="bbox 247 2537 1872 2611">
     <span class='ocr_line' id='line_1_40' title="bbox 247 2537 1872 2611; baseline -0.009 -7"><span class='ocrx_word' id='word_1_298' title='bbox 247 2547 456 2605; x_wconf 78' lang='lat' dir='ltr'><strong>divini</strong></span> <span class='ocrx_word' id='word_1_299' title='bbox 484 2545 717 2601; x_wconf 81' lang='lat' dir='ltr'><strong>ﬂuminis</strong></span> <span class='ocrx_word' id='word_1_300' title='bbox 746 2541 974 2611; x_wconf 84' lang='lat' dir='ltr'><strong>irrigati,</strong></span> <span class='ocrx_word' id='word_1_301' title='bbox 1012 2539 1175 2594; x_wconf 85' lang='lat' dir='ltr'><strong>nullis</strong></span> <span class='ocrx_word' id='word_1_302' title='bbox 1202 2539 1463 2592; x_wconf 86' lang='lat' dir='ltr'><strong>debemus</strong></span> <span class='ocrx_word' id='word_1_303' title='bbox 1482 2537 1872 2606; x_wconf 86' lang='lat' dir='ltr'><strong>concupiscen-</strong></span> 
     </span>
    </p>
   </div>
   <div class='ocr_carea' id='block_1_41' title="bbox 248 2630 1871 2707">
    <p class='ocr_par' dir='ltr' id='par_1_41' title="bbox 248 2630 1871 2707">
     <span class='ocr_line' id='line_1_41' title="bbox 248 2630 1871 2707; baseline -0.009 -8"><span class='ocrx_word' id='word_1_304' title='bbox 248 2643 365 2699; x_wconf 84' lang='lat' dir='ltr'><strong>tiis</strong></span> <span class='ocrx_word' id='word_1_305' title='bbox 400 2641 567 2707; x_wconf 82' lang='lat' dir='ltr'><strong>vinci,</strong></span> <span class='ocrx_word' id='word_1_306' title='bbox 598 2639 759 2693; x_wconf 88' lang='lat' dir='ltr'><strong>nullis</strong></span> <span class='ocrx_word' id='word_1_307' title='bbox 790 2634 931 2690; x_wconf 86' lang='lat' dir='ltr'><strong>vitiis</strong></span> <span class='ocrx_word' id='word_1_308' title='bbox 952 2631 1238 2704; x_wconf 83' lang='lat' dir='ltr'><strong>possideri,</strong></span> <span class='ocrx_word' id='word_1_309' title='bbox 1263 2641 1319 2686; x_wconf 94' lang='lat' dir='ltr'><strong>ut</strong></span> <span class='ocrx_word' id='word_1_310' title='bbox 1345 2631 1561 2686; x_wconf 89' lang='lat' dir='ltr'><strong>virtutis</strong></span> <span class='ocrx_word' id='word_1_311' title='bbox 1593 2630 1871 2687; x_wconf 84' lang='lat' dir='ltr'><strong>habitacu-</strong></span> 
     </span>
    </p>
   </div>
   <div class='ocr_carea' id='block_1_42' title="bbox 248 2727 1449 2793">
    <p class='ocr_par' dir='ltr' id='par_1_42' title="bbox 248 2727 1449 2793">
     <span class='ocr_line' id='line_1_42' title="bbox 248 2727 1449 2793; baseline -0.011 -1"><span class='ocrx_word' id='word_1_312' title='bbox 248 2737 399 2792; x_wconf 83' lang='lat' dir='ltr'><strong>lum</strong></span> <span class='ocrx_word' id='word_1_313' title='bbox 425 2734 565 2789; x_wconf 79' lang='lat' dir='ltr'><strong>nulla</strong></span> <span class='ocrx_word' id='word_1_314' title='bbox 595 2728 1135 2788; x_wconf 81' lang='lat' dir='ltr'><strong>sitcontaminaticne</strong></span> <span class='ocrx_word' id='word_1_315' title='bbox 1170 2727 1449 2793; x_wconf 85' lang='lat' dir='ltr'><strong>pollutum.</strong></span> 
     </span>
    </p>
   </div>
   <div class='ocr_carea' id='block_1_43' title="bbox 336 2817 1874 2887">
    <p class='ocr_par' dir='ltr' id='par_1_43' title="bbox 336 2817 1874 2887">
     <span class='ocr_line' id='line_1_43' title="bbox 336 2817 1874 2887; baseline -0.007 -6"><span class='ocrx_word' id='word_1_316' title='bbox 336 2825 493 2881; x_wconf 71' lang='lat' dir='ltr'><strong>Cn.</strong></span> <span class='ocrx_word' id='word_1_317' title='bbox 530 2821 612 2877; x_wconf 74' lang='grc' dir='ltr'><strong>Ν.</strong></span> <span class='ocrx_word' id='word_1_318' title='bbox 637 2850 705 2862; x_wconf 91' lang='grc'><strong><em>-</em></strong></span> <span class='ocrx_word' id='word_1_319' title='bbox 732 2820 885 2887; x_wconf 84' lang='lat' dir='ltr'><strong>Quod</strong></span> <span class='ocrx_word' id='word_1_320' title='bbox 926 2819 1110 2887; x_wconf 90' lang='lat' dir='ltr'><strong>utique</strong></span> <span class='ocrx_word' id='word_1_321' title='bbox 1140 2827 1357 2887; x_wconf 74' lang='lat' dir='ltr'><strong>regente</strong></span> <span class='ocrx_word' id='word_1_322' title='bbox 1386 2827 1545 2886; x_wconf 83' lang='lat' dir='ltr'><strong>atque</strong></span> <span class='ocrx_word' id='word_1_323' title='bbox 1585 2817 1874 2886; x_wconf 90' lang='lat' dir='ltr'><strong>adjuvantc</strong></span> 
     </span>
    </p>
   </div>
   <div class='ocr_carea' id='block_1_44' title="bbox 247 2910 1873 2979">
    <p class='ocr_par' dir='ltr' id='par_1_44' title="bbox 247 2910 1873 2979">
     <span class='ocr_line' id='line_1_44' title="bbox 247 2910 1873 2979; baseline -0.006 -6"><span class='ocrx_word' id='word_1_324' title='bbox 247 2917 522 2973; x_wconf 86' lang='lat' dir='ltr'><strong>Domino</strong></span> <span class='ocrx_word' id='word_1_325' title='bbox 538 2916 785 2970; x_wconf 89' lang='lat' dir='ltr'><strong>omnibus</strong></span> <span class='ocrx_word' id='word_1_326' title='bbox 807 2912 1054 2967; x_wconf 59' lang='lat' dir='ltr'><strong>obtine-re</strong></span> <span class='ocrx_word' id='word_1_327' title='bbox 1079 2911 1333 2979; x_wconf 82' lang='lat' dir='ltr'><strong>possibile</strong></span> <span class='ocrx_word' id='word_1_328' title='bbox 1359 2920 1460 2975; x_wconf 89' lang='lat' dir='ltr'><strong>est,</strong></span> <span class='ocrx_word' id='word_1_329' title='bbox 1489 2910 1532 2964; x_wconf 92' lang='lat' dir='ltr'><strong>si</strong></span> <span class='ocrx_word' id='word_1_330' title='bbox 1563 2926 1657 2979; x_wconf 89' lang='lat' dir='ltr'><strong>per</strong></span> <span class='ocrx_word' id='word_1_331' title='bbox 1680 2910 1873 2979; x_wconf 88' lang='lat' dir='ltr'><strong>jejunii</strong></span> 
     </span>
    </p>
   </div>
   <div class='ocr_carea' id='block_1_45' title="bbox 253 3003 1876 3081">
    <p class='ocr_par' dir='ltr' id='par_1_45' title="bbox 253 3003 1876 3081">
     <span class='ocr_line' id='line_1_45' title="bbox 253 3003 1876 3081; baseline -0.005 -16"><span class='ocrx_word' id='word_1_332' title='bbox 253 3008 743 3081; x_wconf 81' lang='lat' dir='ltr'><strong>purificationem,</strong></span> <span class='ocrx_word' id='word_1_333' title='bbox 773 3020 837 3060; x_wconf 84' lang='lat' dir='ltr'><strong>ac</strong></span> <span class='ocrx_word' id='word_1_334' title='bbox 864 3013 889 3042; x_wconf 74' lang='grc' dir='ltr'>ε</span> <span class='ocrx_word' id='word_1_335' title='bbox 914 3019 1006 3073; x_wconf 89' lang='lat' dir='ltr'><strong>per</strong></span> <span class='ocrx_word' id='word_1_336' title='bbox 1031 3003 1415 3057; x_wconf 77' lang='lat' dir='ltr'><strong>misericordia:</strong></span> <span class='ocrx_word' id='word_1_337' title='bbox 1438 3003 1739 3071; x_wconf 83' lang='lat' dir='ltr'><strong>largitatem</strong></span> <span class='ocrx_word' id='word_1_338' title='bbox 1765 3014 1876 3058; x_wconf 77' lang='lat' dir='ltr'><strong>stu-</strong></span> 
     </span>
    </p>
   </div>
   <div class='ocr_carea' id='block_1_46' title="bbox 251 3097 1875 3170">
    <p class='ocr_par' dir='ltr' id='par_1_46' title="bbox 251 3097 1875 3170">
     <span class='ocr_line' id='line_1_46' title="bbox 251 3097 1875 3170; baseline -0.002 -9"><span class='ocrx_word' id='word_1_339' title='bbox 251 3107 515 3161; x_wconf 75' lang='lat' dir='ltr'><strong>deamus</strong></span> <span class='ocrx_word' id='word_1_340' title='bbox 548 3113 597 3157; x_wconf 91' lang='lat' dir='ltr'><strong>et</strong></span> <span class='ocrx_word' id='word_1_341' title='bbox 624 3110 960 3170; x_wconf 82' lang='lat' dir='ltr'><strong>peccatorum</strong></span> <span class='ocrx_word' id='word_1_342' title='bbox 987 3099 1235 3153; x_wconf 87' lang='lat' dir='ltr'><strong>sordibus</strong></span> <span class='ocrx_word' id='word_1_343' title='bbox 1263 3097 1499 3161; x_wconf 87' lang='lat' dir='ltr'><strong>liberari,</strong></span> <span class='ocrx_word' id='word_1_344' title='bbox 1526 3109 1575 3152; x_wconf 90' lang='lat' dir='ltr'><strong>et</strong></span> <span class='ocrx_word' id='word_1_345' title='bbox 1595 3098 1875 3157; x_wconf 85' lang='lat' dir='ltr'><strong>charitatis</strong></span> 
     </span>
    </p>
   </div>
   <div class='ocr_carea' id='block_1_47' title="bbox 344 3210 1698 3283">
    <p class='ocr_par' dir='ltr' id='par_1_47' title="bbox 344 3210 1698 3283">
     <span class='ocr_line' id='line_1_47' title="bbox 344 3210 1698 3283; baseline -0.002 -13"><span class='ocrx_word' id='word_1_346' title='bbox 344 3229 382 3257; x_wconf 73' lang='grc' dir='ltr'>ει</span> <span class='ocrx_word' id='word_1_347' title='bbox 419 3218 557 3271; x_wconf 86' lang='lat' dir='ltr'><strong>Cod.</strong></span> <span class='ocrx_word' id='word_1_348' title='bbox 584 3215 853 3270; x_wconf 77' lang='lat' dir='ltr'><strong>Veronen.</strong></span> <span class='ocrx_word' id='word_1_349' title='bbox 884 3223 935 3266; x_wconf 90' lang='lat' dir='ltr'><strong>et</strong></span> <span class='ocrx_word' id='word_1_350' title='bbox 962 3211 1083 3265; x_wconf 88' lang='lat' dir='ltr'><strong>Vat.</strong></span> <span class='ocrx_word' id='word_1_351' title='bbox 1112 3211 1324 3283; x_wconf 83' lang='lat' dir='ltr'><strong>collect.</strong></span> <span class='ocrx_word' id='word_1_352' title='bbox 1350 3210 1409 3283; x_wconf 81' lang='lat'><strong>5,</strong></span> <span class='ocrx_word' id='word_1_353' title='bbox 1433 3210 1698 3283; x_wconf 82' lang='lat' dir='ltr'><strong>valdeque.</strong></span> 
     </span>
    </p>
   </div>
   <div class='ocr_carea' id='block_1_48' title="bbox 342 3282 1432 3347">
    <p class='ocr_par' dir='ltr' id='par_1_48' title="bbox 342 3282 1432 3347">
     <span class='ocr_line' id='line_1_48' title="bbox 342 3282 1432 3347; baseline -0.008 -5"><span class='ocrx_word' id='word_1_354' title='bbox 342 3290 381 3328; x_wconf 70' lang='grc' dir='ltr'>δ</span> <span class='ocrx_word' id='word_1_355' title='bbox 417 3289 496 3341; x_wconf 90' lang='lat' dir='ltr'><strong>lta</strong></span> <span class='ocrx_word' id='word_1_356' title='bbox 529 3304 591 3341; x_wconf 81' lang='lat' dir='ltr'><strong>cx</strong></span> <span class='ocrx_word' id='word_1_357' title='bbox 626 3288 821 3340; x_wconf 82' lang='lat' dir='ltr'><strong>nostris</strong></span> <span class='ocrx_word' id='word_1_358' title='bbox 848 3283 1006 3338; x_wconf 88' lang='lat' dir='ltr'><strong>codd.</strong></span> <span class='ocrx_word' id='word_1_359' title='bbox 1043 3283 1151 3347; x_wconf 73' lang='lat' dir='ltr'><strong>AL,</strong></span> <span class='ocrx_word' id='word_1_360' title='bbox 1184 3282 1246 3333; x_wconf 92' lang='lat' dir='ltr'><strong>ab</strong></span> <span class='ocrx_word' id='word_1_361' title='bbox 1277 3282 1432 3333; x_wconf 88' lang='lat' dir='ltr'><strong>omni.</strong></span> 
     </span>
    </p>
   </div>
   <div class='ocr_carea' id='block_1_49' title="bbox 349 3353 1884 3424">
    <p class='ocr_par' dir='ltr' id='par_1_49' title="bbox 349 3353 1884 3424">
     <span class='ocr_line' id='line_1_49' title="bbox 349 3353 1884 3424; baseline -0.001 -10"><span class='ocrx_word' id='word_1_362' title='bbox 349 3373 378 3399; x_wconf 72' lang='grc' dir='ltr'><strong>ε</strong></span> <span class='ocrx_word' id='word_1_363' title='bbox 419 3360 620 3414; x_wconf 67' lang='lat' dir='ltr'><strong>Eadem</strong></span> <span class='ocrx_word' id='word_1_364' title='bbox 646 3357 804 3411; x_wconf 67' lang='lat' dir='ltr'><strong>habet</strong></span> <span class='ocrx_word' id='word_1_365' title='bbox 829 3357 1069 3424; x_wconf 59' lang='lat' dir='ltr'><strong>pint-latio</strong></span> <span class='ocrx_word' id='word_1_366' title='bbox 1086 3354 1263 3406; x_wconf 48' lang='lat' dir='ltr'><strong>missa-</strong></span> <span class='ocrx_word' id='word_1_367' title='bbox 1282 3353 1508 3424; x_wconf 71' lang='lat' dir='ltr'><strong>Iandatm</strong></span> <span class='ocrx_word' id='word_1_368' title='bbox 1533 3359 1884 3413; x_wconf 79' lang='lat' dir='ltr'><strong>annotatinne</strong></span> 
     </span>
    </p>
   </div>
   <div class='ocr_carea' id='block_1_50' title="bbox 258 3422 1886 3495">
    <p class='ocr_par' dir='ltr' id='par_1_50' title="bbox 258 3422 1886 3495">
     <span class='ocr_line' id='line_1_50' title="bbox 258 3422 1886 3495; baseline -0.006 -10"><span class='ocrx_word' id='word_1_369' title='bbox 258 3436 300 3488; x_wconf 74' lang='lat'><strong>2</strong></span> <span class='ocrx_word' id='word_1_370' title='bbox 332 3436 403 3487; x_wconf 87' lang='lat' dir='ltr'><strong>in</strong></span> <span class='ocrx_word' id='word_1_371' title='bbox 454 3422 891 3483; x_wconf 66' lang='lat' dir='ltr'><strong>Sacramentario</strong></span> <span class='ocrx_word' id='word_1_372' title='bbox 935 3425 1273 3480; x_wconf 83' lang='lat' dir='ltr'><strong>Veronensi:</strong></span> <span class='ocrx_word' id='word_1_373' title='bbox 1313 3422 1444 3477; x_wconf 84' lang='lat' dir='ltr'><strong>Vere</strong></span> <span class='ocrx_word' id='word_1_374' title='bbox 1478 3426 1708 3495; x_wconf 86' lang='lat' dir='ltr'><strong>dignum.</strong></span> <span class='ocrx_word' id='word_1_375' title='bbox 1758 3430 1886 3484; x_wconf 76' lang='lat' dir='ltr'><strong>Pou</strong></span> 
     </span>
    </p>
   </div>
   <div class='ocr_carea' id='block_1_51' title="bbox 260 3496 1885 3562">
    <p class='ocr_par' dir='ltr' id='par_1_51' title="bbox 260 3496 1885 3562">
     <span class='ocr_line' id='line_1_51' title="bbox 260 3496 1885 3562; baseline -0.002 -3"><span class='ocrx_word' id='word_1_376' title='bbox 260 3507 407 3559; x_wconf 79' lang='lat' dir='ltr'><strong>illos</strong></span> <span class='ocrx_word' id='word_1_377' title='bbox 440 3504 577 3556; x_wconf 83' lang='lat' dir='ltr'><strong>enim</strong></span> <span class='ocrx_word' id='word_1_378' title='bbox 602 3510 787 3553; x_wconf 71' lang='lat' dir='ltr'><strong>sancta?</strong></span> <span class='ocrx_word' id='word_1_379' title='bbox 813 3496 1005 3551; x_wconf 75' lang='lat' dir='ltr'><strong>(tentia:</strong></span> <span class='ocrx_word' id='word_1_380' title='bbox 1026 3496 1156 3559; x_wconf 84' lang='lat' dir='ltr'><strong>dies,</strong></span> <span class='ocrx_word' id='word_1_381' title='bbox 1180 3511 1303 3562; x_wconf 90' lang='lat' dir='ltr'><strong>quos</strong></span> <span class='ocrx_word' id='word_1_382' title='bbox 1331 3498 1383 3547; x_wconf 90' lang='lat' dir='ltr'><strong>in</strong></span> <span class='ocrx_word' id='word_1_383' title='bbox 1406 3497 1650 3549; x_wconf 83' lang='lat' dir='ltr'><strong>honorent</strong></span> <span class='ocrx_word' id='word_1_384' title='bbox 1674 3496 1885 3555; x_wconf 86' lang='lat' dir='ltr'><strong>Domini</strong></span> 
     </span>
    </p>
   </div>
   <div class='ocr_carea' id='block_1_52' title="bbox 263 3568 1885 3641">
    <p class='ocr_par' dir='ltr' id='par_1_52' title="bbox 263 3568 1885 3641">
     <span class='ocr_line' id='line_1_52' title="bbox 263 3568 1885 3641; baseline -0.003 -12"><span class='ocrx_word' id='word_1_385' title='bbox 263 3595 299 3630; x_wconf 80' lang='grc' dir='ltr'><em>α</em></span> <span class='ocrx_word' id='word_1_386' title='bbox 347 3574 586 3626; x_wconf 80' lang='lat' dir='ltr'><strong>mortuis</strong></span> <span class='ocrx_word' id='word_1_387' title='bbox 623 3570 955 3641; x_wconf 77' lang='lat' dir='ltr'><strong>resurgentis,</strong></span> <span class='ocrx_word' id='word_1_388' title='bbox 1000 3577 1043 3618; x_wconf 81' lang='lat' dir='ltr'><strong>et</strong></span> <span class='ocrx_word' id='word_1_389' title='bbox 1081 3568 1131 3617; x_wconf 90' lang='lat' dir='ltr'><strong>in</strong></span> <span class='ocrx_word' id='word_1_390' title='bbox 1172 3568 1321 3641; x_wconf 54' lang='lat' dir='ltr'><strong>caios</strong></span> <span class='ocrx_word' id='word_1_391' title='bbox 1361 3571 1675 3641; x_wconf 76' lang='lat' dir='ltr'><strong>ascendentis</strong></span> <span class='ocrx_word' id='word_1_392' title='bbox 1713 3574 1885 3641; x_wconf 71' lang='lat' dir='ltr'><strong>exegi-</strong></span> 
     </span>
    </p>
   </div>
   <div class='ocr_carea' id='block_1_53' title="bbox 262 3637 1889 3714">
    <p class='ocr_par' dir='ltr' id='par_1_53' title="bbox 262 3637 1889 3714">
     <span class='ocr_line' id='line_1_53' title="bbox 262 3637 1889 3714; baseline 0.008 -30"><span class='ocrx_word' id='word_1_393' title='bbox 262 3662 436 3709; x_wconf 59' lang='lat' dir='ltr'><strong>mug;</strong></span> <span class='ocrx_word' id='word_1_394' title='bbox 467 3656 684 3714; x_wconf 76' lang='lat' dir='ltr'><strong>postque</strong></span> <span class='ocrx_word' id='word_1_395' title='bbox 718 3637 1004 3709; x_wconf 63' lang='lat' dir='ltr'><strong>perceptum</strong></span> <span class='ocrx_word' id='word_1_396' title='bbox 1031 3638 1191 3690; x_wconf 75' lang='lat' dir='ltr'><strong>sancri</strong></span> <span class='ocrx_word' id='word_1_397' title='bbox 1222 3637 1448 3714; x_wconf 81' lang='lat' dir='ltr'><strong>Spiritus</strong></span> <span class='ocrx_word' id='word_1_398' title='bbox 1480 3638 1691 3705; x_wconf 84' lang='lat' dir='ltr'><strong>donum,</strong></span> <span class='ocrx_word' id='word_1_399' title='bbox 1723 3637 1889 3696; x_wconf 41' lang='lat' dir='ltr'><strong>nec-es.</strong></span> 
     </span>
    </p>
   </div>
   <div class='ocr_carea' id='block_1_54' title="bbox 261 3711 1889 3782">
    <p class='ocr_par' dir='ltr' id='par_1_54' title="bbox 261 3711 1889 3782">
     <span class='ocr_line' id='line_1_54' title="bbox 261 3711 1889 3782; baseline -0.003 -11"><span class='ocrx_word' id='word_1_400' title='bbox 261 3733 425 3770; x_wconf 82' lang='lat' dir='ltr'><strong>sario</strong></span> <span class='ocrx_word' id='word_1_401' title='bbox 467 3711 620 3767; x_wconf 79' lang='lat' dir='ltr'><strong>nobis</strong></span> <span class='ocrx_word' id='word_1_402' title='bbox 657 3713 762 3763; x_wconf 67' lang='lat' dir='ltr'><strong>hazc</strong></span> <span class='ocrx_word' id='word_1_403' title='bbox 783 3714 989 3782; x_wconf 77' lang='lat' dir='ltr'><strong>jejuna</strong></span> <span class='ocrx_word' id='word_1_404' title='bbox 1020 3711 1626 3782; x_wconf 24' lang='lat' dir='ltr'><strong>sanctauprovisausun‘;</strong></span> <span class='ocrx_word' id='word_1_405' title='bbox 1671 3722 1724 3763; x_wconf 87' lang='lat' dir='ltr'><strong>ut</strong></span> <span class='ocrx_word' id='word_1_406' title='bbox 1757 3731 1889 3781; x_wconf 83' lang='lat' dir='ltr'><strong>pura</strong></span> 
     </span>
    </p>
   </div>
   <div class='ocr_carea' id='block_1_55' title="bbox 264 3779 1889 3848">
    <p class='ocr_par' dir='ltr' id='par_1_55' title="bbox 264 3779 1889 3848">
     <span class='ocr_line' id='line_1_55' title="bbox 264 3779 1889 3848; baseline -0.001 -8"><span class='ocrx_word' id='word_1_407' title='bbox 264 3795 677 3841; x_wconf 70' lang='lat' dir='ltr'><strong>conversatione</strong></span> <span class='ocrx_word' id='word_1_408' title='bbox 707 3779 1001 3843; x_wconf 69' lang='lat' dir='ltr'><strong>viventibus,</strong></span> <span class='ocrx_word' id='word_1_409' title='bbox 1036 3795 1147 3848; x_wconf 77' lang='lat' dir='ltr'><strong>quia</strong></span> <span class='ocrx_word' id='word_1_410' title='bbox 1170 3779 1409 3831; x_wconf 85' lang='lat' dir='ltr'><strong>divinitus</strong></span> <span class='ocrx_word' id='word_1_411' title='bbox 1435 3779 1679 3836; x_wconf 66' lang='lat' dir='ltr'><strong>Ecclesia:</strong></span> <span class='ocrx_word' id='word_1_412' title='bbox 1700 3779 1889 3838; x_wconf 86' lang='lat' dir='ltr'><strong>collata</strong></span> 
     </span>
    </p>
   </div>
   <div class='ocr_carea' id='block_1_56' title="bbox 266 3848 1889 3920">
    <p class='ocr_par' dir='ltr' id='par_1_56' title="bbox 266 3848 1889 3920">
     <span class='ocr_line' id='line_1_56' title="bbox 266 3848 1889 3920; baseline -0.001 -12"><span class='ocrx_word' id='word_1_413' title='bbox 266 3868 430 3920; x_wconf 74' lang='lat' dir='ltr'><strong>sunt,</strong></span> <span class='ocrx_word' id='word_1_414' title='bbox 473 3862 831 3919; x_wconf 83' lang='lat' dir='ltr'><strong>permaneant.</strong></span> <span class='ocrx_word' id='word_1_415' title='bbox 876 3849 996 3904; x_wconf 87' lang='lat' dir='ltr'><strong>Per.</strong></span> <span class='ocrx_word' id='word_1_416' title='bbox 1032 3852 1197 3901; x_wconf 75' lang='lat' dir='ltr'><strong>&#39;l&#39;anta</strong></span> <span class='ocrx_word' id='word_1_417' title='bbox 1235 3848 1391 3915; x_wconf 83' lang='lat' dir='ltr'><strong>hujus</strong></span> <span class='ocrx_word' id='word_1_418' title='bbox 1430 3853 1605 3904; x_wconf 68' lang='lat' dir='ltr'><strong>mi~s.o</strong></span> <span class='ocrx_word' id='word_1_419' title='bbox 1634 3868 1756 3907; x_wconf 91' lang='lat' dir='ltr'><strong>cum</strong></span> <span class='ocrx_word' id='word_1_420' title='bbox 1786 3853 1835 3907; x_wconf 62' lang='lat' dir='ltr'><strong>hi</strong></span> <span class='ocrx_word' id='word_1_421' title='bbox 1859 3871 1889 3910; x_wconf 93' lang='lat' dir='ltr'><strong>c</strong></span> 
     </span>
    </p>
   </div>
   <div class='ocr_carea' id='block_1_57' title="bbox 267 3920 1891 3985">
    <p class='ocr_par' dir='ltr' id='par_1_57' title="bbox 267 3920 1891 3985">
     <span class='ocr_line' id='line_1_57' title="bbox 267 3920 1891 3985; baseline -0.001 -5"><span class='ocrx_word' id='word_1_422' title='bbox 267 3942 557 3985; x_wconf 70' lang='lat' dir='ltr'><strong>sermoiie</strong></span> <span class='ocrx_word' id='word_1_423' title='bbox 595 3924 878 3978; x_wconf 78' lang='lat' dir='ltr'><strong>Concordia</strong></span> <span class='ocrx_word' id='word_1_424' title='bbox 924 3920 1171 3975; x_wconf 74' lang='lat' dir='ltr'><strong>eamdi-tn</strong></span> <span class='ocrx_word' id='word_1_425' title='bbox 1211 3930 1484 3973; x_wconf 71' lang='lat' dir='ltr'><strong>auctorem</strong></span> <span class='ocrx_word' id='word_1_426' title='bbox 1517 3923 1891 3982; x_wconf 85' lang='lat' dir='ltr'><strong>demonstrare</strong></span> 
     </span>
    </p>
   </div>
   <div class='ocr_carea' id='block_1_58' title="bbox 269 3990 1887 4061">
    <p class='ocr_par' dir='ltr' id='par_1_58' title="bbox 269 3990 1887 4061">
     <span class='ocr_line' id='line_1_58' title="bbox 269 3990 1887 4061; baseline -0.001 -8"><span class='ocrx_word' id='word_1_427' title='bbox 269 4002 534 4053; x_wconf 59' lang='lat' dir='ltr'><strong>videtur.</strong></span> <span class='ocrx_word' id='word_1_428' title='bbox 568 3996 691 4048; x_wconf 65' lang='lat' dir='ltr'><strong>Ha&#39;c</strong></span> <span class='ocrx_word' id='word_1_429' title='bbox 717 4006 893 4047; x_wconf 87' lang='lat' dir='ltr'><strong>autem</strong></span> <span class='ocrx_word' id='word_1_430' title='bbox 930 3990 1171 4061; x_wconf 67' lang='lat' dir='ltr'><strong>praefatio</strong></span> <span class='ocrx_word' id='word_1_431' title='bbox 1192 3994 1353 4045; x_wconf 89' lang='lat' dir='ltr'><strong>etiam</strong></span> <span class='ocrx_word' id='word_1_432' title='bbox 1388 3993 1439 4046; x_wconf 90' lang='lat' dir='ltr'><strong>in</strong></span> <span class='ocrx_word' id='word_1_433' title='bbox 1467 3993 1758 4049; x_wconf 81' lang='lat' dir='ltr'><strong>Gelasiano</strong></span> <span class='ocrx_word' id='word_1_434' title='bbox 1788 3998 1887 4052; x_wconf 87' lang='lat' dir='ltr'><strong>Sa-</strong></span> 
     </span>
    </p>
   </div>
   <div class='ocr_carea' id='block_1_59' title="bbox 271 4064 909 4133">
    <p class='ocr_par' dir='ltr' id='par_1_59' title="bbox 271 4064 909 4133">
     <span class='ocr_line' id='line_1_59' title="bbox 271 4064 909 4133; baseline -0.017 -7"><span class='ocrx_word' id='word_1_435' title='bbox 271 4070 665 4127; x_wconf 77' lang='lat' dir='ltr'><strong>craitientario</strong></span> <span class='ocrx_word' id='word_1_436' title='bbox 696 4064 909 4133; x_wconf 75' lang='lat' dir='ltr'><strong>legitur.</strong></span> 
     </span>
    </p>
   </div>
   <div class='ocr_carea' id='block_1_60' title="bbox 354 4135 1427 4197">
    <p class='ocr_par' dir='ltr' id='par_1_60' title="bbox 354 4135 1427 4197">
     <span class='ocr_line' id='line_1_60' title="bbox 354 4135 1427 4197; baseline -0.006 -4"><span class='ocrx_word' id='word_1_437' title='bbox 354 4139 385 4177; x_wconf 76' lang='grc' dir='ltr'><em>δ</em></span> <span class='ocrx_word' id='word_1_438' title='bbox 422 4142 523 4193; x_wconf 70' lang='lat' dir='ltr'><strong>bis.</strong></span> <span class='ocrx_word' id='word_1_439' title='bbox 564 4136 786 4197; x_wconf 82' lang='lat' dir='ltr'><strong>Veron.,</strong></span> <span class='ocrx_word' id='word_1_440' title='bbox 818 4135 1090 4189; x_wconf 81' lang='lat' dir='ltr'><strong>salubriter</strong></span> <span class='ocrx_word' id='word_1_441' title='bbox 1120 4135 1427 4188; x_wconf 81' lang='lat' dir='ltr'><strong>necessaria.</strong></span> 
     </span>
    </p>
   </div>
   <div class='ocr_carea' id='block_1_61' title="bbox 362 4205 1888 4280">
    <p class='ocr_par' dir='ltr' id='par_1_61' title="bbox 362 4205 1888 4280">
     <span class='ocr_line' id='line_1_61' title="bbox 362 4205 1888 4280; baseline -0.001 -15"><span class='ocrx_word' id='word_1_442' title='bbox 362 4223 390 4249; x_wconf 69' lang='grc' dir='ltr'><strong>ε</strong></span> <span class='ocrx_word' id='word_1_443' title='bbox 424 4211 567 4265; x_wconf 74' lang='lat' dir='ltr'><strong>Cod.</strong></span> <span class='ocrx_word' id='word_1_444' title='bbox 591 4209 723 4261; x_wconf 85' lang='lat' dir='ltr'><strong>Bon.</strong></span> <span class='ocrx_word' id='word_1_445' title='bbox 753 4216 805 4259; x_wconf 89' lang='lat' dir='ltr'><strong>et</strong></span> <span class='ocrx_word' id='word_1_446' title='bbox 830 4208 997 4274; x_wconf 90' lang='lat' dir='ltr'><strong>prima</strong></span> <span class='ocrx_word' id='word_1_447' title='bbox 1015 4205 1198 4280; x_wconf 59' lang='lat' dir='ltr'><strong>editio,</strong></span> <span class='ocrx_word' id='word_1_448' title='bbox 1221 4223 1311 4274; x_wconf 87' lang='lat' dir='ltr'><strong>per</strong></span> <span class='ocrx_word' id='word_1_449' title='bbox 1333 4208 1697 4262; x_wconf 73' lang='lat' dir='ltr'><strong>misericordia:</strong></span> <span class='ocrx_word' id='word_1_450' title='bbox 1713 4226 1888 4280; x_wconf 80' lang='lat' dir='ltr'><strong>aperti.</strong></span> 
     </span>
    </p>
   </div>
   <div class='ocr_carea' id='block_1_62' title="bbox 367 4274 1896 4347">
    <p class='ocr_par' dir='ltr' id='par_1_62' title="bbox 367 4274 1896 4347">
     <span class='ocr_line' id='line_1_62' title="bbox 367 4274 1896 4347; baseline -0.002 -11"><span class='ocrx_word' id='word_1_451' title='bbox 367 4281 389 4320; x_wconf 69' lang='grc' dir='ltr'>ί</span> <span class='ocrx_word' id='word_1_452' title='bbox 426 4281 878 4347; x_wconf 86' lang='lat' dir='ltr'><strong>Conjunctionem</strong></span> <span class='ocrx_word' id='word_1_453' title='bbox 908 4286 952 4329; x_wconf 89' lang='lat' dir='ltr'><strong>et</strong></span> <span class='ocrx_word' id='word_1_454' title='bbox 982 4292 1008 4329; x_wconf 90' lang='lat' dir='ltr'><strong>a</strong></span> <span class='ocrx_word' id='word_1_455' title='bbox 1038 4274 1316 4347; x_wconf 70' lang='lat' dir='ltr'><strong>Rainzintto</strong></span> <span class='ocrx_word' id='word_1_456' title='bbox 1338 4289 1391 4329; x_wconf 92' lang='lat' dir='ltr'><strong>et</strong></span> <span class='ocrx_word' id='word_1_457' title='bbox 1413 4280 1699 4344; x_wconf 80' lang='lat' dir='ltr'><strong>Qnesiiello</strong></span> <span class='ocrx_word' id='word_1_458' title='bbox 1732 4274 1896 4334; x_wconf 74' lang='lat' dir='ltr'><strong>uinis-</strong></span> 
     </span>
    </p>
   </div>
   <div class='ocr_carea' id='block_1_63' title="bbox 278 4346 1891 4420">
    <p class='ocr_par' dir='ltr' id='par_1_63' title="bbox 278 4346 1891 4420">
     <span class='ocr_line' id='line_1_63' title="bbox 278 4346 1891 4420; baseline -0.003 -11"><span class='ocrx_word' id='word_1_459' title='bbox 278 4372 436 4420; x_wconf 82' lang='lat' dir='ltr'><strong>sam,</strong></span> <span class='ocrx_word' id='word_1_460' title='bbox 488 4346 561 4405; x_wconf 61' lang='lat' dir='ltr'><strong>es</strong></span> <span class='ocrx_word' id='word_1_461' title='bbox 612 4348 970 4404; x_wconf 87' lang='lat' dir='ltr'><strong>anterioribus</strong></span> <span class='ocrx_word' id='word_1_462' title='bbox 1010 4346 1337 4402; x_wconf 89' lang='lat' dir='ltr'><strong>editionibus</strong></span> <span class='ocrx_word' id='word_1_463' title='bbox 1380 4361 1434 4403; x_wconf 88' lang='lat' dir='ltr'><strong>et</strong></span> <span class='ocrx_word' id='word_1_464' title='bbox 1479 4352 1678 4405; x_wconf 90' lang='lat' dir='ltr'><strong>nostris</strong></span> <span class='ocrx_word' id='word_1_465' title='bbox 1731 4352 1891 4407; x_wconf 89' lang='lat' dir='ltr'><strong>codd.</strong></span> 
     </span>
    </p>
   </div>
   <div class='ocr_carea' id='block_1_64' title="bbox 280 4424 704 4481">
    <p class='ocr_par' dir='ltr' id='par_1_64' title="bbox 280 4424 704 4481">
     <span class='ocr_line' id='line_1_64' title="bbox 280 4424 704 4481; baseline -0.014 -2"><span class='ocrx_word' id='word_1_466' title='bbox 280 4424 704 4481; x_wconf 82' lang='lat' dir='ltr'><strong>revocavimus.</strong></span> 
     </span>
    </p>
   </div>
   <div class='ocr_carea' id='block_1_65' title="bbox 367 4488 1896 4562">
    <p class='ocr_par' dir='ltr' id='par_1_65' title="bbox 367 4488 1896 4562">
     <span class='ocr_line' id='line_1_65' title="bbox 367 4488 1896 4562; baseline 0.002 -18"><span class='ocrx_word' id='word_1_467' title='bbox 367 4507 397 4544; x_wconf 82' lang='grc' dir='ltr'><strong><em>ες</em></strong></span> <span class='ocrx_word' id='word_1_468' title='bbox 432 4496 620 4548; x_wconf 75' lang='lat' dir='ltr'><strong>Codex</strong></span> <span class='ocrx_word' id='word_1_469' title='bbox 636 4491 831 4562; x_wconf 29' lang='lat' dir='ltr'><strong>Veron;</strong></span> <span class='ocrx_word' id='word_1_470' title='bbox 851 4490 1068 4551; x_wconf 88' lang='lat' dir='ltr'><strong>omittit,</strong></span> <span class='ocrx_word' id='word_1_471' title='bbox 1088 4488 1487 4562; x_wconf 80' lang='lat' dir='ltr'><strong>adsubsidium;</strong></span> <span class='ocrx_word' id='word_1_472' title='bbox 1514 4502 1565 4546; x_wconf 88' lang='lat' dir='ltr'><strong>et</strong></span> <span class='ocrx_word' id='word_1_473' title='bbox 1590 4503 1705 4562; x_wconf 85' lang='lat' dir='ltr'><strong>post</strong></span> <span class='ocrx_word' id='word_1_474' title='bbox 1729 4508 1896 4562; x_wconf 86' lang='lat' dir='ltr'><strong>pauca</strong></span> 
     </span>
    </p>
   </div>
   <div class='ocr_carea' id='block_1_66' title="bbox 283 4560 1474 4629">
    <p class='ocr_par' dir='ltr' id='par_1_66' title="bbox 283 4560 1474 4629">
     <span class='ocr_line' id='line_1_66' title="bbox 283 4560 1474 4629; baseline -0.004 -9"><span class='ocrx_word' id='word_1_475' title='bbox 283 4568 486 4625; x_wconf 79' lang='lat' dir='ltr'><strong>habet.</strong></span> <span class='ocrx_word' id='word_1_476' title='bbox 524 4564 778 4629; x_wconf 79' lang='lat' dir='ltr'><strong>Quoniam</strong></span> <span class='ocrx_word' id='word_1_477' title='bbox 806 4560 931 4628; x_wconf 83' lang='lat' dir='ltr'><strong>ipsis</strong></span> <span class='ocrx_word' id='word_1_478' title='bbox 958 4560 1283 4612; x_wconf 83' lang='lat' dir='ltr'><strong>miserebitur</strong></span> <span class='ocrx_word' id='word_1_479' title='bbox 1317 4561 1474 4615; x_wconf 88' lang='lat' dir='ltr'><strong>Deus.</strong></span> 
     </span>
    </p>
   </div>
   <div class='ocr_carea' id='block_1_67' title="bbox 366 4631 1899 4698">
    <p class='ocr_par' dir='ltr' id='par_1_67' title="bbox 366 4631 1899 4698">
     <span class='ocr_line' id='line_1_67' title="bbox 366 4631 1899 4698; baseline -0.001 -10"><span class='ocrx_word' id='word_1_480' title='bbox 366 4637 399 4676; x_wconf 75' lang='grc' dir='ltr'><strong>ιι</strong></span> <span class='ocrx_word' id='word_1_481' title='bbox 430 4637 610 4691; x_wconf 86' lang='lat' dir='ltr'><strong>Prima</strong></span> <span class='ocrx_word' id='word_1_482' title='bbox 654 4634 842 4697; x_wconf 83' lang='lat' dir='ltr'><strong>editio,</strong></span> <span class='ocrx_word' id='word_1_483' title='bbox 874 4649 904 4682; x_wconf 91' lang='lat' dir='ltr'><strong>a</strong></span> <span class='ocrx_word' id='word_1_484' title='bbox 928 4631 1312 4698; x_wconf 78' lang='lat' dir='ltr'><strong>corporalibus;</strong></span> <span class='ocrx_word' id='word_1_485' title='bbox 1355 4645 1407 4685; x_wconf 92' lang='lat' dir='ltr'><strong>et</strong></span> <span class='ocrx_word' id='word_1_486' title='bbox 1447 4633 1570 4687; x_wconf 88' lang='lat' dir='ltr'><strong>dein</strong></span> <span class='ocrx_word' id='word_1_487' title='bbox 1613 4638 1747 4687; x_wconf 87' lang='lat' dir='ltr'><strong>hanc</strong></span> <span class='ocrx_word' id='word_1_488' title='bbox 1783 4648 1899 4689; x_wconf 92' lang='lat' dir='ltr'><strong>ser-</strong></span> 
     </span>
    </p>
   </div>
   <div class='ocr_carea' id='block_1_68' title="bbox 290 4698 1898 4769">
    <p class='ocr_par' dir='ltr' id='par_1_68' title="bbox 290 4698 1898 4769">
     <span class='ocr_line' id='line_1_68' title="bbox 290 4698 1898 4769; baseline -0.004 -5"><span class='ocrx_word' id='word_1_489' title='bbox 290 4712 484 4764; x_wconf 60' lang='lat' dir='ltr'><strong>monis</strong></span> <span class='ocrx_word' id='word_1_490' title='bbox 516 4706 807 4761; x_wconf 58' lang='lat' dir='ltr'><strong>clausulam</strong></span> <span class='ocrx_word' id='word_1_491' title='bbox 842 4703 1051 4769; x_wconf 66' lang='lat' dir='ltr'><strong>prmlert</strong></span> <span class='ocrx_word' id='word_1_492' title='bbox 1082 4698 1221 4754; x_wconf 85' lang='lat' dir='ltr'><strong>:Per</strong></span> <span class='ocrx_word' id='word_1_493' title='bbox 1252 4703 1527 4755; x_wconf 76' lang='lat' dir='ltr'><strong>hominum</strong></span> <span class='ocrx_word' id='word_1_494' title='bbox 1555 4717 1784 4758; x_wconf 86' lang='lat' dir='ltr'><strong>nostrum</strong></span> <span class='ocrx_word' id='word_1_495' title='bbox 1808 4704 1898 4758; x_wconf 82' lang='lat' dir='ltr'><strong>Je-</strong></span> 
     </span>
    </p>
   </div>
   <div class='ocr_carea' id='block_1_69' title="bbox 290 4771 1897 4845">
    <p class='ocr_par' dir='ltr' id='par_1_69' title="bbox 290 4771 1897 4845">
     <span class='ocr_line' id='line_1_69' title="bbox 290 4771 1897 4845; baseline -0.002 -13"><span class='ocrx_word' id='word_1_496' title='bbox 290 4798 419 4836; x_wconf 72' lang='lat' dir='ltr'><strong>nm</strong></span> <span class='ocrx_word' id='word_1_497' title='bbox 442 4777 703 4835; x_wconf 82' lang='lat' dir='ltr'><strong>Christum</strong></span> <span class='ocrx_word' id='word_1_498' title='bbox 730 4771 779 4826; x_wconf 85' lang='lat' dir='ltr'><strong><em>F</em></strong></span> <span class='ocrx_word' id='word_1_499' title='bbox 783 4775 924 4827; x_wconf 87' lang='lat' dir='ltr'><strong>ilium</strong></span> <span class='ocrx_word' id='word_1_500' title='bbox 946 4783 1110 4845; x_wconf 86' lang='lat' dir='ltr'><strong>tuum,</strong></span> <span class='ocrx_word' id='word_1_501' title='bbox 1134 4772 1219 4839; x_wconf 85' lang='lat' dir='ltr'><strong>qui</strong></span> <span class='ocrx_word' id='word_1_502' title='bbox 1242 4781 1404 4825; x_wconf 86' lang='lat' dir='ltr'><strong>tecum</strong></span> <span class='ocrx_word' id='word_1_503' title='bbox 1436 4776 1549 4826; x_wconf 81' lang='lat' dir='ltr'><strong>virit</strong></span> <span class='ocrx_word' id='word_1_504' title='bbox 1577 4785 1621 4826; x_wconf 76' lang='lat' dir='ltr'><strong>et</strong></span> <span class='ocrx_word' id='word_1_505' title='bbox 1647 4787 1822 4845; x_wconf 87' lang='lat' dir='ltr'><strong>regnat</strong></span> <span class='ocrx_word' id='word_1_506' title='bbox 1844 4776 1897 4829; x_wconf 90' lang='lat' dir='ltr'><strong>in</strong></span> 
     </span>
    </p>
   </div>
   <div class='ocr_carea' id='block_1_70' title="bbox 293 4843 1899 4919">
    <p class='ocr_par' dir='ltr' id='par_1_70' title="bbox 293 4843 1899 4919">
     <span class='ocr_line' id='line_1_70' title="bbox 293 4843 1899 4919; baseline -0.002 -15"><span class='ocrx_word' id='word_1_507' title='bbox 293 4858 507 4904; x_wconf 73' lang='lat' dir='ltr'><strong>unitate</strong></span> <span class='ocrx_word' id='word_1_508' title='bbox 538 4848 764 4919; x_wconf 73' lang='lat' dir='ltr'><strong>Spiritus</strong></span> <span class='ocrx_word' id='word_1_509' title='bbox 796 4844 959 4899; x_wconf 84' lang='lat' dir='ltr'><strong>sancti</strong></span> <span class='ocrx_word' id='word_1_510' title='bbox 984 4843 1137 4902; x_wconf 82' lang='lat' dir='ltr'><strong>Deus.</strong></span> <span class='ocrx_word' id='word_1_511' title='bbox 1187 4859 1275 4913; x_wconf 87' lang='lat' dir='ltr'><strong>per</strong></span> <span class='ocrx_word' id='word_1_512' title='bbox 1305 4846 1477 4898; x_wconf 85' lang='lat' dir='ltr'><strong>omnia</strong></span> <span class='ocrx_word' id='word_1_513' title='bbox 1515 4843 1712 4899; x_wconf 79' lang='lat' dir='ltr'><strong>siccata</strong></span> <span class='ocrx_word' id='word_1_514' title='bbox 1732 4862 1899 4901; x_wconf 69' lang='lat' dir='ltr'><strong>siccu-</strong></span> 
     </span>
    </p>
   </div>
   <div class='ocr_carea' id='block_1_71' title="bbox 292 4923 716 4979">
    <p class='ocr_par' dir='ltr' id='par_1_71' title="bbox 292 4923 716 4979">
     <span class='ocr_line' id='line_1_71' title="bbox 292 4923 716 4979; baseline -0.019 0"><span class='ocrx_word' id='word_1_515' title='bbox 292 4926 500 4979; x_wconf 82' lang='lat' dir='ltr'><strong>lorum.</strong></span> <span class='ocrx_word' id='word_1_516' title='bbox 536 4923 716 4974; x_wconf 82' lang='lat' dir='ltr'><strong>Amen.</strong></span> 
     </span>
    </p>
   </div>
   <div class='ocr_carea' id='block_1_72' title="bbox 382 4984 1903 5055">
    <p class='ocr_par' dir='ltr' id='par_1_72' title="bbox 382 4984 1903 5055">
     <span class='ocr_line' id='line_1_72' title="bbox 382 4984 1903 5055; baseline -0.002 -9"><span class='ocrx_word' id='word_1_517' title='bbox 382 4992 404 5033; x_wconf 74' lang='grc' dir='ltr'><strong>ί</strong></span> <span class='ocrx_word' id='word_1_518' title='bbox 443 4993 499 5046; x_wconf 90' lang='lat' dir='ltr'><strong>In</strong></span> <span class='ocrx_word' id='word_1_519' title='bbox 540 5006 669 5044; x_wconf 89' lang='lat' dir='ltr'><strong>mss.</strong></span> <span class='ocrx_word' id='word_1_520' title='bbox 705 4987 857 5042; x_wconf 90' lang='lat' dir='ltr'><strong>libris</strong></span> <span class='ocrx_word' id='word_1_521' title='bbox 883 4985 1171 5055; x_wconf 39' lang='lat' dir='ltr'><strong>collect}.</strong></span> <span class='ocrx_word' id='word_1_522' title='bbox 1205 4984 1293 5055; x_wconf 90' lang='lat' dir='ltr'><strong>qui</strong></span> <span class='ocrx_word' id='word_1_523' title='bbox 1331 4987 1665 5055; x_wconf 89' lang='lat' dir='ltr'><strong>superiorem</strong></span> <span class='ocrx_word' id='word_1_524' title='bbox 1695 5003 1903 5043; x_wconf 86' lang='lat' dir='ltr'><strong>sermo-</strong></span> 
     </span>
    </p>
   </div>
   <div class='ocr_carea' id='block_1_73' title="bbox 299 5054 1903 5127">
    <p class='ocr_par' dir='ltr' id='par_1_73' title="bbox 299 5054 1903 5127">
     <span class='ocr_line' id='line_1_73' title="bbox 299 5054 1903 5127; baseline -0.001 -11"><span class='ocrx_word' id='word_1_525' title='bbox 299 5081 438 5121; x_wconf 84' lang='lat' dir='ltr'><strong>nem</strong></span> <span class='ocrx_word' id='word_1_526' title='bbox 486 5062 923 5127; x_wconf 59' lang='lat' dir='ltr'><strong>inscripserunt;</strong></span> <span class='ocrx_word' id='word_1_527' title='bbox 960 5056 1032 5127; x_wconf 78' lang='lat' dir='ltr'><strong>De</strong></span> <span class='ocrx_word' id='word_1_528' title='bbox 1082 5054 1597 5127; x_wconf 25' lang='lat' dir='ltr'><strong>Pentecoste’sermo</strong></span> <span class='ocrx_word' id='word_1_529' title='bbox 1636 5058 1739 5126; x_wconf 81' lang='grc' dir='ltr'><strong>ιγ,</strong></span> <span class='ocrx_word' id='word_1_530' title='bbox 1780 5060 1903 5115; x_wconf 86' lang='lat' dir='ltr'><strong>huic</strong></span> 
     </span>
    </p>
   </div>
   <div class='ocr_carea' id='block_1_74' title="bbox 300 5124 1905 5202">
    <p class='ocr_par' dir='ltr' id='par_1_74' title="bbox 300 5124 1905 5202">
     <span class='ocr_line' id='line_1_74' title="bbox 300 5124 1905 5202; baseline -0.004 -11"><span class='ocrx_word' id='word_1_531' title='bbox 300 5135 503 5192; x_wconf 55' lang='lat' dir='ltr'><strong>titulus</strong></span> <span class='ocrx_word' id='word_1_532' title='bbox 536 5124 825 5202; x_wconf 78' lang='lat' dir='ltr'><strong>praeligitur</strong></span> <span class='ocrx_word' id='word_1_533' title='bbox 851 5146 863 5179; x_wconf 88' lang='lat'><strong>:</strong></span> <span class='ocrx_word' id='word_1_534' title='bbox 892 5125 969 5180; x_wconf 89' lang='lat' dir='ltr'><strong>De</strong></span> <span class='ocrx_word' id='word_1_535' title='bbox 982 5124 1202 5202; x_wconf 83' lang='lat' dir='ltr'><strong>_Jejunio</strong></span> <span class='ocrx_word' id='word_1_536' title='bbox 1232 5126 1555 5202; x_wconf 79' lang='lat' dir='ltr'><strong>Pentecostes</strong></span> <span class='ocrx_word' id='word_1_537' title='bbox 1578 5124 1741 5185; x_wconf 83' lang='lat' dir='ltr'><strong>sermo</strong></span> <span class='ocrx_word' id='word_1_538' title='bbox 1764 5129 1817 5197; x_wconf 86' lang='grc' dir='ltr'><strong>Ι,</strong></span> <span class='ocrx_word' id='word_1_539' title='bbox 1848 5139 1905 5187; x_wconf 87' lang='lat' dir='ltr'><strong>et</strong></span> 
     </span>
    </p>
   </div>
   <div class='ocr_carea' id='block_1_75' title="bbox 300 5198 1399 5265">
    <p class='ocr_par' dir='ltr' id='par_1_75' title="bbox 300 5198 1399 5265">
     <span class='ocr_line' id='line_1_75' title="bbox 300 5198 1399 5265; baseline -0.009 -3"><span class='ocrx_word' id='word_1_540' title='bbox 300 5209 381 5261; x_wconf 83' lang='lat' dir='ltr'><strong>ita</strong></span> <span class='ocrx_word' id='word_1_541' title='bbox 420 5198 585 5260; x_wconf 80' lang='lat' dir='ltr'><strong>etiam</strong></span> <span class='ocrx_word' id='word_1_542' title='bbox 618 5204 669 5256; x_wconf 91' lang='lat' dir='ltr'><strong>in</strong></span> <span class='ocrx_word' id='word_1_543' title='bbox 692 5198 880 5255; x_wconf 20' lang='lat' dir='ltr'><strong>italmla</strong></span> <span class='ocrx_word' id='word_1_544' title='bbox 917 5198 1099 5265; x_wconf 58' lang='lat' dir='ltr'><strong>primm</strong></span> <span class='ocrx_word' id='word_1_545' title='bbox 1128 5199 1399 5253; x_wconf 83' lang='lat' dir='ltr'><strong>editionis.</strong></span> 
     </span>
    </p>
   </div>
   <div class='ocr_carea' id='block_1_76' title="bbox 384 5268 1905 5343">
    <p class='ocr_par' dir='ltr' id='par_1_76' title="bbox 384 5268 1905 5343">
     <span class='ocr_line' id='line_1_76' title="bbox 384 5268 1905 5343; baseline 0.001 -16"><span class='ocrx_word' id='word_1_546' title='bbox 384 5277 402 5327; x_wconf 72' lang='grc' dir='ltr'>ἱ</span> <span class='ocrx_word' id='word_1_547' title='bbox 450 5275 785 5343; x_wconf 82' lang='lat' dir='ltr'><strong>Adjectivum</strong></span> <span class='ocrx_word' id='word_1_548' title='bbox 819 5268 1167 5343; x_wconf 82' lang='lat' dir='ltr'><strong>Christianam</strong></span> <span class='ocrx_word' id='word_1_549' title='bbox 1200 5272 1455 5337; x_wconf 48' lang='lat' dir='ltr'><strong>i’irarteriit</strong></span> <span class='ocrx_word' id='word_1_550' title='bbox 1493 5271 1763 5340; x_wconf 87' lang='lat' dir='ltr'><strong>Qttesnelli</strong></span> <span class='ocrx_word' id='word_1_551' title='bbox 1791 5272 1905 5329; x_wconf 90' lang='lat' dir='ltr'><strong>edi—</strong></span> 
     </span>
    </p>
   </div>
   <div class='ocr_carea' id='block_1_77' title="bbox 308 5341 1907 5414">
    <p class='ocr_par' dir='ltr' id='par_1_77' title="bbox 308 5341 1907 5414">
     <span class='ocr_line' id='line_1_77' title="bbox 308 5341 1907 5414; baseline -0.003 -10"><span class='ocrx_word' id='word_1_552' title='bbox 308 5350 386 5403; x_wconf 88' lang='lat' dir='ltr'><strong>tio</strong></span> <span class='ocrx_word' id='word_1_553' title='bbox 417 5366 433 5400; x_wconf 88' lang='lat'><strong>:</strong></span> <span class='ocrx_word' id='word_1_554' title='bbox 466 5341 835 5400; x_wconf 70' lang='lat' dir='ltr'><strong>revocavimus</strong></span> <span class='ocrx_word' id='word_1_555' title='bbox 861 5356 927 5396; x_wconf 83' lang='lat' dir='ltr'><strong>ex</strong></span> <span class='ocrx_word' id='word_1_556' title='bbox 964 5341 1174 5394; x_wconf 61' lang='lat' dir='ltr'><strong>cmteris</strong></span> <span class='ocrx_word' id='word_1_557' title='bbox 1199 5342 1539 5407; x_wconf 88' lang='lat' dir='ltr'><strong>editionihus,</strong></span> <span class='ocrx_word' id='word_1_558' title='bbox 1569 5347 1761 5414; x_wconf 83' lang='lat' dir='ltr'><strong>quibus</strong></span> <span class='ocrx_word' id='word_1_559' title='bbox 1788 5360 1907 5401; x_wconf 89' lang='lat' dir='ltr'><strong>om-</strong></span> 
     </span>
    </p>
   </div>
   <div class='ocr_carea' id='block_1_78' title="bbox 309 5414 1521 5481">
    <p class='ocr_par' dir='ltr' id='par_1_78' title="bbox 309 5414 1521 5481">
     <span class='ocr_line' id='line_1_78' title="bbox 309 5414 1521 5481; baseline -0.007 -5"><span class='ocrx_word' id='word_1_560' title='bbox 309 5435 415 5475; x_wconf 86' lang='lat' dir='ltr'><strong>nes</strong></span> <span class='ocrx_word' id='word_1_561' title='bbox 445 5418 613 5470; x_wconf 91' lang='lat' dir='ltr'><strong>nostri</strong></span> <span class='ocrx_word' id='word_1_562' title='bbox 642 5414 876 5477; x_wconf 78' lang='lat' dir='ltr'><strong>codices,</strong></span> <span class='ocrx_word' id='word_1_563' title='bbox 910 5428 1017 5465; x_wconf 92' lang='lat' dir='ltr'><strong>uno</strong></span> <span class='ocrx_word' id='word_1_564' title='bbox 1047 5424 1293 5481; x_wconf 86' lang='lat' dir='ltr'><strong>excepto,</strong></span> <span class='ocrx_word' id='word_1_565' title='bbox 1326 5416 1521 5468; x_wconf 76' lang='lat' dir='ltr'><strong>favent.</strong></span> 
     </span>
    </p>
   </div>
   <div class='ocr_carea' id='block_1_79' title="bbox 383 5484 1549 5551">
    <p class='ocr_par' dir='ltr' id='par_1_79' title="bbox 383 5484 1549 5551">
     <span class='ocr_line' id='line_1_79' title="bbox 383 5484 1549 5551; baseline -0.002 -9"><span class='ocrx_word' id='word_1_566' title='bbox 383 5488 414 5526; x_wconf 59' lang='lat' dir='ltr'><strong>k</strong></span> <span class='ocrx_word' id='word_1_567' title='bbox 447 5489 753 5543; x_wconf 81' lang='lat' dir='ltr'><strong>LeCtionar.</strong></span> <span class='ocrx_word' id='word_1_568' title='bbox 782 5484 1125 5551; x_wconf 61' lang='lat' dir='ltr'><strong>Bergonien“</strong></span> <span class='ocrx_word' id='word_1_569' title='bbox 1162 5489 1549 5541; x_wconf 72' lang='lat' dir='ltr'><strong>consuetudine.</strong></span> 
     </span>
    </p>
   </div>
   <div class='ocr_carea' id='block_1_80' title="bbox 390 5555 1905 5624">
    <p class='ocr_par' dir='ltr' id='par_1_80' title="bbox 390 5555 1905 5624">
     <span class='ocr_line' id='line_1_80' title="bbox 390 5555 1905 5624; baseline 0.006 -21"><span class='ocrx_word' id='word_1_570' title='bbox 390 5558 413 5598; x_wconf 90' lang='lat' dir='ltr'><strong>l</strong></span> <span class='ocrx_word' id='word_1_571' title='bbox 454 5561 581 5613; x_wconf 66' lang='lat' dir='ltr'><strong>uage</strong></span> <span class='ocrx_word' id='word_1_572' title='bbox 605 5556 901 5614; x_wconf 77' lang='lat' dir='ltr'><strong>conformis</strong></span> <span class='ocrx_word' id='word_1_573' title='bbox 944 5555 1191 5609; x_wconf 88' lang='lat' dir='ltr'><strong>videntur</strong></span> <span class='ocrx_word' id='word_1_574' title='bbox 1216 5559 1491 5624; x_wconf 77' lang='lat' dir='ltr'><strong>Augustini</strong></span> <span class='ocrx_word' id='word_1_575' title='bbox 1524 5558 1782 5613; x_wconf 69' lang='lat' dir='ltr'><strong>doctrinae</strong></span> <span class='ocrx_word' id='word_1_576' title='bbox 1813 5559 1905 5614; x_wconf 90' lang='lat' dir='ltr'><strong>lib.</strong></span> 
     </span>
    </p>
   </div>
   <div class='ocr_carea' id='block_1_81' title="bbox 315 5626 1908 5699">
    <p class='ocr_par' dir='ltr' id='par_1_81' title="bbox 315 5626 1908 5699">
     <span class='ocr_line' id='line_1_81' title="bbox 315 5626 1908 5699; baseline -0.003 -11"><span class='ocrx_word' id='word_1_577' title='bbox 315 5632 384 5687; x_wconf 79' lang='lat' dir='ltr'><strong>IV</strong></span> <span class='ocrx_word' id='word_1_578' title='bbox 406 5632 479 5687; x_wconf 88' lang='lat' dir='ltr'><strong>de</strong></span> <span class='ocrx_word' id='word_1_579' title='bbox 507 5632 781 5699; x_wconf 85' lang='lat' dir='ltr'><strong>Baptismo</strong></span> <span class='ocrx_word' id='word_1_580' title='bbox 804 5641 924 5694; x_wconf 87' lang='lat' dir='ltr'><strong>cap.</strong></span> <span class='ocrx_word' id='word_1_581' title='bbox 942 5626 1009 5681; x_wconf 70' lang='lat'><strong>24</strong></span> <span class='ocrx_word' id='word_1_582' title='bbox 1037 5644 1049 5678; x_wconf 92' lang='lat'>:</span> <span class='ocrx_word' id='word_1_583' title='bbox 1072 5626 1223 5699; x_wconf 84' lang='lat' dir='ltr'><strong>Quod</strong></span> <span class='ocrx_word' id='word_1_584' title='bbox 1245 5629 1481 5682; x_wconf 87' lang='lat' dir='ltr'><strong>universa</strong></span> <span class='ocrx_word' id='word_1_585' title='bbox 1507 5640 1633 5683; x_wconf 88' lang='lat' dir='ltr'><strong>tenet</strong></span> <span class='ocrx_word' id='word_1_586' title='bbox 1654 5628 1908 5695; x_wconf 82' lang='lat' dir='ltr'><strong>Ecclesia,</strong></span> 
     </span>
    </p>
   </div>
   <div class='ocr_carea' id='block_1_82' title="bbox 316 5698 1913 5765">
    <p class='ocr_par' dir='ltr' id='par_1_82' title="bbox 316 5698 1913 5765">
     <span class='ocr_line' id='line_1_82' title="bbox 316 5698 1913 5765; baseline -0.001 -7"><span class='ocrx_word' id='word_1_587' title='bbox 316 5720 409 5758; x_wconf 75' lang='lat' dir='ltr'><strong>nec</strong></span> <span class='ocrx_word' id='word_1_588' title='bbox 439 5700 684 5758; x_wconf 84' lang='lat' dir='ltr'><strong>Conciliis</strong></span> <span class='ocrx_word' id='word_1_589' title='bbox 710 5700 1022 5761; x_wconf 87' lang='lat' dir='ltr'><strong>institutum,</strong></span> <span class='ocrx_word' id='word_1_590' title='bbox 1064 5698 1152 5750; x_wconf 88' lang='lat' dir='ltr'><strong>sed</strong></span> <span class='ocrx_word' id='word_1_591' title='bbox 1183 5714 1377 5765; x_wconf 84' lang='lat' dir='ltr'><strong>semper</strong></span> <span class='ocrx_word' id='word_1_592' title='bbox 1403 5711 1647 5753; x_wconf 81' lang='lat' dir='ltr'><strong>retentum</strong></span> <span class='ocrx_word' id='word_1_593' title='bbox 1680 5712 1776 5764; x_wconf 86' lang='lat' dir='ltr'><strong>est,</strong></span> <span class='ocrx_word' id='word_1_594' title='bbox 1808 5718 1913 5756; x_wconf 86' lang='lat' dir='ltr'><strong>non</strong></span> 
     </span>
    </p>
   </div>
   <div class='ocr_carea' id='block_1_83' title="bbox 319 5769 1907 5837">
    <p class='ocr_par' dir='ltr' id='par_1_83' title="bbox 319 5769 1907 5837">
     <span class='ocr_line' id='line_1_83' title="bbox 319 5769 1907 5837; baseline -0.002 -8"><span class='ocrx_word' id='word_1_595' title='bbox 319 5776 421 5829; x_wconf 74' lang='lat' dir='ltr'><strong>nisi</strong></span> <span class='ocrx_word' id='word_1_596' title='bbox 442 5774 750 5828; x_wconf 70' lang='lat' dir='ltr'><strong>auctoritate</strong></span> <span class='ocrx_word' id='word_1_597' title='bbox 780 5769 1061 5837; x_wconf 87' lang='lat' dir='ltr'><strong>apostolica</strong></span> <span class='ocrx_word' id='word_1_598' title='bbox 1089 5771 1335 5822; x_wconf 87' lang='lat' dir='ltr'><strong>traditum</strong></span> <span class='ocrx_word' id='word_1_599' title='bbox 1364 5772 1634 5824; x_wconf 79' lang='lat' dir='ltr'><strong>rectissime</strong></span> <span class='ocrx_word' id='word_1_600' title='bbox 1663 5773 1907 5826; x_wconf 83' lang='lat' dir='ltr'><strong>creditur.</strong></span> 
     </span>
    </p>
   </div>
   <div class='ocr_carea' id='block_1_84' title="bbox 320 5840 1912 5928">
    <p class='ocr_par' dir='ltr' id='par_1_84' title="bbox 320 5840 1912 5928">
     <span class='ocr_line' id='line_1_84' title="bbox 320 5840 1912 5928; baseline -0.002 -28"><span class='ocrx_word' id='word_1_601' title='bbox 320 5845 585 5928; x_wconf 56' lang='lat' dir='ltr'><strong>Qisplicet</strong></span> <span class='ocrx_word' id='word_1_602' title='bbox 608 5852 790 5897; x_wconf 88' lang='lat' dir='ltr'><strong>tamen</strong></span> <span class='ocrx_word' id='word_1_603' title='bbox 827 5840 1101 5928; x_wconf 71' lang='lat' dir='ltr'><strong>nonnullis</strong></span> <span class='ocrx_word' id='word_1_604' title='bbox 1126 5842 1267 5928; x_wconf 82' lang='lat' dir='ltr'><strong>quod</strong></span> <span class='ocrx_word' id='word_1_605' title='bbox 1298 5844 1429 5928; x_wconf 72' lang='lat' dir='ltr'><strong>hanc</strong></span> <span class='ocrx_word' id='word_1_606' title='bbox 1458 5842 1912 5925; x_wconf 59' lang='lat' dir='ltr'><strong>apostolictetra-</strong></span> 
     </span>
    </p>
   </div>
   <div class='ocr_carea' id='block_1_85' title="bbox 328 5912 1915 5985">
    <p class='ocr_par' dir='ltr' id='par_1_85' title="bbox 328 5912 1915 5985">
     <span class='ocr_line' id='line_1_85' title="bbox 328 5912 1915 5985; baseline -0.004 -13"><span class='ocrx_word' id='word_1_607' title='bbox 328 5912 553 5974; x_wconf 71' lang='lat' dir='ltr'><strong>ditionis</strong></span> <span class='ocrx_word' id='word_1_608' title='bbox 580 5912 993 5985; x_wconf 66' lang='lat' dir='ltr'><strong>pmoaativam</strong></span> <span class='ocrx_word' id='word_1_609' title='bbox 1024 5914 1224 5970; x_wconf 82' lang='lat' dir='ltr'><strong>Auctor</strong></span> <span class='ocrx_word' id='word_1_610' title='bbox 1256 5912 1493 5969; x_wconf 83' lang='lat' dir='ltr'><strong>tribuerit</strong></span> <span class='ocrx_word' id='word_1_611' title='bbox 1529 5913 1685 5969; x_wconf 58' lang='lat' dir='ltr'><strong>etiam</strong></span> <span class='ocrx_word' id='word_1_612' title='bbox 1710 5914 1915 5983; x_wconf 83' lang='lat' dir='ltr'><strong>jejunio</strong></span> 
     </span>
    </p>
   </div>
   <div class='ocr_carea' id='block_1_86' title="bbox 2277 1964 3241 2042">
    <p class='ocr_par' dir='ltr' id='par_1_86' title="bbox 2277 1964 3241 2042">
     <span class='ocr_line' id='line_1_86' title="bbox 2277 1964 3241 2042; baseline -0.008 -13"><span class='ocrx_word' id='word_1_613' title='bbox 2277 1973 2511 2030; x_wconf 82' lang='lat' dir='ltr'><strong>SERMU</strong></span> <span class='ocrx_word' id='word_1_614' title='bbox 2551 1969 2767 2027; x_wconf 81' lang='lat' dir='ltr'><strong>LXXIX</strong></span> <span class='ocrx_word' id='word_1_615' title='bbox 2805 1967 2911 2042; x_wconf 80' lang='grc' dir='ltr'><strong>[Αι.</strong></span> <span class='ocrx_word' id='word_1_616' title='bbox 2956 1964 3241 2039; x_wconf 85' lang='lat' dir='ltr'><strong>Lxxvn].</strong></span> 
     </span>
    </p>
   </div>
   <div class='ocr_carea' id='block_1_87' title="bbox 2328 2103 3198 2180">
    <p class='ocr_par' dir='ltr' id='par_1_87' title="bbox 2328 2103 3198 2180">
     <span class='ocr_line' id='line_1_87' title="bbox 2328 2103 3198 2180; baseline -0.001 -19"><span class='ocrx_word' id='word_1_617' title='bbox 2328 2108 2344 2147; x_wconf 77' lang='grc' dir='ltr'>ί</span> <span class='ocrx_word' id='word_1_618' title='bbox 2394 2110 2466 2163; x_wconf 86' lang='lat' dir='ltr'><strong>De</strong></span> <span class='ocrx_word' id='word_1_619' title='bbox 2501 2106 2715 2180; x_wconf 82' lang='lat' dir='ltr'><strong>Jejunio</strong></span> <span class='ocrx_word' id='word_1_620' title='bbox 2760 2105 3083 2161; x_wconf 77' lang='lat' dir='ltr'><strong>Pentecostes</strong></span> <span class='ocrx_word' id='word_1_621' title='bbox 3115 2103 3198 2160; x_wconf 87' lang='lat' dir='ltr'><strong>ll.</strong></span> 
     </span>
    </p>
   </div>
   <div class='ocr_carea' id='block_1_88' title="bbox 1969 2241 3560 2309">
    <p class='ocr_par' dir='ltr' id='par_1_88' title="bbox 1969 2241 3560 2309">
     <span class='ocr_line' id='line_1_88' title="bbox 1969 2241 3560 2309; baseline -0.004 -6"><span class='ocrx_word' id='word_1_622' title='bbox 1969 2244 2237 2303; x_wconf 71' lang='lat' dir='ltr'><strong>SYNOPSIS.</strong></span> <span class='ocrx_word' id='word_1_623' title='bbox 2272 2274 2341 2285; x_wconf 92' lang='lat'><strong><em>—</em></strong></span> <span class='ocrx_word' id='word_1_624' title='bbox 2372 2245 2411 2299; x_wconf 89' lang='grc' dir='ltr'>ι.</span> <span class='ocrx_word' id='word_1_625' title='bbox 2464 2242 2732 2309; x_wconf 83' lang='lat' dir='ltr'><strong>Jejunium</strong></span> <span class='ocrx_word' id='word_1_626' title='bbox 2780 2241 3125 2308; x_wconf 87' lang='lat' dir='ltr'><strong>Peiitecostes,</strong></span> <span class='ocrx_word' id='word_1_627' title='bbox 3174 2242 3238 2295; x_wconf 84' lang='lat' dir='ltr'><strong>de</strong></span> <span class='ocrx_word' id='word_1_628' title='bbox 3284 2242 3560 2296; x_wconf 82' lang='lat' dir='ltr'><strong>traditione</strong></span> 
     </span>
    </p>
   </div>
   <div class='ocr_carea' id='block_1_89' title="bbox 2042 2312 3562 2389">
    <p class='ocr_par' dir='ltr' id='par_1_89' title="bbox 2042 2312 3562 2389">
     <span class='ocr_line' id='line_1_89' title="bbox 2042 2312 3562 2389; baseline -0.003 -18"><span class='ocrx_word' id='word_1_629' title='bbox 2042 2318 2324 2389; x_wconf 83' lang='lat' dir='ltr'><strong>apostolica</strong></span> <span class='ocrx_word' id='word_1_630' title='bbox 2351 2326 2397 2369; x_wconf 92' lang='lat' dir='ltr'><strong>et</strong></span> <span class='ocrx_word' id='word_1_631' title='bbox 2428 2312 2993 2389; x_wconf 82' lang='lat' dir='ltr'><strong>institutioneSpiritus</strong></span> <span class='ocrx_word' id='word_1_632' title='bbox 3025 2312 3288 2389; x_wconf 80' lang='lat' dir='ltr'><strong>sancti.-_-</strong></span> <span class='ocrx_word' id='word_1_633' title='bbox 3312 2312 3377 2389; x_wconf 56' lang='lat' dir='ltr'><strong>ll.</strong></span> <span class='ocrx_word' id='word_1_634' title='bbox 3410 2312 3562 2389; x_wconf 72' lang='lat' dir='ltr'><strong>Quod</strong></span> 
     </span>
    </p>
   </div>
   <div class='ocr_carea' id='block_1_90' title="bbox 2044 2386 3559 2457">
    <p class='ocr_par' dir='ltr' id='par_1_90' title="bbox 2044 2386 3559 2457">
     <span class='ocr_line' id='line_1_90' title="bbox 2044 2386 3559 2457; baseline -0.003 -16"><span class='ocrx_word' id='word_1_635' title='bbox 2044 2386 2317 2442; x_wconf 84' lang='lat' dir='ltr'><strong>discrimen</strong></span> <span class='ocrx_word' id='word_1_636' title='bbox 2341 2390 2472 2440; x_wconf 90' lang='lat' dir='ltr'><strong>inter</strong></span> <span class='ocrx_word' id='word_1_637' title='bbox 2487 2386 2719 2455; x_wconf 75' lang='lat' dir='ltr'><strong>ﬁdelium</strong></span> <span class='ocrx_word' id='word_1_638' title='bbox 2735 2388 2945 2455; x_wconf 78' lang='lat' dir='ltr'><strong>jejunio</strong></span> <span class='ocrx_word' id='word_1_639' title='bbox 2968 2396 3014 2439; x_wconf 91' lang='lat' dir='ltr'><strong>et</strong></span> <span class='ocrx_word' id='word_1_640' title='bbox 3024 2387 3233 2457; x_wconf 84' lang='lat' dir='ltr'><strong>jejunio</strong></span> <span class='ocrx_word' id='word_1_641' title='bbox 3248 2386 3559 2451; x_wconf 80' lang='lat' dir='ltr'><strong>inﬁdelium.</strong></span> 
     </span>
    </p>
   </div>
   <div class='ocr_carea' id='block_1_91' title="bbox 2044 2457 3564 2530">
    <p class='ocr_par' dir='ltr' id='par_1_91' title="bbox 2044 2457 3564 2530">
     <span class='ocr_line' id='line_1_91' title="bbox 2044 2457 3564 2530; baseline -0.003 -17"><span class='ocrx_word' id='word_1_642' title='bbox 2044 2488 2117 2500; x_wconf 94' lang='lat'><strong><em>—</em></strong></span> <span class='ocrx_word' id='word_1_643' title='bbox 2140 2459 2225 2513; x_wconf 82' lang='grc' dir='ltr'><strong>ΙΙΙ.</strong></span> <span class='ocrx_word' id='word_1_644' title='bbox 2268 2460 2433 2523; x_wconf 82' lang='lat' dir='ltr'><strong>Quale</strong></span> <span class='ocrx_word' id='word_1_645' title='bbox 2454 2458 2735 2530; x_wconf 83' lang='lat' dir='ltr'><strong>jejunium,</strong></span> <span class='ocrx_word' id='word_1_646' title='bbox 2778 2461 2912 2526; x_wconf 84' lang='lat' dir='ltr'><strong>quod</strong></span> <span class='ocrx_word' id='word_1_647' title='bbox 2944 2474 3045 2510; x_wconf 88' lang='lat' dir='ltr'><strong>non</strong></span> <span class='ocrx_word' id='word_1_648' title='bbox 3072 2474 3119 2530; x_wconf 15' lang='lat' dir='ltr'><strong>Aa</strong></span> <span class='ocrx_word' id='word_1_649' title='bbox 3154 2457 3357 2530; x_wconf 81' lang='lat' dir='ltr'><strong>Spiritu</strong></span> <span class='ocrx_word' id='word_1_650' title='bbox 3387 2465 3564 2509; x_wconf 85' lang='lat' dir='ltr'><strong>sancto</strong></span> 
     </span>
    </p>
   </div>
   <div class='ocr_carea' id='block_1_92' title="bbox 2048 2526 3565 2598">
    <p class='ocr_par' dir='ltr' id='par_1_92' title="bbox 2048 2526 3565 2598">
     <span class='ocr_line' id='line_1_92' title="bbox 2048 2526 3565 2598; baseline -0.003 -15"><span class='ocrx_word' id='word_1_651' title='bbox 2048 2530 2298 2595; x_wconf 85' lang='lat' dir='ltr'><strong>procedit.</strong></span> <span class='ocrx_word' id='word_1_652' title='bbox 2359 2541 2404 2583; x_wconf 87' lang='lat' dir='ltr'><strong>et</strong></span> <span class='ocrx_word' id='word_1_653' title='bbox 2454 2526 2524 2583; x_wconf 66' lang='lat' dir='ltr'><strong>ea:</strong></span> <span class='ocrx_word' id='word_1_654' title='bbox 2557 2546 2657 2598; x_wconf 84' lang='lat' dir='ltr'><strong>quo</strong></span> <span class='ocrx_word' id='word_1_655' title='bbox 2704 2529 2869 2595; x_wconf 83' lang='lat' dir='ltr'><strong>gloria</strong></span> <span class='ocrx_word' id='word_1_656' title='bbox 2919 2528 3167 2587; x_wconf 65' lang='lat' dir='ltr'><strong>quaeritur</strong></span> <span class='ocrx_word' id='word_1_657' title='bbox 3218 2526 3565 2598; x_wconf 68' lang='lat' dir='ltr'><strong>humana.—</strong></span> 
     </span>
    </p>
   </div>
   <div class='ocr_carea' id='block_1_93' title="bbox 2050 2597 3565 2670">
    <p class='ocr_par' dir='ltr' id='par_1_93' title="bbox 2050 2597 3565 2670">
     <span class='ocr_line' id='line_1_93' title="bbox 2050 2597 3565 2670; baseline -0.003 -16"><span class='ocrx_word' id='word_1_658' title='bbox 2050 2601 2135 2654; x_wconf 85' lang='lat' dir='ltr'><strong>IV.</strong></span> <span class='ocrx_word' id='word_1_659' title='bbox 2160 2602 2239 2654; x_wconf 86' lang='lat' dir='ltr'><strong>Ad</strong></span> <span class='ocrx_word' id='word_1_660' title='bbox 2260 2600 2421 2654; x_wconf 88' lang='lat' dir='ltr'><strong>Deum</strong></span> <span class='ocrx_word' id='word_1_661' title='bbox 2436 2597 2757 2668; x_wconf 81' lang='lat' dir='ltr'><strong>referendum</strong></span> <span class='ocrx_word' id='word_1_662' title='bbox 2777 2616 2884 2651; x_wconf 83' lang='lat' dir='ltr'><strong>esse</strong></span> <span class='ocrx_word' id='word_1_663' title='bbox 2884 2598 3170 2670; x_wconf 87' lang='lat' dir='ltr'><strong>jejunium,</strong></span> <span class='ocrx_word' id='word_1_664' title='bbox 3195 2598 3315 2665; x_wconf 89' lang='lat' dir='ltr'><strong>quia</strong></span> <span class='ocrx_word' id='word_1_665' title='bbox 3338 2597 3565 2650; x_wconf 85' lang='lat' dir='ltr'><strong>omnium</strong></span> 
     </span>
    </p>
   </div>
   <div class='ocr_carea' id='block_1_94' title="bbox 2049 2670 3322 2738">
    <p class='ocr_par' dir='ltr' id='par_1_94' title="bbox 2049 2670 3322 2738">
     <span class='ocr_line' id='line_1_94' title="bbox 2049 2670 3322 2738; baseline -0.003 -12"><span class='ocrx_word' id='word_1_666' title='bbox 2049 2672 2424 2727; x_wconf 82' lang='lat' dir='ltr'><strong>desideriorum</strong></span> <span class='ocrx_word' id='word_1_667' title='bbox 2448 2680 2493 2723; x_wconf 90' lang='lat' dir='ltr'><strong>et</strong></span> <span class='ocrx_word' id='word_1_668' title='bbox 2518 2686 2728 2738; x_wconf 88' lang='lat' dir='ltr'><strong>operum</strong></span> <span class='ocrx_word' id='word_1_669' title='bbox 2756 2670 3004 2721; x_wconf 88' lang='lat' dir='ltr'><strong>bonorunt</strong></span> <span class='ocrx_word' id='word_1_670' title='bbox 3032 2677 3208 2721; x_wconf 80' lang='lat' dir='ltr'><strong>auctor</strong></span> <span class='ocrx_word' id='word_1_671' title='bbox 3229 2677 3322 2723; x_wconf 85' lang='lat' dir='ltr'><strong>est.</strong></span> 
     </span>
    </p>
   </div>
   <div class='ocr_carea' id='block_1_95' title="bbox 2047 2822 3565 2888">
    <p class='ocr_par' dir='ltr' id='par_1_95' title="bbox 2047 2822 3565 2888">
     <span class='ocr_line' id='line_1_95' title="bbox 2047 2822 3565 2888; baseline -0.003 -7"><span class='ocrx_word' id='word_1_672' title='bbox 2047 2826 2178 2882; x_wconf 73' lang='lat' dir='ltr'><strong>CAP.</strong></span> <span class='ocrx_word' id='word_1_673' title='bbox 2203 2826 2335 2881; x_wconf 83' lang='grc'><strong>1.-</strong></span> <span class='ocrx_word' id='word_1_674' title='bbox 2368 2824 2724 2881; x_wconf 88' lang='lat' dir='ltr'><strong>Dubitandum</strong></span> <span class='ocrx_word' id='word_1_675' title='bbox 2759 2840 2864 2877; x_wconf 90' lang='lat' dir='ltr'><strong>non</strong></span> <span class='ocrx_word' id='word_1_676' title='bbox 2894 2832 2996 2888; x_wconf 89' lang='lat' dir='ltr'><strong>est,</strong></span> <span class='ocrx_word' id='word_1_677' title='bbox 3045 2822 3403 2887; x_wconf 88' lang='lat' dir='ltr'><strong>dilectissimi,</strong></span> <span class='ocrx_word' id='word_1_678' title='bbox 3444 2835 3565 2877; x_wconf 90' lang='lat' dir='ltr'><strong>om-</strong></span> 
     </span>
    </p>
   </div>
   <div class='ocr_carea' id='block_1_96' title="bbox 1980 2914 3570 2976">
    <p class='ocr_par' dir='ltr' id='par_1_96' title="bbox 1980 2914 3570 2976">
     <span class='ocr_line' id='line_1_96' title="bbox 1980 2914 3570 2976; baseline -0.003 -1"><span class='ocrx_word' id='word_1_679' title='bbox 1980 2938 2103 2976; x_wconf 91' lang='lat' dir='ltr'><strong>nem</strong></span> <span class='ocrx_word' id='word_1_680' title='bbox 2155 2919 2604 2974; x_wconf 87' lang='lat' dir='ltr'><strong>observantiatnl</strong></span> <span class='ocrx_word' id='word_1_681' title='bbox 2669 2918 3031 2971; x_wconf 69' lang='lat' dir='ltr'><strong>Christianam</strong></span> <span class='ocrx_word' id='word_1_682' title='bbox 3086 2914 3402 2971; x_wconf 86' lang='lat' dir='ltr'><strong>eruditionis</strong></span> <span class='ocrx_word' id='word_1_683' title='bbox 3449 2928 3570 2971; x_wconf 81' lang='lat' dir='ltr'><strong>esse</strong></span> 
     </span>
    </p>
   </div>
   <div class='ocr_carea' id='block_1_97' title="bbox 1978 3004 3571 3081">
    <p class='ocr_par' dir='ltr' id='par_1_97' title="bbox 1978 3004 3571 3081">
     <span class='ocr_line' id='line_1_97' title="bbox 1978 3004 3571 3081; baseline -0.004 -14"><span class='ocrx_word' id='word_1_684' title='bbox 1978 3013 2197 3077; x_wconf 77' lang='lat' dir='ltr'><strong>divinze,</strong></span> <span class='ocrx_word' id='word_1_685' title='bbox 2244 3020 2299 3065; x_wconf 89' lang='lat' dir='ltr'><strong>et</strong></span> <span class='ocrx_word' id='word_1_686' title='bbox 2327 3008 2583 3081; x_wconf 90' lang='lat' dir='ltr'><strong>quidquid</strong></span> <span class='ocrx_word' id='word_1_687' title='bbox 2612 3009 2680 3064; x_wconf 90' lang='lat' dir='ltr'><strong>ab</strong></span> <span class='ocrx_word' id='word_1_688' title='bbox 2711 3008 2950 3063; x_wconf 86' lang='lat' dir='ltr'><strong>Ecclesia</strong></span> <span class='ocrx_word' id='word_1_689' title='bbox 2985 3004 3013 3045; x_wconf 78' lang='grc' dir='ltr'>¹ι</span> <span class='ocrx_word' id='word_1_690' title='bbox 3046 3010 3096 3061; x_wconf 92' lang='lat' dir='ltr'><strong>in</strong></span> <span class='ocrx_word' id='word_1_691' title='bbox 3125 3006 3571 3063; x_wconf 89' lang='lat' dir='ltr'><strong>consuetudinem</strong></span> 
     </span>
    </p>
   </div>
   <div class='ocr_carea' id='block_1_98' title="bbox 1979 3098 3569 3173">
    <p class='ocr_par' dir='ltr' id='par_1_98' title="bbox 1979 3098 3569 3173">
     <span class='ocr_line' id='line_1_98' title="bbox 1979 3098 3569 3173; baseline -0.004 -13"><span class='ocrx_word' id='word_1_692' title='bbox 1979 3116 2061 3160; x_wconf 80' lang='lat' dir='ltr'><strong>est</strong></span> <span class='ocrx_word' id='word_1_693' title='bbox 2086 3103 2388 3161; x_wconf 88' lang='lat' dir='ltr'><strong>devotionis</strong></span> <span class='ocrx_word' id='word_1_694' title='bbox 2416 3112 2714 3173; x_wconf 88' lang='lat' dir='ltr'><strong>receptum,</strong></span> <span class='ocrx_word' id='word_1_695' title='bbox 2753 3098 2771 3138; x_wconf 76' lang='grc' dir='ltr'><strong>ι</strong></span> <span class='ocrx_word' id='word_1_696' title='bbox 2817 3101 2885 3156; x_wconf 91' lang='lat' dir='ltr'><strong>de</strong></span> <span class='ocrx_word' id='word_1_697' title='bbox 2933 3100 3221 3155; x_wconf 86' lang='lat' dir='ltr'><strong>traditione</strong></span> <span class='ocrx_word' id='word_1_698' title='bbox 3268 3098 3569 3170; x_wconf 85' lang='lat' dir='ltr'><strong>apostolica</strong></span> 
     </span>
    </p>
   </div>
   <div class='ocr_carea' id='block_1_99' title="bbox 1989 3215 3575 3287">
    <p class='ocr_par' dir='ltr' id='par_1_99' title="bbox 1989 3215 3575 3287">
     <span class='ocr_line' id='line_1_99' title="bbox 1989 3215 3575 3287; baseline -0.001 -16"><span class='ocrx_word' id='word_1_699' title='bbox 1989 3216 2683 3286; x_wconf 85' lang='lat' dir='ltr'><strong>Quatuor-Temporum,de</strong></span> <span class='ocrx_word' id='word_1_700' title='bbox 2704 3230 2813 3287; x_wconf 91' lang='lat' dir='ltr'><strong>quo</strong></span> <span class='ocrx_word' id='word_1_701' title='bbox 2844 3216 2929 3269; x_wconf 88' lang='lat' dir='ltr'><strong>hic</strong></span> <span class='ocrx_word' id='word_1_702' title='bbox 2955 3215 3285 3283; x_wconf 87' lang='lat' dir='ltr'><strong>agitur,cum</strong></span> <span class='ocrx_word' id='word_1_703' title='bbox 3320 3215 3422 3271; x_wconf 89' lang='lat' dir='ltr'><strong>hoc</strong></span> <span class='ocrx_word' id='word_1_704' title='bbox 3440 3216 3575 3286; x_wconf 82' lang='lat' dir='ltr'><strong>jeju-</strong></span> 
     </span>
    </p>
   </div>
   <div class='ocr_carea' id='block_1_100' title="bbox 1988 3288 3576 3357">
    <p class='ocr_par' dir='ltr' id='par_1_100' title="bbox 1988 3288 3576 3357">
     <span class='ocr_line' id='line_1_100' title="bbox 1988 3288 3576 3357; baseline 0.001 -15"><span class='ocrx_word' id='word_1_705' title='bbox 1988 3291 2132 3344; x_wconf 83' lang='lat' dir='ltr'><strong>nium</strong></span> <span class='ocrx_word' id='word_1_706' title='bbox 2173 3305 2276 3343; x_wconf 91' lang='lat' dir='ltr'><strong>non</strong></span> <span class='ocrx_word' id='word_1_707' title='bbox 2307 3304 2521 3357; x_wconf 67' lang='lat' dir='ltr'><strong>semper</strong></span> <span class='ocrx_word' id='word_1_708' title='bbox 2558 3288 2802 3342; x_wconf 87' lang='lat' dir='ltr'><strong>universa</strong></span> <span class='ocrx_word' id='word_1_709' title='bbox 2835 3288 3071 3342; x_wconf 85' lang='lat' dir='ltr'><strong>Ecclesia</strong></span> <span class='ocrx_word' id='word_1_710' title='bbox 3118 3297 3432 3342; x_wconf 82' lang='lat' dir='ltr'><strong>servaverit.</strong></span> <span class='ocrx_word' id='word_1_711' title='bbox 3465 3288 3576 3344; x_wconf 84' lang='lat' dir='ltr'><strong>Sed</strong></span> 
     </span>
    </p>
   </div>
   <div class='ocr_carea' id='block_1_101' title="bbox 1988 3357 3577 3428">
    <p class='ocr_par' dir='ltr' id='par_1_101' title="bbox 1988 3357 3577 3428">
     <span class='ocr_line' id='line_1_101' title="bbox 1988 3357 3577 3428; baseline -0.001 -14"><span class='ocrx_word' id='word_1_712' title='bbox 1988 3361 2129 3423; x_wconf 80' lang='lat' dir='ltr'><strong>quod</strong></span> <span class='ocrx_word' id='word_1_713' title='bbox 2161 3362 2213 3415; x_wconf 89' lang='lat' dir='ltr'><strong>in</strong></span> <span class='ocrx_word' id='word_1_714' title='bbox 2243 3359 2480 3414; x_wconf 85' lang='lat' dir='ltr'><strong>Romana</strong></span> <span class='ocrx_word' id='word_1_715' title='bbox 2510 3357 2749 3412; x_wconf 84' lang='lat' dir='ltr'><strong>Ecclesia</strong></span> <span class='ocrx_word' id='word_1_716' title='bbox 2778 3363 2993 3428; x_wconf 85' lang='lat' dir='ltr'><strong>antiqua</strong></span> <span class='ocrx_word' id='word_1_717' title='bbox 3024 3359 3362 3412; x_wconf 86' lang='lat' dir='ltr'><strong>observantia</strong></span> <span class='ocrx_word' id='word_1_718' title='bbox 3394 3369 3577 3412; x_wconf 85' lang='lat' dir='ltr'><strong>custo-</strong></span> 
     </span>
    </p>
   </div>
   <div class='ocr_carea' id='block_1_102' title="bbox 1987 3430 3579 3500">
    <p class='ocr_par' dir='ltr' id='par_1_102' title="bbox 1987 3430 3579 3500">
     <span class='ocr_line' id='line_1_102' title="bbox 1987 3430 3579 3500; baseline -0.002 -14"><span class='ocrx_word' id='word_1_719' title='bbox 1987 3432 2265 3500; x_wconf 83' lang='lat' dir='ltr'><strong>diebatur,</strong></span> <span class='ocrx_word' id='word_1_720' title='bbox 2317 3433 2630 3498; x_wconf 64' lang='lat' dir='ltr'><strong>apostolicae</strong></span> <span class='ocrx_word' id='word_1_721' title='bbox 2678 3430 2995 3483; x_wconf 82' lang='lat' dir='ltr'><strong>institutioni</strong></span> <span class='ocrx_word' id='word_1_722' title='bbox 3047 3430 3383 3483; x_wconf 87' lang='lat' dir='ltr'><strong>tribuendum</strong></span> <span class='ocrx_word' id='word_1_723' title='bbox 3426 3444 3579 3484; x_wconf 83' lang='lat' dir='ltr'><strong>com-</strong></span> 
     </span>
    </p>
   </div>
   <div class='ocr_carea' id='block_1_103' title="bbox 1988 3500 3579 3568">
    <p class='ocr_par' dir='ltr' id='par_1_103' title="bbox 1988 3500 3579 3568">
     <span class='ocr_line' id='line_1_103' title="bbox 1988 3500 3579 3568; baseline 0 -12"><span class='ocrx_word' id='word_1_724' title='bbox 1988 3520 2135 3557; x_wconf 89' lang='lat' dir='ltr'><strong>mum</strong></span> <span class='ocrx_word' id='word_1_725' title='bbox 2166 3500 2437 3557; x_wconf 75' lang='lat' dir='ltr'><strong>locutione</strong></span> <span class='ocrx_word' id='word_1_726' title='bbox 2462 3516 2526 3554; x_wconf 89' lang='lat' dir='ltr'><strong>ac</strong></span> <span class='ocrx_word' id='word_1_727' title='bbox 2566 3515 2724 3555; x_wconf 88' lang='lat' dir='ltr'><strong>sensu</strong></span> <span class='ocrx_word' id='word_1_728' title='bbox 2758 3502 3041 3555; x_wconf 83' lang='lat' dir='ltr'><strong>inolevisse</strong></span> <span class='ocrx_word' id='word_1_729' title='bbox 3075 3501 3315 3565; x_wconf 86' lang='lat' dir='ltr'><strong>videtur;</strong></span> <span class='ocrx_word' id='word_1_730' title='bbox 3359 3515 3424 3555; x_wconf 89' lang='lat' dir='ltr'><strong>ac</strong></span> <span class='ocrx_word' id='word_1_731' title='bbox 3454 3515 3579 3568; x_wconf 89' lang='lat' dir='ltr'><strong>pro-</strong></span> 
     </span>
    </p>
   </div>
   <div class='ocr_carea' id='block_1_104' title="bbox 1990 3570 3581 3643">
    <p class='ocr_par' dir='ltr' id='par_1_104' title="bbox 1990 3570 3581 3643">
     <span class='ocr_line' id='line_1_104' title="bbox 1990 3570 3581 3643; baseline 0.001 -19"><span class='ocrx_word' id='word_1_732' title='bbox 1990 3587 2174 3643; x_wconf 70' lang='lat' dir='ltr'><strong>pterea</strong></span> <span class='ocrx_word' id='word_1_733' title='bbox 2205 3573 2264 3629; x_wconf 91' lang='lat' dir='ltr'><strong>S.</strong></span> <span class='ocrx_word' id='word_1_734' title='bbox 2301 3573 2656 3640; x_wconf 85' lang='lat' dir='ltr'><strong>Hieronymus</strong></span> <span class='ocrx_word' id='word_1_735' title='bbox 2684 3572 2735 3625; x_wconf 92' lang='lat' dir='ltr'><strong>in</strong></span> <span class='ocrx_word' id='word_1_736' title='bbox 2767 3587 2852 3638; x_wconf 87' lang='lat' dir='ltr'><strong>ep.</strong></span> <span class='ocrx_word' id='word_1_737' title='bbox 2880 3571 2969 3643; x_wconf 78' lang='grc'><strong>71,</strong></span> <span class='ocrx_word' id='word_1_738' title='bbox 3004 3570 3068 3643; x_wconf 84' lang='lat' dir='ltr'><strong>ad</strong></span> <span class='ocrx_word' id='word_1_739' title='bbox 3099 3570 3402 3643; x_wconf 76' lang='lat' dir='ltr'><strong>Lucinium,</strong></span> <span class='ocrx_word' id='word_1_740' title='bbox 3436 3589 3489 3625; x_wconf 88' lang='lat' dir='ltr'><strong>ii.</strong></span> <span class='ocrx_word' id='word_1_741' title='bbox 3522 3574 3581 3639; x_wconf 86' lang='lat'><strong>6,</strong></span> 
     </span>
    </p>
   </div>
   <div class='ocr_carea' id='block_1_105' title="bbox 1991 3640 3582 3711">
    <p class='ocr_par' dir='ltr' id='par_1_105' title="bbox 1991 3640 3582 3711">
     <span class='ocr_line' id='line_1_105' title="bbox 1991 3640 3582 3711; baseline -0.001 -12"><span class='ocrx_word' id='word_1_742' title='bbox 1991 3640 2117 3699; x_wconf 83' lang='lat' dir='ltr'><strong>licet</strong></span> <span class='ocrx_word' id='word_1_743' title='bbox 2144 3644 2211 3699; x_wconf 89' lang='lat' dir='ltr'><strong>de</strong></span> <span class='ocrx_word' id='word_1_744' title='bbox 2238 3644 2598 3698; x_wconf 82' lang='lat' dir='ltr'><strong>observantiis</strong></span> <span class='ocrx_word' id='word_1_745' title='bbox 2639 3642 2989 3711; x_wconf 75' lang='lat' dir='ltr'><strong>quarumdam</strong></span> <span class='ocrx_word' id='word_1_746' title='bbox 3024 3640 3384 3696; x_wconf 87' lang='lat' dir='ltr'><strong>Ecclesiarnm</strong></span> <span class='ocrx_word' id='word_1_747' title='bbox 3421 3657 3582 3711; x_wconf 86' lang='lat' dir='ltr'><strong>pecu-</strong></span> 
     </span>
    </p>
   </div>
   <div class='ocr_carea' id='block_1_106' title="bbox 1994 3712 3584 3782">
    <p class='ocr_par' dir='ltr' id='par_1_106' title="bbox 1994 3712 3584 3782">
     <span class='ocr_line' id='line_1_106' title="bbox 1994 3712 3584 3782; baseline 0.001 -15"><span class='ocrx_word' id='word_1_748' title='bbox 1994 3718 2211 3770; x_wconf 87' lang='lat' dir='ltr'><strong>liaribus</strong></span> <span class='ocrx_word' id='word_1_749' title='bbox 2239 3716 2569 3782; x_wconf 78' lang='lat' dir='ltr'><strong>loqueretur.</strong></span> <span class='ocrx_word' id='word_1_750' title='bbox 2604 3727 2710 3766; x_wconf 88' lang='lat' dir='ltr'><strong>non</strong></span> <span class='ocrx_word' id='word_1_751' title='bbox 2733 3715 2995 3767; x_wconf 73' lang='lat' dir='ltr'><strong>dubitavit</strong></span> <span class='ocrx_word' id='word_1_752' title='bbox 3019 3716 3257 3767; x_wconf 83' lang='lat' dir='ltr'><strong>scribere</strong></span> <span class='ocrx_word' id='word_1_753' title='bbox 3282 3731 3292 3766; x_wconf 93' lang='lat'><strong>:</strong></span> <span class='ocrx_word' id='word_1_754' title='bbox 3324 3712 3584 3779; x_wconf 64' lang='lat' dir='ltr'><strong>Unaquae-</strong></span> 
     </span>
    </p>
   </div>
   <div class='ocr_carea' id='block_1_107' title="bbox 1991 3786 3583 3857">
    <p class='ocr_par' dir='ltr' id='par_1_107' title="bbox 1991 3786 3583 3857">
     <span class='ocr_line' id='line_1_107' title="bbox 1991 3786 3583 3857; baseline -0.001 -18"><span class='ocrx_word' id='word_1_755' title='bbox 1991 3804 2087 3857; x_wconf 87' lang='lat' dir='ltr'><strong>que</strong></span> <span class='ocrx_word' id='word_1_756' title='bbox 2112 3787 2373 3855; x_wconf 81' lang='lat' dir='ltr'><strong>prouincia</strong></span> <span class='ocrx_word' id='word_1_757' title='bbox 2401 3786 2622 3857; x_wconf 84' lang='lat' dir='ltr'><strong>abundet</strong></span> <span class='ocrx_word' id='word_1_758' title='bbox 2651 3787 2701 3857; x_wconf 84' lang='lat' dir='ltr'><strong>in</strong></span> <span class='ocrx_word' id='word_1_759' title='bbox 2728 3801 2822 3837; x_wconf 90' lang='lat' dir='ltr'><strong>suo</strong></span> <span class='ocrx_word' id='word_1_760' title='bbox 2851 3801 3021 3837; x_wconf 84' lang='lat' dir='ltr'><strong>sensu.</strong></span> <span class='ocrx_word' id='word_1_761' title='bbox 3058 3792 3104 3836; x_wconf 90' lang='lat' dir='ltr'><strong>et</strong></span> <span class='ocrx_word' id='word_1_762' title='bbox 3135 3794 3389 3857; x_wconf 83' lang='lat' dir='ltr'><strong>prtecepta</strong></span> <span class='ocrx_word' id='word_1_763' title='bbox 3414 3788 3583 3857; x_wconf 84' lang='lat' dir='ltr'><strong>majo-</strong></span> 
     </span>
    </p>
   </div>
   <div class='ocr_carea' id='block_1_108' title="bbox 1993 3855 3583 3928">
    <p class='ocr_par' dir='ltr' id='par_1_108' title="bbox 1993 3855 3583 3928">
     <span class='ocr_line' id='line_1_108' title="bbox 1993 3855 3583 3928; baseline -0.001 -17"><span class='ocrx_word' id='word_1_764' title='bbox 1993 3855 2103 3911; x_wconf 82' lang='lat' dir='ltr'><strong>rum</strong></span> <span class='ocrx_word' id='word_1_765' title='bbox 2120 3858 2252 3927; x_wconf 75' lang='lat' dir='ltr'><strong>leges</strong></span> <span class='ocrx_word' id='word_1_766' title='bbox 2264 3856 2573 3928; x_wconf 82' lang='lat' dir='ltr'><strong>apostolicos</strong></span> <span class='ocrx_word' id='word_1_767' title='bbox 2583 3855 2875 3908; x_wconf 84' lang='lat' dir='ltr'><strong>arbitretur.</strong></span> <span class='ocrx_word' id='word_1_768' title='bbox 2892 3857 3126 3928; x_wconf 55' lang='lat' dir='ltr'><strong>()bsuirva</strong></span> <span class='ocrx_word' id='word_1_769' title='bbox 3138 3856 3305 3928; x_wconf 71' lang='lat' dir='ltr'><strong>vimus</strong></span> <span class='ocrx_word' id='word_1_770' title='bbox 3322 3855 3583 3928; x_wconf 70' lang='lat' dir='ltr'><strong>praeterea</strong></span> 
     </span>
    </p>
   </div>
   <div class='ocr_carea' id='block_1_109' title="bbox 1995 3925 3581 3995">
    <p class='ocr_par' dir='ltr' id='par_1_109' title="bbox 1995 3925 3581 3995">
     <span class='ocr_line' id='line_1_109' title="bbox 1995 3925 3581 3995; baseline -0.002 -12"><span class='ocrx_word' id='word_1_771' title='bbox 1995 3925 2229 3983; x_wconf 71' lang='lat' dir='ltr'><strong>Leonem</strong></span> <span class='ocrx_word' id='word_1_772' title='bbox 2256 3925 2567 3995; x_wconf 74' lang='lat' dir='ltr'><strong>frequenter</strong></span> <span class='ocrx_word' id='word_1_773' title='bbox 2587 3929 2789 3993; x_wconf 76' lang='lat' dir='ltr'><strong>jejuttia</strong></span> <span class='ocrx_word' id='word_1_774' title='bbox 2814 3937 2869 3980; x_wconf 88' lang='lat' dir='ltr'><strong>et</strong></span> <span class='ocrx_word' id='word_1_775' title='bbox 2898 3926 2998 3979; x_wconf 81' lang='lat' dir='ltr'><strong>alia</strong></span> <span class='ocrx_word' id='word_1_776' title='bbox 3023 3925 3341 3979; x_wconf 56' lang='lat' dir='ltr'><strong>Christiana:</strong></span> <span class='ocrx_word' id='word_1_777' title='bbox 3366 3926 3581 3995; x_wconf 79' lang='lat' dir='ltr'><strong>pietatis</strong></span> 
     </span>
    </p>
   </div>
   <div class='ocr_carea' id='block_1_110' title="bbox 1995 3996 3583 4067">
    <p class='ocr_par' dir='ltr' id='par_1_110' title="bbox 1995 3996 3583 4067">
     <span class='ocr_line' id='line_1_110' title="bbox 1995 3996 3583 4067; baseline -0.001 -14"><span class='ocrx_word' id='word_1_778' title='bbox 1995 4015 2154 4067; x_wconf 88' lang='lat' dir='ltr'><strong>opera</strong></span> <span class='ocrx_word' id='word_1_779' title='bbox 2185 4000 2494 4067; x_wconf 70' lang='lat' dir='ltr'><strong>apostolicae</strong></span> <span class='ocrx_word' id='word_1_780' title='bbox 2536 3998 2854 4051; x_wconf 84' lang='lat' dir='ltr'><strong>institutioni</strong></span> <span class='ocrx_word' id='word_1_781' title='bbox 2907 3997 3107 4050; x_wconf 87' lang='lat' dir='ltr'><strong>idcirco</strong></span> <span class='ocrx_word' id='word_1_782' title='bbox 3135 3997 3393 4061; x_wconf 87' lang='lat' dir='ltr'><strong>tribucre,</strong></span> <span class='ocrx_word' id='word_1_783' title='bbox 3437 3996 3583 4067; x_wconf 85' lang='lat' dir='ltr'><strong>quod</strong></span> 
     </span>
    </p>
   </div>
   <div class='ocr_carea' id='block_1_111' title="bbox 1991 4068 3585 4139">
    <p class='ocr_par' dir='ltr' id='par_1_111' title="bbox 1991 4068 3585 4139">
     <span class='ocr_line' id='line_1_111' title="bbox 1991 4068 3585 4139; baseline -0.003 -15"><span class='ocrx_word' id='word_1_784' title='bbox 1991 4070 2255 4139; x_wconf 88' lang='lat' dir='ltr'><strong>jejunium</strong></span> <span class='ocrx_word' id='word_1_785' title='bbox 2290 4076 2346 4121; x_wconf 88' lang='lat' dir='ltr'><strong>et</strong></span> <span class='ocrx_word' id='word_1_786' title='bbox 2386 4070 2519 4122; x_wconf 75' lang='lat' dir='ltr'><strong>alias</strong></span> <span class='ocrx_word' id='word_1_787' title='bbox 2550 4068 2787 4139; x_wconf 78' lang='lat' dir='ltr'><strong>ejusdem</strong></span> <span class='ocrx_word' id='word_1_788' title='bbox 2811 4068 3585 4139; x_wconf 17' lang='lat' dir='ltr'><strong>generisohservantia~iapo-</strong></span> 
     </span>
    </p>
   </div>
   <div class='ocr_carea' id='block_1_112' title="bbox 1997 4137 3584 4202">
    <p class='ocr_par' dir='ltr' id='par_1_112' title="bbox 1997 4137 3584 4202">
     <span class='ocr_line' id='line_1_112' title="bbox 1997 4137 3584 4202; baseline -0.001 -9"><span class='ocrx_word' id='word_1_789' title='bbox 1997 4137 2184 4193; x_wconf 76' lang='lat' dir='ltr'><strong>stolica</strong></span> <span class='ocrx_word' id='word_1_790' title='bbox 2216 4142 2455 4195; x_wconf 87' lang='lat' dir='ltr'><strong>doctrina</strong></span> <span class='ocrx_word' id='word_1_791' title='bbox 2493 4137 2982 4202; x_wconf 88' lang='lat' dir='ltr'><strong>commendaverit,</strong></span> <span class='ocrx_word' id='word_1_792' title='bbox 3035 4137 3161 4192; x_wconf 87' lang='lat' dir='ltr'><strong>licet</strong></span> <span class='ocrx_word' id='word_1_793' title='bbox 3212 4142 3326 4192; x_wconf 77' lang='lat' dir='ltr'><strong>haec</strong></span> <span class='ocrx_word' id='word_1_794' title='bbox 3366 4138 3450 4192; x_wconf 93' lang='lat' dir='ltr'><strong>vel</strong></span> <span class='ocrx_word' id='word_1_795' title='bbox 3494 4139 3584 4193; x_wconf 88' lang='lat' dir='ltr'><strong>illa</strong></span> 
     </span>
    </p>
   </div>
   <div class='ocr_carea' id='block_1_113' title="bbox 2001 4209 3582 4279">
    <p class='ocr_par' dir='ltr' id='par_1_113' title="bbox 2001 4209 3582 4279">
     <span class='ocr_line' id='line_1_113' title="bbox 2001 4209 3582 4279; baseline -0.001 -15"><span class='ocrx_word' id='word_1_796' title='bbox 2001 4211 2286 4279; x_wconf 86' lang='lat' dir='ltr'><strong>peculiaris</strong></span> <span class='ocrx_word' id='word_1_797' title='bbox 2307 4209 2500 4279; x_wconf 80' lang='lat' dir='ltr'><strong>jejutiii</strong></span> <span class='ocrx_word' id='word_1_798' title='bbox 2526 4218 2618 4263; x_wconf 88' lang='lat' dir='ltr'><strong>aut</strong></span> <span class='ocrx_word' id='word_1_799' title='bbox 2646 4210 2864 4279; x_wconf 79' lang='lat' dir='ltr'><strong>alterius</strong></span> <span class='ocrx_word' id='word_1_800' title='bbox 2897 4210 2964 4275; x_wconf 87' lang='lat' dir='ltr'><strong>pii</strong></span> <span class='ocrx_word' id='word_1_801' title='bbox 2992 4212 3171 4275; x_wconf 80' lang='lat' dir='ltr'><strong>Operis</strong></span> <span class='ocrx_word' id='word_1_802' title='bbox 3199 4209 3582 4264; x_wconf 85' lang='lat' dir='ltr'><strong>determinatio</strong></span> 
     </span>
    </p>
   </div>
   <div class='ocr_carea' id='block_1_114' title="bbox 1999 4277 3585 4347">
    <p class='ocr_par' dir='ltr' id='par_1_114' title="bbox 1999 4277 3585 4347">
     <span class='ocr_line' id='line_1_114' title="bbox 1999 4277 3585 4347; baseline -0.001 -12"><span class='ocrx_word' id='word_1_803' title='bbox 1999 4277 2067 4335; x_wconf 83' lang='lat' dir='ltr'><strong>ab</strong></span> <span class='ocrx_word' id='word_1_804' title='bbox 2090 4277 2626 4347; x_wconf 25' lang='lat' dir='ltr'><strong>apostolis‘prol&#39;ecta</strong></span> <span class='ocrx_word' id='word_1_805' title='bbox 2660 4295 2765 4333; x_wconf 90' lang='lat' dir='ltr'><strong>non</strong></span> <span class='ocrx_word' id='word_1_806' title='bbox 2812 4277 2992 4343; x_wconf 81' lang='lat' dir='ltr'><strong>fuerit,</strong></span> <span class='ocrx_word' id='word_1_807' title='bbox 3041 4280 3136 4333; x_wconf 90' lang='lat' dir='ltr'><strong>sed</strong></span> <span class='ocrx_word' id='word_1_808' title='bbox 3184 4295 3247 4333; x_wconf 78' lang='lat' dir='ltr'><strong>es</strong></span> <span class='ocrx_word' id='word_1_809' title='bbox 3291 4279 3585 4347; x_wconf 79' lang='lat' dir='ltr'><strong>apostolica</strong></span> 
     </span>
    </p>
   </div>
   <div class='ocr_carea' id='block_1_115' title="bbox 2000 4298 3583 4417">
    <p class='ocr_par' dir='ltr' id='par_1_115' title="bbox 2000 4298 3583 4417">
     <span class='ocr_line' id='line_1_115' title="bbox 2000 4298 3583 4347; baseline -0.001 -12"><span class='ocrx_word' id='word_1_810' title='bbox 2000 4298 2067 4335; x_wconf 76' lang='lat'><strong>80</strong></span> <span class='ocrx_word' id='word_1_811' title='bbox 2090 4298 2346 4347; x_wconf 68' lang='grc' dir='ltr'>θιιοδιοιιδ</span> <span class='ocrx_word' id='word_1_812' title='bbox 2427 4298 2626 4334; x_wconf 69' lang='lat' dir='ltr'><strong>l&#39;OlCCla</strong></span> <span class='ocrx_word' id='word_1_813' title='bbox 2660 4298 2765 4333; x_wconf 77' lang='grc'><strong>11011</strong></span> <span class='ocrx_word' id='word_1_814' title='bbox 2812 4298 2992 4343; x_wconf 85' lang='lat' dir='ltr'><strong>luent,</strong></span> <span class='ocrx_word' id='word_1_815' title='bbox 3041 4298 3136 4333; x_wconf 72' lang='lat'><strong>880</strong></span> <span class='ocrx_word' id='word_1_816' title='bbox 3184 4298 3247 4333; x_wconf 81' lang='lat' dir='ltr'><strong>ex</strong></span> <span class='ocrx_word' id='word_1_817' title='bbox 3291 4298 3583 4333; x_wconf 61' lang='grc' dir='ltr'>ειυδιυιιοίι</span> 
     </span>
     <span class='ocr_line' id='line_1_116' title="bbox 2000 4298 3583 4417; baseline -0.003 -12"><span class='ocrx_word' id='word_1_818' title='bbox 2000 4353 2299 4405; x_wconf 79' lang='lat' dir='ltr'><strong>eruditione</strong></span> <span class='ocrx_word' id='word_1_819' title='bbox 2325 4368 2353 4403; x_wconf 89' lang='lat' dir='ltr'><strong>a</strong></span> <span class='ocrx_word' id='word_1_820' title='bbox 2387 4298 2637 4404; x_wconf 61' lang='lat' dir='ltr'><strong>Batrtbus</strong></span> <span class='ocrx_word' id='word_1_821' title='bbox 2675 4364 2771 4404; x_wconf 90' lang='lat' dir='ltr'><strong>seu</strong></span> <span class='ocrx_word' id='word_1_822' title='bbox 2808 4348 3099 4417; x_wconf 90' lang='lat' dir='ltr'><strong>majoribus</strong></span> <span class='ocrx_word' id='word_1_823' title='bbox 3130 4349 3285 4404; x_wconf 86' lang='lat' dir='ltr'><strong>fuerit</strong></span> <span class='ocrx_word' id='word_1_824' title='bbox 3318 4298 3583 4404; x_wconf 44' lang='lat' dir='ltr'><strong>ibstitnta.</strong></span> 
     </span>
    </p>
   </div>
   <div class='ocr_carea' id='block_1_116' title="bbox 2004 4420 3585 4489">
    <p class='ocr_par' dir='ltr' id='par_1_116' title="bbox 2004 4420 3585 4489">
     <span class='ocr_line' id='line_1_117' title="bbox 2004 4420 3585 4489; baseline -0.002 -12"><span class='ocrx_word' id='word_1_825' title='bbox 2004 4424 2077 4477; x_wconf 90' lang='lat' dir='ltr'><strong>lta</strong></span> <span class='ocrx_word' id='word_1_826' title='bbox 2116 4424 2369 4477; x_wconf 86' lang='lat' dir='ltr'><strong>collectas</strong></span> <span class='ocrx_word' id='word_1_827' title='bbox 2410 4421 2664 4489; x_wconf 80' lang='lat' dir='ltr'><strong>quasdam</strong></span> <span class='ocrx_word' id='word_1_828' title='bbox 2713 4420 2969 4474; x_wconf 66' lang='lat' dir='ltr'><strong>Romanae</strong></span> <span class='ocrx_word' id='word_1_829' title='bbox 3014 4420 3275 4475; x_wconf 76' lang='lat' dir='ltr'><strong>Ecclesia:</strong></span> <span class='ocrx_word' id='word_1_830' title='bbox 3319 4422 3585 4489; x_wconf 85' lang='lat' dir='ltr'><strong>proprias,</strong></span> 
     </span>
    </p>
   </div>
   <div class='ocr_carea' id='block_1_117' title="bbox 2003 4490 3589 4560">
    <p class='ocr_par' dir='ltr' id='par_1_117' title="bbox 2003 4490 3589 4560">
     <span class='ocr_line' id='line_1_118' title="bbox 2003 4490 3589 4560; baseline 0 -15"><span class='ocrx_word' id='word_1_831' title='bbox 2003 4508 2135 4559; x_wconf 77' lang='lat' dir='ltr'><strong>quas</strong></span> <span class='ocrx_word' id='word_1_832' title='bbox 2165 4496 2446 4559; x_wconf 84' lang='lat' dir='ltr'><strong>prudenter</strong></span> <span class='ocrx_word' id='word_1_833' title='bbox 2486 4508 2516 4545; x_wconf 92' lang='lat' dir='ltr'><strong>a</strong></span> <span class='ocrx_word' id='word_1_834' title='bbox 2550 4490 2793 4544; x_wconf 88' lang='lat' dir='ltr'><strong>Patribus</strong></span> <span class='ocrx_word' id='word_1_835' title='bbox 2822 4501 2871 4543; x_wconf 88' lang='lat' dir='ltr'><strong>et</strong></span> <span class='ocrx_word' id='word_1_836' title='bbox 2900 4490 3093 4545; x_wconf 81' lang='lat' dir='ltr'><strong>utiliter</strong></span> <span class='ocrx_word' id='word_1_837' title='bbox 3119 4493 3393 4545; x_wconf 87' lang='lat' dir='ltr'><strong>ordinatas</strong></span> <span class='ocrx_word' id='word_1_838' title='bbox 3421 4506 3589 4560; x_wconf 89' lang='lat' dir='ltr'><strong>agno-</strong></span> 
     </span>
    </p>
   </div>
   <div class='ocr_carea' id='block_1_118' title="bbox 1921 4562 3589 4659">
    <p class='ocr_par' dir='ltr' id='par_1_118' title="bbox 1921 4562 3589 4659">
     <span class='ocr_line' id='line_1_119' title="bbox 1921 4562 3589 4659; baseline 0 0"><span class='ocrx_word' id='word_1_839' title='bbox 1921 4597 1979 4659; x_wconf 86' lang='lat' dir='ltr'><strong>D</strong></span> <span class='ocrx_word' id='word_1_840' title='bbox 2004 4565 2366 4659; x_wconf 57' lang='grc' dir='ltr'><strong>ἕῗὶἕεὶίῖῗῗῖῐέ</strong></span> <span class='ocrx_word' id='word_1_841' title='bbox 2389 4563 2762 4659; x_wconf 52' lang='grc' dir='ltr'><strong>Εῗέἰϊνῗθὲῗὶι</strong></span> <span class='ocrx_word' id='word_1_842' title='bbox 2776 4562 3589 4659; x_wconf 44' lang='lat' dir='ltr'><strong>°°3Lff£°ff9li°3i“$192392!</strong></span> 
     </span>
    </p>
   </div>
   <div class='ocr_carea' id='block_1_119' title="bbox 2008 4634 3587 4703">
    <p class='ocr_par' dir='ltr' id='par_1_119' title="bbox 2008 4634 3587 4703">
     <span class='ocr_line' id='line_1_120' title="bbox 2008 4634 3587 4703; baseline 0 -16"><span class='ocrx_word' id='word_1_843' title='bbox 2008 4636 2357 4689; x_wconf 80' lang='lat' dir='ltr'><strong>nihilominus</strong></span> <span class='ocrx_word' id='word_1_844' title='bbox 2389 4634 2570 4689; x_wconf 87' lang='lat' dir='ltr'><strong>tribuit</strong></span> <span class='ocrx_word' id='word_1_845' title='bbox 2599 4653 2610 4687; x_wconf 87' lang='lat'>:</span> <span class='ocrx_word' id='word_1_846' title='bbox 2645 4638 2789 4701; x_wconf 87' lang='lat' dir='ltr'><strong>quia,</strong></span> <span class='ocrx_word' id='word_1_847' title='bbox 2831 4634 3001 4703; x_wconf 90' lang='lat' dir='ltr'><strong>inquit</strong></span> <span class='ocrx_word' id='word_1_848' title='bbox 3030 4647 3193 4687; x_wconf 84' lang='lat' dir='ltr'><strong>serm.</strong></span> <span class='ocrx_word' id='word_1_849' title='bbox 3225 4635 3279 4699; x_wconf 83' lang='grc'><strong>5,</strong></span> <span class='ocrx_word' id='word_1_850' title='bbox 3309 4634 3587 4688; x_wconf 76' lang='lat' dir='ltr'><strong>beatissimi</strong></span> 
     </span>
    </p>
   </div>
   <div class='ocr_carea' id='block_1_120' title="bbox 2006 4704 3591 4776">
    <p class='ocr_par' dir='ltr' id='par_1_120' title="bbox 2006 4704 3591 4776">
     <span class='ocr_line' id='line_1_121' title="bbox 2006 4704 3591 4776; baseline 0 -17"><span class='ocrx_word' id='word_1_851' title='bbox 2006 4708 2243 4776; x_wconf 85' lang='lat' dir='ltr'><strong>discipuli</strong></span> <span class='ocrx_word' id='word_1_852' title='bbox 2268 4707 2494 4760; x_wconf 80' lang='lat' dir='ltr'><strong>ueritatis</strong></span> <span class='ocrx_word' id='word_1_853' title='bbox 2524 4706 2599 4772; x_wconf 90' lang='lat' dir='ltr'><strong>(id</strong></span> <span class='ocrx_word' id='word_1_854' title='bbox 2623 4714 2711 4776; x_wconf 82' lang='lat' dir='ltr'><strong>est</strong></span> <span class='ocrx_word' id='word_1_855' title='bbox 2750 4706 3004 4774; x_wconf 83' lang='lat' dir='ltr'><strong>apostoli)</strong></span> <span class='ocrx_word' id='word_1_856' title='bbox 3033 4708 3129 4758; x_wconf 84' lang='lat' dir='ltr'><strong>hoc</strong></span> <span class='ocrx_word' id='word_1_857' title='bbox 3157 4705 3399 4759; x_wconf 80' lang='lat' dir='ltr'><strong>diuinitus</strong></span> <span class='ocrx_word' id='word_1_858' title='bbox 3427 4704 3591 4772; x_wconf 84' lang='lat' dir='ltr'><strong>inspi-</strong></span> 
     </span>
    </p>
   </div>
   <div class='ocr_carea' id='block_1_121' title="bbox 2008 4774 3591 4846">
    <p class='ocr_par' dir='ltr' id='par_1_121' title="bbox 2008 4774 3591 4846">
     <span class='ocr_line' id='line_1_122' title="bbox 2008 4774 3591 4846; baseline 0 -17"><span class='ocrx_word' id='word_1_859' title='bbox 2008 4788 2119 4830; x_wconf 88' lang='lat' dir='ltr'><strong>rata</strong></span> <span class='ocrx_word' id='word_1_860' title='bbox 2135 4774 2560 4831; x_wconf 77' lang='lat' dir='ltr'><strong>commendavere</strong></span> <span class='ocrx_word' id='word_1_861' title='bbox 2596 4774 2848 4834; x_wconf 87' lang='lat' dir='ltr'><strong>doctrina.</strong></span> <span class='ocrx_word' id='word_1_862' title='bbox 2900 4786 2953 4829; x_wconf 89' lang='lat' dir='ltr'><strong>ut</strong></span> <span class='ocrx_word' id='word_1_863' title='bbox 2982 4777 3175 4844; x_wconf 79' lang='lat' dir='ltr'><strong>quoties</strong></span> <span class='ocrx_word' id='word_1_864' title='bbox 3202 4777 3400 4831; x_wconf 75' lang='lat' dir='ltr'><strong>accitas</strong></span> <span class='ocrx_word' id='word_1_865' title='bbox 3430 4793 3591 4846; x_wconf 86' lang='lat' dir='ltr'><strong>paga-</strong></span> 
     </span>
    </p>
   </div>
   <div class='ocr_carea' id='block_1_122' title="bbox 2008 4847 3590 4918">
    <p class='ocr_par' dir='ltr' id='par_1_122' title="bbox 2008 4847 3590 4918">
     <span class='ocr_line' id='line_1_123' title="bbox 2008 4847 3590 4918; baseline -0.001 -17"><span class='ocrx_word' id='word_1_866' title='bbox 2008 4864 2191 4901; x_wconf 89' lang='lat' dir='ltr'><strong>norum</strong></span> <span class='ocrx_word' id='word_1_867' title='bbox 2217 4847 2658 4918; x_wconf 84' lang='lat' dir='ltr'><strong>superstitionibus</strong></span> <span class='ocrx_word' id='word_1_868' title='bbox 2678 4863 2784 4900; x_wconf 84' lang='lat' dir='ltr'><strong>suis</strong></span> <span class='ocrx_word' id='word_1_869' title='bbox 2810 4856 2935 4899; x_wconf 86' lang='lat' dir='ltr'><strong>esset</strong></span> <span class='ocrx_word' id='word_1_870' title='bbox 2962 4849 3223 4911; x_wconf 87' lang='lat' dir='ltr'><strong>intentior,</strong></span> <span class='ocrx_word' id='word_1_871' title='bbox 3257 4858 3376 4900; x_wconf 88' lang='lat' dir='ltr'><strong>tunc</strong></span> <span class='ocrx_word' id='word_1_872' title='bbox 3404 4850 3590 4917; x_wconf 70' lang='lat' dir='ltr'><strong>prazci-</strong></span> 
     </span>
    </p>
   </div>
   <div class='ocr_carea' id='block_1_123' title="bbox 2009 4917 3594 4990">
    <p class='ocr_par' dir='ltr' id='par_1_123' title="bbox 2009 4917 3594 4990">
     <span class='ocr_line' id='line_1_124' title="bbox 2009 4917 3594 4990; baseline 0.001 -19"><span class='ocrx_word' id='word_1_873' title='bbox 2009 4936 2108 4989; x_wconf 86' lang='lat' dir='ltr'><strong>pue</strong></span> <span class='ocrx_word' id='word_1_874' title='bbox 2151 4917 2372 4990; x_wconf 86' lang='lat' dir='ltr'><strong>populus</strong></span> <span class='ocrx_word' id='word_1_875' title='bbox 2408 4918 2501 4972; x_wconf 88' lang='lat' dir='ltr'><strong>Dei</strong></span> <span class='ocrx_word' id='word_1_876' title='bbox 2540 4917 2853 4971; x_wconf 76' lang='lat' dir='ltr'><strong>orationibus</strong></span> <span class='ocrx_word' id='word_1_877' title='bbox 2897 4925 2955 4990; x_wconf 82' lang='lat' dir='ltr'><strong>et</strong></span> <span class='ocrx_word' id='word_1_878' title='bbox 2987 4919 3221 4989; x_wconf 83' lang='lat' dir='ltr'><strong>aperibus</strong></span> <span class='ocrx_word' id='word_1_879' title='bbox 3260 4918 3463 4990; x_wconf 83' lang='lat' dir='ltr'><strong>pietatis</strong></span> <span class='ocrx_word' id='word_1_880' title='bbox 3506 4920 3594 4973; x_wconf 86' lang='lat' dir='ltr'><strong>in-</strong></span> 
     </span>
    </p>
   </div>
   <div class='ocr_carea' id='block_1_124' title="bbox 2009 4989 3595 5058">
    <p class='ocr_par' dir='ltr' id='par_1_124' title="bbox 2009 4989 3595 5058">
     <span class='ocr_line' id='line_1_125' title="bbox 2009 4989 3595 5058; baseline 0 -16"><span class='ocrx_word' id='word_1_881' title='bbox 2009 4989 2168 5043; x_wconf 87' lang='lat' dir='ltr'><strong>staret</strong></span> <span class='ocrx_word' id='word_1_882' title='bbox 2199 5006 2218 5043; x_wconf 91' lang='lat'><em>:</em></span> <span class='ocrx_word' id='word_1_883' title='bbox 2258 4993 2542 5043; x_wconf 82' lang='lat' dir='ltr'><strong>occasiOue</strong></span> <span class='ocrx_word' id='word_1_884' title='bbox 2566 4998 2743 5042; x_wconf 86' lang='lat' dir='ltr'><strong>autem</strong></span> <span class='ocrx_word' id='word_1_885' title='bbox 2775 4989 3044 5057; x_wconf 70' lang='lat' dir='ltr'><strong>paganica:</strong></span> <span class='ocrx_word' id='word_1_886' title='bbox 3074 4989 3473 5058; x_wconf 56' lang='lat' dir='ltr'><strong>superstitionis</strong></span> <span class='ocrx_word' id='word_1_887' title='bbox 3502 5003 3595 5043; x_wconf 89' lang='lat' dir='ltr'><strong>eas</strong></span> 
     </span>
    </p>
   </div>
   <div class='ocr_carea' id='block_1_125' title="bbox 2012 5059 3593 5128">
    <p class='ocr_par' dir='ltr' id='par_1_125' title="bbox 2012 5059 3593 5128">
     <span class='ocr_line' id='line_1_126' title="bbox 2012 5059 3593 5128; baseline -0.001 -14"><span class='ocrx_word' id='word_1_888' title='bbox 2012 5061 2265 5115; x_wconf 85' lang='lat' dir='ltr'><strong>collectas</strong></span> <span class='ocrx_word' id='word_1_889' title='bbox 2300 5076 2329 5114; x_wconf 89' lang='lat' dir='ltr'><strong>a</strong></span> <span class='ocrx_word' id='word_1_890' title='bbox 2361 5059 2607 5114; x_wconf 79' lang='lat' dir='ltr'><strong>Patribus</strong></span> <span class='ocrx_word' id='word_1_891' title='bbox 2644 5060 2915 5113; x_wconf 63' lang='lat' dir='ltr'><strong>institutas</strong></span> <span class='ocrx_word' id='word_1_892' title='bbox 2956 5059 3136 5114; x_wconf 82' lang='lat' dir='ltr'><strong>tradit.</strong></span> <span class='ocrx_word' id='word_1_893' title='bbox 3164 5060 3425 5117; x_wconf 85' lang='lat' dir='ltr'><strong>Similiter</strong></span> <span class='ocrx_word' id='word_1_894' title='bbox 3449 5061 3593 5128; x_wconf 88' lang='lat' dir='ltr'><strong>jeju-</strong></span> 
     </span>
    </p>
   </div>
   <div class='ocr_carea' id='block_1_126' title="bbox 2010 5130 3597 5201">
    <p class='ocr_par' dir='ltr' id='par_1_126' title="bbox 2010 5130 3597 5201">
     <span class='ocr_line' id='line_1_127' title="bbox 2010 5130 3597 5201; baseline -0.001 -16"><span class='ocrx_word' id='word_1_895' title='bbox 2010 5133 2157 5185; x_wconf 87' lang='lat' dir='ltr'><strong>nium</strong></span> <span class='ocrx_word' id='word_1_896' title='bbox 2202 5142 2429 5201; x_wconf 84' lang='lat' dir='ltr'><strong>quatuor</strong></span> <span class='ocrx_word' id='word_1_897' title='bbox 2470 5140 2767 5196; x_wconf 87' lang='lat' dir='ltr'><strong>temporum</strong></span> <span class='ocrx_word' id='word_1_898' title='bbox 2813 5131 3015 5201; x_wconf 7' lang='lat' dir='ltr'><strong>mensisg</strong></span> <span class='ocrx_word' id='word_1_899' title='bbox 3051 5130 3247 5186; x_wconf 89' lang='lat' dir='ltr'><strong>decimi</strong></span> <span class='ocrx_word' id='word_1_900' title='bbox 3279 5149 3309 5184; x_wconf 92' lang='lat' dir='ltr'><strong>a</strong></span> <span class='ocrx_word' id='word_1_901' title='bbox 3350 5130 3597 5185; x_wconf 84' lang='lat' dir='ltr'><strong>Patribus</strong></span> 
     </span>
    </p>
   </div>
   <div class='ocr_carea' id='block_1_127' title="bbox 2010 5199 3594 5271">
    <p class='ocr_par' dir='ltr' id='par_1_127' title="bbox 2010 5199 3594 5271">
     <span class='ocr_line' id='line_1_128' title="bbox 2010 5199 3594 5271; baseline -0.003 -14"><span class='ocrx_word' id='word_1_902' title='bbox 2010 5199 2265 5257; x_wconf 77' lang='lat' dir='ltr'><strong>sancitum</strong></span> <span class='ocrx_word' id='word_1_903' title='bbox 2294 5217 2549 5270; x_wconf 85' lang='lat' dir='ltr'><strong>expresse</strong></span> <span class='ocrx_word' id='word_1_904' title='bbox 2566 5202 2723 5271; x_wconf 78' lang='lat' dir='ltr'><strong>docet</strong></span> <span class='ocrx_word' id='word_1_905' title='bbox 2746 5202 2801 5255; x_wconf 90' lang='lat' dir='ltr'><strong>S.</strong></span> <span class='ocrx_word' id='word_1_906' title='bbox 2838 5199 3079 5255; x_wconf 80' lang='lat' dir='ltr'><strong>Pontifex</strong></span> <span class='ocrx_word' id='word_1_907' title='bbox 3103 5217 3267 5257; x_wconf 90' lang='lat' dir='ltr'><strong>serm.</strong></span> <span class='ocrx_word' id='word_1_908' title='bbox 3290 5204 3377 5267; x_wconf 80' lang='lat' dir='ltr'><strong>l6,</strong></span> <span class='ocrx_word' id='word_1_909' title='bbox 3400 5216 3521 5271; x_wconf 85' lang='lat' dir='ltr'><strong>cap.</strong></span> <span class='ocrx_word' id='word_1_910' title='bbox 3537 5203 3594 5263; x_wconf 67' lang='lat'><strong>‘2,</strong></span> 
     </span>
    </p>
   </div>
   <div class='ocr_carea' id='block_1_128' title="bbox 2017 5270 3600 5343">
    <p class='ocr_par' dir='ltr' id='par_1_128' title="bbox 2017 5270 3600 5343">
     <span class='ocr_line' id='line_1_129' title="bbox 2017 5270 3600 5343; baseline -0.003 -15"><span class='ocrx_word' id='word_1_911' title='bbox 2017 5274 2265 5343; x_wconf 85' lang='lat' dir='ltr'><strong>inquiens</strong></span> <span class='ocrx_word' id='word_1_912' title='bbox 2298 5292 2309 5324; x_wconf 89' lang='lat'><strong>:</strong></span> <span class='ocrx_word' id='word_1_913' title='bbox 2344 5274 2521 5328; x_wconf 85' lang='lat' dir='ltr'><strong>Sancti</strong></span> <span class='ocrx_word' id='word_1_914' title='bbox 2552 5270 2732 5326; x_wconf 84' lang='lat' dir='ltr'><strong>Patres</strong></span> <span class='ocrx_word' id='word_1_915' title='bbox 2762 5273 2925 5325; x_wconf 89' lang='lat' dir='ltr'><strong>nostri</strong></span> <span class='ocrx_word' id='word_1_916' title='bbox 2955 5274 3199 5327; x_wconf 82' lang='lat' dir='ltr'><strong>diuinitus</strong></span> <span class='ocrx_word' id='word_1_917' title='bbox 3234 5270 3479 5343; x_wconf 84' lang='lat' dir='ltr'><strong>inspirati</strong></span> <span class='ocrx_word' id='word_1_918' title='bbox 3506 5274 3600 5343; x_wconf 87' lang='lat' dir='ltr'><strong>de-</strong></span> 
     </span>
    </p>
   </div>
   <div class='ocr_carea' id='block_1_129' title="bbox 2014 5342 3601 5416">
    <p class='ocr_par' dir='ltr' id='par_1_129' title="bbox 2014 5342 3601 5416">
     <span class='ocr_line' id='line_1_130' title="bbox 2014 5342 3601 5416; baseline -0.003 -18"><span class='ocrx_word' id='word_1_919' title='bbox 2014 5342 2132 5399; x_wconf 86' lang='lat' dir='ltr'><strong>cimi</strong></span> <span class='ocrx_word' id='word_1_920' title='bbox 2159 5348 2344 5399; x_wconf 87' lang='lat' dir='ltr'><strong>mensis</strong></span> <span class='ocrx_word' id='word_1_921' title='bbox 2364 5360 2578 5398; x_wconf 66' lang='lat' dir='ltr'><strong>sanxere</strong></span> <span class='ocrx_word' id='word_1_922' title='bbox 2598 5344 2896 5416; x_wconf 85' lang='lat' dir='ltr'><strong>jejunium;</strong></span> <span class='ocrx_word' id='word_1_923' title='bbox 2930 5358 3048 5416; x_wconf 85' lang='lat' dir='ltr'><strong>cum</strong></span> <span class='ocrx_word' id='word_1_924' title='bbox 3089 5346 3280 5416; x_wconf 83' lang='lat' dir='ltr'><strong>quibus</strong></span> <span class='ocrx_word' id='word_1_925' title='bbox 3309 5342 3415 5397; x_wconf 91' lang='lat' dir='ltr'><strong>non</strong></span> <span class='ocrx_word' id='word_1_926' title='bbox 3445 5342 3601 5416; x_wconf 77' lang='lat' dir='ltr'><strong>aliter</strong></span> 
     </span>
    </p>
   </div>
   <div class='ocr_carea' id='block_1_130' title="bbox 2016 5412 3601 5485">
    <p class='ocr_par' dir='ltr' id='par_1_130' title="bbox 2016 5412 3601 5485">
     <span class='ocr_line' id='line_1_131' title="bbox 2016 5412 3601 5485; baseline -0.004 -14"><span class='ocrx_word' id='word_1_927' title='bbox 2016 5418 2287 5471; x_wconf 87' lang='lat' dir='ltr'><strong>conciliari</strong></span> <span class='ocrx_word' id='word_1_928' title='bbox 2316 5426 2487 5483; x_wconf 86' lang='lat' dir='ltr'><strong>potest</strong></span> <span class='ocrx_word' id='word_1_929' title='bbox 2513 5412 2806 5485; x_wconf 80' lang='lat' dir='ltr'><strong>apostolica</strong></span> <span class='ocrx_word' id='word_1_930' title='bbox 2840 5414 3055 5467; x_wconf 90' lang='lat' dir='ltr'><strong>traditio</strong></span> <span class='ocrx_word' id='word_1_931' title='bbox 3076 5412 3167 5467; x_wconf 76' lang='lat' dir='ltr'><strong>seu</strong></span> <span class='ocrx_word' id='word_1_932' title='bbox 3204 5414 3484 5485; x_wconf 58' lang='lat' dir='ltr'><strong>institutio.</strong></span> <span class='ocrx_word' id='word_1_933' title='bbox 3511 5412 3601 5485; x_wconf 76' lang='lat' dir='ltr'><strong>cui</strong></span> 
     </span>
    </p>
   </div>
   <div class='ocr_carea' id='block_1_131' title="bbox 2016 5483 3599 5557">
    <p class='ocr_par' dir='ltr' id='par_1_131' title="bbox 2016 5483 3599 5557">
     <span class='ocr_line' id='line_1_132' title="bbox 2016 5483 3599 5557; baseline -0.005 -15"><span class='ocrx_word' id='word_1_934' title='bbox 2016 5488 2157 5542; x_wconf 90' lang='lat' dir='ltr'><strong>idem</strong></span> <span class='ocrx_word' id='word_1_935' title='bbox 2192 5487 2447 5557; x_wconf 68' lang='lat' dir='ltr'><strong>jejunium</strong></span> <span class='ocrx_word' id='word_1_936' title='bbox 2474 5483 2669 5557; x_wconf 71' lang='lat' dir='ltr'><strong>paSsim</strong></span> <span class='ocrx_word' id='word_1_937' title='bbox 2699 5488 2766 5537; x_wconf 81' lang='lat' dir='ltr'><strong>ab</strong></span> <span class='ocrx_word' id='word_1_938' title='bbox 2782 5486 2969 5539; x_wconf 89' lang='lat' dir='ltr'><strong>eodem</strong></span> <span class='ocrx_word' id='word_1_939' title='bbox 2993 5484 3301 5557; x_wconf 82' lang='lat' dir='ltr'><strong>ascribitur.</strong></span> <span class='ocrx_word' id='word_1_940' title='bbox 3329 5484 3427 5537; x_wconf 90' lang='lat' dir='ltr'><strong>nisi</strong></span> <span class='ocrx_word' id='word_1_941' title='bbox 3451 5483 3599 5557; x_wconf 82' lang='lat' dir='ltr'><strong>quia,</strong></span> 
     </span>
    </p>
   </div>
   <div class='ocr_carea' id='block_1_132' title="bbox 2019 5556 3604 5627">
    <p class='ocr_par' dir='ltr' id='par_1_132' title="bbox 2019 5556 3604 5627">
     <span class='ocr_line' id='line_1_133' title="bbox 2019 5556 3604 5627; baseline -0.004 -14"><span class='ocrx_word' id='word_1_942' title='bbox 2019 5569 2077 5614; x_wconf 83' lang='lat' dir='ltr'><strong>ut</strong></span> <span class='ocrx_word' id='word_1_943' title='bbox 2094 5571 2168 5614; x_wconf 87' lang='lat' dir='ltr'><strong>atl</strong></span> <span class='ocrx_word' id='word_1_944' title='bbox 2190 5556 2353 5615; x_wconf 78' lang='lat' dir='ltr'><strong>serui.</strong></span> <span class='ocrx_word' id='word_1_945' title='bbox 2380 5557 2469 5625; x_wconf 78' lang='grc'><strong>81,</strong></span> <span class='ocrx_word' id='word_1_946' title='bbox 2494 5572 2613 5627; x_wconf 85' lang='lat' dir='ltr'><strong>cap.</strong></span> <span class='ocrx_word' id='word_1_947' title='bbox 2636 5556 2685 5623; x_wconf 75' lang='lat' dir='ltr'><strong>l,</strong></span> <span class='ocrx_word' id='word_1_948' title='bbox 2711 5559 2842 5610; x_wconf 78' lang='lat' dir='ltr'><strong>inter</strong></span> <span class='ocrx_word' id='word_1_949' title='bbox 2863 5556 3034 5627; x_wconf 82' lang='lat' dir='ltr'><strong>omnia</strong></span> <span class='ocrx_word' id='word_1_950' title='bbox 3054 5559 3347 5627; x_wconf 74' lang='lat' dir='ltr'><strong>aposton&#39;ca:</strong></span> <span class='ocrx_word' id='word_1_951' title='bbox 3367 5556 3604 5609; x_wconf 83' lang='lat' dir='ltr'><strong>instituta</strong></span> 
     </span>
    </p>
   </div>
   <div class='ocr_carea' id='block_1_133' title="bbox 2018 5625 3604 5699">
    <p class='ocr_par' dir='ltr' id='par_1_133' title="bbox 2018 5625 3604 5699">
     <span class='ocr_line' id='line_1_134' title="bbox 2018 5625 3604 5699; baseline -0.003 -15"><span class='ocrx_word' id='word_1_952' title='bbox 2018 5631 2287 5696; x_wconf 67' lang='lat' dir='ltr'><strong>doctrinm,</strong></span> <span class='ocrx_word' id='word_1_953' title='bbox 2333 5645 2448 5699; x_wconf 65' lang='lat' dir='ltr'><strong>qua</strong></span> <span class='ocrx_word' id='word_1_954' title='bbox 2490 5625 2762 5683; x_wconf 36' lang='lat' dir='ltr'><strong>eas—divina:</strong></span> <span class='ocrx_word' id='word_1_955' title='bbox 2798 5625 3263 5699; x_wconf 65' lang='lat' dir='ltr'><strong>eruditionisfome</strong></span> <span class='ocrx_word' id='word_1_956' title='bbox 3305 5634 3604 5695; x_wconf 85' lang='lat' dir='ltr'><strong>manarunt,</strong></span> 
     </span>
    </p>
   </div>
   <div class='ocr_carea' id='block_1_134' title="bbox 2019 5695 3607 5769">
    <p class='ocr_par' dir='ltr' id='par_1_134' title="bbox 2019 5695 3607 5769">
     <span class='ocr_line' id='line_1_135' title="bbox 2019 5695 3607 5769; baseline -0.001 -14"><span class='ocrx_word' id='word_1_957' title='bbox 2019 5700 2232 5755; x_wconf 86' lang='lat' dir='ltr'><strong>dubium</strong></span> <span class='ocrx_word' id='word_1_958' title='bbox 2262 5695 2363 5756; x_wconf 80' lang='lat' dir='ltr'><strong>non</strong></span> <span class='ocrx_word' id='word_1_959' title='bbox 2393 5710 2465 5755; x_wconf 82' lang='lat' dir='ltr'><strong>est</strong></span> <span class='ocrx_word' id='word_1_960' title='bbox 2596 5738 2611 5753; x_wconf 93' lang='lat'><strong>.</strong></span> <span class='ocrx_word' id='word_1_961' title='bbox 2643 5699 2779 5752; x_wconf 85' lang='lat' dir='ltr'><strong>lianc</strong></span> <span class='ocrx_word' id='word_1_962' title='bbox 2808 5695 3123 5769; x_wconf 80' lang='lat' dir='ltr'><strong>primumab</strong></span> <span class='ocrx_word' id='word_1_963' title='bbox 3142 5697 3212 5752; x_wconf 87' lang='lat' dir='ltr'><strong>eis</strong></span> <span class='ocrx_word' id='word_1_964' title='bbox 3236 5699 3607 5754; x_wconf 76' lang='lat' dir='ltr'><strong>observantiam</strong></span> 
     </span>
    </p>
   </div>
   <div class='ocr_carea' id='block_1_135' title="bbox 2021 5767 3611 5842">
    <p class='ocr_par' dir='ltr' id='par_1_135' title="bbox 2021 5767 3611 5842">
     <span class='ocr_line' id='line_1_136' title="bbox 2021 5767 3611 5842; baseline 0.001 -16"><span class='ocrx_word' id='word_1_965' title='bbox 2021 5773 2177 5842; x_wconf 74' lang='lat' dir='ltr'><strong>fuisse</strong></span> <span class='ocrx_word' id='word_1_966' title='bbox 2198 5779 2516 5842; x_wconf 84' lang='lat' dir='ltr'><strong>conceptam,</strong></span> <span class='ocrx_word' id='word_1_967' title='bbox 2547 5780 2604 5823; x_wconf 86' lang='lat' dir='ltr'><strong>ut</strong></span> <span class='ocrx_word' id='word_1_968' title='bbox 2621 5770 2786 5842; x_wconf 78' lang='lat' dir='ltr'><strong>sancti</strong></span> <span class='ocrx_word' id='word_1_969' title='bbox 2807 5767 3154 5822; x_wconf 74' lang='lat' dir='ltr'><strong>obseruatione</strong></span> <span class='ocrx_word' id='word_1_970' title='bbox 3172 5769 3365 5841; x_wconf 79' lang='lat' dir='ltr'><strong>jejunii</strong></span> <span class='ocrx_word' id='word_1_971' title='bbox 3381 5772 3611 5827; x_wconf 72' lang='lat' dir='ltr'><strong>omnium</strong></span> 
     </span>
    </p>
   </div>
   <div class='ocr_carea' id='block_1_136' title="bbox 2020 5840 2850 5914">
    <p class='ocr_par' dir='ltr' id='par_1_136' title="bbox 2020 5840 2850 5914">
     <span class='ocr_line' id='line_1_137' title="bbox 2020 5840 2850 5914; baseline -0.004 -15"><span class='ocrx_word' id='word_1_972' title='bbox 2020 5840 2267 5899; x_wconf 68' lang='lat' dir='ltr'><strong>uirtutum</strong></span> <span class='ocrx_word' id='word_1_973' title='bbox 2296 5840 2502 5914; x_wconf 79' lang='lat' dir='ltr'><strong>regulas</strong></span> <span class='ocrx_word' id='word_1_974' title='bbox 2526 5840 2850 5898; x_wconf 75' lang='lat' dir='ltr'><strong>inchoarent.</strong></span> 
     </span>
    </p>
   </div>
  </div>
