3980 6352
450 287 560 353 ΗΟ

1584 284 1642 341 S.
1680 279 1929 338 LEONIS
1969 279 2185 337 MAGNI
2221 275 2608 335 SERMONES.

3636 277 3752 338 4‘20

453 420 507 470 et
529 409 598 466 de
621 407 793 463 sancti
817 403 1050 477 Spiritus
1067 399 1284 474 prodire
1300 399 1574 466 doctrina;
1604 399 1695 470 qui
1720 411 1862 453 nunc
1885 397 2046 470 317
2076 398 2128 460 Α
2154 395 2324 450 dinem
2351 395 2486 466 plebi
2511 409 2618 448 suae
2640 391 2757 466 (Ps.
2790 408 2952 458 van,
2982 391 3108 465 36);
3131 400 3186 449 et
3217 391 3413 449 iterum
3448 410 3462 447 :
3510 393 3750 466 Domine,

455 517 672 574 quoque
701 500 954 556 cordibus
988 495 1224 550 ﬁdelium
1257 492 1367 546 suis
1398 491 1649 560 praesidet
1675 491 1958 552 institutis,
1993 497 2051 544 ut

456 612 516 652 ea
550 609 738 649 omnes
760 602 815 646 et
839 589 1157 644 obedienter
1184 583 1496 640 custodiant
1517 589 1572 639 et
1598 584 1874 654 sapienter
1895 580 2052 636 intel-

458 689 646 758 ligant.
681 686 810 739 Nam
844 697 964 735 eum
1001 681 1051 734 itt
1091 678 1182 733 die
1211 679 1579 741 Pentecostes,
1607 693 1763 747 quem
1791 691 1820 730 a
1844 676 2049 730 Pascha

460 781 674 837 Domini
725 775 1226 846 quinquagesimum
1273 773 1637 839 celebramus,
1687 771 1986 842 promissus
2021 781 2053 824 a

463 874 690 927 Domino
716 869 948 930 Spiritus
978 874 1196 922 sanctus
1225 867 1655 936 exspectantium
1701 871 1910 918 mentes
1939 875 2054 916 ma-

458 965 577 1035 jore
605 978 763 1033 qn...
789 978 1041 1032 umquam
1072 961 1222 1032 copia
1260 972 1314 1016 et
1351 963 1583 1017 clariore
1630 958 1913 1030 prasentia
1942 969 2056 1012 suae

436 1058 766 1134 ‘majestati.
814 1056 1149 1126 impleverit,
1222 1054 1663 1109 manifestissime
1718 1063 1864 1122 patet
1915 1052 2057 1106 inter

433 1142 659 1204 ‘cwtera
681 1151 769 1204 Dei
805 1165 1049 1214 munera,
1073 1148 1395 1218 jejuniornm
1419 1163 1636 1216 quoque
1659 1145 1910 1217 gratiam,
1937 1159 2058 1214 quze

466 1243 782 1298 hodiernam
835 1243 1182 1298 festivitatem
1235 1239 1464 1294 indivisa
1511 1238 1881 1307 subsequitur,
1935 1244 2061 1291 tunc

467 1336 631 1390 fuisse
657 1337 911 1390 donatam
948 1353 960 1388 :
996 1345 1052 1388 ttt
1077 1335 1218 1388 sicut
1248 1332 1345 1386 fuit
1375 1331 1814 1401 concupiscentia
1846 1328 2061 1384 initium

467 1448 831 1504 peccatorum,
865 1432 934 1483 ita
959 1431 1027 1483 sit
1049 1427 1380 1482 continentia
1413 1428 1566 1497 origo
1596 1428 1882 1481 virtutum.

537 1528 665 1580 Car.
700 1525 764 1579 ll.
789 1553 860 1564 —-
889 1523 944 1576 ltt
978 1521 1284 1577 exercendo
1315 1532 1496 1574 autem
1524 1522 1626 1574 hoc
1661 1517 1756 1573 Dei
1788 1513 2021 1573 munere
2046 1561 2061 1587 ,

469 1633 574 1673 non
609 1618 727 1669 ideo
756 1619 1038 1684 segniores
1069 1628 1190 1668 esse
1220 1614 1505 1675 debemus,
1530 1613 1656 1682 quia
1687 1620 1742 1666 et
1785 1609 1956 1665 Jttdazi
2011 1618 2065 1664 et

469 1709 706 1764 lia-retiei
748 1724 890 1776 sa'pe
929 1706 997 1761 ab
1039 1707 1234 1762 edendi
1265 1705 1519 1760 libertate
1565 1720 1624 1760 se
1671 1704 1976 1770 continent,
2011 1709 2067 1756 et

2153 491 2208 546 in
2255 490 2447 545 lumine
2473 490 2646 545 uultus
2695 489 2768 542 tui
2811 486 3182 550 ambulabunt,
3231 496 3278 543 et
3324 490 3378 542 in
3433 489 3634 542 nomine
3665 502 3757 546 tuo

2154 584 2483 641 exsultabant
2525 593 2630 639 tota
2678 584 2789 650 die,
2821 593 2865 639 et
2905 584 2958 638 in
3005 581 3213 658 jnstitia
3245 594 3333 637 tua
3363 583 3754 653 excitabuntur,

2155 680 2398 752 quoniam
2429 675 2596 751 gloria
2620 676 2821 730 virtutis
2851 692 3031 732 eorum
3055 693 3108 730 es
3129 674 3318 749 tu(Ps.
3351 691 3606 740 Lxxxvttt,
3646 679 3755 750 l7).

2229 774 2356 828 Car.
2391 771 2480 827 IV.
2512 801 2584 812 —-
2609 767 2672 825 Et
2706 769 2848 834 ideo,
2887 769 3248 839 dilectissimi,
3301 771 3600 825 secundum
3634 788 3763 827 eru-

2158 865 2417 922 ditionem
2447 863 2682 935 Spiritus
2709 863 2906 928 sancti,
2930 879 3028 933 per
3055 879 3213 936 quem
3239 862 3498 919 Ecclesia:
3522 862 3616 918 Dei
3643 880 3761 918 om-

2161 961 2311 1014 nium
2340 959 2595 1014 virtutum
2629 957 2826 1012 collata
2858 951 3167 1024 suntdona,
3202 959 3565 1027 suscipiamus
3591 958 3764 1011 alacri

2164 1052 2269 1108 fide
2296 1052 2539 1107 solemne
2565 1049 2830 1120 jejunium
2865 1066 2880 1102 :
2913 1047 2941 1086 ά
2971 1059 3026 1104 et
3057 1048 3108 1103 in
3137 1047 3426 1116 mandatis,
3459 1066 3576 1118 qua:
3611 1060 3766 1120 potc~

2163 1149 2334 1205 rimus
2359 1145 2596 1213 efficere,
2631 1148 3005 1202 contineamus
3031 1159 3131 1199 nos
3155 1143 3221 1198 ab
3247 1141 3523 1199 inﬂatione
3550 1143 3770 1213 jactan-

2163 1243 2277 1308 tite,
2306 1241 2372 1296 ad
2405 1239 2499 1295 Dei
2529 1239 2754 1310 gloriam
2785 1249 2978 1294 cuncta
3011 1235 3332 1303 referentes,
3365 1237 3454 1309 qui
3486 1247 3540 1291 et
3593 1238 3770 1291 bona-

2165 1351 2285 1393 rum
2338 1344 2422 1390 est
2471 1333 2766 1404 inspiratur
2815 1333 3200 1398 voluntatum,
3248 1341 3302 1386 et
3357 1331 3619 1386 bonarum
3678 1338 3773 1386 est

2168 1437 2360 1484 auctor
2392 1428 2688 1494 actionum,
2714 1426 2928 1481 dicente
2952 1425 3180 1479 Domino
3211 1441 3226 1481 :
3261 1423 3353 1482 Sic
3384 1425 3552 1480 luceat
3594 1423 3774 1480 lumen

2169 1534 2391 1579 vestrum
2424 1538 2598 1576 coram
2620 1521 2927 1588 hominibus,
2951 1531 3005 1573 ut
3026 1521 3232 1574 videant
3254 1536 3406 1592 opera
3427 1533 3592 1572 vestra
3613 1521 3771 1583 bona,

2171 1629 2218 1674 et
2245 1619 2571 1691 niagniﬁcent
2594 1617 2800 1671 Patrem
2823 1626 3066 1681 vestrum,
3093 1616 3180 1687 qui
3207 1615 3257 1668 in
3284 1616 3423 1668 caelis
3454 1624 3527 1668 est
3553 1609 3772 1686 (Matth.

2170 1728 2227 1777 v,
2261 1711 2346 1781 16)
2383 1728 2398 1765 :
2430 1703 2531 1782 qui
2549 1711 2681 1764 vivit
2721 1719 2777 1765 et
2817 1717 3006 1780 regnat
3036 1716 3059 1745 ο
3091 1722 3190 1778 per
3225 1706 3405 1762 omnia
3437 1707 3634 1768 saecula
3663 1719 3775 1760 Ste-

465 1805 608 1874 apud
643 1807 788 1872 ipsos
821 1816 1057 1873 paganos
1097 1813 1220 1855 sunt
1278 1801 1523 1871 qumdam
1571 1809 1596 1836 η
1645 1816 1782 1854 vana
1833 1797 2062 1869 jejunia.
2097 1795 2146 1860 B
2173 1809 2440 1864 culorum,
2471 1810 2666 1862 Αιῃρη,

471 1897 628 1953 Aliud
660 1895 801 1950 enim
832 1897 939 1964 agit
969 1894 1069 1948 sub
1097 1893 1324 1948 veritate
1352 1892 1517 1957 ratio,
1539 1892 1684 1946 aliud
1710 1893 1809 1945 sub
1831 1890 2067 1944 falsitate

473 1989 741 2057 deceptio.
778 1987 932 2056 Apud
970 2000 1071 2040 nos
1123 1985 1258 2040 fides
1300 1985 1607 2041 sanctiﬁcat
1645 1985 1806 2039 etiam
1839 1983 2068 2037 mandu-

472 2094 725 2146 cantem;
777 2081 916 2150 apud
960 2080 1080 2135 illos
1109 2079 1135 2118 δ
1166 2079 1459 2135 inﬁdelitas
1489 2078 1680 2146 polluit
1704 2077 2068 2146 jejunantetn.

477 2175 630 2231 Unde
659 2176 781 2245 quia
810 2187 964 2229 extra
1000 2174 1300 2228 Ecclesium
1335 2174 1654 2229 catholicam
1703 2173 1834 2226 nihil
1877 2182 1959 2227 est
1993 2173 2072 2226 in-

476 2279 708 2341 tegrum,
746 2270 875 2324 nihil
909 2279 1138 2334 castum,
1163 2267 1378 2322 dicente
1408 2267 1670 2338 Apostolo
1705 2284 1718 2320 :
1753 2265 1915 2321 Omne
1936 2267 2073 2336 quod

479 2381 579 2418 non
609 2378 679 2417 est
711 2381 774 2418 ea.
825 2361 949 2434 fide,
1000 2371 1266 2433 peccatum
1297 2370 1368 2414 est
1417 2361 1593 2429 (Rom.
1629 2376 1743 2428 xw,
1773 2360 1868 2430 25)
1902 2378 1916 2414 :
1948 2375 2074 2415 eum

477 2461 666 2516 divisis
697 2461 763 2513 ab
793 2463 994 2512 unitate
1023 2457 1275 2526 corporis
1303 2455 1509 2511 Christi
1539 2458 1687 2510 nulla
1717 2455 2074 2510 similitudine

477 2566 874 2618 comparamur,
932 2549 1075 2605 nulla
1127 2546 1512 2604 communione
1559 2549 1899 2602 miscemur:
1932 2547 2075 2616 quod

479 2647 664 2714 utique
707 2645 860 2698 nobis
904 2643 1318 2698 saluberrimum
1371 2643 1771 2710 tnaititntnnqne
1809 2641 2106 2710 jejunium'

481 2751 585 2796 est.
615 2739 695 2794 Ad
728 2741 980 2792 virtutem
1013 2740 1157 2792 enim
1189 2737 1538 2792 continentiae
1569 2736 1700 2790 nihil
1757 2735 1907 2806 prius
1959 2750 2077 2803 per-

483 2835 615 2888 tinet
642 2849 800 2902 quam
830 2833 900 2886 ab
929 2832 1209 2886 erroribus
1231 2832 1527 2896 abstinere,
1552 2830 1674 2900 quia
1707 2840 1831 2883 tnuc
1860 2827 2077 2882 demum

481 2925 620 2981 bene
653 2924 996 2989 ambulatur,
1048 2939 1171 2978 eum
1208 2939 1301 2991 per
1334 2927 1472 2976 viam
1514 2924 1754 2976 veritatis
1785 2922 2078 2976 inceditur.

479 3017 614 3073 Nam
645 3021 767 3087 quia
803 3028 1030 3087 anguilla
1065 3027 1120 3070 ut.
1145 3019 1311 3070 ardua
1345 3015 1705 3078 declinantes,
1740 3014 1995 3084 ptOt‘iitia
2028 3023 2082 3067 et

484 3109 589 3165 lata
618 3115 898 3177 sectanda,
928 3111 1038 3162 cito
1062 3111 1112 3162 in
1147 3109 1503 3178 perditionem
1537 3108 1847 3170 deveniunt,
1882 3121 2082 3161 nemon

2491 1896 2723 1955 seuito
2762 1893 2960 1952 Lxxx
3003 1893 3116 1968 [Αι.
3159 1891 3467 1964 Lxxvnt].

2516 1989 2536 2028 τ
2583 1989 2658 2046 Dc
2701 1989 2914 2060 Jejunio
2947 1986 3273 2043 Pcntecostes
3300 1983 3420 2039 Ill.

2175 2113 2449 2172 SYNOPSIS.
2481 2138 2552 2149 ——
2579 2104 2664 2162 Ita
2686 2104 3033 2178 jejunandum
3052 2120 3191 2178 esse,
3215 2112 3270 2158 ut
3291 2099 3428 2178 quod
3455 2098 3779 2178 subtrahitur

2248 2183 2470 2307 nuituis,
2535 2172 2860 2248 impendatur
2916 2176 3199 2244 charitati,
3241 2188 3357 2244 qua:
3392 2172 3599 2246 jejunio
3636 2184 3782 2242 prte-

2249 2271 2302 2307 ce
2329 2254 2406 2306 tit.

2249 2254 2406 2308 celtit.

2251 2365 2573 2418 Sanctarum
2609 2358 3036 2424 solemnitatum,
3070 2354 3434 2424 dilectissimi,
3465 2353 3656 2410 ordine
3685 2368 3787 2412 ce-

2178 2457 2388 2515 lebrato
2428 2463 2483 2512 et
2529 2456 2791 2527 spiritalis
2845 2454 3043 2508 lmtitiie
3110 2451 3400 2507 devotione
3458 2450 3738 2518 completa
3767 2487 3786 2514 ,

2179 2562 2395 2623 Oportet
2445 2567 2544 2607 nos
2591 2550 2660 2605 ad
2705 2550 3080 2605 salubritatem
3122 2561 3407 2603 recurrere
3447 2545 3737 2616 parcitatis
3769 2583 3786 2612 ,

2181 2647 2591 2714 remeditnnque
2611 2645 2800 2716 jejunii
2823 2652 2879 2699 et
2902 2643 3220 2700 exercendis
3249 2642 3528 2698 mentibus
3547 2652 3596 2696 et
3616 2637 3790 2694 casti-

2181 2742 2374 2813 gandis
2415 2740 2674 2794 adhibere
2716 2739 3043 2806 corporibus
3093 2754 3109 2792 :
3151 2747 3209 2790 ut
3255 2736 3380 2805 quia
3426 2750 3524 2790 nos
3553 2733 3683 2790 satis
3717 2732 3791 2786 de

2185 2836 2286 2888 hoc
2314 2843 2365 2887 et
2397 2832 2578 2886 divina
2607 2831 2813 2884 monita
2839 2838 2893 2884 et
2923 2829 3138 2899 propria
3167 2829 3540 2896 experimenta
3574 2826 3792 2882 docue-

2187 2911 2332 2992 runt,
2383 2926 2613 2993 primunt
2645 2939 2738 2992 per
2767 2921 3500 2976 sacratissimorumdierum
3533 2928 3558 2969 ε
3590 2934 3790 2974 recur-

2186 3034 2307 3073 Sum
2364 3019 2564 3071 ditiliIB
2597 3015 2780 3086 pietati
2817 3016 3019 3086 gratias
3053 3014 3373 3081 referamus,
3411 3023 3520 3066 tum
3563 3021 3793 3068 sanctas

2186 3111 2534 3167 Continentia:
2566 3111 2787 3164 delicias
2821 3120 3162 3178 appetentes,
3196 3109 3584 3180 aliquantulum
3627 3106 3793 3161 nobis

485 3211 569 3258 est
615 3203 813 3270 gradus
865 3202 1062 3256 lentior
1097 3217 1192 3270 per
1220 3201 1324 3257 iter
1352 3212 1556 3258 rcclﬂul
1578 3237 1596 3266 ρ
1625 3216 1788 3270 quam
1823 3200 2080 3256 ιέιοείιθε
2110 3190 2154 3253 C
2186 3207 2256 3262 de
2303 3216 2640 3260 terrenarum
2677 3205 2920 3258 ciborum
2962 3203 3293 3258 abundantia
3346 3201 3743 3257 subtrahamus
3776 3217 3791 3252 :

483 3293 677 3350 festina
711 3309 806 3363 per
831 3294 1069 3347 devium.

558 3385 690 3441 Car.
720 3385 808 3444 ill.
840 3416 909 3427 ——
942 3391 1215 3456 Agnoscat
1243 3401 1372 3455 ergo
1402 3385 1699 3441 catholicus
1741 3381 2082 3440 Christianus

493 3489 516 3519 ε
539 3477 744 3535 fruetus
766 3479 959 3550 jejunii
991 3481 1094 3548 sui,
1128 3480 1272 3550 quod
1299 3480 1466 3534 etiam
1507 3480 1652 3535 inter
1686 3480 1948 3534 maximas
1977 3480 2083 3534 lar-

487 3571 685 3643 gitates
707 3573 1103 3627 sterilissimnm
1137 3574 1273 3639 erit,
1311 3573 1416 3627 nisi
1444 3573 1513 3627 de
1541 3575 1713 3628 sancti
1746 3573 1982 3643 Spiritus
2013 3572 2084 3629 ri-

489 3665 705 3732 gatione
729 3665 1076 3734 processerit.
1099 3665 1233 3719 Cum
1259 3667 1402 3720 enim
1426 3666 1571 3720 dicat
1599 3666 1885 3735 Apostolus
1910 3666 2083 3720 nullas

475 3756 594 3811 'sibi
627 3759 852 3814 virtutes
882 3759 1003 3814 sine
1031 3760 1299 3813 charitate
1331 3761 1591 3825 prodesse
1617 3758 1662 3828 (l
1687 3758 1805 3812 Cor.
1837 3773 1951 3824 xm,
1993 3757 2041 3829 t)
2067 3799 2080 3823 ,

493 3849 748 3921 idemque
775 3851 920 3905 dicat
949 3851 1265 3905 charitatem
1300 3850 1394 3905 Dei
1443 3851 1693 3905 diﬂ‘usam
1725 3866 1848 3906 esse
1881 3857 1932 3904 itt
1963 3865 2084 3905 cor-

493 3941 655 3998 dibus
707 3943 906 3998 nostris
961 3960 1054 4013 per
1094 3943 1356 4013 Spiritum
1407 3955 1651 3998 sanctum
1699 3946 1786 4013 qui
1816 3943 1972 4000 datus
2003 3953 2085 3999 est

493 4039 651 4094 nobis
676 4033 854 4107 (Rom.
888 4053 946 4107 v,
979 4038 1033 4108 5)
1072 4056 1085 4092 :
1123 4041 1421 4094 cavendum
1464 4048 1548 4094 est
1578 4054 1645 4096 ne
1675 4039 1810 4098 bona
1859 4055 1976 4110 quae
2006 4039 2084 4094 fa-

494 4143 622 4185 cere
639 4130 758 4185 sine
781 4131 1019 4185 bonitate
1046 4145 1149 4186 non
1177 4146 1490 4202 possumus,
1509 4131 1745 4186 elatione
1769 4134 2081 4202 perdamus.

492 4220 616 4278 Νη
671 4237 798 4278 outu
848 4239 906 4278 se
956 4225 1149 4280 merito
1203 4225 1359 4279 laude
1391 4225 1648 4294 dispoliat
1691 4228 1779 4296 qui
1813 4225 1977 4297 318
2019 4227 2086 4280 de

498 4315 998 4382 studiisjtnlustria:
1029 4332 1140 4372 suae
1172 4317 1222 4371 in
1261 4333 1321 4372 se
1359 4319 1528 4388 magis
1556 4335 1718 4388 quant
1755 4318 1808 4372 in
1859 4320 2088 4374 Domino

495 4406 758 4480 gloriatur
788 4408 832 4477 (l
865 4407 982 4462 Cor.
1013 4423 1054 4474 ι.
1089 4410 1194 4475 51;
1223 4409 1268 4465 ll
1296 4410 1417 4464 Cor.
1442 4426 1498 4478 ι,
1530 4413 1626 4475 Πς
1673 4411 1787 4464 Jer.
1834 4425 1919 4474 ιχ,
1947 4413 2044 4479 25)
2072 4428 2085 4465 :

497 4515 623 4558 cum
670 4502 860 4557 beatus
912 4502 1080 4556 David
1130 4503 1319 4557 doceat
1368 4503 1422 4557 in
1476 4515 1784 4558 sanctorum
1832 4503 2088 4572 cpt-ribus

498 4593 669 4651 Deum
696 4610 817 4650 esse
849 4595 1170 4652 laudandum
1205 4637 1220 4664 ,
1278 4596 1464 4652 dicens
1493 4613 1509 4653 :
1545 4597 1801 4652 Mirabih’s
1852 4599 1989 4652 Deus
2035 4599 2090 4652 in

477 4688 690 4777 lsanctis
715 4689 844 4757 suis,
875 4687 1016 4746 Deus
1035 4686 1207 4746 Israel
1227 4691 1337 4758 ipse
1367 4690 1509 4744 dabit
1549 4691 1790 4743 virtutem
1813 4700 1860 4744 et
1882 4690 2090 4759 fortitu-

573 4833 601 4862 ι
629 4822 805 4878 Prima
837 4825 1004 4879 editio
1027 4835 1081 4880 et
1109 4825 1233 4882 cod.
1266 4826 1426 4889 Bon.,
1457 4842 1605 4888 nona.
1637 4826 1797 4880 male.
1834 4825 2084 4882 Iudican-

501 4904 588 4952 tur
619 4907 796 4949 autem
829 4897 1024 4966 jejuuia
1048 4915 1076 4950 a
1109 4902 1328 4967 paganis
1361 4901 1495 4952 facta
1521 4903 1592 4951 ob
1622 4915 1810 4952 vanam
1833 4899 2082 4967 gloriam,

501 4983 622 5040 qua:
654 4969 852 5040 idcirco
883 4968 988 5040 sub
1007 4969 1234 5037 falsitate
1263 4971 1546 5034 deceptioni
1576 4987 1698 5024 mox
1743 4977 2083 5038 deputantur.

501 5038 579 5111 Ita
626 5038 787 5092 etiam
835 5039 1228 5096 Ptniiistem-uni
1267 5041 1471 5110 jejunia
1493 5085 1508 5110 ,
1537 5059 1656 5111 qua:
1685 5047 1886 5096 Auctor
1914 5058 2082 5096 scrin.

501 5109 597 5177 89,
627 5126 742 5179 cap.
781 5111 832 5178 i,
866 5113 1029 5164 otiosa
1053 5109 1362 5179 appellavit,
1414 5115 1480 5167 ad
1529 5109 1816 5168 human-im
1868 5115 2086 5169 laudem

503 5177 820 5255 captandam
867 5186 1034 5255 relata
1065 5177 1472 5255 comitium-orat
1520 5199 1683 5240 senm.
1727 5187 1813 5250 9i,
1862 5199 1986 5255 cap.
2029 5187 2085 5243 2.

501 5253 619 5324 Mox
648 5265 753 5307 tres
782 5254 950 5308 nostri
979 5253 1214 5318 codices,
1252 5257 1406 5310 Aliud
1436 5263 1607 5311 autem
1626 5259 1755 5324 agit.

499 5396 553 5456 Η
577 5323 604 5363 ι)
637 5325 809 5397 Hujus
839 5327 942 5382 loci
970 5329 1237 5384 sententia
1264 5330 1317 5383 iu
1349 5323 1821 5384 observationibus
1852 5331 2092 5387 illustra-

544 5412 668 5452 nur.

544 5412 668 5452 Illll‘.

579 5480 600 5508 ο
630 5469 974 5538 Quesnellus,
995 5470 1261 5532 Ruina-udi
1289 5474 1585 5528 editionem
1620 5484 1856 5542 secutus,
1901 5478 2094 5531 sancti-

503 5543 857 5622 tatentjejunii
878 5545 978 5622 sui.
1007 5545 1347 5622 Aulet'iurnnt
1375 5549 1673 5600 editionum
1699 5561 1747 5600 et
1781 5561 2092 5603 nostrorum

505 5612 752 5687 codicum
783 5617 1063 5674 leuiionein
1101 5621 1439 5682 ρι’ωιιιιειιιιις
1461 5661 1474 5683 ,
1507 5635 1631 5672 cum
1665 5623 1962 5687 praesertim
1997 5635 2092 5673 no-

509 5696 651 5762 men.
673 5685 872 5755 fructus
900 5687 1168 5753 adjactivn
1195 5685 1752 5761 starih'uimum,quud
1775 5693 2088 5761 subjicitur,

507 5765 746 5828 om‘nmo
771 5769 1052 5828 congruat.

581 5818 613 5865 ⁸
639 5825 772 5913 Cod.
801 5818 933 5884 Boii.
967 5839 1022 5888 et
1047 5831 1221 5902 prima
1251 5831 1436 5904 editio,
1459 5841 1516 5890 ut
1542 5834 1596 5889 in
1627 5834 1899 5891 mandatis.
1945 5832 2087 5903 Mox,

2189 3301 2352 3373 319
2382 3296 2410 3336 ιι
2439 3299 2510 3354 ita
2541 3307 2599 3354 ut
2631 3297 2875 3369 proficiat
2923 3297 3284 3368 elcemosynis
3331 3295 3475 3366 quod
3521 3309 3631 3350 non
3674 3291 3794 3348 imo

2191 3398 2447 3464 penditur
2487 3394 2712 3448 mensis.
2746 3392 2897 3446 Tunc
2925 3391 3070 3446 enim
3103 3390 3320 3445 demum
3354 3387 3419 3443 ad
3449 3386 3649 3441 animae
3687 3401 3796 3440 cu-

2189 3489 2454 3544 rationem
2506 3487 2719 3558 prolicit
2763 3488 3026 3542 medicina
3057 3486 3274 3556 jejunii.
3305 3500 3425 3540 cum
3454 3479 3796 3538 abstinentia

2187 3581 2487 3653 jejunantis
2509 3581 2744 3637 esuriem
2775 3579 2949 3634 reiicit
2985 3577 3299 3649 indigentis.
3348 3576 3480 3643 Quia
3521 3589 3655 3644 ergo
3679 3573 3797 3632 sci-

2191 3691 2311 3732 mus
2367 3675 2506 3743 apud
2551 3672 2962 3728 misericordem
3002 3671 3174 3726 Deum
3203 3669 3423 3740 jejuniis
3467 3665 3794 3739 praecellere

2192 3769 2554 3838 eleetnosynte
2587 3769 2912 3836 largitatem,
2942 3765 3160 3820 dicente
3201 3765 3320 3835 ipso
3357 3762 3581 3816 Domino
3615 3756 3798 3812 :Date

2192 3863 2584 3931 eleemosynant,
2609 3869 2654 3913 et
2675 3860 2848 3912 omnia
2870 3858 3061 3912 munda
3081 3868 3201 3914 sunt
3224 3857 3360 3912 vobis
3383 3853 3534 3927 (Luc.
3568 3868 3643 3916 ιι,
3661 3851 3794 3922 bl):

2193 3951 2240 4008 si
2286 3953 2497 4005 animos
2543 3961 2755 4005 nostras
2793 3966 2820 4004 a
2852 3960 3193 4018 peccatorum
3234 3948 3484 4004 sordibus
3531 3943 3798 4013 cupimus

2192 4045 2474 4098 emundari
2495 4089 2508 4112 ,
2559 4044 2958 4114 eleenmsynatn
2990 4043 3311 4112 pauperibus
3337 4057 3441 4095 non
3474 4051 3745 4109 negemus
3777 4077 3795 4103 ,

2194 4150 2250 4191 ut
2275 4136 2328 4190 in
2357 4138 2445 4192 die
2473 4135 2844 4191 retributionis
2886 4135 2952 4189 ad
2997 4133 3412 4204 promerendam
3444 4132 3542 4187 Dei
3573 4128 3799 4186 miseri-

2194 4231 2473 4295 cordiam,
2537 4229 2920 4284 misericordiae
2979 4229 3236 4298 Operibtts
3285 4226 3643 4296 adjuvemur,
3693 4237 3796 4293 per

2193 4326 2466 4383 Christum
2498 4326 2784 4380 Dominum
2822 4331 3090 4378 nostrum.
3137 4322 3331 4376 Amen.

2515 4461 2746 4518 SEBMO
2788 4458 3004 4514 LXXXI
3045 4458 3154 4531 [Αι.
3195 4455 3460 4529 LXXIX].

2591 4553 2666 4607 De
2690 4549 2898 4622 Jejunio
2929 4550 3255 4605 Pentecoste:
3284 4546 3394 4603 IV.

2193 4692 2583 4752 Smorsrsa—l.
2595 4690 2795 4746 Peccati
2806 4708 3012 4745 causam
3025 4691 3181 4761 fuisse
3193 4686 3512 4762 gulam,ideo
3525 4684 3796 4748 abstinen-

2194 4830 2533 4902 potuerimus,
2574 4841 2670 4897 pro
2701 4826 2974 4902 poterimus
3003 4823 3058 4881 in
3092 4841 3190 4880 ms.
3229 4820 3686 4902 Vat.._ciillect.a5._

2270 4912 2293 4938 °
2351 4890 2587 4969 Quidam
2633 4890 2791 4953 codd.
2843 4897 3084 4966 addant,
3135 4913 3251 4952 cum
3297 4893 3438 4949 Filio
3481 4905 3526 4949 et
3585 4890 3806 4962 Spiritu

2193 4984 2390 5028 sancto.

2273 5043 2294 5084 ί
2337 5046 2481 5098 Duos
2520 5041 2900 5096 antecedentes
2930 5055 3210 5097 sermones
3248 5038 3298 5094 in
3331 5037 3623 5094 festivitate
3655 5036 3806 5090 l’en-

2197 5126 2432 5172 terostes
2473 5115 2684 5168 habitus
2728 5115 2897 5179 Ii-lllel
2959 5133 2972 5169 :
3021 5129 3144 5167 nam
3202 5112 3428 5180 primus,
3465 5110 3806 5164 Hodiernum

2200 5189 2524 5260 festivitatem
2567 5188 2879 5240 descensiont
2928 5185 3088 5239 sancti
3154 5183 3382 5260 Spiritus
3438 5190 3806 5260 consecratam

2203 5252 2356 5315 initio
2389 5268 2676 5321 memorat,
2710 5268 2760 5310 t-t
2803 5262 3072 5311 secundus
3093 5272 3210 5320 cap.
3244 5254 3294 5317 1,
3329 5255 3656 5325 [εδιὶυἱιιιιιηι
3697 5252 3806 5325 ho-

2201 5332 2434 5385 dimtam
2468 5336 2593 5384 item
2625 5329 2877 5399 appellat,
2916 5347 3072 5398 quant
3097 5321 3415 5399 jejunior'um
3460 5327 3629 5393 gratia
3656 5321 3808 5399 indi-

2200 5410 2307 5457 visa
2357 5396 2709 5472 subsequitur.
2747 5402 2810 5454 At
2857 5396 3000 5455 huic
3050 5396 3284 5472 tertium
3324 5412 3632 5472 sermonem
3677 5396 3808 5472 ipso

2197 5465 2528 5544 jejttnioruni
2551 5475 2639 5526 die
2665 5473 2900 5524 ltabittttn
2933 5473 3170 5525 indicare
3201 5468 3450 5544 videntur
3483 5466 3570 5544 illa
3600 5465 3809 5529 quibus

2204 5537 2360 5600 initio
2401 5557 2690 5599 sanctarum
2733 5543 3108 5596 solemnitamm
3163 5540 3393 5594 ordinem
3443 5537 3807 5599 celebratum,

2204 5628 2250 5671 et
2281 5620 2562 5688 spiritnahs
2589 5615 2803 5688 irlwtitia:
2843 5615 3150 5688 devotionem
3179 5614 3484 5688 coittpletam
3515 5609 3698 5688 tradit.

2276 5683 2319 5736 8'
2347 5695 2415 5740 Ita
2446 5705 2510 5741 ex
2535 5687 2693 5739 t‘dilis
2716 5696 2837 5740 ante
2861 5686 3086 5753 Qttesn.,
3111 5683 3253 5751 apud
3283 5683 3466 5752 Quem,
3485 5683 3809 5753 Adecursum-

2277 5757 2549 5900 hﬁvulgati
2570 5769 2692 5814 ante
2721 5747 2947 5826 Questi.,
2976 5747 3199 5828 excepta
3229 5747 3404 5838 prima
3430 5749 3696 5818 editione,
3724 5747 3813 5804 ita

2277 5849 2296 5885 ῐ)
2342 5841 2461 5888 (tot.

2201 5833 2461 5901 proﬁciat.
3313 5829 3338 5838 “’
