3980 6352
228 282 339 344 £2!

1615 255 2156 341 SERMO'_LXXXlI.

3414 243 3534 316 422

307 378 1221 450 tiaesseeonterendum.-—ll.Tanto
1243 377 1823 452 magissapereinterip-
1851 366 1904 441 Α
1930 377 2037 433 reis
2086 372 2425 430 inferendum
2456 412 2473 442 ,
2521 371 2617 429 sed
2666 370 2877 442 ignibus
2906 367 3365 429 concremandum
3393 409 3410 437 ,
3439 364 3527 430 di-

304 446 718 522 ié‘n'ii‘oiiinmn.
735 466 926 530 quanto
947 458 1113 530 inagis
1135 446 1362 530 exterior
1381 467 1414 503 a
1440 446 1685 530 sensuum
1708 446 1827 503 ille-

304 539 469 593 cebris
508 553 560 590 se
589 524 829 588 continet.
855 560 924 571 —
945 524 1051 584 ιιιξ
1069 527 1191 580 l’ost
1216 524 1550 594 indulgentia:
1572 530 1826 592 tempora,

304 611 596 680 udjejuttia
617 603 1001 680 recurrentium.
1020 612 1073 680 ut
1093 598 1400 680 negligentia
1429 595 1505 648 uel
1517 595 1826 680 fastigatur,

306 667 406 735 vel,
424 667 521 734 non
548 679 776 747 obrepat.
809 703 876 714 -—
906 673 997 726 Η.
1023 671 1127 747 Per
1148 667 1411 744 jejunium
1435 677 1484 721 et
1512 667 1644 722 bona
1669 679 1833 737 opera

308 751 551 806 mandari
582 744 839 802 hominem
867 763 898 798 a
927 744 1166 815 peccatis.

305 865 445 922 CAP.
486 862 529 918 1.
560 861 802 916 —lntcr
849 858 1050 922 omnia,
1094 849 1472 918 dilectissimi,
1518 849 1834 925 apostolicae

201 1019 204 1024 ,
229 960 485 1018 insxituta
514 955 803 1021 doctrinas,
832 970 953 1024 quae
979 968 1044 1008 ex
1075 950 1271 1006 divinae
1291 957 1315 985 ⁸
1336 947 1657 1004 eruditionis
1687 945 1834 1002 futile

224 1062 558 1120 manarunt,
605 1050 827 1106 dubium
872 1064 978 1104 non
1011 1056 1122 1110 est,
1171 1043 1430 1102 inﬂuente
1477 1043 1530 1098 in
1578 1042 1834 1099 Ecclesiae

225 1151 513 1222 principes
543 1147 746 1216 Spiritu
774 1152 990 1209 sancto,
1021 1140 1162 1196 hanc
1193 1141 1423 1211 primum
1444 1138 1513 1192 ab
1543 1137 1622 1192 eis
1644 1137 1835 1192 obser-

223 1243 480 1298 vantiam
529 1240 695 1296 fuisse
742 1246 1082 1305 conceptam,
1133 1244 1190 1288 ut
1235 1231 1406 1288 sancti
1456 1229 1837 1288 observatione

221 1338 462 1409 jejuuii,
487 1334 723 1390 omnium
759 1331 1012 1386 virtutum
1065 1326 1285 1398 regulas
1315 1325 1630 1380 inchoarent
1662 1341 1676 1377 :
1712 1322 1834 1394 quia

223 1431 477 1486 multum
507 1427 572 1482 ad
605 1433 870 1498 praecepta
905 1423 1002 1478 Dei
1029 1419 1058 1459 ιι
1090 1418 1440 1490 exsequenda
1464 1416 1766 1488 prodesset,
1791 1415 1839 1471 si

227 1523 555 1579 Christiana
585 1519 775 1575 tnilitia
815 1525 1006 1572 contra
1049 1512 1323 1569 incentiva
1365 1510 1545 1568 omnia
1587 1510 1839 1568 vitiorum

230 1616 596 1674 continentia:
643 1627 702 1668 se
739 1608 1168 1667 sanctiﬁcatione
1213 1605 1467 1662 muniret.
1524 1605 1657 1661 Cum
1693 1601 1836 1658 enim

231 1727 342 1784 per
375 1709 684 1766 illecebram
714 1707 818 1762 cibi
847 1705 1129 1776 irrepserit
1165 1704 1334 1771 prima
1375 1715 1534 1757 causa
1589 1698 1837 1770 peccati,

1933 477 2090 524 cente
2129 467 2360 524 Domino
2393 484 2406 521 :
2441 464 2625 524 Otnnis
2671 463 2924 536 plantatio
2953 480 3108 528 quam
3139 479 3241 516 non
3273 460 3528 534 plantavit

1935 561 2091 618 Pater
2146 578 2288 616 meus
2335 561 2554 616 calcatis
2611 557 2956 616 eradicabitur
3007 554 3220 630 (Matth.
3280 570 3348 624 ν,
3407 553 3524 628 13).

1932 657 2299 718 Custodienda
2347 655 2507 725 igitur
2561 655 2718 712 nobis
2752 662 2777 701 8
2811 663 2890 709 est
2923 652 3163 706 omnium
3219 650 3525 720 germinum

1933 750 2314 820 seminumque
2340 748 2696 820 generositas,
2731 759 2890 815 qnam
2923 759 2986 798 ex
3019 739 3216 798 summi
3263 741 3528 812 Agricola:

1935 843 2268 916 plantatioue
2295 828 2740 909 canccpimus,et
2770 837 2911 908 vigili
2944 834 3309 890 sollicitudine
3339 833 3526 906 provi-

1936 935 2173 992 dendum
2214 950 2284 990 ne
2329 933 2422 988 Dei
2470 945 2698 988 munera
2751 929 2930 1001 aliqua
2985 928 3274 983 invidentis
3328 924 3528 980 inimici

1936 1029 2125 1086 fraude
2151 1027 2441 1100 violentur,
2474 1035 2529 1082 et
2552 1024 2605 1080 in
2631 1021 2884 1094 paradiso
2914 1022 3173 1076 virtutum
3216 1024 3531 1074 concrescat

1940 1122 2076 1178 silva
2107 1120 2378 1175 vitiorum.

2011 1213 2140 1272 Cap.
2173 1213 2266 1270 1V.
2295 1241 2367 1254 --
2403 1209 2486 1270 Ad
2515 1207 2894 1266 declinandum
2923 1214 3100 1262 autem
3141 1205 3244 1260 hoc
3286 1204 3484 1258 malum
3514 1242 3528 1267 ,

1940 1309 2073 1366 nihil
2105 1314 2190 1364 est
2216 1305 2490 1379 potentius
2517 1303 2879 1374 eleeinosynis
2909 1312 3073 1368 atque
3109 1296 3349 1370 jejuniis,
3401 1296 3532 1348 dum

1940 1412 1996 1458 et
2025 1401 2272 1456 carnales
2298 1396 2619 1467 cupiditates
2647 1394 2979 1449 continentia
3013 1400 3194 1455 necat,
3233 1402 3287 1444 et
3315 1387 3532 1443 deside-

1941 1493 2146 1560 riorum
2176 1492 2496 1562 spiritalium
2531 1490 2738 1543 fructus
2765 1485 3149 1541 misericordiae
3179 1480 3208 1520 ιι
3235 1497 3363 1539 cura
3395 1483 3535 1537 mul-

1944 1585 2167 1656 tiplicat.
2200 1582 2355 1642 Unde
2389 1583 2708 1639 charitatcm
2741 1589 2974 1634 vestram
3002 1578 3317 1633 soletnniter
3346 1578 3511 1633 adtno

1945 1693 2134 1734 neruus
2175 1687 2235 1734 ut
2280 1692 2375 1748 per
2404 1676 2815 1745 cashgationem
2843 1673 3087 1740 corporis
3128 1681 3182 1726 et
3233 1685 3330 1740 per
3370 1685 3536 1740 opera

234 1820 356 1876 quo
383 1803 689 1860 salubriore
715 1800 808 1855 Dei
841 1812 1064 1854 munere
1095 1796 1266 1852 utitur
1290 1794 1567 1864 redempta
1595 1791 1838 1860 libertas,

1984 1771 2161 1830 ietatis
2219 1769 2236 1809 ί
2287 1769 2540 1826 mundari
2579 1769 2648 1825 ab
2687 1768 2927 1822 ciuilium
2988 1779 3331 1835 peCcatorum
3376 1768 3539 1820 sorde

233 1914 415 1972 quam
443 1907 499 1954 ut
525 1896 733 1952 noverit
755 1894 1029 1948 abstinere
1051 1889 1356 1952 concessis,
1381 1903 1502 1958 qua:
1530 1886 1743 1942 frenare
1783 1897 1844 1940 se

237 1992 488 2048 nescivit
514 2007 544 2046 a
574 1988 790 2046 vetitis?
817 1985 998 2041 Omnis
1041 1984 1245 2056 quidem
1291 1991 1531 2039 creatura
1571 1979 1666 2034 Dei
1712 1978 1850 2034 bona

237 2091 412 2152 est,“
431 2081 562 2136 nihil
582 2092 656 2135 est
681 2079 1022 2150 abjiciendum
1047 2077 1182 2148 quod
1205 2091 1319 2129 cum
1346 2076 1626 2144 gratiarum
1647 2073 1850 2134 actione

237 2175 539 2248 percipitur
567 2171 620 2245 (ι
646 2171 781 2226 Tim.
812 2187 888 2236 tv,
911 2168 970 2239 4)
997 2186 1011 2234 ;
1040 2168 1135 2223 sed
1167 2183 1273 2221 non
1307 2168 1372 2219 ad
1411 2166 1515 2220 hoc
1549 2163 1720 2220 creati
1761 2178 1851 2220 stt-

238 2283 380 2324 mus
405 2279 467 2322 ut
488 2265 626 2323 [uada
653 2275 708 2320 et
740 2274 762 2302 ε
807 2260 1108 2332 impudenti
1140 2258 1396 2315 aviditate
1430 2272 1621 2314 omnes
1662 2254 1854 2312 mundi

240 2364 446 2435 cOpias
469 2372 806 2431 expetamus,
831 2368 1105 2428 tamquam
1137 2356 1283 2428 quod
1319 2355 1450 2412 licet
1483 2352 1624 2412 sumi
1649 2369 1756 2410 non
1782 2351 1851 2410 li-

243 2465 383 2513 ceat
409 2453 773 2525 prmtermitti.

329 2550 469 2606 Car.
495 2548 560 2604 Il.
590 2577 658 2590 —
685 2545 958 2602 Laudetur
981 2543 1122 2598 Deus
1143 2585 1159 2608 ,
1189 2541 1278 2614 qui
1305 2540 1582 2595 hominum
1608 2538 1726 2592 usui
1746 2545 1856 2596 tam

241 2643 428 2716 320
452 2641 620 2696 multa
643 2639 892 2704 donavit;
918 2637 1012 2692 sed
1035 2649 1310 2692 annoso"
1343 2630 1620 2689 rationalis
1646 2631 1858 2686 animus

249 2737 513 2806 majores
545 2732 764 2788 delicias
805 2729 975 2785 menti
1021 2728 1172 2784 datas
1225 2741 1347 2785 esse
1392 2741 1552 2796 quam
1588 2724 1759 2785 carni.
1793 2723 1859 2780 Et

247 2843 388 2886 cum
420 2825 574 2881 audit
599 2824 700 2880 sibi
726 2839 823 2893 per
854 2821 1117 2892 Spiritum
1139 2829 1382 2874 sant-tum
1416 2819 1522 2873 dici
1548 2834 1561 2869 :
1590 2815 1714 2872 Post
1738 2831 1861 2873 con-
1943 2844 1950 2851 -

247 2921 610 2994 cupisautias
636 2929 750 2973 tuas
772 2914 797 2955 δ
821 2932 924 2971 non
953 2933 1038 2970 eas
1060 2956 1076 2982 ,
1107 2924 1151 2969 et
1181 2932 1213 2968 a
1242 2914 1503 2968 voluntate
1526 2923 1616 2966 tua
1639 2924 1862 2968 avertere

251 3012 459 3089 (Eccli.
493 3027 644 3078 xviii,
671 3008 763 3083 50)
789 3049 805 3076 ,
859 3009 1122 3079 intelligat
1149 3008 1253 3063 sibi
1299 3017 1490 3063 contra
1529 3005 1712 3060 omnia
1742 3020 1863 3075 quas

251 3105 523 3163 sensibus
555 3114 579 3142 ο
611 3103 887 3174 corporeis
933 3101 1310 3165 blandiuntur,
1357 3098 1732 3168 temperantia.-
1774 3113 1865 3154 se-

256 3201 523 3258 ctandam
555 3215 678 3256 esse
707 3199 992 3262 virtutem,
1024 3212 1123 3266 per
1162 3211 1322 3266 quam
1351 3235 1366 3260 ,
1407 3195 1537 3251 dum
1579 3179 1938 3250 exteriorisC

257 3296 512 3353 hominis
543 3295 788 3364 voluptas
829 3293 1120 3358 minuitur,
1151 3291 1414 3360 sapientia
1445 3288 1718 3345 interioris
1771 3303 1869 3342 au-

258 3398 449 3461 getur.
501 3386 615 3443 Non
659 3387 802 3442 enim
845 3385 987 3440 idem
1035 3385 1189 3454 vigor
1232 3381 1412 3439 cordis
1451 3393 1533 3439 est
1562 3383 1662 3438 sub
1701 3396 1871 3438 onere

259 3483 401 3549 cibi,
427 3482 522 3553 qui
553 3481 654 3536 sub
683 3481 900 3535 levitate
938 3478 1166 3548 jejuuii;
1223 3493 1324 3532 nec
1360 3477 1610 3532 eumdem
1645 3491 1869 3531 sensum

261 3584 451 3646 potest
496 3575 718 3629 satietas
764 3586 1029 3643 generare
1071 3585 1228 3640 quem
1277 3571 1534 3639 parcitas.
1590 3569 1728 3638 Qun
1764 3585 1870 3626 colt

264 3682 404 3723 caro
432 3667 826 3736 concupiscens
853 3667 1115 3743 adversus
1152 3661 1402 3733 spiritum
1444 3663 1672 3732 spiritali
1717 3665 1870 3733 cupi-

265 3759 442 3816 ditate
464 3770 750 3828 superatur
780 3757 981 3831 (Galat.
1015 3773 1066 3824 ν,
1107 3756 1222 3825 Π),
1273 3755 1440 3810 libera
1483 3755 1756 3810 obtinetur
1779 3770 1872 3812 sa-

271 3852 423 3909 nitas
479 3864 533 3906 et
568 3865 696 3906 sana
731 3851 990 3906 libertas:
1020 3859 1079 3905 ut
1107 3860 1162 3905 et
1196 3863 1324 3903 caro
1356 3850 1552 3904 mentis
1577 3847 1782 3919 judicio
1817 3857 1873 3904 et

270 3961 434 4004 mens
464 3945 555 4001 Dei
581 3956 799 4016 regatur
824 3943 1054 4000 auxilio.

349 4039 478 4095 Cu».
511 4038 604 4094 lll.
628 4068 701 4080 —
732 4039 811 4094 Ad
837 4037 976 4094 hanc
1001 4051 1133 4107 ergo
1163 4036 1448 4092 utilitatem
1479 4049 1607 4100 nos.
1633 4034 1876 4092 dilectis-

277 4135 428 4200 simi,
450 4149 689 4204 praesens
717 4143 931 4203 tempus
959 4132 1255 4197 invitat,.ut
1283 4147 1310 4184 a
1345 4132 1738 4185 resurrectione
1768 4131 1871 4185 Do-

283 4228 421 4284 mini
451 4242 618 4298 usque
643 4227 710 4281 ad
728 4227 1015 4282 adventum
1041 4224 1274 4293 Spiritus
1297 4223 1465 4278 sancti
1490 4223 1875 4294 quinquaginta

286 4321 479 4376 diebus
509 4321 765 4386 emensis,
796 4335 932 4390 quos
963 4320 1016 4374 in
1047 4317 1226 4373 hetitia
1258 4317 1542 4388 praecipuae
1570 4315 1876 4373 festivitatis

287 4415 570 4484 exegimus
598 4455 614 4478 ,
664 4413 733 4468 ad
784 4413 1114 4483 jejuniorum
1161 4413 1398 4467 remedia
1436 4410 1453 4449 ί
1486 4427 1828 4466 recurramus
1861 4427 1875 4465 :

287 4523 364 4563 ne
391 4507 529 4563 forte
568 4523 664 4578 per
694 4510 1036 4562 occasionem
1081 4507 1311 4560 licrntite
1344 4505 1640 4561 blandioris
1671 4506 1876 4573 aliquas

1947 1865 2250 1937 cupientes,
2283 1877 2473 1934 quarta
2504 1871 2561 1922 et
2590 1870 2740 1920 sexta
2783 1862 2913 1916 feria
2939 1859 3283 1932 jejunemus;
3314 1859 3540 1914 sabbato

1949 1968 2129 2016 autem
2161 1958 2302 2028 apud
2337 1958 2706 2015 beatissimum
2737 1956 2958 2014 Petrum
2997 1954 3300 2022 apostolum
3330 1953 3540 2023 vigilias

1949 2053 2292 2111 celebremus
2330 2053 2528 2122 :cujus
2574 2052 2783 2108 meritis
2836 2061 2892 2108 et
2945 2049 3278 2105 orationibus
3326 2048 3397 2102 ita
3445 2061 3541 2101 nos

1953 2161 2051 2218 per
2079 2145 2262 2203 omnia
2290 2146 2564 2203 credimus
2585 2142 2938 2215 adiuvandas,
2965 2153 3022 2198 ut
3050 2140 3419 2196 misericordia
3448 2139 3544 2196 Dei

1953 2248 2009 2296 et
2050 2239 2274 2310 jejuniis
2318 2238 2518 2296 nostris
2547 2237 2691 2295 adsit
2718 2247 2774 2296 et
2806 2237 2961 2301 votis,
3008 2251 3103 2307 per
3131 2236 3404 2290 Christum
3435 2234 3541 2290 Do-

1954 2333 2160 2388 minum
2191 2342 2455 2387 “Oalrlilli.
2486 2330 2685 2388 Amen.

2174 2425 2334 2501 321
2368 2423 2601 2482 SERMO
2637 2422 2882 2482 Lxxxu
2914 2421 3031 2498 [AL
3071 2419 3328 2493 LXXX].

2195 2514 2264 2572 In
2295 2515 2481 2576 Natali
2505 2517 2860 2588 apostolorum
2889 2513 3032 2570 Petri
3055 2523 3101 2570 et
3134 2513 3314 2568 Pauli.

1959 2614 2230 2682 Stilonis.
2248 2611 2375 2666 -ν1.
2423 2610 2685 2680 Quantum
2711 2609 2887 2664 Rome
2907 2609 3074 2682 gloria
3104 2607 3546 2682 per_religionen_t,

2033 2681 2389 2752 apostolorum
2447 2679 2762 2752 ministerio,
2826 2679 3232 2752 uenerim—ll
3281 2679 3551 2752 Quomodo

2039 2750 2326 2824 Romanum
2379 2753 2650 2824 imperium
2703 2750 3160 2824 Christigimperio
3214 2750 3554 2824 seruit-wit.—

2033 2825 2120 2881 Ill.
2138 2823 2245 2880 Cur
2266 2821 2714 2895 [impriumria
2733 2823 2976 2876 lienteria
2994 2824 3142 2895 sedes
3153 2823 3426 2895 constituta
3442 2822 3507 2873 sit
3528 2821 3556 2877 Ρ

2035 2896 2212 2954 --|V.
2261 2893 2476 2964 Quanta
2509 2894 2650 2952 Patri
2697 2895 2953 2964 fortitudo.
2987 2903 3036 2948 et
3074 2893 3296 2947 clamitas
3341 2893 3555 2946 Romam

2036 2963 2386 3041 ingredientis.
2407 2996 2478 3008 -
2608 2963 2705 3041 ΩΨ
2729 2963 2788 3018 Ρ.
2807 2970 2867 3019 tri
2899 2965 3411 3041 tubures,‘antenuam
3442 2964 3553 3021 lio-

2039 3033 2177 3094 mam
2207 3040 2413 3095 veniret.
2433 3066 2503 3079 —
2523 3035 2608 3091 Vl.
2660 3035 2869 3089 Petrum
2907 3046 2952 3089 et
2993 3033 3218 3088 Paulum
3248 3037 3398 3087 Petro
3424 3051 3552 3087 con-

2038 3115 2312 3181 sociatum,
2339 3112 2444 3164 duo
2465 3111 2720 3181 praetora
2749 3108 2907 3161 diuini
2933 3108 3142 3181 seminis
3170 3123 3277 3159 esse
3301 3107 3553 3177 germina.

2041 3182 2239 3240 -Vil.
2281 3180 2352 3237 lu
2374 3176 2564 3240 [torum
2593 3182 2721 3251 [ato
2745 3190 2994 3249 quantum
3023 3176 3325 3234 tutandum.

2042 3297 2172 3369 Cp.
2204 3296 2601 3354 l.—.-Omuinru
2631 3295 2852 3368 quidem
2891 3301 3198 3352 sanctirum
3245 3293 3560 3348 solemnita-

1973 3403 2109 3458 tum,
2161 3390 2520 3456 tiliBCliSs‘itDi,
2572 3399 2720 3444 totus
2769 3389 3000 3444 mundus
3045 3397 3131 3442 est
3175 3386 3463 3456 particeps.
3503 3394 3562 3442 et

1970 3485 2132 3540 unius
2159 3482 2280 3538 ﬁdei
2320 3483 2496 3553 pietas
2530 3481 2698 3551 exigit
2736 3490 2795 3536 ut
2827 3480 3080 3552 quidquid
3116 3495 3212 3550 pro
3237 3479 3409 3534 salute
3442 3478 3563 3533 tini-

1973 3591 2254 3632 versnrum
2301 3584 2510 3644 gestum
2547 3570 2561 3625 i
2603 3574 2880 3640 recolitur,
2930 3573 3308 3627 communibus
3360 3571 3559 3640 ubique

1979 3669 2190 3742 gaudiis
2213 3668 2538 3725 celebretur.
2572 3667 2954 3727 Verumtamen
2987 3665 3246 3722 hodierna
3279 3665 3560 3726 festivitas,

1975 3776 2172 3836 prater
2201 3763 2346 3818 illam
2390 3762 2748 3817 reverentiam
2781 3775 2938 3830 quam
2977 3768 3091 3814 toto
3131 3767 3395 3812 terrarum
3425 3757 3561 3813 orbe

1977 3854 2292 3929 promeruit,
2316 3855 2531 3924 speciali
2564 3861 2619 3910 et
2643 3857 2856 3925 propria
2886 3862 3083 3907 nostrae
3125 3851 3272 3906 urbis
3315 3849 3564 3905 exsulta-

1977 3951 2125 4006 tione
2164 3947 2470 4006 veneranda
2503 3957 2588 4005 est
2611 3965 2626 4004 :
2652 3957 2710 4004 ut
2741 3949 2830 4003 ubi
2864 3947 3256 4019 praecipuorum
3287 3945 3567 4014 apostolo-

1977 4062 2096 4104 rum
2129 4043 2462 4115 glorillcatus
2489 4054 2574 4100 est
2601 4046 2803 4110 exitus,
2841 4038 2912 4098 ibi
2943 4041 2970 4081 ιι
3005 4045 3058 4098 in
3089 4043 3176 4098 die
3201 4041 3444 4112 martyrii
3475 4054 3568 4093 eo-

1981 4154 2102 4196 rum
2131 4139 2200 4194 sit
2229 4138 2429 4193 laetitiae
2470 4137 2827 4210 principatus.
2874 4135 2963 4190 Isti
2991 4137 3134 4191 enim
3163 4142 3289 4189 sunt
3329 4134 3424 4188 \iri
3473 4147 3569 4202 per
3614 4126 3621 4175 ‘-

1981 4245 2120 4303 quos
2151 4229 2247 4286 tibi
2280 4231 2622 4298 lilvangeliuni
2647 4227 2872 4294 Christi,
2902 4228 3091 4293 Roma,
3121 4225 3449 4296 resplenduit
3473 4241 3488 4292 ;
3515 4233 3571 4279 et

1979 4342 2100 4399 qui?
2124 4340 2247 4382 eras
2268 4327 2524 4397 magistra
2557 4326 2780 4390 erroris,
2827 4325 2962 4380 facta
3006 4339 3065 4379 es
3088 4323 3347 4394 discipula
3377 4322 3574 4375 verita-

1979 4419 2071 4475 tis.
2099 4419 2189 4474 lsti
2217 4431 2337 4474 sunt
2374 4415 2392 4458 ι
2420 4421 2591 4478 sancti
2626 4428 2804 4492 patres
2838 4420 2912 4473 tui
2942 4419 3164 4488 verique
3187 4429 3448 4486 paStores,
3483 4415 3574 4484 qui

1983 4522 2037 4569 te
2064 4513 2244 4585 regnis
2268 4512 2578 4570 caeleStibus
2606 4514 2946 4570 inserendam
2969 4514 3138 4568 multo
3161 4512 3354 4566 ιιιυιίιιπ
3383 4511 3574 4566 multo-

292 4601 630 4672 negligentie
682 4601 872 4671 culpas
941 4601 1340 4656 delectabiliuin
1407 4615 1537 4655 usus
1605 4599 1874 4654 inciderit.
1906 4577 2089 4676 une
2123 4577 2340 4661 ielicius
2385 4605 2765 4668 condiderunt,
2801 4619 2956 4675 quain
3004 4604 3077 4657 illi
3125 4620 3352 4673 quorum
3399 4601 3576 4657 studio

295 4690 462 4748 Terra
490 4695 634 4748 enim
667 4696 846 4749 carnis
877 4706 1095 4759 nostra,
1138 4693 1240 4747 nisi
1295 4693 1529 4749 assiduis
1559 4693 1719 4748 fuerit
1750 4696 1879 4748 sub-

297 4799 412 4841 acta
443 4788 668 4842 enlturis
699 4829 714 4853 ,
744 4789 855 4843 cito
886 4789 953 4842 de
981 4788 1128 4857 segni
1169 4786 1280 4840 otio
1313 4788 1494 4856 spinas
1541 4787 1879 4859 tribulosque

299 4879 562 4949 producit,
592 4889 647 4936 et
695 4893 850 4950 partu
891 4881 1142 4950 degeneri
1173 4882 1323 4937 dabit
1351 4883 1579 4938 fructum
1610 4900 1718 4940 non
1751 4887 1877 4944 hor-

371 5051 394 5079 ⁸
422 5041 500 5098 ita
539 5057 659 5096 cum
697 5043 990 5110 Qnesnelln
1019 5043 1187 5096 nostri
1242 5043 1481 5109 cortices,
1533 5051 1590 5100 et
1632 5043 1882 5100 similiter

306 5126 460 5169 serui.
492 5115 580 5176 79.
615 5132 733 5182 cap.
766 5117 787 5170 l
821 5133 835 5167 z
871 5114 1218 5170 Dubitandum
1252 5131 1352 5168 non
1377 5129 1450 5167 est
1476 5133 1675 5169 omnem
1703 5116 1882 5171 obsera

310 5190 523 5239 lantiunt
551 5187 898 5240 Christianam
929 5187 1230 5240 eruditionis
1262 5203 1370 5242 esse
1406 5189 1614 5244 divinat.
1657 5187 1883 5246 Caetera?

312 5258 425 5310 editi
470 5274 584 5319 nes,
616 5259 970 5312 institutionis.

375 5328 399 5367 δ
433 5329 607 5384 Prima
635 5331 721 5382 edi
752 5331 824 5394 in,
848 5329 1172 5396 excipienda.

379 5410 398 5438 ε
434 5401 550 5454 Duo
572 5403 730 5454 t'oiid.
767 5401 925 5455 νειιι..
959 5402 1292 5465 imprudenti.

372 5468 398 5506 ά
431 5474 593 5525 Intern
621 5473 728 5525 du-i
758 5489 913 5532 mss"
943 5489 1004 5526 ne
1029 5489 1156 5544 eas;
1199 5485 1251 5527 et
1304 5473 1427 5527 dein
1450 5515 1466 5538 ,
1497 5489 1596 5544 pro
1637 5482 1883 5541 Mere,

322 5554 440 5613 satis
467 5560 532 5596 ex
569 5545 757 5600 ii~detn
779 5547 992 5599 colit-et.
1021 5543 1058 5598 5
1084 5559 1136 5598 et
1169 5562 1338 5613 prima
1375 5543 1544 5603 editio
1586 5553 1801 5604 collect.
1855 5549 1888 5604 ’5

323 5607 524 5678 habent,
555 5626 741 5670 t‘elttt'e.

373 5698 399 5756 οξ
435 5688 491 5740 lu
519 5686 705 5739 iisdem
729 5687 909 5752 codd,
940 5688 1188 5756 corporis.

372 5755 395 5798 ί
426 5758 610 5812 Prima
635 5762 798 5813 editio
819 5775 872 5814 et
893 5755 1059 5815 codex
1095 5761 1249 5824 liam,
1280 5774 1668 5819 concurramus.

366 5835 404 5916 ς
433 5827 673 5888 Verbum
699 5841 855 5889 estex
886 5834 1082 5891 nostris
1103 5847 1233 5890 mss.
1267 5832 1587 5904 adiecimus.

1987 4697 2158 4772 prium
2190 4697 2446 4754 mtenium
2483 4709 2690 4754 tuorum
2724 4696 3067 4752 fundamenta
3097 4701 3269 4750 locata
3305 4706 3428 4749 sunt
3463 4713 3476 4748 :
3507 4711 3576 4749 ex

1985 4795 2181 4866 quibus
2211 4792 2257 4848 is
2281 4796 2369 4866 qui
2405 4793 2500 4859 tibi
2531 4810 2725 4850 nomen
2753 4792 2902 4848 dedit
2936 4792 3174 4850 fraterna
3206 4803 3259 4848 te
3301 4793 3448 4848 crede
3476 4789 3577 4845 tte-

1986 4885 2156 4941 davit.
2187 4886 2278 4941 lsti
2309 4893 2437 4940 sunt
2465 4885 2556 4957 qui
2591 4896 2641 4942 te
2664 4886 2727 4939 ad
2755 4884 2892 4939 hunc
2931 4885 3157 4955 gloriam
3191 4889 3576 4954 provexerunt,

2058 5040 2203 5102 hSit:
2230 5045 2396 5099 nostri
2429 5043 2644 5100 codices
2683 5055 2736 5100 et
2787 5057 2973 5098 omnes
3017 5044 3306 5111 editiones,
3352 5052 3574 5110 excepta

1988 5116 2385 5188 Qui‘sneltiaun,
2417 5120 2466 5168 in
2501 5134 2624 5188 qua,
2655 5118 2800 5170 nullo
2845 5117 3078 5170 indicato
3113 5118 3319 5188 cmlicn,
3354 5123 3575 5168 (ttllttt‘a.

2069 5187 2084 5226 ί
2122 5185 2298 5242 Prima
2345 5185 2551 5252 editio}
2599 5189 2837 5241 mttndat'i
2879 5188 2942 5240 ab
2987 5187 3208 5240 omnium
3257 5201 3581 5255 perraorunt

1989 5262 2144 5331 sorde
2179 5275 2429 5315 curentus.
2470 5261 2548 5326 Qu
2571 5271 2668 5312 .rta
2694 5261 2850 5331 igitur
2875 5272 2921 5312 et
2949 5270 3087 5316 sexta
3111 5259 3260 5331 [el-in,
3291 5271 3395 5331 etc.

2069 5336 2086 5382 1
2134 5330 2503 5386 Lectiunarius
2543 5327 2728 5386 codex"
2769 5331 2967 5386 Veron.
3016 5331 3071 5387 S.
3111 5327 3288 5385 Firmi
3340 5327 3575 5397 Major-is,

1995 5405 2287 5459 rerolimus.

2063 5473 2092 5515 ι
2134 5477 2226 5530 llis
2284 5473 2466 5530 verbis
2518 5473 2838 5542 Quiesnellns
2907 5472 3118 5541 longam
3177 5471 3578 5526 annotatiunem

1991 5548 2239 5620 subjecit.
2285 5565 2439 5616 quam
2492 5565 2596 5600 non
2643 5547 2843 5600 inutili.
2879 5557 2932 5596 ut
2968 5559 3274 5620 speramus,
3329 5544 3579 5614 disquisiu

1987 5615 2140 5675 tione
2173 5622 2495 5673 illus-ratam
2528 5619 2668 5672 inter
2699 5618 3101 5670 observationes
3135 5615 3398 5667 invenies.

2072 5689 2088 5730 ι
2137 5691 2249 5744 Vox
2295 5693 2460 5744 sancti
2507 5690 2686 5745 addita
2721 5703 2782 5744 l-x
2816 5688 3190 5754 illilqlllSs‘llllt)
3237 5686 3356 5741 Vat.
3399 5684 3581 5756 5855,

1995 5779 2058 5821 ex
2087 5764 2306 5821 tiudato
2339 5764 2539 5820 Veron.
2569 5771 2625 5819 et
2659 5776 2725 5817 ex
2755 5757 2954 5818 ﬂomil.
2991 5756 3142 5814 Pauli
3173 5757 3322 5816 Dlac.
