1990 3176
238 187 292 216 αδ

802 182 832 209 s.
852 162 976 207 uacuis
994 176 1098 211 itacui
1119 175 1310 205 SERMONES.

1826 175 1880 205 124

239 246 321 283 322
336 248 365 272 ut
378 251 444 280 geris
459 246 561 275 sancta,
577 239 692 276 populus
704 238 820 271 electus.
835 237 931 265 civitas
943 243 1035 264 sacer-
1050 237 1075 266 Λ
1089 234 1147 262 cius
1172 234 1290 270 illigata,
1321 238 1423 262 tantum
1445 242 1493 270 per
1515 234 1652 263 Christum
1671 239 1714 263 est
1737 235 1888 265 mirabili“;

239 292 340 320 dotalis
352 296 379 319 et
397 290 481 325 regia,
502 296 548 323 per
561 293 665 315 Sacram
681 285 753 313 beati
768 289 781 303 ⁸
793 284 866 312 Petri
884 283 976 311 sedem
992 290 1038 310 ca-

241 343 288 374 put
303 338 376 365 orbis
391 336 498 367 eﬂ‘ecta,
514 334 594 360 latius
609 331 770 367 praesideres
792 330 925 365 religione
946 329 1037 357 divina

239 391 320 418 quam
334 380 518 410 dominatione
532 384 649 406 terrena.
667 377 795 410 Quamvis
806 377 877 404 enim
891 376 984 403 multis
991 383 1039 403 au-

239 435 282 458 cta
299 428 417 456 victoriis
429 427 474 462 jus
486 424 592 460 imperii
607 424 645 451 tui
661 428 731 451 terra
744 423 867 458 marique
881 421 1037 457 protuleris,

241 475 329 502 minus
345 479 433 501 tamen
449 475 492 500 est
512 471 584 506 quod
605 470 653 498 tibi
679 469 794 497 bellicus
819 468 898 496 labor
921 467 1041 496 subdidit

240 527 319 555 quam
335 519 406 554 quod
426 526 475 553 pax
489 517 645 545 Chrisuaiia
662 516 787 551 subjecit.

275 565 341 593 Cn.
357 565 390 593 ll.
401 579 438 585 —
449 565 520 592 Deus
536 570 653 598 namque
668 563 766 595 bonus,
783 566 808 590 et
822 561 922 596 justus,
938 565 966 588 et
982 567 1039 588 om-

242 612 382 647 nipotens,
404 611 450 646 qui
473 609 685 638 misericordiam
710 615 785 635 suam
807 607 925 635 humano
947 607 1039 642 generi

242 666 387 693 numquam
402 658 522 693 negavit,
531 659 545 676 ι
557 663 707 690 omnesque
719 656 746 682 in
758 661 902 682 commune
913 653 1041 681 mortales

244 706 278 734 ad
294 706 474 738 cognitionem
484 704 525 732 sui
535 702 776 731 abiindantissimis
786 708 893 735 semper
904 700 1042 728 beneﬁciis

241 753 374 786 erudivit,
391 751 570 779 voluntariam
591 749 741 776 errantium
762 748 911 775 ctecitatem
931 753 958 774 et
980 753 1043 782 pro-

242 800 339 828 clivem
358 800 385 827 in
403 798 537 826 deteriora
561 796 706 829 nequitiam
727 794 866 822 secretiori
887 794 1001 821 consilio
1016 798 1044 821 et

200 847 204 851 ”
244 847 333 875 altinri
350 847 451 881 pietate
464 845 610 872 miseratus
620 847 673 873 est.
686 841 818 870 mittendo
833 841 953 869 Verbum
965 849 1042 868 suum

242 892 346 928 aquale
367 892 418 919 sibi
440 895 520 926 atque
540 894 715 917 coaeternum.
731 893 742 908 ε
757 888 835 922 Quod
855 895 920 915 caro
941 887 1042 915 factum

244 940 280 967 ita
295 939 412 966 divinam
429 942 552 966 naturam
569 941 672 963 natura!
695 935 780 962 univit
801 934 937 967 bumante,
960 938 989 961 ut
1007 932 1041 960 il-
1057 929 1081 960 Β

244 985 297 1013 lius
318 984 351 1012 ad
374 984 464 1011 infima
485 981 640 1015 inclinatio,
666 987 757 1008 nostra
783 980 862 1008 ﬂeret
882 980 915 1007 ad
938 987 1043 1007 summa

245 1031 391 1066 provectio.
410 1029 444 1057 Ut
459 1034 549 1056 autem
565 1028 646 1062 hujus
669 1027 861 1054 inenarrabilis
886 1026 980 1060 gratiae
997 1033 1045 1060 per

245 1082 331 1105 totum
352 1075 481 1103 mundum
508 1073 705 1101 diffunderetur
730 1072 860 1106 eﬂ‘ectus,
888 1072 1042 1099 Romanum

245 1130 358 1158 regnum
374 1121 463 1149 divina
477 1119 649 1155 providentia
665 1119 845 1154 praeparavit;
860 1117 937 1152 cujus
951 1118 984 1144 ad
997 1125 1044 1144 eos

246 1169 348 1197 limites
358 1169 526 1196 incrementa
538 1166 669 1201 perducta
682 1171 757 1198 sunt,
772 1165 870 1199 quibus
884 1169 1044 1192 cunctarum

247 1216 366 1250 undique
379 1215 498 1250 gentium
521 1212 610 1240 vicina
622 1216 649 1239 et
659 1209 673 1230 τι
684 1211 812 1246 contigua
826 1215 899 1237 esset
914 1209 1046 1237 universi-

247 1266 299 1289 tas.
315 1261 452 1296 Disposito
476 1265 592 1293 namque
609 1257 739 1285 divinitus
755 1257 831 1291 operi
847 1256 963 1284 maxime
979 1263 1046 1283 con-

248 1307 372 1344 gruebat,
389 1312 417 1334 ut
432 1306 515 1334 multa
530 1313 612 1341 regna
625 1312 679 1332 uno
693 1304 949 1333 confmderareniur
962 1304 1046 1337 impe-

248 1355 299 1384 rio.
322 1358 350 1381 et
368 1353 422 1381 cito
443 1353 552 1387 pervios
577 1352 691 1379 haberet
715 1351 829 1386 populos
853 1355 865 1369 ο
888 1349 1047 1385 praedicatio

248 1399 394 1435 generalis,
408 1406 477 1434 quos
491 1398 571 1426 unius
586 1401 693 1426 teneret
705 1398 827 1432 regimen
842 1395 968 1423 civitatis.
984 1395 1047 1423 Haec

249 1451 340 1474 autent
352 1445 448 1473 civitas
464 1445 590 1479 ignorans
610 1451 667 1471 suae
684 1443 867 1477 pr0vectionis
889 1446 1045 1474 auctorem,

250 1499 311 1520 cum
333 1498 400 1526 pene
414 1490 542 1517 omnibus
565 1489 750 1517 dominaretur
772 1488 908 1523 gentibus,
925 1488 1047 1515 omnium

251 1537 371 1574 gentium
393 1535 528 1564 serviebat
544 1536 693 1570 erroribus,
715 1540 742 1563 et
758 1542 880 1569 magnam
903 1534 953 1562 sibi
973 1534 1048 1561 vide-

253 1585 332 1612 batur
345 1582 355 1603 ί
369 1584 521 1617 suscepisse
534 1581 705 1617 religionem.
718 1581 779 1616 quia
793 1581 891 1608 nullam
908 1585 1049 1615 respiierat

255 1631 414 1659 falsitatem.
431 1629 511 1657 Unde
523 1633 536 1653 ε
547 1633 677 1664 quantum
691 1632 750 1655 erat
764 1635 811 1662 per
824 1628 960 1655 diabolum
977 1632 1053 1655 tena-
1066 1624 1090 1655 C

289 1704 302 1718 ι
322 1698 372 1726 Hic
386 1695 584 1724 observandum
599 1699 640 1721 est
655 1694 727 1729 quod
744 1693 806 1721 licet
820 1698 928 1721 sanctos
940 1694 1050 1721 Petrum

253 1740 282 1764 et
295 1734 405 1762 Paulum
421 1737 507 1766 patres
521 1736 544 1757 et
559 1738 630 1757 veros
642 1736 757 1764 pastores
769 1729 896 1756 Romanae
909 1730 982 1756 urbis
994 1729 1052 1766 Leo

254 1770 353 1798 dixerit
376 1765 456 1803 paqu
480 1772 554 1800 ante,
576 1765 662 1793 sedem
688 1772 779 1803 tamen
800 1767 981 1803 episcopalem
1006 1765 1052 1792 nni

256 1807 336 1834 Petro
348 1800 451 1837 tribuit,
465 1810 496 1829 ac
507 1810 554 1837 per
567 1810 626 1829 eam
638 1806 715 1836 caput
725 1802 793 1828 orbis
809 1802 920 1837 Romam
933 1800 1052 1837 e/fectam

257 1842 348 1873 tradit.
365 1840 443 1873 cuius
456 1836 621 1877 sediscausa
638 1837 694 1877 toti
702 1837 760 1863 orbi
772 1836 918 1877 fumida.
941 1836 1009 1877 adeo
1025 1839 1055 1877 ut

258 1871 356 1905 exinde
369 1871 446 1903 latius
462 1874 599 1909 prwsideat
620 1873 744 1907 religione
760 1871 857 1909 divina,
874 1879 951 1909 quam
967 1871 1053 1909 donti-

257 1913 361 1939 natione
385 1907 496 1938 terrena.
522 1909 624 1942 Quibus
640 1911 786 1936 conciuunt
808 1907 852 1935 illa
875 1907 1004 1942 Prosperi
1028 1909 1054 1934 in

259 1948 381 1976 carmine
394 1947 428 1974 de
443 1946 556 1981 Ingratis
569 1953 575 1970 :

321 2003 401 2028 Sedes
413 2001 488 2026 Roma
498 2001 584 2031 Petri,
598 2006 652 2031 qute
666 1998 793 2031 pastoralis
805 2000 897 2024 honore

322 2034 393 2059 Facta
406 2035 479 2064 caput
490 2033 590 2063 mundo,
602 2031 720 2062 quidquid
730 2037 778 2055 non
790 2031 899 2062 possidet
909 2031 985 2056 armis

322 2065 461 2096 Relliglone
470 2066 548 2088 tenet.

261 2119 366 2148 Similia
382 2118 507 2152 leguntur
527 2115 597 2150 apud
618 2120 757 2152 auctorem
777 2115 812 2143 de
826 2115 921 2143 Vocat.
936 2115 1054 2143 omnium

261 2155 398 2190 gentium,
416 2153 462 2180 lib.
478 2160 514 2185 ii,
530 2159 591 2186 cap.
610 2152 654 2179 16.
672 2151 739 2190 Hinc
758 2156 847 2179 autem
863 2151 1056 2190 primatusdi-

263 2187 350 2226 gnitas
363 2193 444 2224 atque
458 2189 616 2226 auctoritas,
629 2194 691 2221 qua:
711 2188 737 2214 in
751 2191 836 2226 totum
852 2187 958 2226 orbem,
974 2188 1055 2226 etiam

263 2223 340 2253 eitia
354 2223 467 2252 Romani
483 2224 589 2258 imperii
603 2224 671 2249 lines
683 2224 862 2255 protenditur,
878 2223 912 2249 ab
926 2223 1058 2257 imperiali

264 2262 342 2294 urbe,
356 2261 399 2287 cui
413 2257 585 2294 episcopatus
598 2258 672 2286 Petri
686 2257 735 2294 fuit
744 2259 851 2290 affixus,
865 2260 995 2292 originem
1009 2258 1056 2294 lia-

266 2297 329 2324 bere
344 2304 396 2323 non
413 2293 510 2330 potuit,
529 2298 559 2322 ut
572 2295 681 2329 quidam
695 2293 926 2320 heterodoxorum
940 2293 1059 2321 somnia-

262 2337 335 2359 runt.

300 2366 314 2386 δ
332 2366 543 2401 Antiquissimus
561 2364 707 2401 Vaticanus
718 2364 811 2401 codex_
820 2363 946 2401 idemque
958 2363 1058 2401 Roma-

265 2409 315 2430 nus
340 2399 412 2436 post'
425 2402 549 2434 verbum,
569 2401 681 2436 negauit,
703 2400 760 2436 haec
779 2399 872 2436 addit:
886 2399 957 2425 nobis
978 2400 1058 2426 etiam

265 2434 351 2465 beatos
361 2438 534 2472 apostolosret
553 2434 677 2470 martyres
697 2436 728 2472 in
739 2435 788 2461 hac
803 2434 864 2461 urbe
880 2442 926 2472 pro
942 2436 1058 2461 custodia

262 2469 412 2505 collocavit;
424 2481 488 2508 quae
494 2471 563 2499 forte
573 2469 655 2508 verba
666 2470 841 2508 uti_Bo_man:e
852 2469 1057 2508 uilbisrpropria,

263 2511 291 2536 in
310 2509 370 2536 aliis
392 2506 458 2535 insit.
481 2506 662 2535 Lectionariis
681 2506 715 2533 ad
734 2506 849 2533 aliarum
875 2506 1057 2533 Ecclesiarum

264 2551 342 2608 Eleum
356 2543 552 2607 pertinentibus
558 2542 688 2570 etexinde
698 2542 725 2569 in
737 2541 945 2570 collectionibus
957 2543 1058 2569 omissa

276 2588 361 2608 uernu
375 2599 385 2608 .

276 2583 385 2609 uerunt.

303 2621 316 2636 ο
339 2615 410 2643 Edit.
422 2619 485 2643 ante
498 2614 600 2648 Quesn.
611 2621 672 2641 cum
686 2621 750 2640 mss.
762 2613 871 2641 collect.
885 2614 901 2641 5
912 2619 938 2641 et
951 2613 978 2645 5,
994 2613 1059 2640 Ver-

267 2651 327 2679 bum
338 2651 419 2687 igitur
429 2659 489 2678 caro
503 2650 609 2687 factum.
625 2649 845 2687 Emendationeni
861 2649 998 2687 Qtiesnelli
1012 2657 1060 2684 ap-

268 2684 380 2723 probaiii
397 2690 488 2714 nostra
502 2684 668 2713 Lectionaria
681 2684 781 2720 aliique
794 2685 906 2712 aliaruin
920 2686 1058 2713 collectio-

267 2722 331 2750 nuin
345 2722 463 2750 codices.

304 2756 319 2777 ἀ
339 2758 407 2784 (2nd.
426 2757 494 2784 Bon.
509 2760 536 2783 et
551 2755 635 2790 prima
649 2755 742 2788 editio,
767 2756 900 2783 continua.

305 2799 316 2812 ⁶
341 2794 480 2820 Vetustiss.
498 2792 570 2821 νει..
587 2792 736 2825 prtea’icali'o
754 2792 971 2826 regenerationis,
985 2801 1058 2826 quos.

310 2828 319 2847 ί
341 2829 385 2855 Sic
395 2836 426 2856 ex
441 2828 628 2860 allliqulSSImO
641 2826 698 2852 Vat.
712 2834 743 2853 ex
755 2827 816 2853 cod.
829 2827 929 2854 Veron.
940 2832 968 2854 et
977 2826 1062 2856 Paulo

272 2865 348 2892 Diac.
362 2864 417 2896 AL,
431 2863 607 2898 assumpsisse.
625 2862 683 2889 Mox
700 2870 732 2889 ex
746 2863 842 2889 iisdem
858 2870 923 2890 mss.
942 2871 993 2891 nec
1008 2872 1062 2891 non

272 2908 306 2927 ex
317 2899 377 2926 aliis
388 2899 493 2927 duobus
512 2898 620 2926 collect.
637 2899 653 2924 4
668 2903 696 2925 et
713 2898 738 2929 5,
756 2904 898 2932 rapuerat,
915 2899 960 2925 ubi
976 2899 1062 2933 prima

272 2934 356 2964 editio
372 2934 463 2967 habet,
481 2938 618 2969 respueret,
634 2939 740 2961 materie
753 2933 829 2967 edit.,
845 2935 987 2968 respuebat.

1070 2346 1097 2376 D

1090 281 1223 308 absoluta.

1123 329 1188 357 Cn.
1205 328 1249 357 ill.
1261 329 1373 356 ——Nain
1395 336 1456 357 cum
1475 329 1619 357 duodecim
1632 328 1760 363 apostoli,
1776 333 1889 365 accepta

1088 384 1138 411 per
1154 376 1284 410 Spiritum
1297 380 1419 403 sanctum
1434 376 1555 403 omnium
1569 375 1705 407 locutione
1718 375 1884 409 linguarum,

1089 425 1264 452 imbuendum
1280 423 1425 458 Evangelio
1438 423 1580 455 mundum,
1596 422 1748 450 distributis
1762 422 1814 449 sibi
1831 427 1889 450 ter—

1089 479 1179 498 rarum
1205 471 1342 505 partibus,
1368 470 1564 502 suscepissmt,
1590 468 1763 496 beatissimus
1793 468 1891 495 Petrus

1090 519 1218 554 princeps
1237 517 1377 552 apostolici
1400 517 1481 553 323
1502 516 1618 550 ordinis,
1638 514 1652 534 ιι
1665 515 1701 543 ad
1719 523 1810 543 arcem
1832 515 1889 543 Ro-

1091 565 1162 592 mani
1177 564 1330 591 destinatur
1346 563 1450 597 imperii
1465 571 1471 589 :
1484 567 1514 590 ut
1530 562 1575 589 lux
1590 561 1711 590 veritatis
1724 568 1785 596 qum
1796 561 1821 588 in
1832 569 1892 589 om-

1092 613 1165 640 nium
1181 613 1302 648 gentium
1319 612 1489 640 revelabatur
1508 611 1634 644 salutem,
1651 610 1790 638 efficacius
1807 617 1838 636 se
1857 608 1893 636 ab

1091 658 1152 694 ipso
1169 659 1257 693 capite
1271 667 1319 694 per
1335 663 1420 686 totum
1435 658 1525 688 mundi
1548 665 1648 691 corpus
1666 656 1825 684 effunderet.
1839 654 1893 682 Cu-

1089 707 1135 741 jus
1155 710 1243 733 autem
1260 706 1377 733 nationis
1396 704 1521 732 homines
1543 704 1570 731 in
1594 703 1644 731 hac
1669 708 1733 730 tunc
1756 702 1822 729 urbe
1838 709 1894 728 non

1094 753 1201 780 essent?
1214 757 1260 779 aut
1274 759 1334 786 quae
1347 758 1460 786 usquam
1474 755 1570 786 gentes
1583 749 1740 784 ignorarent
1752 747 1822 782 quod
1835 746 1891 774 Ro-

1093 807 1136 827 ma
1148 798 1305 826 didicisset?
1319 798 1369 825 Hic
1386 797 1394 816 ί
1412 796 1604 825 conculcandae
1627 795 1806 831 philosophiae
1829 795 1891 828 Opi-

1095 846 1200 875 niones.
1226 845 1269 872 hic
1294 844 1477 871 dissolvendae
1501 847 1578 870 erant
1607 847 1721 870 terrente
1750 840 1895 875 sapientiae

1094 891 1246 923 vanitates,
1277 890 1321 918 hic
1342 889 1521 918 confutandus
1542 888 1695 915 daemonum
1720 889 1818 918 cultus,
1847 885 1895 913 hic

1094 938 1213 965 omnium
1231 937 1238 962 l
1257 936 1453 963 sacriﬁciorum
1469 936 1592 969 impietas
1605 934 1779 964 destruenda.
1794 932 1838 960 ubi
1852 932 1898 960 di-

1096 983 1272 1018 ligentissima
1289 981 1479 1017 superstitione
1495 981 1645 1008 habebatur
1659 981 1803 1008 collectum
1816 977 1899 1014 quid-

1094 1030 1158 1066 quid
1170 1037 1283 1062 usquam
1298 1030 1385 1056 fuerat
1396 1028 1479 1055 variis
1490 1027 1629 1055 erroribus
1645 1027 1809 1054 institutum.

1130 1075 1194 1109 Car.
1220 1075 1360 1103 lV.—Ad
1385 1076 1454 1101 hanc
1476 1081 1541 1109 ergo
1557 1074 1650 1101 urbem
1674 1078 1713 1105 tu,
1738 1071 1901 1100 beatissime

1096 1121 1176 1149 Petre
1201 1122 1334 1155 apostole,
1360 1121 1454 1147 venire
1476 1128 1529 1147 non
1555 1120 1662 1151 mctuis,
1687 1124 1714 1146 et
1736 1117 1750 1137 κ
1768 1121 1901 1146 c0nsorte

1096 1167 1190 1202 gloriae
1206 1172 1257 1193 tua:
1281 1166 1366 1194 Paulo
1387 1166 1511 1201 apostolo
1524 1166 1634 1193 aliarum
1649 1165 1737 1193 adhuc
1752 1165 1898 1192 Ecclesia-

1096 1221 1155 1240 rum
1170 1213 1387 1240 ordinationibus
1399 1217 1543 1247 occupato,
1560 1212 1654 1238 silvam
1676 1212 1754 1238 istam
1770 1211 1897 1238 fremen-

1098 1259 1166 1287 tium
1195 1258 1341 1286 bestiarum
1377 1263 1405 1285 et
1431 1257 1673 1286 turbulentissime:
1706 1255 1903 1290 profunditatis

1097 1312 1240 1336 oceanum.
1257 1304 1423 1332 constantior
1440 1311 1520 1339 quam
1542 1310 1602 1330 cum
1617 1309 1698 1337 supra
1711 1309 1785 1329 mare
1800 1300 1904 1337 grade-

1099 1351 1177 1384 reris,
1194 1349 1344 1386 ingrederis
1359 1348 1473 1385 (Matth.
1487 1356 1543 1380 xtv,
1555 1348 1618 1383 50).
1634 1349 1688 1375 Nec
1703 1348 1795 1375 mundi
1808 1347 1904 1375 domi-

1099 1406 1160 1426 nam
1176 1397 1258 1434 324
1280 1397 1359 1424 times
1374 1397 1500 1428 Romam,
1517 1396 1560 1429 qui
1578 1395 1604 1422 in
1618 1394 1729 1428 Caiphae
1752 1394 1834 1421 domo
1849 1401 1903 1420 ex-

1100 1452 1212 1479 paveras
1245 1443 1396 1471 sacerdotis
1423 1441 1550 1469 ancillam
1575 1440 1692 1476 (Matth.
1720 1448 1804 1472 XXVI,
1836 1439 1905 1475 70).

1099 1490 1235 1525 Numquid
1251 1495 1297 1517 aut
1313 1489 1416 1524 judicio
1441 1488 1528 1521 Pilati,
1550 1494 1596 1515 aut
1615 1487 1719 1515 saevitia
1741 1488 1906 1516 Judaaorutn

1101 1537 1189 1564 minor
1204 1541 1262 1564 erat
1285 1536 1327 1564 vel
1352 1535 1379 1563 in
1399 1535 1511 1562 Claudio
1531 1539 1662 1569 potestas,
1680 1534 1722 1562 vel
1743 1535 1769 1561 in
1791 1533 1908 1562 Nerone

1100 1582 1268 1610 crudelitas?
1292 1581 1420 1609 Vincebat
1444 1588 1509 1616 ergo
1532 1581 1671 1607 materiam
1687 1579 1839 1608 formidinis
1858 1579 1907 1607 vis

1105 1628 1221 1661 amoris;
1238 1627 1248 1647 ι
1266 1634 1315 1655 nec
1333 1627 1485 1655 testiinabas
1501 1626 1637 1661 pavcndos
1658 1634 1726 1661 quos
1741 1633 1908 1661 susceperas

1139 1699 1152 1718 ιι
1173 1693 1232 1721 Duo
1247 1701 1314 1721 mss.
1333 1694 1392 1720 Vat.
1409 1698 1437 1720 et
1451 1694 1535 1727 prima
1550 1693 1643 1724 editio.
1662 1697 1769 1728 quanto,
1782 1698 1808 1720 et
1823 1693 1907 1728 dein,

1104 1735 1186 1756 tanto.
1208 1730 1304 1757 Po~tea
1319 1737 1382 1764 pro,
1399 1729 1554 1763 mirabilius,
1574 1730 1600 1755 in
1614 1729 1805 1763 antiquisSImo
1822 1729 1909 1763 Vat.,

1105 1765 1309 1792 misericordius.

1141 1799 1154 1819 δ
1175 1801 1212 1827 Ex
1237 1801 1456 1828 Sat-ramenlario
1479 1800 1602 1827 Romano
1625 1799 1745 1827 omnium
1768 1800 1912 1835 antiquis-

1104 1837 1184 1868 simo,
1198 1837 1268 1870 qnod
1280 1841 1353 1863 toino
1366 1836 1385 1862 ll
1399 1836 1515 1869 dabitur,
1529 1840 1601 1869 patet
1611 1835 1740 1869 quasdam
1753 1835 1833 1869 hujlh
1845 1844 1911 1864 sero

1106 1873 1194 1899 monis
1209 1873 1368 1904 sententias,
1384 1879 1416 1898 ac
1431 1873 1512 1898 etiam
1528 1871 1610 1898 verba
1634 1872 1732 1906 aliquoi
1750 1871 1856 1905 peculii
1867 1872 1909 1899 ria

1105 1907 1187 1934 fuisse
1203 1907 1325 1934 traducta
1341 1908 1366 1933 in
1382 1906 1567 1940 prmfationein
1584 1907 1638 1933 diei
1654 1906 1749 1933 natalis
1763 1907 1813 1934 SS.
1828 1907 1912 1935 Petri

1105 1948 1132 1969 et
1146 1943 1218 1969 Pauli
1235 1950 1307 1969 num.
1326 1943 1367 1974 l0,
1383 1949 1408 1968 ut
1425 1942 1576 1969 cnnl'erenti
1592 1943 1703 1976 patebit.

1146 1978 1152 1996 ί
1176 1978 1211 2004 Ιι.ι
1229 1980 1398 2011 reposuimus
1414 1986 1466 2004 non
1488 1984 1540 2004 tam
1562 1986 1595 2004 ex
1617 1978 1697 2005 editis
1719 1983 1783 2005 ante
1797 1977 1910 2011 Qtiesn.

1106 2021 1186 2048 quam
1198 2021 1229 2041 ex
1245 2022 1291 2041 sex
1307 2013 1406 2040 nostris
1419 2014 1567 2041 codicibus.
1584 2013 1712 2047 Equidem
1728 2014 1910 2047 participium

1106 2049 1287 2076 conculcandw
1301 2050 1408 2081 exigere
1424 2049 1548 2076 videntur
1567 2050 1668 2083 reliqua
1690 2048 1770 2075 simili
1785 2057 1818 2083 pa
1826 2049 1908 2076 rtici-

1108 2085 1151 2119 pio
1180 2086 1268 2117 elata,
1295 2084 1481 2117 dissoluenda,
1509 2084 1702 2118 confutandus,
1730 2084 1906 2112 destruenda.

1107 2120 1269 2153 Quesncllus
1283 2127 1315 2148 ex
1331 2120 1415 2146 tribus
1428 2121 1483 2146 suis
1493 2120 1572 2147 codd.
1586 2119 1739 2154 supposuit,
1759 2119 1914 2147 colluctan-

1107 2161 1154 2188 tes,
1171 2163 1218 2190 pro
1239 2163 1290 2187 uno
1314 2156 1410 2182 melius
1425 2159 1452 2182 et
1465 2155 1643 2183 cohaerentius
1660 2156 1686 2182 iii
1709 2154 1912 2190 antiquissimo

1110 2192 1181 2223 Vah,
1198 2190 1378 2218 colluctandtz.

1146 2225 1154 2251 i
1177 2227 1280 2261 Vulgati
1292 2235 1355 2254 ante
1365 2226 1479 2259 Quean
1487 2226 1679 2261 sacrilegiorunt
1687 2233 1748 2254 cum
1757 2227 1914 2262 antiquiss.

1111 2262 1170 2288 Vat.
1192 2267 1219 2288 et
1239 2270 1304 2289 iuss.
1326 2262 1433 2289 collect.
1453 2262 1508 2289 Fiet
1527 2262 1554 2289 4.
1571 2262 1605 2288 At
1617 2262 1643 2289 in
1659 2263 1780 2296 margine
1795 2269 1913 2297 notant,

1109 2298 1304 2331 sacriﬁciorum.
1330 2297 1404 2324 Hanc
1427 2304 1520 2324 vocem
1544 2298 1705 2330 Quesnellus
1728 2305 1761 2325 ex
1784 2304 1916 2333 quatuor

1110 2335 1166 2360 suis
1175 2333 1253 2360 codd.
1268 2333 1350 2360 textui
1365 2333 1491 2364 inseruit;
1508 2340 1558 2360 nec
1568 2333 1758 2366 exiiunximus,
1771 2336 1834 2367 quia
1847 2343 1918 2362 eam

1111 2369 1259 2395 invenimus
1276 2369 1301 2395 in
1318 2368 1437 2395 Lection.
1453 2368 1565 2400 Veron.,
1582 2369 1608 2394 in
1622 2368 1702 2395 codd.
1719 2369 1829 2396 collect.
1850 2371 1870 2397 5
1883 2375 1916 2398 et

1111 2404 1136 2431 in
1152 2403 1299 2437 exemplari
1315 2403 1389 2430 Pauli
1405 2403 1478 2430 Diac.
1493 2403 1575 2430 Paulo
1587 2408 1657 2437 post,
1668 2405 1746 2431 variis
1760 2405 1918 2438 erroribus,

1111 2447 1159 2476 pro
1173 2439 1403 2476 contueri-oribus,
1421 2439 1505 2474 magis
1520 2440 1618 2474 placuit
1630 2447 1664 2467 ex
1682 2440 1769 2467 tribus
1792 2441 1919 2476 optimis

1109 2474 1294 2502 Lecti0nariis.

1146 2509 1160 2528 ¹ι
1181 2510 1208 2546 l_n
1225 2510 1321 2546 Hontil.
1347 2510 1421 2537 Pauli
1445 2510 1532 2540 Diac.,
1555 2515 1582 2536 ut
1597 2518 1655 2537 cum
1676 2516 1793 2538 consorte
1815 2511 1923 2546 glori}:

1110 2551 1160 2572 tua:
1175 2544 1275 2582 Paulo.
1285 2565 1292 2572 .
1341 2546 1497 2572 constantior
1507 2553 1587 2582 quam,
1595 2554 1673 2582 supra
1685 2554 1757 2573 mare
1771 2544 1922 2582 gradiens,

1111 2580 1290 2617 ingredereris.
1308 2580 1333 2606 ΙιΙ
1350 2586 1438 2617 tamen
1463 2581 1542 2607 nullis
1565 2581 1624 2608 aliis
1641 2589 1706 2608 mss.
1732 2580 1858 2616 fulcitur,
1889 2580 1926 2611 ac

1113 2622 1241 2651 praeterea
1260 2617 1404 2652 opponitur
1428 2616 1526 2644 Leonis
1549 2617 1700 2650 sententia,
1721 2618 1766 2652 qui
1789 2618 1924 2646 Paulum

1114 2652 1221 2679 aliarum
1236 2652 1320 2679 adhuc
1337 2651 1508 2678 Ecclesiarum
1529 2651 1737 2679 ordinationibus,
1753 2660 1928 2686 occupatum

1115 2688 1234 2720 tradens,
1250 2687 1356 2714 Petrum
1367 2695 1427 2715 cum
1439 2695 1470 2714 eo
1481 2686 1594 2714 Romam
1606 2687 1755 2722 ingressum
1769 2689 1929 2717 altlrmare

1116 2731 1169 2750 non
1193 2723 1290 2758 potuit.
1306 2723 1382 2750 Adde
1404 2722 1475 2756 quod
1497 2723 1549 2749 hoc
1574 2723 1663 2756 capite
1683 2724 1781 2750 indicat
1796 2723 1929 2753 Petrum

1116 2758 1209 2786 Romte
1224 2758 1306 2786 fuisse
1319 2760 1369 2786 sub
1383 2758 1506 2791 Claudio,
1524 2763 1551 2784 et
1565 2765 1624 2791 cap.
1639 2758 1656 2785 6
1671 2759 1758 2786 cidem
1774 2761 1931 2787 consocia-

1114 2799 1169 2821 tum
1180 2795 1262 2821 tradit
1276 2796 1386 2821 Paulum
1400 2794 1446 2831 αφ
1462 2793 1706 2831 Neronisimperio.
1724 2795 1933 2831 Hrec‘qunque

1114 2835 1219 2865 sumpta
1233 2830 1356 2857 videntur
1370 2837 1402 2856 ex
1417 2828 1552 2857 Chronico
1567 2829 1703 2863 Prosperi,
1719 2838 1772 2864 quo
1785 2828 1934 2860 Leo-nem

1114 2873 1193 2894 usum
1209 2865 1381 2893 ostendemus
1397 2866 1422 2892 in
1436 2865 1575 2892 observat.
1590 2865 1623 2892 ad
1637 2872 1719 2892 serui.
1733 2866 1775 2892 77.

1154 2900 1163 2920 ι
1185 2902 1289 2936 Vulgati
1305 2909 1365 2928 cum
1382 2901 1550 2937 Lectionario
1567 2900 1663 2927 Veron.
1680 2905 1708 2928 et
1722 2908 1787 2928 mss.
1815 2898 1936 2937 pdste-

1116 2938 1216 2965 riornm
1233 2937 1423 2966 collectioniim
1435 2944 1442 2963 :
1456 2936 1512 2963 Nec
1533 2936 1677 2963 estimabit;
1702 2937 1934 3133 terrori/aha.

1751 3150 1766 3165 α
