3980 6352
251 286 321 353 iis
1458 251 1465 259 ‘
1524 267 1750 327 SERMO
1792 264 2053 324 Lxxxn.
3331 268 3437 331 ηδ

251 383 488 473 diligentias.
509 387 661 448 llt‘tnc
683 395 862 446 autem
885 386 1167 457 intrepidae
1194 387 1471 446 charitalis
1491 390 1740 445 allectum
1771 393 1819 451 Α
1848 398 2110 459 tempore,
2144 400 2249 456 quo
2275 384 2385 457 jam
2416 386 2593 444 omnis
2636 386 2977 458 innocentia,
3022 389 3201 448 omnis
3235 393 3434 464 pudor,

252 506 326 573 jam
361 504 460 548 tunc
504 483 741 554 profecto
768 496 1097 552 conceperas
1125 483 1340 551 quando
1370 484 1638 553 professio
1670 486 1747 540 tui
1852 483 2139 551 omnisque
2189 481 2412 537 libertas
2453 482 2556 537 sub
2593 481 2820 538 Neronis
2865 482 3147 539 laborabat
3178 484 3433 553 imperio.

248 583 451 650 amorisin
470 576 749 635 Dominum
779 577 931 631 trinae
962 576 1398 648 interrogationis
1419 578 1749 635 estsolidata
1853 573 2023 645 Cujus
2051 574 2201 629 furor
2226 588 2323 643 per
2349 574 2592 631 omnium
2622 575 2875 631 vitiorum
2906 575 3272 633 inﬂammatus
3301 588 3441 635 sex-

249 677 437 755 mysterio
462 671 647 743 (Joan.
676 684 792 731 xxt,
822 668 1039 737 15-17).
1071 666 1181 724 Nec
1207 668 1350 725 aliud
1381 670 1447 723 ab
1474 668 1575 725 hac
1602 686 1751 726 men-
1849 681 2090 735 cessum,
2118 668 2171 721 in
2206 668 2350 724 hunc
2375 685 2497 724 eum
2547 685 2717 741 usque
2758 678 3052 725 torrentem
3100 686 3213 727 suae
3252 674 3443 741 praeci-

248 776 294 830 tis
312 783 387 824 tuae
412 760 694 819 intentione
720 760 1003 830 quaesitum
1032 769 1135 821 est,
1168 775 1328 829 quam
1369 767 1429 815 ut
1468 762 1752 831 pascendis
1852 761 2044 829 pilavit
2072 760 2317 827 insaniae,
2346 771 2404 817 ut
2435 762 2638 831 primus
2661 763 2861 818 nomini
2890 761 3201 820 Christiano
3238 766 3444 822 atroci-

246 867 524 935 ejus-quem
556 852 837 921 diligeres,
867 850 1088 918 ovibus,
1120 850 1325 919 cibum,
1353 866 1459 922 quo
1495 851 1611 923 ipse
1630 867 1753 909 eras
1854 858 2020 906 tatem
2058 852 2335 922 generalis
2385 856 2780 922 persecutionis
2836 854 3096 925 inferret,
3138 857 3293 927 quasi
3344 872 3443 926 per

247 958 466 1028 opinatus,
495 945 860 1014 impenderes.
1442 960 1451 967 '
1852 954 2161 1002 sanctorum
2185 961 2347 1002 neces
2372 948 2542 1017 gratia
2574 948 2671 1003 Dei
2702 959 2884 1018 posset
2906 951 3179 1020 exstingui
3204 967 3220 1006 :
3266 949 3296 988 ιι
3322 950 3445 1022 1ιυὶ-

289 1048 384 1102 ω,
422 1038 870 1107 V.—Augebant
916 1051 1133 1107 quoque
1178 1036 1427 1093 fiduciam
1477 1046 1623 1094 tuam
1672 1047 1756 1095 tot
1855 1039 1957 1094 bus
1984 1039 2089 1094 hoc
2118 1040 2291 1109 ipsum
2313 1050 2431 1095 erat
2469 1041 2763 1095 maximum
2801 1044 3043 1109 lucrum,
3083 1053 3145 1099 ut
3189 1054 3441 1100 contem-

246 1144 347 1211 signa
368 1131 753 1196 miraculorum,
784 1141 863 1184 tot
891 1128 1029 1184 dona
1058 1129 1461 1196 charismatum,
1493 1128 1520 1169 δ
1554 1140 1633 1186 tot
1663 1148 1755 1187 ex-
1857 1142 1979 1202 plus
2000 1132 2124 1187 vitae
2160 1132 2321 1202 hujus
2346 1133 2619 1199 occiduae,
2664 1136 2941 1204 perceptio
2971 1137 3127 1191 lieret
3167 1136 3445 1194 felicitatis
3493 1132 3497 1147 “

242 1234 466 1305 perimenta
494 1228 776 1279 virtutum.
803 1222 922 1279 Jam
961 1223 1213 1291 pupulos,
1244 1222 1331 1293 qui
1359 1238 1425 1278 ex
1470 1224 1756 1281 circumci-
1856 1238 2095 1285 aeternae.
2164 1228 2401 1283 Pretiosa
2448 1228 2467 1267 ί
2520 1239 2601 1283 est
2649 1244 2777 1298 ergo
2825 1230 2881 1284 in
2928 1242 3199 1303 conspectu
3235 1231 3450 1287 Domini

242 1328 349 1387 sione
378 1318 725 1382 crediderant,
756 1315 1069 1381 erudieras;
1092 1316 1201 1385 jam
1229 1315 1622 1371 Antiochenam
1655 1318 1755 1373 Ec-
1857 1340 1996 1378 mors
2022 1330 2316 1377 sanctorum
2341 1328 2456 1394 ejus
2481 1321 2606 1389 (Ps.
2636 1337 2762 1389 cxv,
2794 1322 2933 1393 15);
2980 1339 3081 1379 nec
3107 1323 3216 1378 ullo
3249 1325 3449 1380 crude-

238 1421 420 1479 clesiam,
448 1411 533 1468 ubi
572 1413 800 1482 primum
831 1408 1119 1465 Christiani
1153 1409 1388 1463 nominis
1413 1410 1648 1479 dignitas
1674 1419 1759 1466 est
1861 1413 2025 1469 litatis
2054 1429 2249 1483 genere
2280 1414 2486 1470 destrui
2512 1422 2692 1483 potest
2718 1425 3058 1471 sacramento
3086 1417 3261 1471 crucis
3291 1416 3457 1472 Chri-

241 1511 463 1586 orta(Act.
498 1522 575 1572 ιι,
615 1503 743 1577 26),
777 1503 1128 1568 fundaveras;
1161 1503 1270 1572 jam
1312 1502 1563 1570 Pontum,
1598 1502 1760 1559 Gala-
1859 1509 1928 1563 sti
1977 1510 2193 1563 fundata
2241 1507 2451 1578 religio.
2524 1506 2639 1563 Non
2682 1491 2943 1563 minuitur
2988 1509 3453 1575 persecutionibus

238 1608 350 1673 tiam,
387 1598 795 1669 Cappadociam,
830 1608 852 1636 ο
887 1598 1070 1653 Asiam
1118 1609 1280 1667 atque
1329 1597 1632 1668 Bithyniam
1676 1597 1757 1651 le-
1863 1600 2128 1665 Ecclesia,
2183 1601 2277 1656 sed
2311 1608 2579 1671 augetur;
2636 1609 2691 1654 et
2738 1614 2955 1669 semper
2982 1601 3288 1656 Dominicns
3322 1616 3455 1671 ager

238 1700 349 1771 gibus
379 1693 521 1766 325
559 1690 886 1761 evangelica.
935 1689 1338 1760 praedicationis
1381 1687 1411 1726 ἀ
1451 1690 1755 1756 imbueras;
1862 1698 2045 1761 segete
2075 1692 2258 1746 ditiori
2282 1693 2531 1756 vestitur,
2563 1692 2728 1763 326
2753 1690 2877 1746 dum
2901 1707 3221 1764 grana,quae
3243 1693 3456 1763 singula

236 1807 306 1847 nec
338 1799 415 1843 aut
437 1786 631 1840 dubius
664 1795 688 1823 ο
716 1786 784 1841 de
816 1794 1078 1854 proventu
1109 1785 1312 1854 operis,
1360 1795 1452 1838 aut
1480 1784 1548 1839 de
1579 1784 1756 1855 spatio
1785 1791 1832 1853 B
1859 1786 2080 1849 cadunt,
2113 1786 2466 1856 multiplicata
2501 1794 2815 1843 nascuntur.
2877 1784 3028 1841 Unde
3049 1786 3157 1841 duo
3186 1788 3287 1841 ista
3318 1803 3455 1856 prae-

237 1885 513 1954 tuzeignarus
538 1882 738 1947 aetatis,
771 1888 1033 1951 tr0paeum
1067 1879 1244 1935 erucis
1272 1879 1468 1934 Christi
1501 1879 1759 1934 Romanis
1862 1881 2005 1936 clara
2050 1879 2217 1935 divini
2254 1878 2477 1935 seminis
2520 1878 2762 1949 germina
2810 1878 2864 1933 in
2918 1886 3173 1948 quantum
3210 1881 3456 1937 sobolem

234 1982 392 2038 arcibus
417 1978 705 2043 inferebas,
740 1993 845 2049 quo
890 1986 942 2033 te
971 1976 1167 2032 divinis
1207 1973 1757 2046 prmordinationibus
1863 1974 1879 2025 1
1909 1974 2255 2043 pullularint,
2288 1973 2571 2028 beatorum
2608 1972 2775 2026 millia
2817 1980 3112 2041 martyrum
3148 1984 3455 2043 protestan—

237 2074 453 2130 anteibant
478 2080 534 2127 et
559 2073 736 2128 honor
764 2070 1069 2141 porestatis.
1101 2081 1154 2124 et
1176 2069 1349 2140 gloria
1380 2069 1670 2138 passionis.
1862 2077 1950 2124 tur
1978 2084 1995 2134 ;
2027 2083 2145 2137 quae
2186 2066 2605 2136 apostolicorum
2646 2069 2839 2123 aemula
2879 2068 3272 2136 triumphorum
3294 2108 3308 2133 ,
3366 2086 3454 2123 ur-

278 2165 380 2222 CAP.
410 2164 589 2219 VL—
626 2165 707 2220 Ad
758 2180 916 2233 quam
977 2164 1167 2218 beatus
1206 2161 1555 2232 coapostolus
1606 2171 1754 2230 tuus,
1863 2159 2249 2215 bem'nostram
2295 2159 2608 2230 purpuratis
2655 2168 2711 2215 et
2739 2161 2897 2232 longe
2934 2161 3146 2230 lateque
3183 2161 3459 2216 1111111111ιί-

233 2274 297 2315 ras
329 2258 584 2315 electionis
640 2257 778 2331 (Act.
808 2272 884 2323 tx,
918 2253 1010 2328 15)
1032 2296 1049 2321 ,
1101 2264 1155 2309 et
1201 2254 1454 2323 specialis
1500 2255 1758 2324 magister
1862 2252 1964 2307 bus
1996 2254 2208 2324 populis
2236 2253 2563 2321 ambierunt,
2592 2263 2646 2309 et
2672 2255 2824 2325 quasi
2854 2271 2921 2310 ex
2951 2254 3239 2311 multarum
3278 2255 3459 2311 bono-

230 2351 411 2424 geutium
433 2350 629 2406 Paulus
651 2362 965 2415 occurrens,
1022 2344 1043 2385 ¹
1077 2361 1145 2402 eo
1171 2345 1269 2401 tibi
1292 2346 1633 2402 consociatus
1673 2353 1758 2402 est
1859 2362 1921 2404 re
1961 2362 2297 2418 gemmarum
2327 2358 2584 2405 conserto
2614 2363 2723 2404 uno
2750 2348 3058 2405 diademate
3097 2357 3454 2405 coronarunt.

229 2540 332 2597 dum.
357 2536 465 2590 dum
495 2533 681 2587 horum
712 2532 870 2586 saluti
892 2531 1135 2603 consulis,
1167 2546 1296 2603 quos
1317 2545 1611 2602 susceperas
1638 2532 1761 2586 dili-
1869 2532 2047 2599 traxit,
2076 2531 2361 2601 apparebit.
2385 2530 2469 2603 Ibi
2497 2529 2692 2587 Paulus
2712 2546 3033 2599 conuersum,
3055 2547 3106 2589 ut
3130 2539 3198 2589 ita
3221 2538 3458 2603 dixerim,

230 2610 391 2683 gelidos.
419 2605 742 2683 Quesnellus
774 2602 1517 2683 hanclectioncm‘secntusa
1539 2604 1765 2671 perinde
1870 2604 2120 2683 mundum
2155 2602 2516 2683 Δαμοεηδέῃιὸὶ
2558 2605 2785 2683 Andreas
2834 2616 2945 2683 post
2983 2623 3035 2664 se
3060 2607 3324 2661 Achaiam.
3382 2608 3465 2663 Ibi

231 2672 481 2737 aclatinns
506 2676 775 2750 Latinius,
804 2675 1037 2750 coniecit
1058 2689 1156 2744 pro
1182 2674 1469 2750 diligendus
1494 2672 1634 2750 forte
1654 2692 1769 2731 me-
1874 2674 2101 2750 Joannes
2132 2675 2327 2738 Asiam,
2355 2673 2580 2750 Thomas
2610 2673 2822 2750 Indiam
2849 2678 2899 2729 in
2923 2688 3243 2750 conspectum
3270 2681 3461 2750 suiju-

229 2754 307 2809 lius
354 2748 666 2821 legendum,
720 2745 1015 2821 dirigendae
1060 2761 1083 2821 :_
1113 2746 1207 2800 sed
1248 2764 1271 2821 _t
1304 2746 1385 2800 vel
1437 2745 1729 2821 litterulam
1749 2787 1766 2815 ,
1874 2746 2001 2821 dicis
2032 2760 2331 2821 conuersam
2351 2747 2520 2810 ducet,
2552 2754 2661 2821 etc.
2694 2745 3065 2821 QuESNELLUs.
3106 2749 3209 2803 Sed
3242 2752 3305 2802 ad
3348 2745 3465 2805 {in-

229 2825 379 2891 inquit,
400 2816 532 2873 'sine
568 2833 675 2872 ms.
717 2817 1200 2891 cpd.ganctorila_te
1248 2817 1531 2891 immutare
1585 2819 1771 2891 religio
1876 2816 2158 2891 dicandam
2212 2817 2492 2891 lectionem
2543 2818 2693 2871 vncis
2744 2818 2919 2871 Asiam
2969 2829 3196 2890 quatuor
3240 2822 3400 2875 codd.
3434 2837 3463 2875 a

232 2887 328 2959 fuit;
356 2912 372 2945 1
392 2900 441 2947 et
468 2891 661 2945 addit:
692 2908 711 2941 1
733 2888 930 2944 Canisii
958 2898 1011 2941 et
1031 2889 1171 2941 Surii
1203 2888 1366 2942 editio
1382 2897 1435 2941 et
1458 2904 1560 2943 ms.
1592 2888 1773 2943 Vielo-
1877 2887 2168 2955 Quesnello
2216 2888 2446 2941 laudatis
2475 2893 2796 2956 opponimus
2832 2906 2937 2943 non
2964 2887 3135 2944 solum
3162 2906 3348 2946 omnes
3372 2907 3463 2947 co-

228 2967 305 3020 riu.
332 2968 405 3032 (et
430 2964 534 3016 duo
566 2963 739 3014 nostri
772 2959 914 3014 Valt.
945 2959 1187 3028 ejusdem
1234 2960 1445 3013 coElect.
1479 2960 1545 3028 5)
1572 2960 1771 3014 habent
1878 2960 2024 3013 dices
2063 2960 2300 3032 quinque
2343 2960 2741 3032 collectionnm.
2798 2978 2983 3032 verum
3025 2965 3187 3016 etiam
3236 2974 3464 3027 quatuor

230 3030 423 3100 aloidas;
455 3053 475 3086 s
507 3032 658 3104 quod
685 3040 739 3087 et
763 3031 829 3085 ad
861 3032 1537 3104 vulgatarumeditionum
1570 3033 1767 3104 margi-
1878 3046 2011 3104 mss.
2062 3030 2395 3084 Lectionaria
2416 3073 2431 3094 ,
2486 3034 2584 3085 tria
2632 3030 2897 3086 Vallicell.
2944 3043 2996 3086 et
3036 3033 3468 3103 antiquissimum

228 3124 322 3164 nem
360 3101 660 3175 appositum
708 3113 810 3158 est.
855 3103 1082 3175 Omnem
1134 3101 1509 3157 difficultatem
1557 3103 1773 3175 sustulit
1880 3102 2029 3175 Vat.,
2060 3104 2202 3175 quod
2230 3117 2350 3175 cum
2384 3105 2453 3175 sit
2482 3112 2631 3156 certo
2663 3106 2982 3170 Romanum,
3014 3101 3232 3157 maximi
3267 3105 3471 3161 haben-

228 3179 353 3235 lectio
392 3172 555 3231 textui
596 3190 630 3228 a
663 3175 818 3228 nobis
865 3174 1063 3227 inserta
1110 3174 1432 3227 auctoritate
1482 3174 1768 3242 antiquiss.
1880 3173 2005 3228 dum
2031 3182 2133 3227 est.
2160 3172 2587 3227 Nolldimlellllll‘
2611 3175 3120 3238 lameninexetnplo
3140 3176 3287 3230 Pauli
3310 3178 3461 3231 Diac.

228 3248 320 3304 Vat.
340 3258 387 3303 et
412 3249 570 3301 trinin
599 3246 845 3300 Leotion.
876 3244 1166 3310 Vallicell.,
1194 3260 1312 3314 qua:
1338 3245 1498 3298 etiam
1527 3261 1647 3298 cum
1677 3261 1773 3298 an-
1879 3257 1933 3299 et
1966 3246 2014 3314 in
2049 3244 2292 3299 LectiOn.
2337 3244 2537 3298 Veron.
2571 3260 2690 3298 eam
2726 3260 2906 3299 vocem
2936 3245 3148 3301 deeSSe.

228 3321 554 3376 medentibus
614 3317 903 3389 formidinis
944 3326 998 3370 et
1042 3313 1235 3369 amoris
1291 3318 1454 3382 probe
1510 3318 1770 3389 uolueret.
1800 3362 1845 3389 η
1883 3388 1921 3389 η
1952 3313 2103 3389 ¢_Sic_
2121 3317 2334 3389 melius
2362 3316 2986 3389 ειγιειυάθιο-εοιὶαυίς.
3035 3317 3156 3371 Vat.
3189 3326 3244 3372 et
3262 3318 3473 3372 duobus

228 3392 314 3447 llos
342 3393 568 3444 ardorem
603 3362 726 3443 l'oco
755 3386 993 3454 a/fectum
1025 3390 1077 3441 in
1109 3362 1480 3457 antiquissimo
1513 3386 1639 3441 Vat.
1799 3362 1845 3425 C
1883 3387 2149 3441 Vallicell.
2180 3387 2291 3451 Al.,
2321 3388 2644 3455 impleveras.
2696 3387 2747 3441 Id
2779 3362 2957 3441 aurem
2988 3403 3055 3441 ne
3083 3391 3377 3444 referamus
3402 3389 3470 3445 ad

279 3473 301 3499 ι
332 3463 380 3517 111
405 3463 595 3516 eodem
629 3459 775 3525 Vat.,
808 3476 954 3529 quem
982 3458 1178 3529 diligis.
1882 3460 2154 3523 Epistolas
2183 3472 2316 3527 quas
2334 3458 2524 3512 Petrus
2546 3458 2598 3511 in
2630 3466 2949 3513 memoratas
2976 3460 3283 3528 provincias
3307 3460 3471 3527 misit,

278 3532 299 3572 δ
330 3532 417 3587 Tot
441 3550 536 3602 pro
567 3540 747 3594 atque,
773 3530 914 3599 quod
942 3537 1059 3583 erat
1080 3528 1130 3583 in
1155 3529 1337 3593 editis,
1369 3530 1687 3599 scripsimus
1710 3546 1776 3585 ex
1882 3531 2021 3602 illud
2047 3530 2239 3583 suadet
2264 3528 2408 3598 quod
2432 3530 2488 3600 ὃ.
2521 3530 2756 3598 pontifex
2789 3530 2874 3584 hic
2899 3547 2964 3602 ex
3002 3542 3261 3602 contextu
3286 3531 3475 3600 loqua-

228 3600 463 3675 antiquiss‘.
507 3604 643 3657 Vat.
688 3616 810 3656 cum
852 3602 1103 3655 Leoninae
1155 3602 1368 3671 syntaxi
1414 3604 1607 3657 melius
1648 3617 1780 3657 con-
1882 3611 1970 3654 tur
1994 3600 2059 3654 de
2090 3602 2400 3675 rebusquae
2439 3612 2832 3668 praecesserunt
2859 3600 3148 3656 adventum
3198 3601 3314 3675 ejus
3362 3602 3471 3657 Ro-

228 3670 366 3746 gmal.
636 3744 644 3746 Α
693 3745 698 3746 γ
835 3744 848 3746 _
921 3742 968 3746 __
1177 3670 1197 3746 ς
1337 3742 1385 3746 η
1606 3742 1664 3746 __
1884 3689 2024 3724 mutu
2053 3672 2151 3723 sub
2176 3670 2400 3746 Claudio
2433 3687 2447 3736 ;
2489 3686 2608 3746 cum
2642 3675 2960 3746 praesertim
2984 3684 3095 3726 tum
3128 3670 3239 3727 non
3274 3674 3471 3746 distin-

280 3759 297 3786 ε
331 3748 445 3802 H:ec
474 3762 580 3800 vox
605 3744 789 3799 Asiam
819 3742 1228 3799 desideraturin
1251 3742 1409 3796 codd.
1444 3758 1576 3797 mss.
1604 3742 1781 3797 Thuao
1882 3752 2135 3811 gneretur
2162 3743 2355 3809 duplex
2372 3742 2514 3796 Petri
2546 3743 2807 3798 adventus
2840 3745 2890 3797 in
2923 3744 3138 3807 Urbem,
3172 3754 3231 3799 ut
3260 3760 3323 3799 ex
3347 3744 3477 3799 Pro-

229 3816 695 3883 neo,Corbciensi,
718 3814 1017 3870 Oxoniensi
1041 3824 1093 3868 et
1118 3814 1600 3883 Sammagloriano.
1631 3813 1782 3870 Unde
1884 3816 2026 3882 speri
2056 3813 2359 3879 Chronico,
2388 3830 2492 3885 quo
2523 3813 2750 3868 Romani
2792 3812 2907 3885 ejus
2936 3816 3113 3870 aetatis
3160 3818 3472 3878 utebantur.

225 3892 383 3945 merito
442 3889 693 3942 additam
758 3902 883 3941 esse
938 3886 1311 3954 suspicamur,
1364 3886 1783 3954 translatamque
1885 3885 2138 3956 colligere
2191 3885 2336 3938 licet.
2398 3884 2578 3956 Prima
2621 3896 2799 3939 autem
2846 3885 2991 3940 Petri
3018 3886 3259 3956 Epistula
3302 3888 3355 3941 in
3385 3903 3479 3942 eas

227 3961 305 4014 huc
328 3977 387 4015 ex
426 3960 585 4013 initio
620 3958 879 4028 Epistulae
918 3962 1104 4026 prima:
1147 3957 1287 4010 beati
1330 3956 1471 4011 Petri
1514 3956 1780 4027 apostoli;
1889 3954 2196 4028 provincias
2228 3958 2389 4010 missa
2420 3955 2607 4009 Romae
2635 3957 2831 4028 scripta
2864 3958 2978 4017 fuit.
3006 3954 3128 4011 cum
3164 3962 3270 4023 jam
3319 3970 3475 4012 antea

231 4033 297 4084 ubi
316 4027 987 4098 quatuorillis’provinciis
1011 4030 1097 4082 hic
1120 4031 1447 4098 enumeratis
1477 4029 1786 4096 adjnngitur
1889 4027 1981 4080 ille
2003 4027 2195 4081 saltem
2244 4030 2513 4081 transiens
2557 4027 2747 4082 iisdem
2792 4028 3083 4093 provinciis
3126 4029 3477 4095 Evangelium

226 4096 343 4165 Asia,
369 4104 451 4157 vel
481 4118 548 4157 ex
586 4096 902 4170 Hieronymi
935 4100 1071 4170 libro
1098 4100 1164 4153 de
1194 4096 1559 4168 Scriptoribns
1602 4100 1790 4153 Eccle-
1888 4098 2241 4170 praedicasset
2270 4114 2287 4170 ;
2335 4099 2467 4152 alias
2492 4098 2621 4170 nihil
2647 4110 2763 4151 erat
2789 4114 2886 4151 cur
2902 4099 2966 4152 ad
2988 4101 3080 4152 has
3113 4101 3291 4169 potius
3314 4115 3473 4167 quam

226 4173 440 4237 siasticis,
474 4176 527 4226 in
560 4171 753 4236 Petro,
787 4169 928 4224 unde
967 4169 1083 4224 hrcc
1124 4181 1395 4223 mutuatus
1422 4185 1542 4223 esse
1576 4171 1789 4224 videtur
1897 4170 1961 4221 ad
1982 4169 2114 4222 alias
2145 4169 2444 4232 provincias
2476 4169 2759 4223 scriberet.
2790 4169 2925 4225 Hinc
2940 4172 3211 4224 evanescit
3236 4185 3295 4223 ea
3310 4172 3481 4237 Queso

227 4242 311 4297 Leo
352 4257 552 4298 noster.
588 4241 863 4311 Quidquid
892 4242 961 4295 sit
1002 4241 1071 4295 de
1114 4241 1259 4310 aliis,
1294 4243 1472 4309 potuit
1520 4240 1635 4296 hinc
1674 4241 1789 4309 ejus
1891 4240 2021 4293 nelli
2051 4239 2482 4311 conjemalioad
2520 4240 2913 4311 escludendum
2959 4242 3027 4292 ab
3083 4240 3184 4293 hoc
3221 4256 3473 4311 sermone

224 4309 632 4369 essesententia'
650 4329 720 4369 ex
752 4309 1005 4366 Ecclesiae
1051 4313 1275 4366 forsitan
1321 4311 1576 4365 Romanae
1623 4314 1788 4365 lradi-
1893 4325 2087 4364 nomen
2107 4309 2521 4375 Asiwmimirnm
2562 4309 2797 4364 Leonem
2816 4312 3050 4379 potuisse
3072 4311 3273 4365 sentire
3296 4309 3474 4365 Evan-

224 4387 343 4438 lione
370 4387 587 4449 hausta,
628 4383 982 4450 Evangelium
1010 4383 1223 4436 Asianis
1250 4398 1281 4435 a
1305 4383 1469 4437 Petro
1492 4399 1595 4436 non
1625 4382 1791 4437 fuisse
1891 4381 2082 4453 gelium
2108 4382 2310 4434 Asianis
2348 4398 2379 4433 a
2403 4379 2558 4434 Petro
2588 4398 2688 4434 non
2716 4382 2877 4453 fuisse
2906 4382 3261 4453 praedicatum.

223 4456 569 4522 praedicatum.
593 4455 860 4510 Etrevera
878 4454 1042 4509 Paulo
1059 4454 1303 4521 apostolo
1324 4454 1521 4507 debere
1544 4454 1793 4507 videntur
1894 4451 1908 4453 ⁷
1969 4462 1991 4489 ε
2026 4454 2096 4506 Ita
2128 4468 2192 4505 ex
2228 4453 2467 4518 pluribus
2492 4462 2546 4505 et
2591 4451 3132 4518 potioribus'nostris
3161 4451 3318 4506 codd.
3358 4467 3483 4507 nec-

222 4526 407 4582 Asianae
432 4527 705 4582 Ecclesia:
737 4525 859 4579 fidei
887 4540 995 4577 sue
1022 4526 1250 4584 semina,
1276 4539 1394 4578 cum
1422 4540 1483 4578 ex
1511 4540 1614 4578 una
1641 4537 1794 4593 parte
1897 4539 2002 4577 non
2025 4539 2090 4578 ex
2122 4523 2315 4577 ilomil.
2343 4523 2492 4577 Pauli
2525 4522 2666 4577 diac.
2714 4523 2801 4577 Al.
2828 4524 2878 4576 in
2906 4523 3129 4590 vulgatis
3150 4563 3167 4588 ,
3218 4533 3479 4593 provectu.

224 4598 275 4651 de
293 4602 460 4666 seipso
486 4601 596 4653 hoc
621 4606 849 4651 testetur
870 4596 1156 4666 Apostolus
1180 4613 1193 4647 :
1222 4595 1310 4650 Sic
1331 4606 1495 4666 autem
1520 4592 1795 4661 praedicavi
1896 4595 2015 4649 Mox
2044 4595 2228 4647 Petrus
2248 4597 2307 4646 de
2334 4594 2502 4666 spatio
2548 4609 2656 4648 sua:
2682 4593 2853 4666 aetatis
2882 4609 2988 4648 non
3020 4592 3238 4666 ignarus
3260 4592 3362 4666 dici
3391 4610 3486 4662 po-

222 4662 537 4740 Erang'elium
587 4670 705 4730 hoc,
749 4682 850 4740 non
894 4662 979 4719 ubi
1019 4668 1306 4740 nominatus
1333 4677 1403 4719 est
1437 4664 1690 4740 Christus,
1731 4683 1795 4719 ne
1898 4667 2172 4719 tuitzsive
2197 4667 2319 4740 quia
2356 4664 2636 4729 Christus,
2671 4664 2897 4719 Joannis
2928 4662 3153 4740 xxt,_i9,
3206 4663 3481 4740 praedixe-

222 4733 610 4817 super'alieuum
625 4738 1017 4817 fundamentum
1040 4738 1389 4817 a'diﬁcaremp
1406 4738 1492 4790 sed
1512 4739 1793 4817 sicut-scri-
1822 4757 1872 4817 Ι)
1898 4744 1981 4817 rat
2002 4753 2122 4817 eum
2146 4737 2209 4789 ad
2237 4746 2566 4817 setiegtttetti
2596 4746 3003 4817 perventurum:
3036 4733 3163 4817 cum
3184 4735 3354 4814 senior
3376 4738 3489 4802 {ue-

224 4819 340 4875 ptum
365 4820 477 4863 est:
504 4809 710 4877 Quibus
736 4824 837 4862 non
868 4817 939 4861 est
971 4809 1329 4862 annuntiatum
1357 4811 1419 4862 de
1446 4826 1502 4861 eo
1530 4810 1787 4871 videbunt,
1822 4806 1865 4817 ”
1896 4810 2011 4877 ris;
2058 4808 2170 4860 sive
2208 4809 2330 4872 quia
2382 4808 2570 4861 Petrus
2604 4807 2702 4876 Ep.
2746 4806 2811 4867 ll,
2837 4823 2885 4859 ο.
2915 4824 2926 4860 1
2951 4849 2965 4872 ,
2993 4823 3045 4860 v.
3080 4806 3168 4873 H,
3216 4809 3435 4871 scripsit.
3468 4826 3481 4860 :

220 4892 258 4933 et
280 4883 360 4949 qui
399 4900 507 4935 non
527 4876 825 4953 audierunt
872 4879 1171 4953 inlelligent.
1202 4878 1424 4948 PrOpIer
1452 4882 1586 4953 quod
1616 4893 1663 4932 et
1691 4880 1788 4932 int-
1898 4876 2077 4953 Certus
2108 4878 2243 4953 quod
2269 4879 2413 4953 velox
2446 4885 2519 4932 est
2542 4878 2793 4953 depositio
2817 4877 3483 4953 tabernaculiputei,secun-

220 4947 426 5019 pediebar
478 4952 775 5019 plurimum
824 4951 992 5004 venire
1034 4947 1100 5002 ad
1134 4966 1247 5010 vos.
1294 4960 1340 5003 et
1371 4947 1656 5021 prohibitus
1681 4966 1793 5003 sum
1898 4948 2180 5021 dantquod
2206 4958 2252 5001 et
2281 4947 2532 5021 Dominus
2564 4947 3056 5021 noster_signiﬁcauit
3086 4947 3233 5002 mihi.

222 5037 354 5092 usque
396 5018 599 5075 adhuc.
648 5022 727 5076 Ex
760 5022 927 5075 altera
953 5036 1083 5092 vero
1111 5032 1258 5088 parte
1292 5018 1441 5075 testis
1481 5032 1562 5075 θαι
1592 5025 1647 5074 S.
1677 5021 1791 5092 lrc«
1902 5090 1940 5092 ﬂ
1975 5019 1993 5057 τ
2031 5020 2156 5073 llaec
2179 5024 2333 5092 lectio
2358 5018 2688 5087 praeferenda
2722 5018 2824 5074 fuit
2853 5018 3181 5076 auctoritate
3225 5021 3483 5090 antiquis.

218 5090 346 5148 ntus
375 5096 470 5148 lib.
508 5110 597 5158 Ill,
633 5106 751 5160 Cap.
784 5095 838 5156 3,
876 5094 942 5144 ali
974 5091 1066 5146 illo
1092 5095 1330 5161 gentium
1380 5104 1634 5160 magistro
1667 5090 1789 5145 fon-
1898 5090 2021 5145 Vat.
2055 5092 2164 5151 AL,
2202 5090 2399 5143 eodem.

219 5163 371 5218 datam
402 5181 529 5220 esse
560 5163 766 5231 Ephesi
796 5164 1091 5217 Ecclesium
1135 5163 1296 5217 totius
1330 5164 1615 5231 provinciae
1658 5178 1793 5230 pne-
1972 5162 2132 5231 §Al.,
2164 5177 2447 5217 excessus.-

218 5234 427 5305 cipuam,
478 5250 511 5290 a
562 5229 780 5289 JOanne
834 5234 1167 5305 postmodum
1216 5229 1477 5287 curatam.
1527 5229 1794 5287 Plurimas
1971 5229 1997 5268 ¹³
2030 5232 2230 5305 Aptior
2251 5231 2525 5305 contextui
2564 5246 2698 5305 vox,
2736 5231 2957 5305 quibus,
3010 5247 3134 5301 qua:
3175 5233 3406 5290 habetur
3436 5234 3492 5290 in

218 5301 345 5364 certe
371 5301 583 5363 ibidem
618 5305 888 5361 Ecclesias
918 5303 1162 5359 fundatas
1199 5319 1318 5359 esse
1344 5305 1411 5357 ab
1439 5305 1632 5359 eodem
1660 5320 1791 5372 apo-
1900 5306 2073 5372 prima
2103 5302 2342 5357 editione
2368 5310 2425 5357 et
2450 5301 2662 5358 duobus
2700 5318 2831 5358 mss.
2865 5303 3007 5369 Vat.,
3039 5320 3201 5374 quam
3234 5305 3288 5359 in
3316 5308 3489 5374 vulg.,

220 5380 337 5433 stolo
382 5379 549 5433 facile
603 5377 929 5444 persuadent
956 5391 1017 5429 ea
1049 5390 1169 5442 quae
1194 5392 1221 5428 a
1254 5376 1311 5430 S.
1366 5377 1504 5447 Luca
1548 5377 1598 5428 in
1640 5374 1797 5447 Actis
1899 5377 2068 5447 cujus.

218 5452 573 5517 apostolorum
607 5443 935 5513 referuntur,
967 5446 1033 5501 de
1063 5447 1406 5515 peragratisa
1430 5445 1595 5500 Paulo
1621 5445 1799 5500 diver-
1936 5443 1996 5517 ξί
2038 5444 2268 5517 Verbum
2298 5453 2371 5499 est
2399 5443 2706 5517 addidimus
2734 5459 2803 5499 ex
2840 5443 3363 5517 antiquissimo‘Vat.
3388 5458 3493 5502 ms.

220 5512 282 5574 sis
306 5525 445 5577 Asiae
481 5518 809 5588 provinciis,
843 5512 1459 5587 detriennali’ejusdem
1480 5518 1605 5588 illic
1648 5532 1799 5572 mora
1904 5516 2105 5588 Veron.
2138 5525 2192 5569 et
2221 5516 2418 5588 Honiil.
2446 5516 2590 5569 Pauli
2624 5516 2772 5569 Diac.
2803 5530 2868 5588 ac
2894 5512 3073 5588 prima
3102 5512 3364 5588 editione.

220 5602 262 5643 et
288 5585 708 5661 praedicatioiie.
740 5589 896 5644 Libet
925 5591 1009 5643 hic
1040 5585 1284 5661 Gregorii
1318 5587 1489 5661 Magni
1518 5590 1688 5661 locum
1713 5589 1802 5641 ad-
1982 5586 2124 5661 iSic
2149 5601 2270 5661 cum
2292 5587 2497 5661 Quesn.
2518 5597 2571 5639 et
2590 5588 2755 5661 prima
2777 5585 3016 5661 editione
3040 5586 3297 5661 praecipui
3324 5590 3497 5644 nostri

220 5655 395 5717 ducere
426 5679 500 5717 ex
524 5661 733 5715 llomil.
762 5661 825 5714 l7
852 5666 901 5713 in
928 5661 1129 5728 Evang.
1157 5655 1175 5714 Ξ
1202 5658 1266 5712 In
1294 5661 1404 5723 illo,
1437 5659 1629 5729 inquit,
1656 5668 1798 5713 tanta
1910 5659 2145 5714 codices.
2183 5658 2292 5723 AL,
2325 5659 2679 5730 germinarint.
2714 5655 3037 5730 Paulo__post
3079 5655 3347 5730 editiones
3372 5670 3500 5715 ante

222 5736 435 5787 examine
460 5772 475 5786 .
502 5774 521 5790 .
547 5773 562 5786 .
594 5733 946 5802 unusquisque
993 5725 1116 5800 quid
1153 5732 1215 5785 sit
1253 5742 1492 5802 operatus
1511 5725 1536 5794 ’,
1566 5731 1801 5784 ostende-
1910 5731 2115 5798 Quesn.
2146 5739 2200 5785 et
2220 5725 2565 5802 aliqui_mss.,
2587 5728 2678 5799 qui
2703 5725 3101 5796 apostolicorum
3130 5728 3501 5786 cmulitrium-

225 5810 313 5860 tur.
355 5802 445 5862 Ibi
476 5803 683 5859 Petrus
721 5799 837 5856 cum
864 5799 1061 5860 suam
1101 5799 1366 5872 conversa,
1407 5818 1561 5873 quam
1605 5813 1714 5873 post
1752 5818 1807 5857 se
1909 5802 2131 5873 phorum
2160 5817 2181 5868 ;
2214 5816 2366 5873 aeque
2396 5800 2554 5856 bene.

495 5900 787 5962 PATROL.
835 5896 991 5959 LIV.
1976 5968 1979 5969 ν

1976 5968 1979 5969 ί
3033 5892 3104 5951 ta
