3980 6352
495 312 600 373 43!

1614 300 1683 367 IS.
1724 300 1966 358 LEONIS
2000 300 2217 359 MAGNI
2257 300 2639 361 SERMONES.

3034 265 3095 277 τμη,

3675 300 3780 363 ιω

581 423 713 481 Cn.
737 418 829 479 Ill.
852 447 927 463 -ι
946 418 1185 475 Instante
1211 422 1391 471 autem
1418 413 1675 485 passione
1694 427 1793 469 sua
1817 413 2097 481 Dominus,
2126 418 2180 477 Α
2203 418 2394 473 aeterni
2413 417 2616 471 amoris
2630 414 3043 487 professionem,
3066 415 3293 488 mystica
3314 414 3675 474 insinuatione
3702 428 3781 477 ter

499 534 621 591 quae
658 517 1045 587 discipulorum
1094 526 1313 566 suorum
1351 517 1471 563 erat
1510 508 1789 563 turbatura
1835 519 2094 563 constan-

496 615 652 678 tiam,
680 612 883 676 Simon,
927 606 1118 678 inquit,
1162 604 1367 669 Simon,
1396 619 1510 657 ecce
1545 602 1769 660 Satanas
1795 604 2096 673 expostula-

497 708 569 761 vit
598 717 653 760 ut
682 722 767 759 vos
780 704 1027 756 cribraret
1050 701 1182 753 sicut
1196 699 1444 751 triticum.
1470 696 1583 769 Ego
1606 707 1777 752 autem
1798 698 1972 772 rogavi
1997 713 2091 768 pro

494 808 565 868 te,
605 801 631 830 ⁸
661 814 723 851 ne
762 795 968 863 deﬁciat
1009 792 1140 864 ﬁdes
1169 802 1287 857 tua;
1321 801 1369 845 et
1390 800 1445 844 tu
1493 792 1776 862 aliquando
1821 807 2091 846 conversus

492 892 745 961 conﬁrma
767 888 955 958 fratres
975 894 1121 949 tuos,
1154 900 1218 938 ne
1251 883 1452 938 intretis
1480 884 1536 938 in
1571 883 1903 939 tentationent
1930 881 2085 955 (Luc.

492 997 637 1049 xxn,
688 981 792 1046 3!,
836 978 966 1048 52).
1004 977 1302 1032 Commune
1362 986 1479 1032 erat
1529 976 1779 1031 omnibus
1828 976 2088 1047 apostolis

490 1075 653 1147 332
681 1072 978 1141 periculum
1015 1070 1084 1125 de
1116 1069 1410 1125 tentatione
1442 1069 1768 1137 formidinis,
1810 1080 1865 1125 et
1892 1069 2089 1125 divinae

487 1166 848 1238 protectionis
904 1163 1107 1218 auxilio
1161 1162 1365 1232 pariter
1424 1162 1774 1233 indigebant,
1833 1162 2086 1231 quoniam

485 1261 736 1319 diabolus
766 1274 955 1314 omnes
985 1257 1261 1327 exagitare
1281 1297 1297 1323 ,
1331 1271 1522 1311 omnes
1567 1255 1821 1325 cupiebat
1849 1255 2087 1321 elidere;

486 1363 545 1412 et
593 1364 771 1409 tamen
810 1350 1058 1422 specialis
1092 1364 1121 1404 a
1153 1348 1384 1403 Domino
1424 1349 1569 1402 Petri
1606 1362 1735 1403 cura
1768 1348 2081 1418 suscipitur,

489 1453 547 1501 et
569 1461 665 1516 pro
688 1443 831 1498 Petri
866 1443 971 1497 fide
1001 1440 1220 1510 pr0prie
1250 1438 1607 1508 supplicatur,
1635 1448 1905 1509 tamquam
1948 1439 2087 1493 alio-

481 1553 603 1594 rum
629 1546 800 1591 status
821 1535 1020 1589 certior
1047 1532 1119 1586 sit
1146 1530 1382 1598 futurus,
1413 1531 1459 1586 si
1486 1547 1639 1586 mens
1663 1531 1919 1602 principis
1944 1532 2087 1586 victa

478 1645 586 1685 non
620 1627 799 1683 luerit.
828 1626 886 1681 In
916 1626 1077 1680 Petro
1104 1639 1233 1694 ergo
1256 1623 1497 1678 omnium
1527 1624 1785 1678 fortitudo
1814 1624 2085 1698 munitur,

482 1720 945 1787 etdivinaegratize
960 1720 1030 1771 ita
1045 1716 1328 1772 ordinatur
1340 1716 1949 1783 auxilium,utlirmitas,
1965 1732 2087 1788 qua:

480 1828 582 1884 per
609 1812 882 1869 Christum
912 1811 1074 1865 Petro
1107 1809 1395 1875 tribuitur,
1428 1824 1523 1879 per
1569 1810 1789 1865 Petrum
1822 1810 2084 1879 apostolis

480 1882 1003 1962 conferatur.bNam
1033 1912 1086 1958 et
1115 1907 1236 1971 post
1262 1903 1712 1957 resurrectionem
1730 1916 1881 1957 suam
1897 1901 2082 1956 Domi-
2114 1882 2164 1944 Β

476 2013 579 2055 nus
607 1999 766 2057 beato
788 1995 1210 2067 Petroapostolo
1235 2002 1358 2063 post
1376 1994 1530 2067 regni
1558 1995 1761 2062 claves,
1790 1994 1859 2051 ad
1888 1996 2080 2050 trinam

546 2193 574 2222 ι
602 2184 679 2239 Ita
719 2183 1126 2249 antiquissimus
1151 2180 1277 2235 Vat.
1306 2186 1362 2235 et
1390 2178 1516 2234 cod.
1557 2176 1744 2233 Casin.
1774 2175 1987 2249 collect.
2016 2176 2069 2229 1.

474 2255 642 2319 Editi,
672 2264 726 2307 ut
748 2248 1093 2323 non'de/iciat.
1124 2254 1245 2308 Mox
1274 2252 1326 2305 in
1354 2249 1579 2323 vulgatis
1605 2257 1742 2323 erat,
1774 2248 2069 2323 neqintrent.

473 2317 827 2383 Correxitnus
866 2317 941 2381 ex"
964 2324 1195 2379 laudatis
1231 2323 1391 2378 codd.
1438 2317 1492 2375 et
1534 2320 1744 2375 duobus
1771 2319 1891 2371 aliis
1924 2317 2066 2383 Vat.,

472 2401 669 2467 quibus
695 2400 930 2451 concinit
969 2397 1128 2451 lectio
1164 2410 1331 2450 serm.
1358 2392 1417 2467 1|,
1441 2408 1561 2461 cap.
1604 2394 1657 2445 5.
1695 2390 1824 2444 Vide
1852 2404 1986 2467 quia
2003 2389 2071 2445 de

471 2459 575 2525 liae
596 2469 867 2523 additione
887 2510 902 2533 ,
927 2484 1084 2539 quam
1126 2468 1318 2539 necﬂin
1348 2459 1548 2539 Graeco
1567 2472 1737 2539 textu,
1764 2476 1863 2539 nec
1890 2461 1941 2513 in
1969 2459 2072 2514 La-

472 2542 585 2595 tino
608 2541 825 2609 vulgato
845 2534 1085 2610 reperire
1105 2546 1207 2606 est,
1234 2538 1435 2593 ibidem
1464 2534 1950 2591 animadvertimus
1972 2546 2069 2585 an-

2196 510 2332 566 dixit
2365 528 2379 565 :
2407 509 2571 565 Pasce
2587 525 2703 565 oves
2722 526 2857 564 meas
2884 509 3067 581 (Joan.
3093 526 3203 573 xxi,
3235 510 3323 580 l7)
3352 526 3366 562 :
3392 510 3537 581 quod
3561 522 3616 565 et
3641 526 3779 568 nunc

2196 608 2549 679 proculdubio
2590 607 2745 673 facit,
2770 615 2823 662 et
2852 606 3160 662 mandatum
3199 605 3408 661 Domini
3450 606 3569 675 pius
3599 618 3778 677 pastor

2194 702 2526 772 exsequitur,
2543 701 2869 756 conﬁrmans
2885 715 2985 755 nos
3000 699 3487 763 exhortationibus,
3504 709 3562 757 et
3578 717 3671 771 pro
3686 718 3780 757 no-

2194 794 2276 849 bis
2302 810 2459 849 orare
2477 811 2580 849 non
2603 809 2846 859 cessans,
2864 804 2921 849 ut
2940 793 3087 848 nulla
3112 794 3412 849 tentationc
3434 808 3774 862 superemur.

2192 887 2597 945 Siautemltanc
2612 886 2825 957 pietatis
2854 904 2966 942 sua:
2990 901 3176 942 curam
3206 896 3229 925 α
3264 888 3410 940 omni
3437 890 3633 957 populo
3660 888 3777 953 Dei,

2192 983 2332 1037 sicut
2348 982 2676 1037 credendum
2696 990 2799 1045 est,
2827 980 3025 1050 ubique
3053 979 3362 1049 praetendit,
3391 990 3593 1049 quanto
3614 980 3780 1053 magis

2191 1076 2350 1132 nobis
2378 1076 2609 1131 alumnis
2641 1077 2753 1129 suis
2781 1089 2939 1144 opem
2982 1087 3136 1128 suam
3166 1072 3418 1141 dignatur
3449 1073 3778 1144 impendere,

2191 1170 2331 1240 apud
2361 1184 2495 1239 quos
2524 1170 2576 1224 in
2606 1183 2761 1224 sacro
2792 1165 2820 1205 ἀ
2854 1168 3027 1223 beatae
3048 1166 3387 1222 dormitionis
3418 1176 3563 1234 toro,
3595 1168 3779 1224 eadem

2190 1278 2293 1333 qua
2324 1261 2578 1332 praesedit
2602 1276 2766 1316 carne
2798 1259 3122 1329 requiescit?
3154 1257 3289 1314 Cum
3324 1260 3523 1329 itaque,
3546 1259 3778 1315 dilectis-

2189 1356 2335 1424 simi,
2370 1362 2576 1409 tantum
2605 1353 2765 1408 nobis
2790 1352 3069 1407 videamus
3090 1352 3400 1421 praesidium
3426 1351 3679 1407 divinitus
3698 1353 3778 1408 in-

2190 1450 2460 1515 stitutum,
2494 1446 2894 1502 rationabi|iter
2923 1455 2977 1500 et
3009 1445 3153 1514 juste
3182 1445 3235 1499 in
3279 1445 3432 1500 ducis
3463 1444 3633 1501 nostri
3662 1460 3777 1502 me-

2190 1544 2309 1598 ritis
2338 1541 2663 1611 etdignitate
2685 1540 2955 1604 laetamur,
2986 1540 3188 1608 gratias
3214 1547 3435 1608 agentes
3452 1538 3779 1605 sempiterno

2190 1635 2319 1707 Regi
2349 1644 2372 1672 θ
2396 1633 2745 1703 Redemptori
2774 1643 2960 1686 noSIro
2982 1630 3352 1685 DominoJesu
3373 1629 3610 1697 Christo,
3637 1629 3779 1699 quod

2189 1740 2390 1785 tantam
2426 1729 2714 1798 potentiam
2735 1725 2886 1781 dedit
2906 1725 2955 1780 ei
2976 1739 3142 1795 quem
3169 1725 3333 1779 totius
3354 1724 3606 1779 Ecclesiae
3631 1725 3777 1795 prin-

2192 1826 2364 1895 cipem
2396 1824 2544 1889 fecit,
2574 1821 2643 1875 ad
2669 1819 2897 1890 gloriam
2924 1831 2981 1873 et
3008 1819 3222 1873 laudem
3246 1818 3479 1873 nominis
3498 1819 3579 1874 sui
3613 1815 3666 1875 τί
3687 1818 3777 1877 cui

2190 1931 2275 1979 est
2323 1920 2498 1976 honor
2542 1925 2598 1973 et
2643 1916 2818 1988 gloria
2876 1913 2930 1968 in
2981 1911 3181 1968 saecula
3207 1912 3553 1968 saeculorum.
3579 1910 3776 1967 Amen.

2180 2185 2303 2239 cap.
2336 2169 2388 2224 ι.
2424 2165 2564 2222 Editi
2588 2164 2862 2239 omittunt,
2891 2161 3051 2239 omni,
3082 2167 3139 2216 et
3167 2159 3312 2228 dein,
3345 2158 3522 2227 nobis;
3551 2173 3617 2216 ac
3642 2174 3773 2231 pro,

2181 2236 2488 2312 praetendit,
2514 2238 2757 2312 Italient,_
2774 2236 3052 2307 protendit.

2255 2312 2283 2351 ἀ
2316 2311 2431 2368 Vox
2466 2302 2631 2362 beata:
2675 2302 2884 2377 atljecta
2918 2320 2984 2359 ex
3021 2311 3321 2360 memorato
3376 2302 3498 2358 Vat.
3545 2302 3778 2359 habetur

2177 2385 2430 2442 similiter
2464 2384 2516 2435 in
2549 2380 2763 2434 laudato
2792 2392 3066 2433 sermone.

2254 2466 2276 2493 θ
2303 2455 2483 2511 Secuti
2522 2467 2706 2507 sumus
2750 2451 3034 2504 lectioiiem
3064 2446 3340 2502 vetustiss.
3380 2445 3525 2511 Vat.,
3558 2444 3776 2502 confor-

2178 2543 2321 2583 mem
2350 2527 2587 2579 sermoni
2618 2522 2674 2588 4,
2704 2537 2824 2592 cap.
2850 2523 2903 2576 5.
2940 2519 3175 2590 Vulgati,
3209 2529 3255 2573 et
3281 2517 3612 2589 Redemptori
3651 2535 3777 2573 nos-

2182 2610 2261 2655 tro
2283 2596 2410 2653 Jesu
2437 2596 2659 2650 Christo.

2241 2669 2260 2708 ί
2300 2671 2447 2724 Hanc
2488 2666 2785 2722 clausulam
2820 2663 2985 2720 Leoni
3029 2662 3282 2716 usitatam
3334 2662 3660 2730 sumpsimus
3699 2677 3776 2717 ex

2166 2743 2357 2798 eodem
2390 2740 2595 2793 codice.
2632 2738 2808 2801 Vulg.,
2857 2736 2956 2803 Qui
2996 2750 3111 2788 cum
3146 2733 3253 2787 Deo
3302 2732 3457 2785 Patre
3480 2744 3526 2787 et
3570 2732 3777 2802 Spiritu

2167 2823 2347 2869 sancto
2374 2813 2496 2865 vivit
2526 2821 2573 2864 et
2601 2818 2780 2880 regnat
2810 2809 2866 2861 in
2894 2810 3079 2861 swcula
3102 2806 3431 2860 swculorum.
3464 2804 3644 2858 Amen.

471 2610 1027 2752 nolfigasequentibus
1055 2682 1160 2736 alia
1184 2680 1406 2747 omissa,
1441 2678 1545 2734 alia
1573 2674 1925 2747 tranSposita,
1956 2673 2060 2728 alia

472 2765 713 2810 mutuata
742 2770 810 2808 ex
835 2770 1003 2808 serm.
1028 2754 1085 2815 4,
1116 2768 1165 2808 c.
1198 2756 1251 2808 4.

542 2828 669 2880 cIta
715 2826 770 2880 in
818 2825 1008 2881 eodem
1054 2825 1339 2895 antiquiss.
1375 2822 1498 2878 Vat.
1552 2830 1609 2878 et
1639 2836 1805 2877 serm.
1843 2817 2064 2873 laudato

471 2949 3747 2995 —_—_———————-—-——-————'—-————————————'

1296 3067 1758 3131 ADMONITIO
1802 3067 1883 3128 lN
1928 3062 2378 3126 SERMONEM
2422 3060 2931 3136 SEQUENTEM.
3278 3016 3282 3022 ’

547 3223 612 3278 ιη
633 3224 839 3279 titulum
866 3222 1119 3290 sequentis
1146 3221 1396 3276 sermonis
1441 3220 1578 3293 hanc
1608 3222 1872 3293 prolixam
1903 3220 2301 3293 annotationcm
2321 3218 2630 3293 Quesnellus
2676 3217 2914 3293 apposuit
2947 3232 2967 3270 :
3013 3215 3152 3293 add
3199 3216 3490 3293 altilanam
3535 3213 3770 3293 cladem,

470 3311 590 3366 qua:
616 3295 862 3357 dicuntur
893 3286 946 3348 in
980 3296 1081 3366 Iioc
1104 3307 1377 3366 sermone,
1408 3286 1692 3366 referenda
1725 3308 1846 3347 esse
1876 3292 2250 3366 censetcard.
2277 3291 2541 3366 Βλινριιίιιε
2566 3290 2631 3366 ad
2663 3306 2761 3366 an:
2786 3288 2891 3343 452
2939 3297 2995 3366 et
3036 3287 3164 3342 455.
3204 3286 3276 3340 De
3300 3287 3599 3366 direptione
3629 3286 3773 3366 Van-

473 3360 645 3422 dalica
671 3368 844 3434 potius
876 3364 1215 3433 intelligenda
1235 3380 1356 3418 esse
1384 3364 1641 3416 nonnulla
1667 3365 1935 3418 sermonis
1977 3363 2141 3418 verba
2168 3364 2515 3434 persuadent.
2576 3361 2851 3430 Signiﬁcat
2888 3361 3040 3434 enim
3086 3360 3434 3434 consuevisse
3483 3360 3770 3434 populum,

470 3429 840 3505 superioribus
858 3429 1071 3489 scilicet
1092 3438 1268 3500 annis,
1294 3434 1568 3489 continere
1599 3434 1663 3487 ad
1695 3436 1898 3505 gratias
1933 3437 2042 3489 Deo
2068 3429 2347 3504 agehdas,‘
2383 3436 2444 3487 ob
2495 3429 3088 3505 diem’castigationiset
3110 3432 3447 3505 liberationis.
3482 3429 3775 3505 Dolet_Ro-

468 3499 682 3575 manus,
707 3525 795 3562 nec
817 3508 880 3561 de
908 3508 1231 3570 correptione
1253 3499 1553 3577 compungi,
1576 3523 1668 3559 nec
1697 3499 1760 3560 de
1784 3509 2087 3561 remissione
2103 3499 2302 3560 la'tari.
2334 3506 2545 3560 Eisdem
2578 3499 2982 3577 objicit—vocem
3016 3502 3155 3577 hanc
3188 3501 3551 3577 pfoplieticam
3588 3519 3601 3554 :
3629 3499 3770 3577 Fla:

469 3574 675 3650 gellasti
702 3595 807 3641 eos,
837 3588 883 3631 et
910 3596 1012 3632 non
1035 3579 1345 3643 doluerunt;
1370 3574 1656 3650 castigasti,
1687 3586 1735 3631 et
1771 3578 2049 3631 noluerunt
2096 3581 2326 3644 accipere
2377 3577 2725 3650 disciplinam.
2777 3574 3164 3650 Misericordiae
3185 3644 3197 3650 _
3216 3574 3307 3650 Dei
3328 3577 3579 3650 __imp_ut_at
3626 3574 3775 3650 quod

470 3644 630 3705 corda
660 3652 943 3720 furentium
966 3650 1299 3702 barbarorum
1330 3644 1574 3720 mitigare
1597 3649 1843 3717 dignatus
1872 3660 1967 3703 est.
1996 3650 2127 3717 Quae
2158 3652 2339 3702 omnia
2367 3644 2538 3717 magis
2574 3648 2805 3702 vastitati
2834 3644 3234 3720 Romanaanrbi
3266 3660 3299 3699 a
3328 3644 3576 3698 Vandalis
3610 3645 3776 3720 illatas

471 3716 767 3778 convenire
799 3722 1069 3785 vitientur,
1106 3736 1263 3787 quam
1297 3716 1580 3787 irruptioni
1608 3716 1805 3784 Attilae,
1837 3736 1865 3773 a
1898 3736 2004 3790 quo
2032 3721 2169 3775 Urbs
2222 3720 2357 3773 nihil
2405 3716 2587 3773 damni
2641 3734 2794 3787 passa
2852 3728 2954 3776 est,
3008 3716 3258 3790 barbaro,
3310 3726 3597 3790 antequam
3643 3716 3775 3790 illuc

469 3795 833 3862 irrumperet,
878 3786 1133 3845 divinitus
1165 3792 1425 3861 mitigato.
1461 3793 1565 3844 Sed
1601 3792 1715 3844 iure
1734 3786 1932 3845 clarius
1957 3793 2134 3845 adhuc
2155 3792 2370 3845 elucent
2394 3808 2455 3843 ex
2503 3792 2588 3846 liis
2609 3786 2799 3859 capitis
2827 3790 2851 3843 1
2889 3791 3066 3843 verbis
3091 3803 3105 3862 ς
3144 3787 3270 3862 Quis
3299 3786 3431 3841 hanc
3458 3788 3661 3862 urbem,
3684 3787 3773 3862 in-

470 3867 608 3935 quit,
642 3857 937 3934 reformavit
959 3864 1163 3935 solatii
1180 3857 1355 3930 quisa
1386 3863 1673 3927 captivitate
1694 3864 2047 3932 eruit?quisa
2077 3863 2214 3917 caule
2254 3863 2524 3935 defendit?
2582 3857 2729 3927 nec,
2780 3863 3017 3935 inquam,
3061 3859 3205 3935 clare
3247 3861 3477 3913 innuunt
3517 3857 3771 3935 de_Urbe

470 3930 502 3989 s
527 3930 779 3989 Vandalis
830 3946 1087 4003 occupata
1148 3934 1344 3987 Leonis
1384 3949 1690 3987 sermonem
1742 3949 1861 3987 esse
1899 3930 2326 4000 explicandum!
2356 3932 2527 3988 Nemo
2565 3935 2707 3988 enim
2761 3933 2919 3985 saluti
2950 3930 3470 4003 restituitur,inemo
3501 3930 3771 4003 eruitur-pa

470 4007 806 4077 captivitate,
839 4007 928 4073 qui
959 4000 1067 4077 non
1105 4006 1161 4077 in,
1190 4004 1423 4058 hostium
1451 4005 1613 4058 fuerit
1645 4014 1933 4073 potestate,
1977 4018 2031 4060 et
2061 4007 2217 4073 cujus
2269 4007 2417 4059 salus
2468 4004 2518 4058 in
2549 4020 2823 4059 summum
2866 4003 3154 4077 discrimen
3183 4001 3416 4077 adducta
3442 4000 3769 4077 n_ou_iuerit.

470 4072 717 4146 Denique
741 4072 883 4147 quod
908 4094 934 4128 ει
959 4076 1107 4131 caede
1136 4076 1412 4130 delenSam
1442 4072 1831 4130 commemorat
1854 4072 2149 4140 civitatein,
2185 4077 2406 4129 omnino
2428 4077 2680 4145 congruit
2708 4076 2961 4147 Miscellte
3008 4074 3244 4147 historia:
3277 4072 3594 4147 narrationi,
3646 4089 3773 4147 quae

468 4148 541 4202 ita
565 4144 726 4203 habet
758 4144 775 4201 Ξ
806 4166 825 4199 t
872 4148 1195 4202 Censericus
1225 4146 1484 4201 continuo
1510 4163 1729 4201 vacuam
1757 4149 2010 4214 praesidio
2040 4150 2312 4203 civitatem
2337 4149 2503 4215 capit,
2540 4144 2604 4202 et
2655 4162 2883 4201 occursu
2931 4144 3129 4199 Leonis
3178 4159 3330 4213 papae
3371 4145 3663 4213 mitigatus,
3698 4144 3771 4199 ab

476 4237 499 4270 e
536 4217 804 4285 incendio,
828 4220 1066 4273 cmdibus
1087 4230 1247 4282 atque
1270 4219 1552 4286 suppliciis
1578 4220 1765 4272 urbem
1791 4220 2085 4272 immunem
2112 4220 2366 4273 servavit.
2402 4237 2421 4269 ι
2460 4219 2624 4273 Porro
2648 4232 2952 4273 sermonem
2978 4219 3149 4284 ipsum
3206 4215 3260 4269 in
3313 4225 3497 4271 octava
3550 4224 3772 4286 aposto-

468 4289 647 4344 lorum
672 4290 874 4344 dicmm
915 4289 1079 4343 fuisse
1106 4305 1133 4341 a
1175 4290 1354 4343 Lemie
1379 4285 1594 4351 nostro,
1626 4291 1773 4343 solus
1798 4290 1983 4343 titulus
2012 4289 2250 4354 indicat;
2284 4289 2353 4344 de
2385 4289 2539 4358 cujus
2587 4290 2816 4345 veritate
2864 4297 3083 4358 propter
3113 4289 3392 4358 penuriam
3424 4285 3598 4358 codd.
3623 4302 3763 4341 mss.

468 4361 743 4431 inquirere
770 4378 875 4416 nou
910 4360 1060 4414 licuit
1090 4378 1104 4413 :
1135 4362 1325 4414 unicus
1353 4364 1494 4414 enim
1524 4360 1846 4425 Victorinus,
1884 4363 2036 4428 isque
2064 4361 2352 4415 admodum
2386 4356 2602 4423 recens,
2633 4361 2804 4415 adfuit
2838 4356 3013 4415 nobis.
3037 4359 3091 4431 Si
3116 4359 3235 4431 sola
3268 4356 3463 4431 Leonis
3492 4357 3655 4431 verba
3683 4365 3771 4431 at:

471 4428 689 4498 tentias,
722 4448 886 4487 unum
910 4433 1115 4485 clarum
1147 4442 1251 4495 est,
1286 4432 1524 4484 habitum
1560 4447 1683 4485 esse
1718 4448 2026 4485 sermonem
2060 4432 2203 4486 hunc
2234 4432 2390 4496 paulo
2421 4443 2542 4500 post
2572 4432 2970 4487 solemnitatem
3005 4429 3232 4497 publica:
3266 4428 3670 4498 supplicationis
3699 4429 3771 4483 ad

468 4502 531 4568 S.
568 4504 779 4558 Petrum
814 4503 1029 4557 indicite
1061 4504 1111 4555 iu
1144 4504 1434 4571 gratiarum
1468 4502 1733 4555 actionem
1767 4518 1864 4569 pro
1890 4503 2111 4555 liberata
2140 4504 2280 4557 Urbe
2302 4504 2370 4555 ab
2391 4504 2630 4558 exercitu
2678 4502 2880 4557 hostili.
2914 4502 3034 4556 Alio
3084 4512 3261 4554 autem
3317 4511 3560 4569 tempore
3599 4514 3773 4570 quam

468 4576 558 4642 qui
595 4576 677 4627 vel
708 4574 861 4641 festo,
897 4576 979 4628 vel
1006 4584 1209 4626 octavm
1241 4573 1606 4641 apostolorum
1631 4573 1842 4626 dicatus
1866 4584 1969 4637 est,
2020 4574 2338 4628 concionem
2381 4576 2533 4628 istam
2569 4574 2803 4627 habitam
2836 4587 2958 4628 esse
3006 4590 3034 4625 a
3082 4572 3349 4642 pontiﬁce,
3377 4580 3583 4635 nostro,
3639 4572 3775 4627 hinc

469 4641 688 4713 probari
719 4661 878 4715 posse
902 4646 1133 4707 videtur,
1166 4648 1305 4707 quod
1340 4654 1465 4697 tunc
1503 4646 1615 4715 ludi
1642 4643 1925 4698 Circenses
1960 4645 2009 4698 in
2039 4642 2189 4699 Urbe
2232 4645 2664 4709 celebrabantur,
2714 4659 2847 4714 quos
2885 4660 2940 4699 ιιι
2997 4643 3257 4715 kalendas
3306 4641 3522 4715 Martias
3572 4643 3776 4698 solitos

469 4730 591 4769 esse
618 4713 731 4768 dari
759 4732 823 4769 ex
849 4716 1023 4769 Ovidii
1046 4732 1080 4769 ll
1114 4716 1393 4771 Fastorum
1426 4714 1563 4766 eroit
1592 4713 1700 4767 Jul.
1731 4715 1867 4769 (ἔξω.
1903 4716 2255 4781 Bnlengerius
2298 4716 2389 4768 lib.
2424 4716 2491 4770 de
2518 4717 2680 4769 Circo
2718 4713 2875 4770 Korn.
2908 4726 2962 4770 et
2999 4714 3346 4769 Circensibus
3370 4713 3529 4779 ludis,
3552 4727 3677 4781 eap.
3712 4718 3769 4769 I.

473 4784 613 4840 Aliis
642 4788 800 4839 etiam
831 4788 1019 4841 diebus
1049 4785 1332 4840 Circenses
1358 4783 1466 4837 Indi
1502 4795 1754 4838 notantur
1787 4788 1836 4839 in
1872 4786 2192 4840 Cale-tidario
2219 4786 2463 4840 Romano
2488 4788 2555 4841 ab
2586 4786 2736 4841 Aldis
2764 4794 2819 4841 et
2863 4786 2932 4841 ab
2981 4787 3100 4840 aliis
3148 4788 3293 4841 edito
3348 4801 3415 4839 ex
3479 4784 3776 4841 Maﬂeiano

474 4871 784 4929 marmore;
817 4861 910 4911 sed
935 4873 1039 4929 non
1070 4858 1152 4909 vel
1176 4873 1240 4929 7m
1266 4856 1373 4929 kal.
1397 4856 1545 4929 Julii,
1572 4857 1622 4908 itt
1656 4873 1760 4925 quo
1794 4858 1985 4910 festum
2017 4860 2383 4927 apostolorum
2409 4860 2676 4927 occurrit,
2708 4860 2793 4914 vel
2837 4859 3013 4929 pridie
3058 4859 3240 4913 Nonas
3265 4855 3508 4927 ejusdem
3533 4857 3773 4922 mensis,

477 4927 532 4980 in
566 4943 671 4997 quo
692 4939 900 4983 octava.
936 4928 1069 4981 Huic
1100 4928 1239 4980 enim
1268 4928 1368 4979 soli
1396 4927 1738 4990 Apollinares
1772 4930 1876 4981 ludi
1908 4929 2163 4996 assignati
2198 4928 2464 4995 leguntur.
2500 4947 2519 4980 ι

536 4998 665 5052 Tria
686 5000 769 5051 hic
798 5001 990 5082 notavit
1032 4998 1341 5065 Quesnellus
1365 5013 1384 5052 :
1416 4997 1681 5064 Primum,
1712 5000 1777 5053 de
1798 5002 2085 5071 irruptione
2126 4998 2479 5054 Vandalorum
2508 5002 2809 5073 accipienda
2839 5018 2969 5069 esse,
2989 5015 3105 5071 qua:
3124 4998 3223 5054 hoc
3246 5000 3301 5055 in
3326 5012 3559 5056 sermone
3589 5001 3776 5071 contis

466 5083 675 5134 nentur,
708 5074 1022 5123 verissimum
1048 5078 1143 5122 est.

542 5132 728 5216 Quoad
753 5144 970 5216 alterum
997 5156 1133 5216 vero,
1168 5140 1221 5192 id
1248 5151 1331 5216 e_s_t
1359 5141 1587 5216 titulum.
1635 5139 1940 5216 luUOctavis
1969 5143 2340 5216 apostolorum
2376 5143 2514 5198 Petri
2545 5154 2590 5199 et
2633 5143 2806 5208 Pauli,
2841 5143 3263 5216 pi'tcmonenzlum
3284 5152 3357 5196 est
3387 5143 3522 5197 hunc
3552 5157 3768 5216 sermo-

464 5228 603 5285 nem,
628 5212 1001 5285 cujusﬂunicum
1019 5213 1240 5285 codicem
1271 5211 1592 5285 Victorinum
1616 5211 1814 5285 collect.
1845 5216 1876 5265 5
1899 5204 2205 5278 Quesnellus
2231 5216 2376 5277 vidit,
2402 5233 2434 5268 a
2460 5215 2603 5269 nobis
2624 5204 2887 5270 inventuiri
2910 5216 3067 5285 fuisse
3088 5217 3140 5268 in
3164 5232 3282 5269 mss.
3308 5225 3527 5282 quatuor
3548 5212 3777 5269 collect.

463 5284 520 5348 2,
551 5288 603 5348 5,
633 5278 735 5355 [et
767 5284 821 5345 5,
845 5298 905 5334 ac
930 5296 1173 5355 praeterea
1200 5284 1251 5335 in
1287 5282 1611 5336 Lectionario
1646 5284 1917 5355 Vallicell.
1949 5286 2007 5348 Α,
2042 5288 2093 5339 6.
2133 5286 2247 5341 Soli
2274 5287 2485 5355 quidem
2515 5288 2713 5341 codices
2738 5278 2940 5341 collect.
2970 5290 3024 5349 5,
3047 5286 3082 5338 4
3120 5297 3166 5339 et
3196 5287 3229 5341 5
3252 5278 3364 5338 eum
3389 5286 3597 5339 titulum
3622 5301 3781 5351 prtz-
3840 5278 3850 5286 ’

464 5355 653 5424 ferunt.
686 5354 925 5419 Quamvis
956 5369 1071 5405 vero
1106 5354 1237 5406 alius
1265 5355 1445 5407 titulus
1476 5357 1673 5425 legatur
1701 5356 1751 5408 in
1781 5354 1955 5409 tabula
1987 5374 2078 5411 ms.
2126 5354 2374 5411 Casanat.
2408 5359 2605 5411 collem.
2634 5364 2667 5411 2
2690 5368 2739 5413 et
2770 5361 2823 5412 in
2849 5357 3173 5413 Lectionario
3204 5357 3491 5423 Vallicell.,
3545 5372 3649 5409 non
3676 5366 3774 5411 ta—

468 5442 586 5479 men
630 5426 822 5479 idcirco
861 5425 943 5476 ltic
972 5440 1139 5477 sermo
1178 5442 1210 5477 a
1256 5428 1337 5478 die
1379 5437 1568 5479 octava:
1594 5426 1950 5496 apostolorum
1977 5427 2332 5482 excludendos
2365 5430 2483 5494 fuit.
2519 5428 2651 5482 Dum
2696 5432 2830 5482 enim
2862 5430 3036 5484 tabula
3062 5433 3255 5486 codicis
3278 5428 3519 5482 Casanat.
3544 5426 3781 5481 titulum

462 5497 665 5551 exhibet
694 5506 996 5574 argumento
1020 5497 1180 5574 ipsius
1198 5501 1446 5549 sermonis
1464 5509 1819 5574 congruentem
1842 5498 1920 5574 D_e
1946 5505 2188 5574 neglecta
2210 5501 2578 5574 solemnitate,
2606 5503 2705 5555 diei
2734 5510 2925 5555 octava:
2949 5517 3272 5574 nequaquam
3290 5500 3586 5574 opponitur:
3615 5496 3781 5574 Durn

462 5582 582 5622 vero
606 5585 701 5644 ms.
734 5564 991 5644 Vullicell.
1026 5572 1256 5644 eumdem
1278 5564 1578 5644 sermonem'
1592 5569 1829 5644 describit
1861 5564 2078 5625 Domiti
2101 5582 2215 5638 post
2248 5571 2444 5625 Natale
2474 5576 2828 5644 apostolorum
2856 5590 2971 5627 cum
3002 5564 3154 5627 titulo
3182 5593 3201 5631 :
3251 5564 3527 5644 SerintrS.
3555 5570 3782 5644 Leonis

466 5652 617 5705 papa:
638 5639 704 5715 ad
730 5642 1004 5715 populum,
1025 5640 1539 5715 animadvertendum
1561 5651 1630 5692 est
1656 5642 1727 5715 ita
1749 5640 1887 5694 hunc
1909 5659 2197 5697 sermonem
2220 5644 2274 5697 in
2299 5654 2475 5697 octava
2500 5639 2733 5697 habitum
2762 5646 2951 5698 ibidem
2982 5645 3255 5715 posteriori
3292 5659 3418 5715 ιευο⁸
3448 5642 3504 5715 in
3553 5642 3784 5715 divino-

462 5722 580 5780 rum
605 5710 893 5780 ofﬁciorum
920 5725 1068 5764 usum
1090 5710 1397 5764 translatum
1422 5713 1578 5779 fuisse
1606 5714 1673 5764 ad
1708 5723 2042 5767 memoratam
2064 5715 2391 5769 Dominicam
2419 5726 2613 5769 sextam
2636 5757 2649 5777 ,
2699 5717 2847 5768 sicuti
2876 5710 2991 5770 tres'
3005 5732 3263 5772 sermones
3291 5718 3353 5768 de
3381 5712 3621 5768 Collectis
3647 5728 3784 5766 cer-

461 5778 656 5861 tissime
683 5780 1045 5861 ltabitosinfra
1074 5796 1301 5861 octavam
1330 5778 1720 5861 εοξωηάεηιμρ
1733 5788 2012 5861 astolorum
2034 5787 2215 5840 eadem
2242 5789 2305 5840 de
2328 5804 2488 5861 causa
2510 5789 2561 5840 in
2592 5786 2768 5861 eodem
2790 5788 2965 5861 codice
2983 5786 3226 5861 descripti
3244 5786 3575 5861 inueniuntur
3594 5782 3788 5861 Dan}.

460 5850 517 5921 2,
552 5854 585 5909 3
621 5861 669 5907 et
696 5853 860 5921 ipost
882 5850 1111 5922 ipsorum
1132 5853 1346 5920 Natale,
1377 5853 1439 5909 de
1465 5871 1567 5921 quo
1601 5850 1710 5910 cide
1736 5859 2135 5914 admonitionem
2165 5860 2490 5926 prtemissam
2536 5859 2758 5912 sermoni
2803 5858 2858 5915 6.
2900 5857 3042 5915 Hinc
3088 5850 3340 5926 eiusmodi
3390 5870 3687 5913 sermonem
3716 5856 3787 5912 in
