  <div class='ocr_page' id='page_1' title='image "/cluster/home/n/w/nwhite01/storage/ocr_20150623/54/hvd.32044015471584/220.png"; bbox 0 0 3980 6352; ppageno 0'>
   <div class='ocr_carea' id='block_1_1' title="bbox 240 445 352 508">
    <p class='ocr_par' dir='ltr' id='par_1_1' title="bbox 240 445 352 508">
     <span class='ocr_line' id='line_1_1' title="bbox 240 445 352 508; baseline 0 -2"><span class='ocrx_word' id='word_1_1' title='bbox 240 445 352 508; x_wconf 62' lang='grc' dir='ltr'><strong><em>ωδ</em></strong></span> 
     </span>
    </p>
   </div>
   <div class='ocr_carea' id='block_1_2' title="bbox 1662 444 2189 505">
    <p class='ocr_par' dir='ltr' id='par_1_2' title="bbox 1662 444 2189 505">
     <span class='ocr_line' id='line_1_2' title="bbox 1662 444 2189 505; baseline -0.004 -1"><span class='ocrx_word' id='word_1_2' title='bbox 1662 445 1890 505; x_wconf 83' lang='lat' dir='ltr'><strong><em>SERMO</em></strong></span> <span class='ocrx_word' id='word_1_3' title='bbox 1928 446 2016 499; x_wconf 82' lang='lat' dir='ltr'><strong><em>LX</em></strong></span> <span class='ocrx_word' id='word_1_4' title='bbox 2029 444 2189 502; x_wconf 73' lang='lat' dir='ltr'><strong>XXV.</strong></span> 
     </span>
    </p>
   </div>
   <div class='ocr_carea' id='block_1_3' title="bbox 3438 443 3549 509">
    <p class='ocr_par' dir='ltr' id='par_1_3' title="bbox 3438 443 3549 509">
     <span class='ocr_line' id='line_1_3' title="bbox 3438 443 3549 509; baseline 0.027 -3"><span class='ocrx_word' id='word_1_5' title='bbox 3438 443 3549 509; x_wconf 67' lang='grc'><strong><em>436</em></strong></span> 
     </span>
    </p>
   </div>
   <div class='ocr_carea' id='block_1_4' title="bbox 237 524 3541 639">
    <p class='ocr_par' dir='ltr' id='par_1_4' title="bbox 237 524 3541 639">
     <span class='ocr_line' id='line_1_4' title="bbox 237 524 3541 639; baseline 0.002 -21"><span class='ocrx_word' id='word_1_6' title='bbox 237 576 421 639; x_wconf 79' lang='lat' dir='ltr'><strong><em>octava</em></strong></span> <span class='ocrx_word' id='word_1_7' title='bbox 444 567 811 639; x_wconf 78' lang='lat' dir='ltr'><strong><em>apostolorum,</em></strong></span> <span class='ocrx_word' id='word_1_8' title='bbox 842 565 897 619; x_wconf 89' lang='lat' dir='ltr'><strong><em>id</em></strong></span> <span class='ocrx_word' id='word_1_9' title='bbox 926 575 998 621; x_wconf 87' lang='lat' dir='ltr'><strong><em>est</em></strong></span> <span class='ocrx_word' id='word_1_10' title='bbox 1029 566 1167 637; x_wconf 90' lang='lat' dir='ltr'><strong><em>prid.</em></strong></span> <span class='ocrx_word' id='word_1_11' title='bbox 1190 581 1313 620; x_wconf 89' lang='lat' dir='ltr'><strong><em>non.</em></strong></span> <span class='ocrx_word' id='word_1_12' title='bbox 1341 562 1479 620; x_wconf 75' lang='lat' dir='ltr'><strong><em>Julii</em></strong></span> <span class='ocrx_word' id='word_1_13' title='bbox 1496 564 1783 629; x_wconf 79' lang='lat' dir='ltr'><strong><em>recitatum,</em></strong></span> <span class='ocrx_word' id='word_1_14' title='bbox 1813 561 1946 617; x_wconf 83' lang='lat' dir='ltr'><strong><em>nihil</em></strong></span> <span class='ocrx_word' id='word_1_15' title='bbox 1966 563 2328 633; x_wconf 79' lang='lat' dir='ltr'><strong><em>ambigendum</em></strong></span> <span class='ocrx_word' id='word_1_16' title='bbox 2354 572 2449 619; x_wconf 88' lang='lat' dir='ltr'><strong><em>est.</em></strong></span> <span class='ocrx_word' id='word_1_17' title='bbox 2497 563 2566 619; x_wconf 82' lang='lat' dir='ltr'><strong><em>Et</em></strong></span> <span class='ocrx_word' id='word_1_18' title='bbox 2591 565 2693 620; x_wconf 88' lang='lat' dir='ltr'><strong><em>diei</em></strong></span> <span class='ocrx_word' id='word_1_19' title='bbox 2740 575 2945 631; x_wconf 64' lang='lat' dir='ltr'><strong><em>octavae</em></strong></span> <span class='ocrx_word' id='word_1_20' title='bbox 2969 575 3025 623; x_wconf 88' lang='lat' dir='ltr'><strong><em>et</em></strong></span> <span class='ocrx_word' id='word_1_21' title='bbox 3062 566 3321 639; x_wconf 66' lang='lat' dir='ltr'><strong><em>neglecte</em></strong></span> <span class='ocrx_word' id='word_1_22' title='bbox 3338 524 3541 626; x_wconf 79' lang='lat' dir='ltr'><strong><em>solem-</em></strong></span> 
     </span>
    </p>
   </div>
   <div class='ocr_carea' id='block_1_5' title="bbox 238 636 1005 693">
    <p class='ocr_par' dir='ltr' id='par_1_5' title="bbox 238 636 1005 693">
     <span class='ocr_line' id='line_1_5' title="bbox 238 636 1005 693; baseline 0.001 -2"><span class='ocrx_word' id='word_1_23' title='bbox 238 638 430 692; x_wconf 84' lang='lat' dir='ltr'><strong><em>nitatis</em></strong></span> <span class='ocrx_word' id='word_1_24' title='bbox 446 636 651 691; x_wconf 88' lang='lat' dir='ltr'><strong><em>titulum</em></strong></span> <span class='ocrx_word' id='word_1_25' title='bbox 680 638 1005 693; x_wconf 89' lang='lat' dir='ltr'><strong><em>retinuimus.</em></strong></span> 
     </span>
    </p>
   </div>
   <div class='ocr_carea' id='block_1_6' title="bbox 304 705 3541 782">
    <p class='ocr_par' dir='ltr' id='par_1_6' title="bbox 304 705 3541 782">
     <span class='ocr_line' id='line_1_6' title="bbox 304 705 3541 782; baseline 0.002 -20"><span class='ocrx_word' id='word_1_26' title='bbox 304 708 567 782; x_wconf 79' lang='lat' dir='ltr'><strong><em>Tertium,</em></strong></span> <span class='ocrx_word' id='word_1_27' title='bbox 596 726 697 775; x_wconf 87' lang='lat' dir='ltr'><strong><em>quo</em></strong></span> <span class='ocrx_word' id='word_1_28' title='bbox 720 726 781 782; x_wconf 79' lang='lat' dir='ltr'><strong><em>ea:</em></strong></span> <span class='ocrx_word' id='word_1_29' title='bbox 813 709 995 763; x_wconf 86' lang='lat' dir='ltr'><strong><em>Leonis</em></strong></span> <span class='ocrx_word' id='word_1_30' title='bbox 1024 708 1186 763; x_wconf 92' lang='lat' dir='ltr'><strong><em>verbis</em></strong></span> <span class='ocrx_word' id='word_1_31' title='bbox 1214 708 1441 782; x_wconf 88' lang='lat' dir='ltr'><strong><em>claru_m_</em></strong></span> <span class='ocrx_word' id='word_1_32' title='bbox 1471 706 1676 782; x_wconf 73' lang='lat' dir='ltr'><strong><em>quidem</em></strong></span> <span class='ocrx_word' id='word_1_33' title='bbox 1728 705 2045 782; x_wconf 77' lang='lat' dir='ltr'><strong><em>Qnesnellus</em></strong></span> <span class='ocrx_word' id='word_1_34' title='bbox 2085 710 2271 775; x_wconf 78' lang='lat' dir='ltr'><strong><em>fatetur</em></strong></span> <span class='ocrx_word' id='word_1_35' title='bbox 2291 747 2305 768; x_wconf 88' lang='lat'><strong><em>.</em></strong></span> <span class='ocrx_word' id='word_1_36' title='bbox 2355 708 2587 782; x_wconf 85' lang='lat' dir='ltr'><strong><em>habitum</em></strong></span> <span class='ocrx_word' id='word_1_37' title='bbox 2616 725 2726 763; x_wconf 87' lang='lat' dir='ltr'><strong><em>esse</em></strong></span> <span class='ocrx_word' id='word_1_38' title='bbox 2758 726 3041 765; x_wconf 78' lang='lat' dir='ltr'><strong><em>sermonem</em></strong></span> <span class='ocrx_word' id='word_1_39' title='bbox 3066 710 3204 765; x_wconf 80' lang='lat' dir='ltr'><strong><em>hunc</em></strong></span> <span class='ocrx_word' id='word_1_40' title='bbox 3233 708 3391 782; x_wconf 86' lang='lat' dir='ltr'><strong><em>paulo</em></strong></span> <span class='ocrx_word' id='word_1_41' title='bbox 3421 720 3541 780; x_wconf 79' lang='lat' dir='ltr'><strong><em>post</em></strong></span> 
     </span>
    </p>
   </div>
   <div class='ocr_carea' id='block_1_7' title="bbox 234 778 3537 852">
    <p class='ocr_par' dir='ltr' id='par_1_7' title="bbox 234 778 3537 852">
     <span class='ocr_line' id='line_1_7' title="bbox 234 778 3537 852; baseline 0.001 -19"><span class='ocrx_word' id='word_1_42' title='bbox 234 781 615 852; x_wconf 80' lang='lat' dir='ltr'><strong><em>solemnitatem</em></strong></span> <span class='ocrx_word' id='word_1_43' title='bbox 649 781 861 848; x_wconf 71' lang='lat' dir='ltr'><strong><em>publica:</em></strong></span> <span class='ocrx_word' id='word_1_44' title='bbox 887 782 1284 852; x_wconf 83' lang='lat' dir='ltr'><strong><em>supplicationis</em></strong></span> <span class='ocrx_word' id='word_1_45' title='bbox 1310 780 1378 834; x_wconf 88' lang='lat' dir='ltr'><strong><em>ad</em></strong></span> <span class='ocrx_word' id='word_1_46' title='bbox 1404 779 1465 835; x_wconf 87' lang='lat' dir='ltr'><strong><em>S.</em></strong></span> <span class='ocrx_word' id='word_1_47' title='bbox 1502 778 1709 852; x_wconf 86' lang='lat' dir='ltr'><strong><em>Petrum</em></strong></span> <span class='ocrx_word' id='word_1_48' title='bbox 1736 778 1949 831; x_wconf 77' lang='lat' dir='ltr'><strong><em>indicta:</em></strong></span> <span class='ocrx_word' id='word_1_49' title='bbox 1994 778 2056 830; x_wconf 91' lang='lat' dir='ltr'><strong><em>ob</em></strong></span> <span class='ocrx_word' id='word_1_50' title='bbox 2087 782 2371 847; x_wconf 83' lang='lat' dir='ltr'><strong><em>gratiarum</em></strong></span> <span class='ocrx_word' id='word_1_51' title='bbox 2402 780 2656 852; x_wconf 83' lang='lat' dir='ltr'><strong><em>actionem</em></strong></span> <span class='ocrx_word' id='word_1_52' title='bbox 2680 797 2774 846; x_wconf 90' lang='lat' dir='ltr'><strong><em>pro</em></strong></span> <span class='ocrx_word' id='word_1_53' title='bbox 2813 784 3027 837; x_wconf 90' lang='lat' dir='ltr'><strong><em>liberata</em></strong></span> <span class='ocrx_word' id='word_1_54' title='bbox 3056 782 3193 837; x_wconf 90' lang='lat' dir='ltr'><strong><em>Urbe</em></strong></span> <span class='ocrx_word' id='word_1_55' title='bbox 3220 778 3283 837; x_wconf 83' lang='lat' dir='ltr'><strong><em>ab</em></strong></span> <span class='ocrx_word' id='word_1_56' title='bbox 3308 778 3537 838; x_wconf 67' lang='lat' dir='ltr'><strong><em>exercitu</em></strong></span> 
     </span>
    </p>
   </div>
   <div class='ocr_carea' id='block_1_8' title="bbox 236 851 2088 919">
    <p class='ocr_par' dir='ltr' id='par_1_8' title="bbox 236 851 2088 919">
     <span class='ocr_line' id='line_1_8' title="bbox 236 851 2088 919; baseline -0.002 -15"><span class='ocrx_word' id='word_1_57' title='bbox 236 851 420 905; x_wconf 74' lang='lat' dir='ltr'><strong><em>hostili</em></strong></span> <span class='ocrx_word' id='word_1_58' title='bbox 442 870 459 911; x_wconf 83' lang='lat'><strong>:</strong></span> <span class='ocrx_word' id='word_1_59' title='bbox 484 854 571 905; x_wconf 85' lang='lat' dir='ltr'><strong><em>sed</em></strong></span> <span class='ocrx_word' id='word_1_60' title='bbox 592 852 950 919; x_wconf 83' lang='lat' dir='ltr'><strong><em>difﬁcultatem</em></strong></span> <span class='ocrx_word' id='word_1_61' title='bbox 990 851 1151 906; x_wconf 78' lang='lat' dir='ltr'><strong><em>movet</em></strong></span> <span class='ocrx_word' id='word_1_62' title='bbox 1182 869 1245 905; x_wconf 76' lang='lat' dir='ltr'><strong><em>ea:</em></strong></span> <span class='ocrx_word' id='word_1_63' title='bbox 1282 854 1382 915; x_wconf 91' lang='lat' dir='ltr'><strong><em>die,</em></strong></span> <span class='ocrx_word' id='word_1_64' title='bbox 1425 867 1539 905; x_wconf 89' lang='lat' dir='ltr'><strong><em>cum</em></strong></span> <span class='ocrx_word' id='word_1_65' title='bbox 1561 851 1617 903; x_wconf 89' lang='lat' dir='ltr'><strong><em>in</em></strong></span> <span class='ocrx_word' id='word_1_66' title='bbox 1639 866 1872 903; x_wconf 79' lang='lat' dir='ltr'><strong><em>sermone</em></strong></span> <span class='ocrx_word' id='word_1_67' title='bbox 1901 854 2088 901; x_wconf 87' lang='lat' dir='ltr'><strong><em>ntentio</em></strong></span> 
     </span>
    </p>
   </div>
   <div class='ocr_carea' id='block_1_9' title="bbox 2144 850 3540 921">
    <p class='ocr_par' dir='ltr' id='par_1_9' title="bbox 2144 850 3540 921">
     <span class='ocr_line' id='line_1_9' title="bbox 2144 850 3540 921; baseline 0.004 -18"><span class='ocrx_word' id='word_1_68' title='bbox 2144 852 2235 919; x_wconf 80' lang='lat' dir='ltr'><strong><em>ﬁat</em></strong></span> <span class='ocrx_word' id='word_1_69' title='bbox 2271 852 2511 903; x_wconf 90' lang='lat' dir='ltr'><strong><em>ludorum</em></strong></span> <span class='ocrx_word' id='word_1_70' title='bbox 2546 850 2899 917; x_wconf 79' lang='lat' dir='ltr'><strong><em>Circensium;</em></strong></span> <span class='ocrx_word' id='word_1_71' title='bbox 2941 855 2993 906; x_wconf 87' lang='lat' dir='ltr'><strong><em>hi</em></strong></span> <span class='ocrx_word' id='word_1_72' title='bbox 3032 867 3200 907; x_wconf 85' lang='lat' dir='ltr'><strong><em>autem</em></strong></span> <span class='ocrx_word' id='word_1_73' title='bbox 3230 856 3279 907; x_wconf 89' lang='lat' dir='ltr'><strong><em>in</em></strong></span> <span class='ocrx_word' id='word_1_74' title='bbox 3311 855 3540 921; x_wconf 80' lang='lat' dir='ltr'><strong><em>antiquis</em></strong></span> 
     </span>
    </p>
   </div>
   <div class='ocr_carea' id='block_1_10' title="bbox 235 921 3534 995">
    <p class='ocr_par' dir='ltr' id='par_1_10' title="bbox 235 921 3534 995">
     <span class='ocr_line' id='line_1_10' title="bbox 235 921 3534 995; baseline 0.001 -20"><span class='ocrx_word' id='word_1_75' title='bbox 235 922 569 976; x_wconf 81' lang='lat' dir='ltr'><strong><em>Calendariis</em></strong></span> <span class='ocrx_word' id='word_1_76' title='bbox 597 940 695 975; x_wconf 82' lang='lat' dir='ltr'><strong><em>non</em></strong></span> <span class='ocrx_word' id='word_1_77' title='bbox 726 934 960 977; x_wconf 81' lang='lat' dir='ltr'><strong><em>notentur</em></strong></span> <span class='ocrx_word' id='word_1_78' title='bbox 986 923 1149 977; x_wconf 84' lang='lat' dir='ltr'><strong><em>habiti</em></strong></span> <span class='ocrx_word' id='word_1_79' title='bbox 1176 926 1227 976; x_wconf 90' lang='lat' dir='ltr'><strong><em>in</em></strong></span> <span class='ocrx_word' id='word_1_80' title='bbox 1254 924 1336 978; x_wconf 91' lang='lat' dir='ltr'><strong><em>die</em></strong></span> <span class='ocrx_word' id='word_1_81' title='bbox 1361 933 1551 977; x_wconf 77' lang='lat' dir='ltr'><strong><em>octava:</em></strong></span> <span class='ocrx_word' id='word_1_82' title='bbox 1576 922 1927 995; x_wconf 74' lang='lat' dir='ltr'><strong><em>apostolorum</em></strong></span> <span class='ocrx_word' id='word_1_83' title='bbox 1957 962 1972 983; x_wconf 91' lang='lat'><strong><em>,</em></strong></span> <span class='ocrx_word' id='word_1_84' title='bbox 2025 921 2105 995; x_wconf 84' lang='lat' dir='ltr'><strong><em>cui</em></strong></span> <span class='ocrx_word' id='word_1_85' title='bbox 2132 922 2229 974; x_wconf 74' lang='lat' dir='ltr'><strong><em>soli</em></strong></span> <span class='ocrx_word' id='word_1_86' title='bbox 2265 924 2373 995; x_wconf 78' lang='lat' dir='ltr'><strong><em>ludi</em></strong></span> <span class='ocrx_word' id='word_1_87' title='bbox 2404 921 2736 995; x_wconf 72' lang='lat' dir='ltr'><strong><em>Apollinares</em></strong></span> <span class='ocrx_word' id='word_1_88' title='bbox 2759 926 3125 995; x_wconf 84' lang='lat' dir='ltr'><strong><em>assignantur;</em></strong></span> <span class='ocrx_word' id='word_1_89' title='bbox 3155 925 3272 984; x_wconf 84' lang='lat' dir='ltr'><strong><em>hcc.</em></strong></span> <span class='ocrx_word' id='word_1_90' title='bbox 3300 927 3534 995; x_wconf 71' lang='lat' dir='ltr'><strong><em>inquam,</em></strong></span> 
     </span>
    </p>
   </div>
   <div class='ocr_carea' id='block_1_11' title="bbox 230 989 3533 1066">
    <p class='ocr_par' dir='ltr' id='par_1_11' title="bbox 230 989 3533 1066">
     <span class='ocr_line' id='line_1_11' title="bbox 230 989 3533 1066; baseline 0.001 -20"><span class='ocrx_word' id='word_1_91' title='bbox 230 997 445 1046; x_wconf 76' lang='lat' dir='ltr'><strong><em>tertium</em></strong></span> <span class='ocrx_word' id='word_1_92' title='bbox 474 1004 525 1046; x_wconf 83' lang='lat' dir='ltr'><strong><em>ut</em></strong></span> <span class='ocrx_word' id='word_1_93' title='bbox 552 996 702 1059; x_wconf 82' lang='lat' dir='ltr'><strong><em>probe</em></strong></span> <span class='ocrx_word' id='word_1_94' title='bbox 730 996 1051 1066; x_wconf 71' lang='lat' dir='ltr'><strong><em>concilietur,</em></strong></span> <span class='ocrx_word' id='word_1_95' title='bbox 1082 997 1317 1065; x_wconf 77' lang='lat' dir='ltr'><strong><em>qutedam</em></strong></span> <span class='ocrx_word' id='word_1_96' title='bbox 1337 995 1671 1062; x_wconf 73' lang='lat' dir='ltr'><strong><em>prtenotanda</em></strong></span> <span class='ocrx_word' id='word_1_97' title='bbox 1702 1003 1837 1045; x_wconf 88' lang='lat' dir='ltr'><strong><em>sunt.</em></strong></span> <span class='ocrx_word' id='word_1_98' title='bbox 1871 989 1999 1045; x_wconf 86' lang='lat' dir='ltr'><strong><em>Cum</em></strong></span> <span class='ocrx_word' id='word_1_99' title='bbox 2028 993 2080 1045; x_wconf 89' lang='lat' dir='ltr'><strong><em>in</em></strong></span> <span class='ocrx_word' id='word_1_100' title='bbox 2107 994 2323 1047; x_wconf 68' lang='lat' dir='ltr'><strong><em>elordio</em></strong></span> <span class='ocrx_word' id='word_1_101' title='bbox 2354 989 2601 1046; x_wconf 86' lang='lat' dir='ltr'><strong><em>sermonis</em></strong></span> <span class='ocrx_word' id='word_1_102' title='bbox 2656 992 2715 1048; x_wconf 92' lang='lat' dir='ltr'><strong><em>S.</em></strong></span> <span class='ocrx_word' id='word_1_103' title='bbox 2750 989 2981 1060; x_wconf 76' lang='lat' dir='ltr'><strong><em>pontifex</em></strong></span> <span class='ocrx_word' id='word_1_104' title='bbox 3000 989 3241 1066; x_wconf 84' lang='lat' dir='ltr'><strong><em>queratur</em></strong></span> <span class='ocrx_word' id='word_1_105' title='bbox 3263 999 3326 1050; x_wconf 89' lang='lat' dir='ltr'><strong><em>de</em></strong></span> <span class='ocrx_word' id='word_1_106' title='bbox 3353 989 3533 1062; x_wconf 51' lang='lat' dir='ltr'><strong><em>pauci;</em></strong></span> 
     </span>
    </p>
   </div>
   <div class='ocr_carea' id='block_1_12' title="bbox 228 1064 3522 1136">
    <p class='ocr_par' dir='ltr' id='par_1_12' title="bbox 228 1064 3522 1136">
     <span class='ocr_line' id='line_1_12' title="bbox 228 1064 3522 1136; baseline 0.001 -20"><span class='ocrx_word' id='word_1_107' title='bbox 228 1074 332 1117; x_wconf 88' lang='lat' dir='ltr'><strong><em>tate</em></strong></span> <span class='ocrx_word' id='word_1_108' title='bbox 360 1067 781 1119; x_wconf 76' lang='lat' dir='ltr'><strong><em>concurrentium</em></strong></span> <span class='ocrx_word' id='word_1_109' title='bbox 816 1066 883 1118; x_wconf 88' lang='lat' dir='ltr'><strong><em>ad</em></strong></span> <span class='ocrx_word' id='word_1_110' title='bbox 917 1064 1059 1120; x_wconf 89' lang='lat' dir='ltr'><strong><em>Petri</em></strong></span> <span class='ocrx_word' id='word_1_111' title='bbox 1082 1064 1369 1131; x_wconf 76' lang='lat' dir='ltr'><strong><em>ecclesiam,</em></strong></span> <span class='ocrx_word' id='word_1_112' title='bbox 1413 1082 1524 1136; x_wconf 90' lang='lat' dir='ltr'><strong><em>quo_</em></strong></span> <span class='ocrx_word' id='word_1_113' title='bbox 1544 1066 1664 1115; x_wconf 87' lang='lat' dir='ltr'><strong><em>olint</em></strong></span> <span class='ocrx_word' id='word_1_114' title='bbox 1697 1073 1920 1136; x_wconf 75' lang='lat' dir='ltr'><strong><em>cunctus</em></strong></span> <span class='ocrx_word' id='word_1_115' title='bbox 1942 1069 2176 1136; x_wconf 69' lang='lat' dir='ltr'><strong><em>pOpnIus</em></strong></span> <span class='ocrx_word' id='word_1_116' title='bbox 2209 1066 2272 1118; x_wconf 89' lang='lat' dir='ltr'><strong><em>ad</em></strong></span> <span class='ocrx_word' id='word_1_117' title='bbox 2308 1066 2567 1136; x_wconf 80' lang='lat' dir='ltr'><strong><em>agendas</em></strong></span> <span class='ocrx_word' id='word_1_118' title='bbox 2595 1066 2793 1133; x_wconf 75' lang='lat' dir='ltr'><strong><em>gratias</em></strong></span> <span class='ocrx_word' id='word_1_119' title='bbox 2817 1064 3145 1130; x_wconf 82' lang='lat' dir='ltr'><strong><em>conﬂuebat,</em></strong></span> <span class='ocrx_word' id='word_1_120' title='bbox 3171 1071 3295 1121; x_wconf 82' lang='lat' dir='ltr'><strong><em>satis</em></strong></span> <span class='ocrx_word' id='word_1_121' title='bbox 3326 1070 3522 1121; x_wconf 85' lang='lat' dir='ltr'><strong><em>tndtcat</em></strong></span> 
     </span>
    </p>
   </div>
   <div class='ocr_carea' id='block_1_13' title="bbox 228 1133 3526 1207">
    <p class='ocr_par' dir='ltr' id='par_1_13' title="bbox 228 1133 3526 1207">
     <span class='ocr_line' id='line_1_13' title="bbox 228 1133 3526 1207; baseline 0.001 -19"><span class='ocrx_word' id='word_1_122' title='bbox 228 1150 524 1189; x_wconf 81' lang='lat' dir='ltr'><strong><em>sermonem</em></strong></span> <span class='ocrx_word' id='word_1_123' title='bbox 554 1137 781 1189; x_wconf 83' lang='lat' dir='ltr'><strong><em>habitum</em></strong></span> <span class='ocrx_word' id='word_1_124' title='bbox 830 1155 931 1190; x_wconf 92' lang='lat' dir='ltr'><strong><em>non</em></strong></span> <span class='ocrx_word' id='word_1_125' title='bbox 981 1140 1146 1207; x_wconf 89' lang='lat' dir='ltr'><strong><em>primo</em></strong></span> <span class='ocrx_word' id='word_1_126' title='bbox 1174 1155 1331 1201; x_wconf 83' lang='lat' dir='ltr'><strong><em>anno,</em></strong></span> <span class='ocrx_word' id='word_1_127' title='bbox 1363 1133 1463 1207; x_wconf 78' lang='lat' dir='ltr'><strong><em>quo</em></strong></span> <span class='ocrx_word' id='word_1_128' title='bbox 1488 1134 1653 1189; x_wconf 81' lang='lat' dir='ltr'><strong><em>Roma</em></strong></span> <span class='ocrx_word' id='word_1_129' title='bbox 1675 1152 1705 1187; x_wconf 90' lang='lat' dir='ltr'><strong><em>a</em></strong></span> <span class='ocrx_word' id='word_1_130' title='bbox 1742 1133 1991 1188; x_wconf 78' lang='lat' dir='ltr'><strong><em>Vandalis</em></strong></span> <span class='ocrx_word' id='word_1_131' title='bbox 2016 1144 2166 1205; x_wconf 90' lang='lat' dir='ltr'><strong><em>capta</em></strong></span> <span class='ocrx_word' id='word_1_132' title='bbox 2187 1145 2232 1187; x_wconf 90' lang='lat' dir='ltr'><strong><em>et</em></strong></span> <span class='ocrx_word' id='word_1_133' title='bbox 2256 1134 2473 1188; x_wconf 87' lang='lat' dir='ltr'><strong><em>liberata</em></strong></span> <span class='ocrx_word' id='word_1_134' title='bbox 2502 1138 2624 1207; x_wconf 80' lang='lat' dir='ltr'><strong><em>fuit,</em></strong></span> <span class='ocrx_word' id='word_1_135' title='bbox 2658 1137 2711 1187; x_wconf 93' lang='lat' dir='ltr'><strong><em>id</em></strong></span> <span class='ocrx_word' id='word_1_136' title='bbox 2742 1144 2815 1188; x_wconf 83' lang='lat' dir='ltr'><strong><em>est</em></strong></span> <span class='ocrx_word' id='word_1_137' title='bbox 2843 1154 2930 1190; x_wconf 92' lang='lat' dir='ltr'><strong><em>an.</em></strong></span> <span class='ocrx_word' id='word_1_138' title='bbox 2964 1137 3071 1191; x_wconf 77' lang='grc'><strong><em>455</em></strong></span> <span class='ocrx_word' id='word_1_139' title='bbox 3110 1145 3193 1206; x_wconf 88' lang='lat' dir='ltr'><strong><em>(eo</em></strong></span> <span class='ocrx_word' id='word_1_140' title='bbox 3213 1139 3346 1191; x_wconf 90' lang='lat' dir='ltr'><strong><em>enim</em></strong></span> <span class='ocrx_word' id='word_1_141' title='bbox 3379 1140 3526 1191; x_wconf 87' lang='lat' dir='ltr'><strong><em>initio</em></strong></span> 
     </span>
    </p>
   </div>
   <div class='ocr_carea' id='block_1_14' title="bbox 230 1206 3532 1280">
    <p class='ocr_par' dir='ltr' id='par_1_14' title="bbox 230 1206 3532 1280">
     <span class='ocr_line' id='line_1_14' title="bbox 230 1206 3532 1280; baseline 0.002 -22"><span class='ocrx_word' id='word_1_142' title='bbox 230 1211 409 1279; x_wconf 75' lang='lat' dir='ltr'><strong><em>major</em></strong></span> <span class='ocrx_word' id='word_1_143' title='bbox 444 1218 557 1260; x_wconf 88' lang='lat' dir='ltr'><strong><em>erat</em></strong></span> <span class='ocrx_word' id='word_1_144' title='bbox 574 1209 640 1260; x_wconf 93' lang='lat' dir='ltr'><strong><em>ad</em></strong></span> <span class='ocrx_word' id='word_1_145' title='bbox 671 1208 955 1280; x_wconf 72' lang='lat' dir='ltr'><strong><em>Eeclesiam</em></strong></span> <span class='ocrx_word' id='word_1_146' title='bbox 984 1206 1318 1277; x_wconf 87' lang='lat' dir='ltr'><strong><em>concursus),</em></strong></span> <span class='ocrx_word' id='word_1_147' title='bbox 1354 1206 1439 1261; x_wconf 86' lang='lat' dir='ltr'><strong><em>sed</em></strong></span> <span class='ocrx_word' id='word_1_148' title='bbox 1494 1210 1692 1275; x_wconf 83' lang='lat' dir='ltr'><strong><em>aliquot</em></strong></span> <span class='ocrx_word' id='word_1_149' title='bbox 1740 1207 1888 1260; x_wconf 89' lang='lat' dir='ltr'><strong><em>annis</em></strong></span> <span class='ocrx_word' id='word_1_150' title='bbox 1932 1215 2065 1275; x_wconf 87' lang='lat' dir='ltr'><strong><em>post,</em></strong></span> <span class='ocrx_word' id='word_1_151' title='bbox 2114 1223 2229 1261; x_wconf 89' lang='lat' dir='ltr'><strong><em>cum</em></strong></span> <span class='ocrx_word' id='word_1_152' title='bbox 2272 1207 2491 1277; x_wconf 90' lang='lat' dir='ltr'><strong><em>pristina</em></strong></span> <span class='ocrx_word' id='word_1_153' title='bbox 2529 1206 2725 1261; x_wconf 84' lang='lat' dir='ltr'><strong><em>devotio</em></strong></span> <span class='ocrx_word' id='word_1_154' title='bbox 2746 1207 3086 1280; x_wconf 86' lang='lat' dir='ltr'><strong><em>refriguerat;</em></strong></span> <span class='ocrx_word' id='word_1_155' title='bbox 3116 1226 3178 1262; x_wconf 88' lang='lat' dir='ltr'><strong><em>ac</em></strong></span> <span class='ocrx_word' id='word_1_156' title='bbox 3204 1211 3417 1279; x_wconf 81' lang='lat' dir='ltr'><strong><em>proinde</em></strong></span> <span class='ocrx_word' id='word_1_157' title='bbox 3448 1212 3532 1263; x_wconf 89' lang='lat' dir='ltr'><strong><em>hic</em></strong></span> 
     </span>
    </p>
   </div>
   <div class='ocr_carea' id='block_1_15' title="bbox 224 1279 1473 1350">
    <p class='ocr_par' dir='ltr' id='par_1_15' title="bbox 224 1279 1473 1350">
     <span class='ocr_line' id='line_1_15' title="bbox 224 1279 1473 1350; baseline 0.002 -19"><span class='ocrx_word' id='word_1_158' title='bbox 224 1292 400 1350; x_wconf 65' lang='lat' dir='ltr'><strong><em>territo</em></strong></span> <span class='ocrx_word' id='word_1_159' title='bbox 432 1281 504 1332; x_wconf 87' lang='lat' dir='ltr'><strong><em>ad</em></strong></span> <span class='ocrx_word' id='word_1_160' title='bbox 527 1288 808 1343; x_wconf 86' lang='lat' dir='ltr'><strong><em>postremos</em></strong></span> <span class='ocrx_word' id='word_1_161' title='bbox 836 1279 1019 1333; x_wconf 87' lang='lat' dir='ltr'><strong><em>Leonis</em></strong></span> <span class='ocrx_word' id='word_1_162' title='bbox 1048 1297 1209 1333; x_wconf 85' lang='lat' dir='ltr'><strong><em>annos</em></strong></span> <span class='ocrx_word' id='word_1_163' title='bbox 1239 1282 1473 1350; x_wconf 81' lang='lat' dir='ltr'><strong><em>pertinet.</em></strong></span> 
     </span>
    </p>
   </div>
   <div class='ocr_carea' id='block_1_16' title="bbox 297 1348 3545 1422">
    <p class='ocr_par' dir='ltr' id='par_1_16' title="bbox 297 1348 3545 1422">
     <span class='ocr_line' id='line_1_16' title="bbox 297 1348 3545 1422; baseline 0.001 -19"><span class='ocrx_word' id='word_1_164' title='bbox 297 1349 384 1403; x_wconf 75' lang='lat' dir='ltr'><strong><em>Ad</em></strong></span> <span class='ocrx_word' id='word_1_165' title='bbox 426 1352 691 1422; x_wconf 75' lang='lat' dir='ltr'><strong><em>ecclesiam</em></strong></span> <span class='ocrx_word' id='word_1_166' title='bbox 717 1367 831 1404; x_wconf 79' lang='lat' dir='ltr'><strong><em>vero</em></strong></span> <span class='ocrx_word' id='word_1_167' title='bbox 861 1351 921 1405; x_wconf 90' lang='lat' dir='ltr'><strong><em>S.</em></strong></span> <span class='ocrx_word' id='word_1_168' title='bbox 958 1350 1121 1417; x_wconf 86' lang='lat' dir='ltr'><strong><em>Petri,</em></strong></span> <span class='ocrx_word' id='word_1_169' title='bbox 1153 1348 1267 1404; x_wconf 85' lang='lat' dir='ltr'><strong><em>licet</em></strong></span> <span class='ocrx_word' id='word_1_170' title='bbox 1299 1368 1398 1422; x_wconf 79' lang='lat' dir='ltr'><strong><em>non</em></strong></span> <span class='ocrx_word' id='word_1_171' title='bbox 1428 1351 1745 1422; x_wconf 33' lang='lat' dir='ltr'><strong><em>nominetur:</em></strong></span> <span class='ocrx_word' id='word_1_172' title='bbox 1766 1364 2042 1422; x_wconf 56' lang='grc' dir='ltr'><strong><em>ειιίῃνεξδιε.Δ</em></strong></span> <span class='ocrx_word' id='word_1_173' title='bbox 2076 1348 2191 1422; x_wconf 84' lang='lat' dir='ltr'><strong><em>ideo</em></strong></span> <span class='ocrx_word' id='word_1_174' title='bbox 2242 1350 2529 1422; x_wconf 79' lang='lat' dir='ltr'><strong><em>gratiarum</em></strong></span> <span class='ocrx_word' id='word_1_175' title='bbox 2559 1350 2693 1403; x_wconf 87' lang='lat' dir='ltr'><strong><em>actio</em></strong></span> <span class='ocrx_word' id='word_1_176' title='bbox 2720 1350 2915 1403; x_wconf 89' lang='lat' dir='ltr'><strong><em>indicta</em></strong></span> <span class='ocrx_word' id='word_1_177' title='bbox 2943 1351 3163 1413; x_wconf 83' lang='lat' dir='ltr'><strong><em>videtur,</em></strong></span> <span class='ocrx_word' id='word_1_178' title='bbox 3192 1354 3311 1422; x_wconf 87' lang='lat' dir='ltr'><strong><em>quia</em></strong></span> <span class='ocrx_word' id='word_1_179' title='bbox 3334 1353 3388 1404; x_wconf 90' lang='lat' dir='ltr'><strong><em>in</em></strong></span> <span class='ocrx_word' id='word_1_180' title='bbox 3417 1352 3545 1422; x_wconf 84' lang='lat' dir='ltr'><strong><em>ipso‘</em></strong></span> 
     </span>
    </p>
   </div>
   <div class='ocr_carea' id='block_1_17' title="bbox 222 1418 3523 1493">
    <p class='ocr_par' dir='ltr' id='par_1_17' title="bbox 222 1418 3523 1493">
     <span class='ocr_line' id='line_1_17' title="bbox 222 1418 3523 1493; baseline 0 -19"><span class='ocrx_word' id='word_1_181' title='bbox 222 1421 312 1475; x_wconf 83' lang='lat' dir='ltr'><strong><em>die</em></strong></span> <span class='ocrx_word' id='word_1_182' title='bbox 332 1425 473 1488; x_wconf 82' lang='lat' dir='ltr'><strong><em>festo</em></strong></span> <span class='ocrx_word' id='word_1_183' title='bbox 503 1421 560 1475; x_wconf 84' lang='lat' dir='ltr'><strong><em>S.</em></strong></span> <span class='ocrx_word' id='word_1_184' title='bbox 602 1420 742 1474; x_wconf 87' lang='lat' dir='ltr'><strong><em>Petri</em></strong></span> <span class='ocrx_word' id='word_1_185' title='bbox 777 1422 936 1476; x_wconf 79' lang='lat' dir='ltr'><strong><em>Roma</em></strong></span> <span class='ocrx_word' id='word_1_186' title='bbox 963 1423 1176 1475; x_wconf 85' lang='lat' dir='ltr'><strong><em>liberata</em></strong></span> <span class='ocrx_word' id='word_1_187' title='bbox 1200 1423 1319 1491; x_wconf 88' lang='lat' dir='ltr'><strong><em>fuit.</em></strong></span> <span class='ocrx_word' id='word_1_188' title='bbox 1349 1420 1659 1493; x_wconf 82' lang='lat' dir='ltr'><strong><em>Etenimdie</em></strong></span> <span class='ocrx_word' id='word_1_189' title='bbox 1688 1418 1753 1473; x_wconf 70' lang='grc'><strong><em>12</em></strong></span> <span class='ocrx_word' id='word_1_190' title='bbox 1799 1418 2115 1493; x_wconf 78' lang='lat' dir='ltr'><strong><em>Juttii__o_biit</em></strong></span> <span class='ocrx_word' id='word_1_191' title='bbox 2142 1418 2403 1474; x_wconf 59' lang='lat' dir='ltr'><strong><em>Maiimns</em></strong></span> <span class='ocrx_word' id='word_1_192' title='bbox 2425 1422 2725 1489; x_wconf 84' lang='lat' dir='ltr'><strong><em>imperator,</em></strong></span> <span class='ocrx_word' id='word_1_193' title='bbox 2757 1430 2881 1493; x_wconf 58' lang='lat' dir='ltr'><strong><em>teste</em></strong></span> <span class='ocrx_word' id='word_1_194' title='bbox 2900 1439 3160 1493; x_wconf 80' lang='lat' dir='ltr'><strong><em>anonymo</em></strong></span> <span class='ocrx_word' id='word_1_195' title='bbox 3187 1418 3523 1490; x_wconf 86' lang='lat' dir='ltr'><strong><em>Cuspiniani,</em></strong></span> 
     </span>
    </p>
   </div>
   <div class='ocr_carea' id='block_1_18' title="bbox 224 1490 3530 1565">
    <p class='ocr_par' dir='ltr' id='par_1_18' title="bbox 224 1490 3530 1565">
     <span class='ocr_line' id='line_1_18' title="bbox 224 1490 3530 1565; baseline 0.001 -22"><span class='ocrx_word' id='word_1_196' title='bbox 224 1493 664 1565; x_wconf 59' lang='lat' dir='ltr'><strong><em>qucmjnteqrum</em></strong></span> <span class='ocrx_word' id='word_1_197' title='bbox 694 1494 962 1565; x_wconf 81' lang='lat' dir='ltr'><strong><em>ediderunt</em></strong></span> <span class='ocrx_word' id='word_1_198' title='bbox 985 1494 1324 1547; x_wconf 80' lang='lat' dir='ltr'><strong><em>Bollandistte</em></strong></span> <span class='ocrx_word' id='word_1_199' title='bbox 1349 1509 1378 1546; x_wconf 92' lang='lat' dir='ltr'><strong><em>e</em></strong></span> <span class='ocrx_word' id='word_1_200' title='bbox 1402 1510 1495 1546; x_wconf 91' lang='lat' dir='ltr'><strong><em>ms.</em></strong></span> <span class='ocrx_word' id='word_1_201' title='bbox 1528 1492 1762 1565; x_wconf 60' lang='lat' dir='ltr'><strong><em>(Itesareo</em></strong></span> <span class='ocrx_word' id='word_1_202' title='bbox 1793 1502 1911 1565; x_wconf 84' lang='lat' dir='ltr'><strong><em>tom.</em></strong></span> <span class='ocrx_word' id='word_1_203' title='bbox 1962 1490 2028 1544; x_wconf 78' lang='lat' dir='ltr'><strong><em>Vl</em></strong></span> <span class='ocrx_word' id='word_1_204' title='bbox 2054 1491 2200 1544; x_wconf 85' lang='lat' dir='ltr'><strong><em>Junii</em></strong></span> <span class='ocrx_word' id='word_1_205' title='bbox 2224 1503 2358 1565; x_wconf 71' lang='lat' dir='ltr'><strong><em>part.</em></strong></span> <span class='ocrx_word' id='word_1_206' title='bbox 2395 1507 2469 1565; x_wconf 69' lang='lat' dir='ltr'><strong><em>tt,</em></strong></span> <span class='ocrx_word' id='word_1_207' title='bbox 2498 1508 2616 1559; x_wconf 83' lang='lat' dir='ltr'><strong><em>pag.</em></strong></span> <span class='ocrx_word' id='word_1_208' title='bbox 2680 1493 2802 1547; x_wconf 81' lang='grc'>187.</span> <span class='ocrx_word' id='word_1_209' title='bbox 2838 1490 2964 1546; x_wconf 87' lang='lat' dir='ltr'><strong><em>Tres</em></strong></span> <span class='ocrx_word' id='word_1_210' title='bbox 3013 1490 3125 1561; x_wconf 79' lang='lat' dir='ltr'><strong><em>post</em></strong></span> <span class='ocrx_word' id='word_1_211' title='bbox 3176 1494 3287 1565; x_wconf 86' lang='lat' dir='ltr'><strong><em>ejus</em></strong></span> <span class='ocrx_word' id='word_1_212' title='bbox 3336 1492 3530 1547; x_wconf 86' lang='lat' dir='ltr'><strong><em>obitum</em></strong></span> 
     </span>
    </p>
   </div>
   <div class='ocr_carea' id='block_1_19' title="bbox 224 1561 3523 1632">
    <p class='ocr_par' dir='ltr' id='par_1_19' title="bbox 224 1561 3523 1632">
     <span class='ocr_line' id='line_1_19' title="bbox 224 1561 3523 1632; baseline 0.001 -18"><span class='ocrx_word' id='word_1_213' title='bbox 224 1566 339 1616; x_wconf 77' lang='lat' dir='ltr'><strong><em>dies</em></strong></span> <span class='ocrx_word' id='word_1_214' title='bbox 364 1561 701 1618; x_wconf 81' lang='lat' dir='ltr'><strong><em>Gensericum</em></strong></span> <span class='ocrx_word' id='word_1_215' title='bbox 730 1582 846 1618; x_wconf 89' lang='lat' dir='ltr'><strong><em>cum</em></strong></span> <span class='ocrx_word' id='word_1_216' title='bbox 875 1564 1127 1619; x_wconf 83' lang='lat' dir='ltr'><strong><em>Vandalis</em></strong></span> <span class='ocrx_word' id='word_1_217' title='bbox 1154 1566 1371 1619; x_wconf 87' lang='lat' dir='ltr'><strong><em>Romam</em></strong></span> <span class='ocrx_word' id='word_1_218' title='bbox 1393 1580 1667 1627; x_wconf 69' lang='lat' dir='ltr'><strong><em>occupasse</em></strong></span> <span class='ocrx_word' id='word_1_219' title='bbox 1699 1561 2030 1627; x_wconf 82' lang='lat' dir='ltr'><strong><em>Theophanes</em></strong></span> <span class='ocrx_word' id='word_1_220' title='bbox 2060 1575 2256 1616; x_wconf 89' lang='lat' dir='ltr'><strong><em>narrat.</em></strong></span> <span class='ocrx_word' id='word_1_221' title='bbox 2287 1563 2389 1615; x_wconf 83' lang='lat' dir='ltr'><strong><em>Per</em></strong></span> <span class='ocrx_word' id='word_1_222' title='bbox 2419 1564 2526 1632; x_wconf 73' lang='lat' dir='ltr'><strong><em>dies</em></strong></span> <span class='ocrx_word' id='word_1_223' title='bbox 2554 1573 2723 1615; x_wconf 87' lang='lat' dir='ltr'><strong><em>autem</em></strong></span> <span class='ocrx_word' id='word_1_224' title='bbox 2773 1566 3161 1632; x_wconf 88' lang='lat' dir='ltr'><strong><em>qttatuordecim</em></strong></span> <span class='ocrx_word' id='word_1_225' title='bbox 3184 1561 3294 1617; x_wconf 78' lang='lat' dir='ltr'><strong><em>eam</em></strong></span> <span class='ocrx_word' id='word_1_226' title='bbox 3322 1567 3523 1630; x_wconf 72' lang='lat' dir='ltr'><strong><em>deprtc-</em></strong></span> 
     </span>
    </p>
   </div>
   <div class='ocr_carea' id='block_1_20' title="bbox 227 1630 3530 1706">
    <p class='ocr_par' dir='ltr' id='par_1_20' title="bbox 227 1630 3530 1706">
     <span class='ocr_line' id='line_1_20' title="bbox 227 1630 3530 1706; baseline -0 -19"><span class='ocrx_word' id='word_1_227' title='bbox 227 1632 383 1706; x_wconf 70' lang='lat' dir='ltr'><strong><em>desse</em></strong></span> <span class='ocrx_word' id='word_1_228' title='bbox 414 1637 644 1688; x_wconf 82' lang='lat' dir='ltr'><strong><em>traditur</em></strong></span> <span class='ocrx_word' id='word_1_229' title='bbox 673 1644 778 1689; x_wconf 89' lang='lat' dir='ltr'><strong><em>tum</em></strong></span> <span class='ocrx_word' id='word_1_230' title='bbox 808 1654 839 1689; x_wconf 92' lang='lat' dir='ltr'><strong><em>a</em></strong></span> <span class='ocrx_word' id='word_1_231' title='bbox 870 1637 1081 1690; x_wconf 88' lang='lat' dir='ltr'><strong><em>laudato</em></strong></span> <span class='ocrx_word' id='word_1_232' title='bbox 1107 1652 1363 1706; x_wconf 84' lang='lat' dir='ltr'><strong><em>anonymo</em></strong></span> <span class='ocrx_word' id='word_1_233' title='bbox 1403 1635 1729 1706; x_wconf 77' lang='lat' dir='ltr'><strong><em>Cuspiniani,</em></strong></span> <span class='ocrx_word' id='word_1_234' title='bbox 1781 1643 1888 1684; x_wconf 87' lang='lat' dir='ltr'><strong><em>tum</em></strong></span> <span class='ocrx_word' id='word_1_235' title='bbox 1914 1651 1943 1684; x_wconf 91' lang='lat' dir='ltr'><strong><em>a</em></strong></span> <span class='ocrx_word' id='word_1_236' title='bbox 1978 1632 2040 1687; x_wconf 88' lang='lat' dir='ltr'><strong><em>S.</em></strong></span> <span class='ocrx_word' id='word_1_237' title='bbox 2071 1632 2331 1703; x_wconf 88' lang='lat' dir='ltr'><strong><em>Prospero</em></strong></span> <span class='ocrx_word' id='word_1_238' title='bbox 2380 1635 2431 1685; x_wconf 88' lang='lat' dir='ltr'><strong><em>in</em></strong></span> <span class='ocrx_word' id='word_1_239' title='bbox 2461 1630 2734 1693; x_wconf 86' lang='lat' dir='ltr'><strong><em>Chronico,</em></strong></span> <span class='ocrx_word' id='word_1_240' title='bbox 2766 1630 2851 1687; x_wconf 86' lang='lat' dir='ltr'><strong><em>ubi</em></strong></span> <span class='ocrx_word' id='word_1_241' title='bbox 2881 1645 3123 1706; x_wconf 75' lang='lat' dir='ltr'><strong><em>prtrterea</em></strong></span> <span class='ocrx_word' id='word_1_242' title='bbox 3155 1636 3357 1689; x_wconf 87' lang='lat' dir='ltr'><strong><em>eosdem</em></strong></span> <span class='ocrx_word' id='word_1_243' title='bbox 3387 1634 3530 1688; x_wconf 86' lang='lat' dir='ltr'><strong><em>Van-</em></strong></span> 
     </span>
    </p>
   </div>
   <div class='ocr_carea' id='block_1_21' title="bbox 225 1704 3529 1779">
    <p class='ocr_par' dir='ltr' id='par_1_21' title="bbox 225 1704 3529 1779">
     <span class='ocr_line' id='line_1_21' title="bbox 225 1704 3529 1779; baseline 0 -23"><span class='ocrx_word' id='word_1_244' title='bbox 225 1704 377 1779; x_wconf 74' lang='lat' dir='ltr'><strong><em>dalos</em></strong></span> <span class='ocrx_word' id='word_1_245' title='bbox 408 1717 522 1779; x_wconf 82' lang='lat' dir='ltr'><strong><em>post</em></strong></span> <span class='ocrx_word' id='word_1_246' title='bbox 555 1718 860 1760; x_wconf 88' lang='lat' dir='ltr'><strong><em>memoratos</em></strong></span> <span class='ocrx_word' id='word_1_247' title='bbox 887 1704 1275 1779; x_wconf 84' lang='lat' dir='ltr'><strong><em>qnatuordecim</em></strong></span> <span class='ocrx_word' id='word_1_248' title='bbox 1303 1709 1408 1761; x_wconf 87' lang='lat' dir='ltr'><strong><em>dies</em></strong></span> <span class='ocrx_word' id='word_1_249' title='bbox 1443 1704 1609 1761; x_wconf 85' lang='lat' dir='ltr'><strong><em>Roma</em></strong></span> <span class='ocrx_word' id='word_1_250' title='bbox 1637 1706 2075 1779; x_wconf 68' lang='lat' dir='ltr'><strong><em>discessissesatis</em></strong></span> <span class='ocrx_word' id='word_1_251' title='bbox 2113 1706 2327 1779; x_wconf 85' lang='lat' dir='ltr'><strong><em>indicat,</em></strong></span> <span class='ocrx_word' id='word_1_252' title='bbox 2374 1721 2478 1757; x_wconf 88' lang='lat' dir='ltr'><strong><em>uno</em></strong></span> <span class='ocrx_word' id='word_1_253' title='bbox 2509 1714 2746 1758; x_wconf 77' lang='lat' dir='ltr'><strong><em>conteatu</em></strong></span> <span class='ocrx_word' id='word_1_254' title='bbox 2775 1704 2997 1779; x_wconf 88' lang='lat' dir='ltr'><strong><em>scribens</em></strong></span> <span class='ocrx_word' id='word_1_255' title='bbox 3018 1723 3037 1761; x_wconf 91' lang='lat'><strong><em>:</em></strong></span> <span class='ocrx_word' id='word_1_256' title='bbox 3066 1707 3170 1760; x_wconf 84' lang='lat' dir='ltr'><strong><em>Per</em></strong></span> <span class='ocrx_word' id='word_1_257' title='bbox 3196 1708 3529 1779; x_wconf 69' lang='lat' dir='ltr'><strong><em>quattuorde-</em></strong></span> 
     </span>
    </p>
   </div>
   <div class='ocr_carea' id='block_1_22' title="bbox 226 1776 3523 1847">
    <p class='ocr_par' dir='ltr' id='par_1_22' title="bbox 226 1776 3523 1847">
     <span class='ocr_line' id='line_1_22' title="bbox 226 1776 3523 1847; baseline 0.001 -20"><span class='ocrx_word' id='word_1_258' title='bbox 226 1776 333 1827; x_wconf 87' lang='lat' dir='ltr'><strong><em>cim</em></strong></span> <span class='ocrx_word' id='word_1_259' title='bbox 363 1778 533 1845; x_wconf 77' lang='lat' dir='ltr'><strong><em>igitur</em></strong></span> <span class='ocrx_word' id='word_1_260' title='bbox 563 1779 679 1831; x_wconf 82' lang='lat' dir='ltr'><strong><em>dies</em></strong></span> <span class='ocrx_word' id='word_1_261' title='bbox 707 1776 975 1834; x_wconf 48' lang='lat' dir='ltr'><strong><em>secura&#39;et</em></strong></span> <span class='ocrx_word' id='word_1_262' title='bbox 1010 1781 1173 1832; x_wconf 79' lang='lat' dir='ltr'><strong><em>libera</em></strong></span> <span class='ocrx_word' id='word_1_263' title='bbox 1207 1781 1536 1833; x_wconf 83' lang='lat' dir='ltr'><strong><em>scrutatione</em></strong></span> <span class='ocrx_word' id='word_1_264' title='bbox 1560 1779 1811 1830; x_wconf 85' lang='lat' dir='ltr'><strong><em>munibus</em></strong></span> <span class='ocrx_word' id='word_1_265' title='bbox 1841 1776 2035 1842; x_wconf 89' lang='lat' dir='ltr'><strong><em>opibus</em></strong></span> <span class='ocrx_word' id='word_1_266' title='bbox 2069 1778 2180 1829; x_wconf 77' lang='lat' dir='ltr'><strong><em>suis</em></strong></span> <span class='ocrx_word' id='word_1_267' title='bbox 2216 1778 2379 1827; x_wconf 70' lang='lat' dir='ltr'><strong><em>ltoma</em></strong></span> <span class='ocrx_word' id='word_1_268' title='bbox 2405 1785 2662 1828; x_wconf 83' lang='lat' dir='ltr'><strong><em>evacuata</em></strong></span> <span class='ocrx_word' id='word_1_269' title='bbox 2691 1784 2793 1840; x_wconf 64' lang='lat' dir='ltr'><strong><em>est,</em></strong></span> <span class='ocrx_word' id='word_1_270' title='bbox 2841 1778 3113 1847; x_wconf 83' lang='lat' dir='ltr'><strong><em>multaque</em></strong></span> <span class='ocrx_word' id='word_1_271' title='bbox 3153 1780 3313 1830; x_wconf 94' lang='lat' dir='ltr'><strong><em>millia</em></strong></span> <span class='ocrx_word' id='word_1_272' title='bbox 3344 1776 3523 1845; x_wconf 85' lang='lat' dir='ltr'><strong><em>capti-</em></strong></span> 
     </span>
    </p>
   </div>
   <div class='ocr_carea' id='block_1_23' title="bbox 227 1847 2849 1919">
    <p class='ocr_par' dir='ltr' id='par_1_23' title="bbox 227 1847 2849 1919">
     <span class='ocr_line' id='line_1_23' title="bbox 227 1847 2849 1919; baseline 0 -20"><span class='ocrx_word' id='word_1_273' title='bbox 227 1860 420 1900; x_wconf 77' lang='lat' dir='ltr'><strong><em>verum</em></strong></span> <span class='ocrx_word' id='word_1_274' title='bbox 533 1849 914 1919; x_wconf 74' lang='lat' dir='ltr'><strong><em>Carthaginem</em></strong></span> <span class='ocrx_word' id='word_1_275' title='bbox 945 1852 1173 1904; x_wconf 85' lang='lat' dir='ltr'><strong><em>adducta</em></strong></span> <span class='ocrx_word' id='word_1_276' title='bbox 1204 1862 1351 1903; x_wconf 87' lang='lat' dir='ltr'><strong><em>sunt.</em></strong></span> <span class='ocrx_word' id='word_1_277' title='bbox 1404 1848 1559 1904; x_wconf 84' lang='lat' dir='ltr'><strong><em>Nunc</em></strong></span> <span class='ocrx_word' id='word_1_278' title='bbox 1580 1851 1623 1903; x_wconf 88' lang='lat' dir='ltr'><strong><em>si</em></strong></span> <span class='ocrx_word' id='word_1_279' title='bbox 1646 1848 1940 1919; x_wconf 85' lang='lat' dir='ltr'><strong><em>snppntatio</em></strong></span> <span class='ocrx_word' id='word_1_280' title='bbox 1973 1847 2128 1919; x_wconf 84' lang='lat' dir='ltr'><strong><em>trium</em></strong></span> <span class='ocrx_word' id='word_1_281' title='bbox 2155 1855 2199 1919; x_wconf 82' lang='lat' dir='ltr'><strong><em>et</em></strong></span> <span class='ocrx_word' id='word_1_282' title='bbox 2230 1847 2613 1919; x_wconf 86' lang='lat' dir='ltr'><strong><em>quatuordecim</em></strong></span> <span class='ocrx_word' id='word_1_283' title='bbox 2652 1848 2849 1900; x_wconf 87' lang='lat' dir='ltr'><strong><em>dierum</em></strong></span> 
     </span>
    </p>
   </div>
   <div class='ocr_carea' id='block_1_24' title="bbox 2902 1848 3525 1917">
    <p class='ocr_par' dir='ltr' id='par_1_24' title="bbox 2902 1848 3525 1917">
     <span class='ocr_line' id='line_1_24' title="bbox 2902 1848 3525 1917; baseline 0.002 -19"><span class='ocrx_word' id='word_1_284' title='bbox 2902 1848 2991 1917; x_wconf 83' lang='lat' dir='ltr'><strong><em>ﬁat</em></strong></span> <span class='ocrx_word' id='word_1_285' title='bbox 3040 1866 3071 1902; x_wconf 91' lang='lat' dir='ltr'><strong><em>a</em></strong></span> <span class='ocrx_word' id='word_1_286' title='bbox 3117 1848 3334 1902; x_wconf 75' lang='lat' dir='ltr'><strong><em>Maximi</em></strong></span> <span class='ocrx_word' id='word_1_287' title='bbox 3383 1863 3525 1911; x_wconf 79' lang='lat' dir='ltr'><strong><em>nece,</em></strong></span> 
     </span>
    </p>
   </div>
   <div class='ocr_carea' id='block_1_25' title="bbox 223 1916 3527 1987">
    <p class='ocr_par' dir='ltr' id='par_1_25' title="bbox 223 1916 3527 1987">
     <span class='ocr_line' id='line_1_25' title="bbox 223 1916 3527 1987; baseline 0 -17"><span class='ocrx_word' id='word_1_288' title='bbox 223 1933 315 1970; x_wconf 81' lang='lat' dir='ltr'><strong><em>seu</em></strong></span> <span class='ocrx_word' id='word_1_289' title='bbox 351 1935 386 1970; x_wconf 78' lang='grc' dir='ltr'><strong>α</strong></span> <span class='ocrx_word' id='word_1_290' title='bbox 415 1920 501 1971; x_wconf 89' lang='lat' dir='ltr'><strong><em>die</em></strong></span> <span class='ocrx_word' id='word_1_291' title='bbox 535 1920 597 1973; x_wconf 74' lang='grc'><strong><em>12</em></strong></span> <span class='ocrx_word' id='word_1_292' title='bbox 617 1916 763 1973; x_wconf 77' lang='lat' dir='ltr'><strong><em>Junii</em></strong></span> <span class='ocrx_word' id='word_1_293' title='bbox 789 1922 858 1974; x_wconf 92' lang='lat' dir='ltr'><strong><em>ad</em></strong></span> <span class='ocrx_word' id='word_1_294' title='bbox 880 1924 1260 1977; x_wconf 87' lang='lat' dir='ltr'><strong><em>evacuationem</em></strong></span> <span class='ocrx_word' id='word_1_295' title='bbox 1292 1930 1336 1974; x_wconf 93' lang='lat' dir='ltr'><strong><em>et</em></strong></span> <span class='ocrx_word' id='word_1_296' title='bbox 1368 1921 1649 1975; x_wconf 76' lang='lat' dir='ltr'><strong><em>libertatem</em></strong></span> <span class='ocrx_word' id='word_1_297' title='bbox 1680 1916 1925 1973; x_wconf 71' lang='lat' dir='ltr'><strong><em>Romanae</em></strong></span> <span class='ocrx_word' id='word_1_298' title='bbox 1957 1918 2115 1977; x_wconf 83' lang='lat' dir='ltr'><strong><em>urbis,</em></strong></span> <span class='ocrx_word' id='word_1_299' title='bbox 2167 1916 2302 1969; x_wconf 85' lang='lat' dir='ltr'><strong><em>hanc</em></strong></span> <span class='ocrx_word' id='word_1_300' title='bbox 2327 1918 2549 1970; x_wconf 88' lang='lat' dir='ltr'><strong><em>invenies</em></strong></span> <span class='ocrx_word' id='word_1_301' title='bbox 2599 1918 2839 1972; x_wconf 87' lang='lat' dir='ltr'><strong><em>incidisse</em></strong></span> <span class='ocrx_word' id='word_1_302' title='bbox 2883 1920 2935 1972; x_wconf 90' lang='lat' dir='ltr'><strong><em>in</em></strong></span> <span class='ocrx_word' id='word_1_303' title='bbox 2984 1919 3119 1973; x_wconf 88' lang='lat' dir='ltr'><strong><em>diem</em></strong></span> <span class='ocrx_word' id='word_1_304' title='bbox 3170 1920 3241 1974; x_wconf 69' lang='lat'><strong><em>29</em></strong></span> <span class='ocrx_word' id='word_1_305' title='bbox 3293 1920 3527 1987; x_wconf 78' lang='lat' dir='ltr'><strong><em>ejusdem</em></strong></span> 
     </span>
    </p>
   </div>
   <div class='ocr_carea' id='block_1_26' title="bbox 223 1987 3531 2060">
    <p class='ocr_par' dir='ltr' id='par_1_26' title="bbox 223 1987 3531 2060">
     <span class='ocr_line' id='line_1_26' title="bbox 223 1987 3531 2060; baseline 0 -21"><span class='ocrx_word' id='word_1_306' title='bbox 223 1990 439 2042; x_wconf 80' lang='lat' dir='ltr'><strong><em>mensis.</em></strong></span> <span class='ocrx_word' id='word_1_307' title='bbox 477 1988 646 2060; x_wconf 83' lang='lat' dir='ltr'><strong><em>Igitur</em></strong></span> <span class='ocrx_word' id='word_1_308' title='bbox 674 1993 882 2045; x_wconf 88' lang='lat' dir='ltr'><strong><em>liberata</em></strong></span> <span class='ocrx_word' id='word_1_309' title='bbox 912 1994 964 2046; x_wconf 89' lang='lat' dir='ltr'><strong><em>in</em></strong></span> <span class='ocrx_word' id='word_1_310' title='bbox 993 1996 1075 2046; x_wconf 89' lang='lat' dir='ltr'><strong><em>die</em></strong></span> <span class='ocrx_word' id='word_1_311' title='bbox 1104 1994 1162 2047; x_wconf 82' lang='lat' dir='ltr'><strong><em>S.</em></strong></span> <span class='ocrx_word' id='word_1_312' title='bbox 1200 1993 1342 2047; x_wconf 89' lang='lat' dir='ltr'><strong><em>Petri</em></strong></span> <span class='ocrx_word' id='word_1_313' title='bbox 1362 1992 1597 2046; x_wconf 83' lang='lat' dir='ltr'><strong><em>Romana</em></strong></span> <span class='ocrx_word' id='word_1_314' title='bbox 1625 1990 1769 2053; x_wconf 85' lang='lat' dir='ltr'><strong><em>urbe,</em></strong></span> <span class='ocrx_word' id='word_1_315' title='bbox 1797 2006 1929 2060; x_wconf 28' lang='lat' dir='ltr'><strong><em>mox‘</em></strong></span> <span class='ocrx_word' id='word_1_316' title='bbox 1945 2001 2230 2057; x_wconf 84' lang='lat' dir='ltr'><strong><em>grattarum</em></strong></span> <span class='ocrx_word' id='word_1_317' title='bbox 2260 1990 2394 2041; x_wconf 90' lang='lat' dir='ltr'><strong><em>actio</em></strong></span> <span class='ocrx_word' id='word_1_318' title='bbox 2423 1990 2490 2041; x_wconf 81' lang='lat' dir='ltr'><strong><em>ad</em></strong></span> <span class='ocrx_word' id='word_1_319' title='bbox 2540 1988 2602 2043; x_wconf 91' lang='lat' dir='ltr'><strong><em>S.</em></strong></span> <span class='ocrx_word' id='word_1_320' title='bbox 2643 1987 2858 2043; x_wconf 87' lang='lat' dir='ltr'><strong><em>Petrum</em></strong></span> <span class='ocrx_word' id='word_1_321' title='bbox 2892 1990 3087 2044; x_wconf 86' lang='lat' dir='ltr'><strong><em>indicta</em></strong></span> <span class='ocrx_word' id='word_1_322' title='bbox 3119 1990 3215 2059; x_wconf 85' lang='lat' dir='ltr'><strong><em>fuit</em></strong></span> <span class='ocrx_word' id='word_1_323' title='bbox 3241 1991 3417 2059; x_wconf 85' lang='lat' dir='ltr'><strong><em>aliqua</em></strong></span> <span class='ocrx_word' id='word_1_324' title='bbox 3447 1989 3531 2060; x_wconf 86' lang='lat' dir='ltr'><strong><em>die</em></strong></span> 
     </span>
    </p>
   </div>
   <div class='ocr_carea' id='block_1_27' title="bbox 223 2057 3521 2138">
    <p class='ocr_par' dir='ltr' id='par_1_27' title="bbox 223 2057 3521 2138">
     <span class='ocr_line' id='line_1_27' title="bbox 223 2057 3521 2138; baseline -0.001 -25"><span class='ocrx_word' id='word_1_325' title='bbox 223 2057 557 2138; x_wconf 50' lang='grc' dir='ltr'><strong><em>ερρωμαι]μί</em></strong></span> <span class='ocrx_word' id='word_1_326' title='bbox 579 2064 718 2138; x_wconf 80' lang='lat' dir='ltr'><strong><em>infra</em></strong></span> <span class='ocrx_word' id='word_1_327' title='bbox 738 2076 964 2138; x_wconf 81' lang='lat' dir='ltr'><strong><em>octavam</em></strong></span> <span class='ocrx_word' id='word_1_328' title='bbox 987 2065 1215 2138; x_wconf 79' lang='lat' dir='ltr'><strong><em>ejusdem</em></strong></span> <span class='ocrx_word' id='word_1_329' title='bbox 1242 2064 1485 2138; x_wconf 74' lang='lat' dir='ltr'><strong><em>apostoli.</em></strong></span> <span class='ocrx_word' id='word_1_330' title='bbox 1520 2063 1668 2138; x_wconf 72' lang='lat' dir='ltr'><strong><em>Ludi</em></strong></span> <span class='ocrx_word' id='word_1_331' title='bbox 1694 2075 1865 2138; x_wconf 78' lang='lat' dir='ltr'><strong><em>autem</em></strong></span> <span class='ocrx_word' id='word_1_332' title='bbox 1892 2057 2174 2138; x_wconf 65' lang='lat' dir='ltr'><strong><em>Circenses,</em></strong></span> <span class='ocrx_word' id='word_1_333' title='bbox 2198 2060 2286 2127; x_wconf 89' lang='lat' dir='ltr'><strong><em>qni</em></strong></span> <span class='ocrx_word' id='word_1_334' title='bbox 2315 2065 2369 2112; x_wconf 90' lang='lat' dir='ltr'><strong><em>in</em></strong></span> <span class='ocrx_word' id='word_1_335' title='bbox 2398 2060 2493 2138; x_wconf 69' lang='lat' dir='ltr'><strong><em>bac</em></strong></span> <span class='ocrx_word' id='word_1_336' title='bbox 2532 2077 2763 2138; x_wconf 75' lang='lat' dir='ltr'><strong><em>sermone</em></strong></span> <span class='ocrx_word' id='word_1_337' title='bbox 2787 2062 3101 2138; x_wconf 68' lang='lat' dir='ltr'><strong><em>indicantur,</em></strong></span> <span class='ocrx_word' id='word_1_338' title='bbox 3121 2057 3269 2138; x_wconf 66' lang='lat' dir='ltr'><strong><em>haud</em></strong></span> <span class='ocrx_word' id='word_1_339' title='bbox 3293 2057 3521 2138; x_wconf 68' lang='lat' dir='ltr'><strong><em>intelligi</em></strong></span> 
     </span>
    </p>
   </div>
   <div class='ocr_carea' id='block_1_28' title="bbox 220 2131 3524 2217">
    <p class='ocr_par' dir='ltr' id='par_1_28' title="bbox 220 2131 3524 2217">
     <span class='ocr_line' id='line_1_28' title="bbox 220 2131 3524 2217; baseline -0 -34"><span class='ocrx_word' id='word_1_340' title='bbox 220 2131 404 2212; x_wconf 66' lang='lat' dir='ltr'><strong><em>debent</em></strong></span> <span class='ocrx_word' id='word_1_341' title='bbox 429 2134 543 2217; x_wconf 48' lang='lat' dir='ltr'><strong><em>t&#39;ttdi</em></strong></span> <span class='ocrx_word' id='word_1_342' title='bbox 570 2131 855 2217; x_wconf 76' lang='lat' dir='ltr'><strong><em>eodemdie</em></strong></span> <span class='ocrx_word' id='word_1_343' title='bbox 874 2131 1255 2217; x_wconf 65' lang='lat' dir='ltr'><strong><em>concurrentes,</em></strong></span> <span class='ocrx_word' id='word_1_344' title='bbox 1274 2131 1355 2190; x_wconf 85' lang='lat' dir='ltr'><strong><em>cui</em></strong></span> <span class='ocrx_word' id='word_1_345' title='bbox 1380 2136 1489 2217; x_wconf 53' lang='lat' dir='ltr'><strong><em>hinc</em></strong></span> <span class='ocrx_word' id='word_1_346' title='bbox 1515 2133 1828 2217; x_wconf 62' lang='lat' dir='ltr'><strong><em>snpplicatio</em></strong></span> <span class='ocrx_word' id='word_1_347' title='bbox 1846 2132 2297 2217; x_wconf 58' lang='lat' dir='ltr'><strong><em>addictafuerat;</em></strong></span> <span class='ocrx_word' id='word_1_348' title='bbox 2319 2132 2651 2217; x_wconf 49' lang='lat' dir='ltr'><strong><em>sedlpo‘ssunt</em></strong></span> <span class='ocrx_word' id='word_1_349' title='bbox 2671 2132 2960 2217; x_wconf 41' lang='lat' dir='ltr'><strong><em>referriad.</em></strong></span> <span class='ocrx_word' id='word_1_350' title='bbox 2978 2134 3125 2217; x_wconf 68' lang='lat' dir='ltr'><strong><em>ludos</em></strong></span> <span class='ocrx_word' id='word_1_351' title='bbox 3170 2132 3524 2217; x_wconf 75' lang='lat' dir='ltr'><strong><em>Apollinares,</em></strong></span> 
     </span>
    </p>
   </div>
   <div class='ocr_carea' id='block_1_29' title="bbox 221 2201 3527 2273">
    <p class='ocr_par' dir='ltr' id='par_1_29' title="bbox 221 2201 3527 2273">
     <span class='ocr_line' id='line_1_29' title="bbox 221 2201 3527 2273; baseline 0 -21"><span class='ocrx_word' id='word_1_352' title='bbox 221 2203 311 2269; x_wconf 80' lang='lat' dir='ltr'><strong><em>qui</em></strong></span> <span class='ocrx_word' id='word_1_353' title='bbox 342 2203 393 2254; x_wconf 85' lang='lat' dir='ltr'><strong><em>in</em></strong></span> <span class='ocrx_word' id='word_1_354' title='bbox 423 2204 510 2256; x_wconf 85' lang='lat' dir='ltr'><strong><em>die</em></strong></span> <span class='ocrx_word' id='word_1_355' title='bbox 534 2214 726 2259; x_wconf 70' lang='lat' dir='ltr'><strong><em>octava:</em></strong></span> <span class='ocrx_word' id='word_1_356' title='bbox 754 2208 1084 2273; x_wconf 77' lang='lat' dir='ltr'><strong><em>incipiebant,</em></strong></span> <span class='ocrx_word' id='word_1_357' title='bbox 1108 2216 1155 2260; x_wconf 89' lang='lat' dir='ltr'><strong><em>et</em></strong></span> <span class='ocrx_word' id='word_1_358' title='bbox 1178 2210 1358 2263; x_wconf 86' lang='lat' dir='ltr'><strong><em>saltem</em></strong></span> <span class='ocrx_word' id='word_1_359' title='bbox 1383 2210 1465 2260; x_wconf 90' lang='lat' dir='ltr'><strong><em>die</em></strong></span> <span class='ocrx_word' id='word_1_360' title='bbox 1510 2201 1588 2260; x_wconf 68' lang='lat' dir='ltr'><strong><em>i3</em></strong></span> <span class='ocrx_word' id='word_1_361' title='bbox 1604 2201 1922 2258; x_wconf 75' lang='lat' dir='ltr'><strong><em>habebantur</em></strong></span> <span class='ocrx_word' id='word_1_362' title='bbox 1951 2204 2000 2255; x_wconf 92' lang='lat' dir='ltr'><strong><em>in</em></strong></span> <span class='ocrx_word' id='word_1_363' title='bbox 2024 2201 2205 2267; x_wconf 89' lang='lat' dir='ltr'><strong><em>Circo,</em></strong></span> <span class='ocrx_word' id='word_1_364' title='bbox 2232 2214 2289 2255; x_wconf 88' lang='lat' dir='ltr'><strong><em>ut</em></strong></span> <span class='ocrx_word' id='word_1_365' title='bbox 2318 2218 2381 2255; x_wconf 78' lang='lat' dir='ltr'><strong><em>ea:</em></strong></span> <span class='ocrx_word' id='word_1_366' title='bbox 2414 2201 2735 2257; x_wconf 82' lang='lat' dir='ltr'><strong><em>Calendariis</em></strong></span> <span class='ocrx_word' id='word_1_367' title='bbox 2762 2204 2986 2270; x_wconf 87' lang='lat' dir='ltr'><strong><em>antiquis</em></strong></span> <span class='ocrx_word' id='word_1_368' title='bbox 3018 2201 3240 2257; x_wconf 67' lang='lat' dir='ltr'><strong><em>diximus</em></strong></span> <span class='ocrx_word' id='word_1_369' title='bbox 3261 2204 3315 2257; x_wconf 90' lang='lat' dir='ltr'><strong><em>in</em></strong></span> <span class='ocrx_word' id='word_1_370' title='bbox 3345 2205 3527 2255; x_wconf 84' lang='lat' dir='ltr'><strong><em>admo-</em></strong></span> 
     </span>
    </p>
   </div>
   <div class='ocr_carea' id='block_1_30' title="bbox 222 2272 3525 2349">
    <p class='ocr_par' dir='ltr' id='par_1_30' title="bbox 222 2272 3525 2349">
     <span class='ocr_line' id='line_1_30' title="bbox 222 2272 3525 2349; baseline 0 -24"><span class='ocrx_word' id='word_1_371' title='bbox 222 2274 326 2325; x_wconf 77' lang='lat' dir='ltr'><strong><em>nit.</em></strong></span> <span class='ocrx_word' id='word_1_372' title='bbox 358 2273 432 2324; x_wconf 90' lang='lat' dir='ltr'><strong><em>ad</em></strong></span> <span class='ocrx_word' id='word_1_373' title='bbox 460 2279 799 2349; x_wconf 80' lang='lat' dir='ltr'><strong><em>sermonesde</em></strong></span> <span class='ocrx_word' id='word_1_374' title='bbox 831 2272 1087 2332; x_wconf 83' lang='lat' dir='ltr'><strong><em>Collectis.</em></strong></span> <span class='ocrx_word' id='word_1_375' title='bbox 1120 2278 1316 2332; x_wconf 72' lang='lat' dir='ltr'><strong><em>Meram</em></strong></span> <span class='ocrx_word' id='word_1_376' title='bbox 1347 2280 1539 2331; x_wconf 84' lang='lat' dir='ltr'><strong><em>scilicet</em></strong></span> <span class='ocrx_word' id='word_1_377' title='bbox 1568 2276 2001 2349; x_wconf 81' lang='lat' dir='ltr'><strong><em>comparationem</em></strong></span> <span class='ocrx_word' id='word_1_378' title='bbox 2022 2272 2095 2349; x_wconf 86' lang='lat' dir='ltr'><strong><em>_S.</em></strong></span> <span class='ocrx_word' id='word_1_379' title='bbox 2140 2274 2375 2341; x_wconf 75' lang='lat' dir='ltr'><strong><em>pontifex</em></strong></span> <span class='ocrx_word' id='word_1_380' title='bbox 2394 2274 2618 2327; x_wconf 85' lang='lat' dir='ltr'><strong><em>instituit</em></strong></span> <span class='ocrx_word' id='word_1_381' title='bbox 2674 2276 2806 2327; x_wconf 91' lang='lat' dir='ltr'><strong><em>inter</em></strong></span> <span class='ocrx_word' id='word_1_382' title='bbox 2850 2277 3000 2349; x_wconf 81' lang='lat' dir='ltr'><strong><em>ludos</em></strong></span> <span class='ocrx_word' id='word_1_383' title='bbox 3028 2274 3285 2349; x_wconf 84' lang='lat' dir='ltr'><strong><em>Circenses</em></strong></span> <span class='ocrx_word' id='word_1_384' title='bbox 3314 2275 3525 2349; x_wconf 78' lang='lat' dir='ltr'><strong><em>aliaque</em></strong></span> 
     </span>
    </p>
   </div>
   <div class='ocr_carea' id='block_1_31' title="bbox 221 2344 3516 2420">
    <p class='ocr_par' dir='ltr' id='par_1_31' title="bbox 221 2344 3516 2420">
     <span class='ocr_line' id='line_1_31' title="bbox 221 2344 3516 2420; baseline 0.001 -24"><span class='ocrx_word' id='word_1_385' title='bbox 221 2345 601 2420; x_wconf 67' lang='lat' dir='ltr'><strong><em>spectaculain</em></strong></span> <span class='ocrx_word' id='word_1_386' title='bbox 626 2346 808 2418; x_wconf 87' lang='lat' dir='ltr'><strong><em>quibus</em></strong></span> <span class='ocrx_word' id='word_1_387' title='bbox 835 2367 1021 2419; x_wconf 86' lang='lat' dir='ltr'><strong><em>magna</em></strong></span> <span class='ocrx_word' id='word_1_388' title='bbox 1043 2361 1150 2404; x_wconf 90' lang='lat' dir='ltr'><strong><em>erat</em></strong></span> <span class='ocrx_word' id='word_1_389' title='bbox 1180 2351 1489 2420; x_wconf 77' lang='lat' dir='ltr'><strong><em>frequentia,</em></strong></span> <span class='ocrx_word' id='word_1_390' title='bbox 1519 2360 1564 2402; x_wconf 92' lang='lat' dir='ltr'><strong><em>et</em></strong></span> <span class='ocrx_word' id='word_1_391' title='bbox 1593 2344 1727 2401; x_wconf 81' lang='lat' dir='ltr'><strong><em>inter</em></strong></span> <span class='ocrx_word' id='word_1_392' title='bbox 1750 2345 2189 2420; x_wconf 78' lang='lat' dir='ltr'><strong><em>supplicationem</em></strong></span> <span class='ocrx_word' id='word_1_393' title='bbox 2221 2355 2577 2420; x_wconf 29' lang='lat' dir='ltr'><strong><em>mem-oratam.</em></strong></span> <span class='ocrx_word' id='word_1_394' title='bbox 2599 2362 2715 2415; x_wconf 73' lang='lat' dir='ltr'><strong><em>qua:</em></strong></span> <span class='ocrx_word' id='word_1_395' title='bbox 2736 2361 2872 2420; x_wconf 75' lang='lat' dir='ltr'><strong><em>pene</em></strong></span> <span class='ocrx_word' id='word_1_396' title='bbox 2895 2348 2963 2399; x_wconf 84' lang='lat' dir='ltr'><strong><em>ab</em></strong></span> <span class='ocrx_word' id='word_1_397' title='bbox 2990 2346 3239 2403; x_wconf 86' lang='lat' dir='ltr'><strong><em>omnibus</em></strong></span> <span class='ocrx_word' id='word_1_398' title='bbox 3263 2344 3516 2417; x_wconf 75' lang='lat' dir='ltr'><strong><em>proxime</em></strong></span> 
     </span>
    </p>
   </div>
   <div class='ocr_carea' id='block_1_32' title="bbox 221 2413 2981 2492">
    <p class='ocr_par' dir='ltr' id='par_1_32' title="bbox 221 2413 2981 2492">
     <span class='ocr_line' id='line_1_32' title="bbox 221 2413 2981 2492; baseline 0.001 -24"><span class='ocrx_word' id='word_1_399' title='bbox 221 2413 401 2470; x_wconf 78' lang='lat' dir='ltr'><strong><em>fuerat</em></strong></span> <span class='ocrx_word' id='word_1_400' title='bbox 417 2413 661 2487; x_wconf 79' lang='lat' dir='ltr'><strong><em>neglecta</em></strong></span> <span class='ocrx_word' id='word_1_401' title='bbox 685 2437 701 2484; x_wconf 85' lang='lat'><strong><em>;</em></strong></span> <span class='ocrx_word' id='word_1_402' title='bbox 730 2420 814 2473; x_wconf 88' lang='lat' dir='ltr'><strong><em>ubi</em></strong></span> <span class='ocrx_word' id='word_1_403' title='bbox 840 2413 940 2474; x_wconf 72' lang='grc' dir='ltr'><strong><em>υοαῖ</em></strong></span> <span class='ocrx_word' id='word_1_404' title='bbox 959 2413 1207 2490; x_wconf 75' lang='lat' dir='ltr'><strong><em>proxime</em></strong></span> <span class='ocrx_word' id='word_1_405' title='bbox 1247 2413 1381 2476; x_wconf 84' lang='lat' dir='ltr'><strong><em>diem</em></strong></span> <span class='ocrx_word' id='word_1_406' title='bbox 1396 2413 1553 2492; x_wconf 86' lang='lat' dir='ltr'><strong><em>paulo</em></strong></span> <span class='ocrx_word' id='word_1_407' title='bbox 1580 2413 1884 2473; x_wconf 81' lang='lat' dir='ltr'><strong><em>anteriorem</em></strong></span> <span class='ocrx_word' id='word_1_408' title='bbox 1910 2416 1957 2469; x_wconf 88' lang='lat' dir='ltr'><strong><em>ei</em></strong></span> <span class='ocrx_word' id='word_1_409' title='bbox 1986 2416 2356 2485; x_wconf 86' lang='lat' dir='ltr'><strong><em>supplicationi</em></strong></span> <span class='ocrx_word' id='word_1_410' title='bbox 2387 2413 2689 2485; x_wconf 85' lang='lat' dir='ltr'><strong><em>deputatum</em></strong></span> <span class='ocrx_word' id='word_1_411' title='bbox 2726 2418 2981 2488; x_wconf 87' lang='lat' dir='ltr'><strong><em>designat.</em></strong></span> 
     </span>
    </p>
   </div>
   <div class='ocr_carea' id='block_1_33' title="bbox 439 2535 1573 2609">
    <p class='ocr_par' dir='ltr' id='par_1_33' title="bbox 439 2535 1573 2609">
     <span class='ocr_line' id='line_1_33' title="bbox 439 2535 1573 2609; baseline -0.002 -16"><span class='ocrx_word' id='word_1_412' title='bbox 439 2535 605 2608; x_wconf 78' lang='lat'><strong><em>335</em></strong></span> <span class='ocrx_word' id='word_1_413' title='bbox 630 2535 863 2592; x_wconf 76' lang='lat' dir='ltr'><strong>SEBMO</strong></span> <span class='ocrx_word' id='word_1_414' title='bbox 891 2537 1152 2593; x_wconf 84' lang='lat' dir='ltr'><strong>LXXXIV</strong></span> <span class='ocrx_word' id='word_1_415' title='bbox 1180 2539 1283 2603; x_wconf 77' lang='grc' dir='ltr'><strong><em>[ΑΙ.</em></strong></span> <span class='ocrx_word' id='word_1_416' title='bbox 1317 2536 1573 2609; x_wconf 84' lang='lat' dir='ltr'><strong>LXXXI].</strong></span> 
     </span>
    </p>
   </div>
   <div class='ocr_carea' id='block_1_34' title="bbox 443 2626 1599 2698">
    <p class='ocr_par' dir='ltr' id='par_1_34' title="bbox 443 2626 1599 2698">
     <span class='ocr_line' id='line_1_34' title="bbox 443 2626 1599 2698; baseline 0.004 -18"><span class='ocrx_word' id='word_1_417' title='bbox 443 2626 511 2680; x_wconf 82' lang='lat' dir='ltr'><strong><em>In</em></strong></span> <span class='ocrx_word' id='word_1_418' title='bbox 544 2627 748 2682; x_wconf 84' lang='lat' dir='ltr'><strong><em>Octavis</em></strong></span> <span class='ocrx_word' id='word_1_419' title='bbox 774 2631 1125 2698; x_wconf 87' lang='lat' dir='ltr'><strong><em>apostolorum</em></strong></span> <span class='ocrx_word' id='word_1_420' title='bbox 1165 2630 1309 2684; x_wconf 87' lang='lat' dir='ltr'><strong><em>Petri</em></strong></span> <span class='ocrx_word' id='word_1_421' title='bbox 1347 2642 1392 2685; x_wconf 90' lang='lat' dir='ltr'><strong><em>et</em></strong></span> <span class='ocrx_word' id='word_1_422' title='bbox 1422 2628 1599 2685; x_wconf 89' lang='lat' dir='ltr'><strong><em>Pauli.</em></strong></span> 
     </span>
    </p>
   </div>
   <div class='ocr_carea' id='block_1_35' title="bbox 615 2738 1427 2780">
    <p class='ocr_par' dir='ltr' id='par_1_35' title="bbox 615 2738 1427 2780">
     <span class='ocr_line' id='line_1_35' title="bbox 615 2738 1427 2780; baseline -0.001 -2"><span class='ocrx_word' id='word_1_423' title='bbox 615 2738 684 2778; x_wconf 73' lang='lat' dir='ltr'><strong><em>DE</em></strong></span> <span class='ocrx_word' id='word_1_424' title='bbox 717 2738 994 2779; x_wconf 74' lang='lat' dir='ltr'><strong><em>NEGLECTA</em></strong></span> <span class='ocrx_word' id='word_1_425' title='bbox 1036 2740 1427 2780; x_wconf 71' lang='lat' dir='ltr'><strong><em>SOLEINI&#39;I‘ATE.</em></strong></span> 
     </span>
    </p>
   </div>
   <div class='ocr_carea' id='block_1_36' title="bbox 218 2812 1824 2880">
    <p class='ocr_par' dir='ltr' id='par_1_36' title="bbox 218 2812 1824 2880">
     <span class='ocr_line' id='line_1_36' title="bbox 218 2812 1824 2880; baseline 0 -12"><span class='ocrx_word' id='word_1_426' title='bbox 218 2812 583 2870; x_wconf 70' lang='lat' dir='ltr'><strong><em>Smonts.-—</em></strong></span> <span class='ocrx_word' id='word_1_427' title='bbox 622 2815 665 2871; x_wconf 83' lang='grc'><strong>1.</strong></span> <span class='ocrx_word' id='word_1_428' title='bbox 696 2818 952 2872; x_wconf 82' lang='lat' dir='ltr'><strong><em>Romanos</em></strong></span> <span class='ocrx_word' id='word_1_429' title='bbox 990 2816 1311 2873; x_wconf 85' lang='lat' dir='ltr'><strong><em>Circensibus</em></strong></span> <span class='ocrx_word' id='word_1_430' title='bbox 1340 2819 1476 2872; x_wconf 87' lang='lat' dir='ltr'><strong><em>ludis</em></strong></span> <span class='ocrx_word' id='word_1_431' title='bbox 1506 2818 1706 2871; x_wconf 87' lang='lat' dir='ltr'><strong><em>deditos</em></strong></span> <span class='ocrx_word' id='word_1_432' title='bbox 1739 2831 1824 2880; x_wconf 81' lang='lat' dir='ltr'><strong><em>pc-</em></strong></span> 
     </span>
    </p>
   </div>
   <div class='ocr_carea' id='block_1_37' title="bbox 291 2886 1822 2957">
    <p class='ocr_par' dir='ltr' id='par_1_37' title="bbox 291 2886 1822 2957">
     <span class='ocr_line' id='line_1_37' title="bbox 291 2886 1822 2957; baseline 0.001 -19"><span class='ocrx_word' id='word_1_433' title='bbox 291 2888 517 2941; x_wconf 84' lang='lat' dir='ltr'><strong><em>riculose</em></strong></span> <span class='ocrx_word' id='word_1_434' title='bbox 546 2888 911 2957; x_wconf 77' lang='lat' dir='ltr'><strong><em>beneﬁciorum</em></strong></span> <span class='ocrx_word' id='word_1_435' title='bbox 934 2889 1029 2943; x_wconf 90' lang='lat' dir='ltr'><strong><em>Dei</em></strong></span> <span class='ocrx_word' id='word_1_436' title='bbox 1057 2892 1259 2943; x_wconf 84' lang='lat' dir='ltr'><strong><em>oblitos.</em></strong></span> <span class='ocrx_word' id='word_1_437' title='bbox 1288 2920 1351 2931; x_wconf 92' lang='lat'>—</span> <span class='ocrx_word' id='word_1_438' title='bbox 1394 2890 1454 2943; x_wconf 90' lang='lat' dir='ltr'><strong><em>ll.</em></strong></span> <span class='ocrx_word' id='word_1_439' title='bbox 1490 2888 1670 2943; x_wconf 74' lang='lat' dir='ltr'><strong><em>Roma:</em></strong></span> <span class='ocrx_word' id='word_1_440' title='bbox 1694 2886 1822 2957; x_wconf 88' lang='lat' dir='ltr'><strong><em>libe-</em></strong></span> 
     </span>
    </p>
   </div>
   <div class='ocr_carea' id='block_1_38' title="bbox 291 2956 1821 3031">
    <p class='ocr_par' dir='ltr' id='par_1_38' title="bbox 291 2956 1821 3031">
     <span class='ocr_line' id='line_1_38' title="bbox 291 2956 1821 3031; baseline 0.001 -21"><span class='ocrx_word' id='word_1_441' title='bbox 291 2959 549 3012; x_wconf 89' lang='lat' dir='ltr'><strong><em>rationem</em></strong></span> <span class='ocrx_word' id='word_1_442' title='bbox 571 2976 602 3013; x_wconf 91' lang='lat' dir='ltr'><strong><em>a</em></strong></span> <span class='ocrx_word' id='word_1_443' title='bbox 626 2956 855 3013; x_wconf 76' lang='lat' dir='ltr'><strong><em>barbaris</em></strong></span> <span class='ocrx_word' id='word_1_444' title='bbox 882 2977 981 3013; x_wconf 90' lang='lat' dir='ltr'><strong><em>non</em></strong></span> <span class='ocrx_word' id='word_1_445' title='bbox 1028 2962 1290 3015; x_wconf 84' lang='lat' dir='ltr'><strong><em>stellarum</em></strong></span> <span class='ocrx_word' id='word_1_446' title='bbox 1318 2960 1575 3031; x_wconf 71' lang='lat' dir='ltr'><strong><em>effectum,</em></strong></span> <span class='ocrx_word' id='word_1_447' title='bbox 1608 2959 1695 3014; x_wconf 85' lang='lat' dir='ltr'><strong><em>sed</em></strong></span> <span class='ocrx_word' id='word_1_448' title='bbox 1722 2956 1821 3011; x_wconf 87' lang='lat' dir='ltr'><strong><em>Dei</em></strong></span> 
     </span>
    </p>
   </div>
   <div class='ocr_carea' id='block_1_39' title="bbox 293 3030 1366 3101">
    <p class='ocr_par' dir='ltr' id='par_1_39' title="bbox 293 3030 1366 3101">
     <span class='ocr_line' id='line_1_39' title="bbox 293 3030 1366 3101; baseline 0.005 -19"><span class='ocrx_word' id='word_1_449' title='bbox 293 3046 400 3083; x_wconf 84' lang='lat' dir='ltr'><strong><em>esse</em></strong></span> <span class='ocrx_word' id='word_1_450' title='bbox 427 3030 625 3084; x_wconf 85' lang='lat' dir='ltr'><strong><em>donum</em></strong></span> <span class='ocrx_word' id='word_1_451' title='bbox 654 3042 801 3101; x_wconf 89' lang='lat' dir='ltr'><strong><em>grato</em></strong></span> <span class='ocrx_word' id='word_1_452' title='bbox 826 3033 999 3086; x_wconf 87' lang='lat' dir='ltr'><strong><em>animo</em></strong></span> <span class='ocrx_word' id='word_1_453' title='bbox 1022 3034 1366 3087; x_wconf 83' lang='lat' dir='ltr'><strong><em>recolendum.</em></strong></span> 
     </span>
    </p>
   </div>
   <div class='ocr_carea' id='block_1_40' title="bbox 288 3183 1812 3256">
    <p class='ocr_par' dir='ltr' id='par_1_40' title="bbox 288 3183 1812 3256">
     <span class='ocr_line' id='line_1_40' title="bbox 288 3183 1812 3256; baseline 0.001 -18"><span class='ocrx_word' id='word_1_454' title='bbox 288 3183 421 3239; x_wconf 71' lang='lat' dir='ltr'><strong><em>Cn.</em></strong></span> <span class='ocrx_word' id='word_1_455' title='bbox 458 3184 500 3239; x_wconf 93' lang='grc'><strong>1.</strong></span> <span class='ocrx_word' id='word_1_456' title='bbox 526 3214 602 3225; x_wconf 91' lang='grc'><strong><em>-</em></strong></span> <span class='ocrx_word' id='word_1_457' title='bbox 623 3184 945 3256; x_wconf 79' lang='lat' dir='ltr'><strong><em>Religiosam</em></strong></span> <span class='ocrx_word' id='word_1_458' title='bbox 1010 3187 1350 3243; x_wconf 85' lang='lat' dir='ltr'><strong><em>devotionem</em></strong></span> <span class='ocrx_word' id='word_1_459' title='bbox 1372 3231 1385 3253; x_wconf 93' lang='lat'><strong><em>,</em></strong></span> <span class='ocrx_word' id='word_1_460' title='bbox 1452 3185 1812 3248; x_wconf 79' lang='lat' dir='ltr'><strong><em>dilectissimi,</em></strong></span> 
     </span>
    </p>
   </div>
   <div class='ocr_carea' id='block_1_41' title="bbox 218 3274 1811 3347">
    <p class='ocr_par' dir='ltr' id='par_1_41' title="bbox 218 3274 1811 3347">
     <span class='ocr_line' id='line_1_41' title="bbox 218 3274 1811 3347; baseline 0.001 -18"><span class='ocrx_word' id='word_1_461' title='bbox 218 3288 329 3344; x_wconf 83' lang='lat' dir='ltr'><strong><em>qua</em></strong></span> <span class='ocrx_word' id='word_1_462' title='bbox 385 3276 459 3330; x_wconf 90' lang='lat' dir='ltr'><strong><em>ob</em></strong></span> <span class='ocrx_word' id='word_1_463' title='bbox 504 3274 651 3330; x_wconf 87' lang='lat' dir='ltr'><strong><em>diem</em></strong></span> <span class='ocrx_word' id='word_1_464' title='bbox 700 3279 1063 3347; x_wconf 80' lang='lat' dir='ltr'><strong><em>castigationis</em></strong></span> <span class='ocrx_word' id='word_1_465' title='bbox 1105 3288 1160 3333; x_wconf 89' lang='lat' dir='ltr'><strong><em>et</em></strong></span> <span class='ocrx_word' id='word_1_466' title='bbox 1204 3279 1540 3334; x_wconf 88' lang='lat' dir='ltr'><strong><em>liberationis</em></strong></span> <span class='ocrx_word' id='word_1_467' title='bbox 1590 3288 1811 3347; x_wconf 64' lang='lat' dir='ltr'><strong><em>nostrae,</em></strong></span> 
     </span>
    </p>
   </div>
   <div class='ocr_carea' id='block_1_42' title="bbox 218 3370 1812 3443">
    <p class='ocr_par' dir='ltr' id='par_1_42' title="bbox 218 3370 1812 3443">
     <span class='ocr_line' id='line_1_42' title="bbox 218 3370 1812 3443; baseline 0.002 -20"><span class='ocrx_word' id='word_1_468' title='bbox 218 3380 454 3423; x_wconf 84' lang='lat' dir='ltr'><strong><em>cunctus</em></strong></span> <span class='ocrx_word' id='word_1_469' title='bbox 509 3370 751 3427; x_wconf 79' lang='lat' dir='ltr'><strong><em>ﬁdelium</em></strong></span> <span class='ocrx_word' id='word_1_470' title='bbox 794 3374 1020 3442; x_wconf 87' lang='lat' dir='ltr'><strong><em>populus</em></strong></span> <span class='ocrx_word' id='word_1_471' title='bbox 1068 3373 1134 3427; x_wconf 91' lang='lat' dir='ltr'><strong><em>ad</em></strong></span> <span class='ocrx_word' id='word_1_472' title='bbox 1182 3374 1416 3443; x_wconf 83' lang='lat' dir='ltr'><strong><em>agendas</em></strong></span> <span class='ocrx_word' id='word_1_473' title='bbox 1457 3375 1565 3427; x_wconf 86' lang='lat' dir='ltr'><strong><em>Dco</em></strong></span> <span class='ocrx_word' id='word_1_474' title='bbox 1612 3373 1812 3443; x_wconf 78' lang='lat' dir='ltr'><strong><em>gratias</em></strong></span> 
     </span>
    </p>
   </div>
   <div class='ocr_carea' id='block_1_43' title="bbox 216 3462 1815 3534">
    <p class='ocr_par' dir='ltr' id='par_1_43' title="bbox 216 3462 1815 3534">
     <span class='ocr_line' id='line_1_43' title="bbox 216 3462 1815 3534; baseline 0.003 -17"><span class='ocrx_word' id='word_1_475' title='bbox 216 3462 550 3529; x_wconf 81' lang='lat' dir='ltr'><strong><em>conﬂuebat,</em></strong></span> <span class='ocrx_word' id='word_1_476' title='bbox 586 3480 722 3533; x_wconf 87' lang='lat' dir='ltr'><strong><em>pene</em></strong></span> <span class='ocrx_word' id='word_1_477' title='bbox 758 3466 828 3521; x_wconf 86' lang='lat' dir='ltr'><strong><em>ab</em></strong></span> <span class='ocrx_word' id='word_1_478' title='bbox 871 3466 1119 3521; x_wconf 87' lang='lat' dir='ltr'><strong><em>omnibus</em></strong></span> <span class='ocrx_word' id='word_1_479' title='bbox 1144 3469 1383 3534; x_wconf 81' lang='lat' dir='ltr'><strong><em>proxime</em></strong></span> <span class='ocrx_word' id='word_1_480' title='bbox 1424 3467 1589 3521; x_wconf 78' lang='lat' dir='ltr'><strong><em>fuisse</em></strong></span> <span class='ocrx_word' id='word_1_481' title='bbox 1632 3466 1815 3534; x_wconf 86' lang='lat' dir='ltr'><strong><em>negle-</em></strong></span> 
     </span>
    </p>
   </div>
   <div class='ocr_carea' id='block_1_44' title="bbox 214 3556 1809 3629">
    <p class='ocr_par' dir='ltr' id='par_1_44' title="bbox 214 3556 1809 3629">
     <span class='ocr_line' id='line_1_44' title="bbox 214 3556 1809 3629; baseline 0.003 -21"><span class='ocrx_word' id='word_1_482' title='bbox 214 3565 384 3619; x_wconf 81' lang='lat' dir='ltr'><strong><em>ctam,</em></strong></span> <span class='ocrx_word' id='word_1_483' title='bbox 414 3556 535 3625; x_wconf 82' lang='lat' dir='ltr'><strong><em>ipsa</em></strong></span> <span class='ocrx_word' id='word_1_484' title='bbox 588 3572 881 3627; x_wconf 85' lang='lat' dir='ltr'><strong><em>paucorum</em></strong></span> <span class='ocrx_word' id='word_1_485' title='bbox 911 3560 1001 3629; x_wconf 90' lang='lat' dir='ltr'><strong><em>qui</em></strong></span> <span class='ocrx_word' id='word_1_486' title='bbox 1030 3558 1318 3614; x_wconf 80' lang='lat' dir='ltr'><strong><em>adfuerunt</em></strong></span> <span class='ocrx_word' id='word_1_487' title='bbox 1348 3563 1547 3613; x_wconf 86' lang='lat' dir='ltr'><strong><em>raritas</em></strong></span> <span class='ocrx_word' id='word_1_488' title='bbox 1582 3558 1809 3612; x_wconf 85' lang='lat' dir='ltr'><strong><em>demon-</em></strong></span> 
     </span>
    </p>
   </div>
   <div class='ocr_carea' id='block_1_45' title="bbox 213 3648 1811 3718">
    <p class='ocr_par' dir='ltr' id='par_1_45' title="bbox 213 3648 1811 3718">
     <span class='ocr_line' id='line_1_45' title="bbox 213 3648 1811 3718; baseline 0.004 -20"><span class='ocrx_word' id='word_1_489' title='bbox 213 3648 411 3700; x_wconf 75' lang='lat' dir='ltr'><strong><em>stravit</em></strong></span> <span class='ocrx_word' id='word_1_490' title='bbox 450 3656 550 3702; x_wconf 89' lang='lat' dir='ltr'><strong><em>:et</em></strong></span> <span class='ocrx_word' id='word_1_491' title='bbox 591 3648 741 3703; x_wconf 91' lang='lat' dir='ltr'><strong><em>cordi</em></strong></span> <span class='ocrx_word' id='word_1_492' title='bbox 790 3664 912 3705; x_wconf 86' lang='lat' dir='ltr'><strong><em>meo</em></strong></span> <span class='ocrx_word' id='word_1_493' title='bbox 952 3652 1177 3704; x_wconf 91' lang='lat' dir='ltr'><strong><em>multum</em></strong></span> <span class='ocrx_word' id='word_1_494' title='bbox 1225 3650 1459 3705; x_wconf 69' lang='lat' dir='ltr'><strong><em>tristitia:</em></strong></span> <span class='ocrx_word' id='word_1_495' title='bbox 1506 3649 1705 3718; x_wconf 85' lang='lat' dir='ltr'><strong><em>intulit,</em></strong></span> <span class='ocrx_word' id='word_1_496' title='bbox 1756 3658 1811 3705; x_wconf 89' lang='lat' dir='ltr'><strong><em>et</em></strong></span> 
     </span>
    </p>
   </div>
   <div class='ocr_carea' id='block_1_46' title="bbox 216 3738 1806 3813">
    <p class='ocr_par' dir='ltr' id='par_1_46' title="bbox 216 3738 1806 3813">
     <span class='ocr_line' id='line_1_46' title="bbox 216 3738 1806 3813; baseline 0.003 -22"><span class='ocrx_word' id='word_1_497' title='bbox 216 3738 514 3807; x_wconf 85' lang='lat' dir='ltr'><strong><em>plurimum</em></strong></span> <span class='ocrx_word' id='word_1_498' title='bbox 540 3749 568 3777; x_wconf 79' lang='grc' dir='ltr'>ι</span> <span class='ocrx_word' id='word_1_499' title='bbox 596 3741 807 3796; x_wconf 85' lang='lat' dir='ltr'><strong><em>timoris</em></strong></span> <span class='ocrx_word' id='word_1_500' title='bbox 845 3741 1093 3797; x_wconf 86' lang='lat' dir='ltr'><strong><em>incussit.</em></strong></span> <span class='ocrx_word' id='word_1_501' title='bbox 1144 3742 1389 3813; x_wconf 79' lang='lat' dir='ltr'><strong><em>Magnum</em></strong></span> <span class='ocrx_word' id='word_1_502' title='bbox 1422 3742 1563 3796; x_wconf 90' lang='lat' dir='ltr'><strong><em>enim</em></strong></span> <span class='ocrx_word' id='word_1_503' title='bbox 1594 3742 1806 3812; x_wconf 85' lang='lat' dir='ltr'><strong><em>pericu-</em></strong></span> 
     </span>
    </p>
   </div>
   <div class='ocr_carea' id='block_1_47' title="bbox 214 3829 1809 3905">
    <p class='ocr_par' dir='ltr' id='par_1_47' title="bbox 214 3829 1809 3905">
     <span class='ocr_line' id='line_1_47' title="bbox 214 3829 1809 3905; baseline 0.003 -22"><span class='ocrx_word' id='word_1_504' title='bbox 214 3829 327 3885; x_wconf 84' lang='lat' dir='ltr'><strong><em>lum</em></strong></span> <span class='ocrx_word' id='word_1_505' title='bbox 355 3843 442 3886; x_wconf 86' lang='lat' dir='ltr'><strong><em>est</em></strong></span> <span class='ocrx_word' id='word_1_506' title='bbox 468 3833 717 3887; x_wconf 83' lang='lat' dir='ltr'><strong><em>homines</em></strong></span> <span class='ocrx_word' id='word_1_507' title='bbox 746 3849 868 3889; x_wconf 87' lang='lat' dir='ltr'><strong><em>esse</em></strong></span> <span class='ocrx_word' id='word_1_508' title='bbox 900 3837 1136 3905; x_wconf 88' lang='lat' dir='ltr'><strong><em>ingratos</em></strong></span> <span class='ocrx_word' id='word_1_509' title='bbox 1178 3836 1310 3898; x_wconf 91' lang='lat' dir='ltr'><strong><em>Deo,</em></strong></span> <span class='ocrx_word' id='word_1_510' title='bbox 1342 3845 1395 3889; x_wconf 91' lang='lat' dir='ltr'><strong><em>et</em></strong></span> <span class='ocrx_word' id='word_1_511' title='bbox 1440 3850 1534 3905; x_wconf 84' lang='lat' dir='ltr'><strong><em>per</em></strong></span> <span class='ocrx_word' id='word_1_512' title='bbox 1580 3835 1809 3890; x_wconf 86' lang='lat' dir='ltr'><strong><em>oblivio-</em></strong></span> 
     </span>
    </p>
   </div>
   <div class='ocr_carea' id='block_1_48' title="bbox 1840 2530 3515 2602">
    <p class='ocr_par' dir='ltr' id='par_1_48' title="bbox 1840 2530 3515 2602">
     <span class='ocr_line' id='line_1_48' title="bbox 1840 2530 3515 2602; baseline 0.001 -15"><span class='ocrx_word' id='word_1_513' title='bbox 1840 2533 1895 2594; x_wconf 81' lang='grc' dir='ltr'><strong>Α</strong></span> <span class='ocrx_word' id='word_1_514' title='bbox 1916 2545 2159 2587; x_wconf 75' lang='lat' dir='ltr'><strong><em>censura:</em></strong></span> <span class='ocrx_word' id='word_1_515' title='bbox 2185 2530 2322 2587; x_wconf 82' lang='lat' dir='ltr'><strong><em>ﬂexa</em></strong></span> <span class='ocrx_word' id='word_1_516' title='bbox 2353 2533 2621 2587; x_wconf 83' lang='lat' dir='ltr'><strong><em>sententia</em></strong></span> <span class='ocrx_word' id='word_1_517' title='bbox 2645 2542 2750 2599; x_wconf 86' lang='lat' dir='ltr'><strong><em>est,</em></strong></span> <span class='ocrx_word' id='word_1_518' title='bbox 2773 2530 2801 2569; x_wconf 73' lang='grc' dir='ltr'><strong>(ι</strong></span> <span class='ocrx_word' id='word_1_519' title='bbox 2825 2542 2885 2587; x_wconf 84' lang='grc' dir='ltr'><strong><em>ιιι</em></strong></span> <span class='ocrx_word' id='word_1_520' title='bbox 2902 2532 2990 2602; x_wconf 89' lang='lat' dir='ltr'><strong><em>qui</em></strong></span> <span class='ocrx_word' id='word_1_521' title='bbox 3014 2534 3355 2590; x_wconf 83' lang='lat' dir='ltr'><strong><em>merebamur</em></strong></span> <span class='ocrx_word' id='word_1_522' title='bbox 3375 2533 3515 2589; x_wconf 87' lang='lat' dir='ltr'><strong><em>iram</em></strong></span> 
     </span>
    </p>
   </div>
   <div class='ocr_carea' id='block_1_49' title="bbox 1925 2625 2627 2681">
    <p class='ocr_par' dir='ltr' id='par_1_49' title="bbox 1925 2625 2627 2681">
     <span class='ocr_line' id='line_1_49' title="bbox 1925 2625 2627 2681; baseline 0.001 -2"><span class='ocrx_word' id='word_1_523' title='bbox 1925 2638 2270 2680; x_wconf 86' lang='lat' dir='ltr'><strong><em>servaremur</em></strong></span> <span class='ocrx_word' id='word_1_524' title='bbox 2294 2625 2361 2679; x_wconf 88' lang='lat' dir='ltr'><strong><em>ad</em></strong></span> <span class='ocrx_word' id='word_1_525' title='bbox 2394 2629 2627 2681; x_wconf 87' lang='lat' dir='ltr'><strong><em>veniam.</em></strong></span> 
     </span>
    </p>
   </div>
   <div class='ocr_carea' id='block_1_50' title="bbox 1996 2716 3511 2790">
    <p class='ocr_par' dir='ltr' id='par_1_50' title="bbox 1996 2716 3511 2790">
     <span class='ocr_line' id='line_1_50' title="bbox 1996 2716 3511 2790; baseline 0.005 -19"><span class='ocrx_word' id='word_1_526' title='bbox 1996 2716 2125 2771; x_wconf 73' lang='lat' dir='ltr'><strong><em>CAP.</em></strong></span> <span class='ocrx_word' id='word_1_527' title='bbox 2160 2717 2220 2771; x_wconf 90' lang='lat' dir='ltr'><strong><em>ll.</em></strong></span> <span class='ocrx_word' id='word_1_528' title='bbox 2244 2718 2559 2789; x_wconf 84' lang='lat' dir='ltr'><strong><em>-Tangat,</em></strong></span> <span class='ocrx_word' id='word_1_529' title='bbox 2593 2722 2847 2789; x_wconf 88' lang='lat' dir='ltr'><strong><em>obsecro,</em></strong></span> <span class='ocrx_word' id='word_1_530' title='bbox 2890 2720 3251 2790; x_wconf 86' lang='lat' dir='ltr'><strong><em>dilectissimi,</em></strong></span> <span class='ocrx_word' id='word_1_531' title='bbox 3282 2734 3380 2779; x_wconf 84' lang='lat' dir='ltr'><strong><em>cor</em></strong></span> <span class='ocrx_word' id='word_1_532' title='bbox 3408 2737 3511 2779; x_wconf 84' lang='lat' dir='ltr'><strong><em>ve-</em></strong></span> 
     </span>
    </p>
   </div>
   <div class='ocr_carea' id='block_1_51' title="bbox 1922 2811 3523 2887">
    <p class='ocr_par' dir='ltr' id='par_1_51' title="bbox 1922 2811 3523 2887">
     <span class='ocr_line' id='line_1_51' title="bbox 1922 2811 3523 2887; baseline 0.005 -22"><span class='ocrx_word' id='word_1_533' title='bbox 1922 2818 2099 2865; x_wconf 86' lang='lat' dir='ltr'><strong><em>strum</em></strong></span> <span class='ocrx_word' id='word_1_534' title='bbox 2126 2811 2214 2865; x_wconf 92' lang='lat' dir='ltr'><strong><em>illa</em></strong></span> <span class='ocrx_word' id='word_1_535' title='bbox 2235 2814 2501 2868; x_wconf 85' lang='lat' dir='ltr'><strong><em>sententia</em></strong></span> <span class='ocrx_word' id='word_1_536' title='bbox 2528 2814 2849 2882; x_wconf 88' lang='lat' dir='ltr'><strong><em>Salvatoris,</em></strong></span> <span class='ocrx_word' id='word_1_537' title='bbox 2879 2816 2969 2885; x_wconf 84' lang='lat' dir='ltr'><strong><em>qui</em></strong></span> <span class='ocrx_word' id='word_1_538' title='bbox 2994 2830 3115 2871; x_wconf 91' lang='lat' dir='ltr'><strong><em>cum</em></strong></span> <span class='ocrx_word' id='word_1_539' title='bbox 3134 2816 3320 2871; x_wconf 83' lang='lat' dir='ltr'><strong><em>decem</em></strong></span> <span class='ocrx_word' id='word_1_540' title='bbox 3345 2817 3523 2887; x_wconf 73' lang='lat' dir='ltr'><strong><em>lepro~</em></strong></span> 
     </span>
    </p>
   </div>
   <div class='ocr_carea' id='block_1_52' title="bbox 1923 2906 3523 2973">
    <p class='ocr_par' dir='ltr' id='par_1_52' title="bbox 1923 2906 3523 2973">
     <span class='ocr_line' id='line_1_52' title="bbox 1923 2906 3523 2973; baseline 0.006 -15"><span class='ocrx_word' id='word_1_541' title='bbox 1923 2919 2016 2959; x_wconf 89' lang='lat' dir='ltr'><strong><em>sos</em></strong></span> <span class='ocrx_word' id='word_1_542' title='bbox 2042 2906 2437 2961; x_wconf 65' lang='lat' dir='ltr'><strong><em>misericordiae</em></strong></span> <span class='ocrx_word' id='word_1_543' title='bbox 2470 2909 2666 2962; x_wconf 88' lang='lat' dir='ltr'><strong><em>virtute</em></strong></span> <span class='ocrx_word' id='word_1_544' title='bbox 2718 2908 3053 2973; x_wconf 81' lang='lat' dir='ltr'><strong><em>mandasset,</em></strong></span> <span class='ocrx_word' id='word_1_545' title='bbox 3102 2925 3265 2965; x_wconf 90' lang='lat' dir='ltr'><strong><em>unum</em></strong></span> <span class='ocrx_word' id='word_1_546' title='bbox 3313 2919 3523 2968; x_wconf 87' lang='lat' dir='ltr'><strong><em>tantum</em></strong></span> 
     </span>
    </p>
   </div>
   <div class='ocr_carea' id='block_1_53' title="bbox 1923 2998 3524 3071">
    <p class='ocr_par' dir='ltr' id='par_1_53' title="bbox 1923 2998 3524 3071">
     <span class='ocr_line' id='line_1_53' title="bbox 1923 2998 3524 3071; baseline 0.003 -18"><span class='ocrx_word' id='word_1_547' title='bbox 1923 3012 1990 3053; x_wconf 82' lang='lat' dir='ltr'><strong><em>ex</em></strong></span> <span class='ocrx_word' id='word_1_548' title='bbox 2040 2998 2122 3052; x_wconf 88' lang='lat' dir='ltr'><strong><em>eis</em></strong></span> <span class='ocrx_word' id='word_1_549' title='bbox 2173 2999 2313 3053; x_wconf 80' lang='lat' dir='ltr'><strong><em>dixit</em></strong></span> <span class='ocrx_word' id='word_1_550' title='bbox 2363 3000 2429 3054; x_wconf 88' lang='lat' dir='ltr'><strong><em>ad</em></strong></span> <span class='ocrx_word' id='word_1_551' title='bbox 2479 3000 2717 3069; x_wconf 86' lang='lat' dir='ltr'><strong><em>agendas</em></strong></span> <span class='ocrx_word' id='word_1_552' title='bbox 2766 3001 2968 3071; x_wconf 81' lang='lat' dir='ltr'><strong><em>gratias</em></strong></span> <span class='ocrx_word' id='word_1_553' title='bbox 3022 3004 3314 3058; x_wconf 82' lang='lat' dir='ltr'><strong><em>revertisse</em></strong></span> <span class='ocrx_word' id='word_1_554' title='bbox 3365 3002 3524 3066; x_wconf 83' lang='lat' dir='ltr'><strong><em>(Luc.</em></strong></span> 
     </span>
    </p>
   </div>
   <div class='ocr_carea' id='block_1_54' title="bbox 1920 3089 3524 3166">
    <p class='ocr_par' dir='ltr' id='par_1_54' title="bbox 1920 3089 3524 3166">
     <span class='ocr_line' id='line_1_54' title="bbox 1920 3089 3524 3166; baseline 0.005 -22"><span class='ocrx_word' id='word_1_555' title='bbox 1920 3105 2057 3159; x_wconf 82' lang='lat' dir='ltr'><strong><em>xvtt,</em></strong></span> <span class='ocrx_word' id='word_1_556' title='bbox 2116 3089 2251 3161; x_wconf 72' lang='lat'><strong><em>15):</em></strong></span> <span class='ocrx_word' id='word_1_557' title='bbox 2304 3092 2614 3161; x_wconf 83' lang='lat' dir='ltr'><strong><em>signiﬁcans</em></strong></span> <span class='ocrx_word' id='word_1_558' title='bbox 2667 3093 2924 3148; x_wconf 81' lang='lat' dir='ltr'><strong><em>videlicet</em></strong></span> <span class='ocrx_word' id='word_1_559' title='bbox 2973 3093 3040 3149; x_wconf 92' lang='lat' dir='ltr'><strong><em>de</em></strong></span> <span class='ocrx_word' id='word_1_560' title='bbox 3072 3095 3317 3165; x_wconf 85' lang='lat' dir='ltr'><strong><em>ingratis,</em></strong></span> <span class='ocrx_word' id='word_1_561' title='bbox 3377 3095 3524 3166; x_wconf 89' lang='lat' dir='ltr'><strong><em>quod</em></strong></span> 
     </span>
    </p>
   </div>
   <div class='ocr_carea' id='block_1_55' title="bbox 1921 3181 3525 3257">
    <p class='ocr_par' dir='ltr' id='par_1_55' title="bbox 1921 3181 3525 3257">
     <span class='ocr_line' id='line_1_55' title="bbox 1921 3181 3525 3257; baseline 0.005 -22"><span class='ocrx_word' id='word_1_562' title='bbox 1921 3181 2045 3237; x_wconf 82' lang='lat' dir='ltr'><strong><em>huic.</em></strong></span> <span class='ocrx_word' id='word_1_563' title='bbox 2074 3183 2293 3253; x_wconf 87' lang='lat' dir='ltr'><strong><em>pietatis</em></strong></span> <span class='ocrx_word' id='word_1_564' title='bbox 2315 3186 2515 3250; x_wconf 82' lang='lat' dir='ltr'><strong><em>ollicio,</em></strong></span> <span class='ocrx_word' id='word_1_565' title='bbox 2563 3187 2726 3242; x_wconf 88' lang='lat' dir='ltr'><strong><em>etiam</em></strong></span> <span class='ocrx_word' id='word_1_566' title='bbox 2777 3188 2823 3241; x_wconf 87' lang='lat' dir='ltr'><strong><em>si</em></strong></span> <span class='ocrx_word' id='word_1_567' title='bbox 2869 3187 3115 3257; x_wconf 90' lang='lat' dir='ltr'><strong><em>corporis</em></strong></span> <span class='ocrx_word' id='word_1_568' title='bbox 3144 3189 3372 3242; x_wconf 88' lang='lat' dir='ltr'><strong><em>assecuti</em></strong></span> <span class='ocrx_word' id='word_1_569' title='bbox 3396 3198 3525 3243; x_wconf 91' lang='lat' dir='ltr'><strong><em>sunt</em></strong></span> 
     </span>
    </p>
   </div>
   <div class='ocr_carea' id='block_1_56' title="bbox 1923 3280 3523 3348">
    <p class='ocr_par' dir='ltr' id='par_1_56' title="bbox 1923 3280 3523 3348">
     <span class='ocr_line' id='line_1_56' title="bbox 1923 3280 3523 3348; baseline 0.003 -17"><span class='ocrx_word' id='word_1_570' title='bbox 1923 3287 1947 3314; x_wconf 76' lang='grc' dir='ltr'><strong>υ</strong></span> <span class='ocrx_word' id='word_1_571' title='bbox 1976 3280 2286 3344; x_wconf 74' lang='lat' dir='ltr'><strong><em>sanitatem,</em></strong></span> <span class='ocrx_word' id='word_1_572' title='bbox 2311 3294 2417 3333; x_wconf 91' lang='lat' dir='ltr'><strong><em>non</em></strong></span> <span class='ocrx_word' id='word_1_573' title='bbox 2442 3288 2623 3334; x_wconf 89' lang='lat' dir='ltr'><strong><em>tamen</em></strong></span> <span class='ocrx_word' id='word_1_574' title='bbox 2653 3280 2771 3334; x_wconf 88' lang='lat' dir='ltr'><strong><em>sine</em></strong></span> <span class='ocrx_word' id='word_1_575' title='bbox 2818 3280 2984 3334; x_wconf 89' lang='lat' dir='ltr'><strong><em>animi</em></strong></span> <span class='ocrx_word' id='word_1_576' title='bbox 3034 3280 3308 3348; x_wconf 85' lang='lat' dir='ltr'><strong><em>impietate</em></strong></span> <span class='ocrx_word' id='word_1_577' title='bbox 3338 3280 3523 3335; x_wconf 81' lang='lat' dir='ltr'><strong><em>deluc-</em></strong></span> 
     </span>
    </p>
   </div>
   <div class='ocr_carea' id='block_1_57' title="bbox 1916 3368 3524 3441">
    <p class='ocr_par' dir='ltr' id='par_1_57' title="bbox 1916 3368 3524 3441">
     <span class='ocr_line' id='line_1_57' title="bbox 1916 3368 3524 3441; baseline 0.001 -19"><span class='ocrx_word' id='word_1_578' title='bbox 1916 3378 2065 3423; x_wconf 87' lang='lat' dir='ltr'><strong><em>runt.</em></strong></span> <span class='ocrx_word' id='word_1_579' title='bbox 2096 3368 2173 3423; x_wconf 87' lang='lat' dir='ltr'><strong><em>Ne</em></strong></span> <span class='ocrx_word' id='word_1_580' title='bbox 2198 3384 2328 3439; x_wconf 88' lang='lat' dir='ltr'><strong><em>ergo</em></strong></span> <span class='ocrx_word' id='word_1_581' title='bbox 2359 3370 2458 3424; x_wconf 89' lang='lat' dir='ltr'><strong><em>ista</em></strong></span> <span class='ocrx_word' id='word_1_582' title='bbox 2494 3372 2829 3441; x_wconf 87' lang='lat' dir='ltr'><strong><em>ingratorum</em></strong></span> <span class='ocrx_word' id='word_1_583' title='bbox 2870 3384 2992 3425; x_wconf 74' lang='lat' dir='ltr'><strong><em>nom</em></strong></span> <span class='ocrx_word' id='word_1_584' title='bbox 3034 3372 3194 3426; x_wconf 87' lang='lat' dir='ltr'><strong><em>etiam</em></strong></span> <span class='ocrx_word' id='word_1_585' title='bbox 3224 3370 3395 3437; x_wconf 75' lang='lat' dir='ltr'><strong><em>vobis,</em></strong></span> <span class='ocrx_word' id='word_1_586' title='bbox 3442 3370 3524 3425; x_wconf 86' lang='lat' dir='ltr'><strong><em>di-</em></strong></span> 
     </span>
    </p>
   </div>
   <div class='ocr_carea' id='block_1_58' title="bbox 1921 3462 3522 3532">
    <p class='ocr_par' dir='ltr' id='par_1_58' title="bbox 1921 3462 3522 3532">
     <span class='ocr_line' id='line_1_58' title="bbox 1921 3462 3522 3532; baseline 0.004 -17"><span class='ocrx_word' id='word_1_587' title='bbox 1921 3462 2221 3528; x_wconf 89' lang='lat' dir='ltr'><strong><em>lectissimi,</em></strong></span> <span class='ocrx_word' id='word_1_588' title='bbox 2248 3463 2417 3532; x_wconf 89' lang='lat' dir='ltr'><strong><em>possit</em></strong></span> <span class='ocrx_word' id='word_1_589' title='bbox 2446 3463 2671 3529; x_wconf 85' lang='lat' dir='ltr'><strong><em>ascribi,</em></strong></span> <span class='ocrx_word' id='word_1_590' title='bbox 2720 3464 3055 3519; x_wconf 85' lang='lat' dir='ltr'><strong><em>revertimini</em></strong></span> <span class='ocrx_word' id='word_1_591' title='bbox 3089 3462 3108 3501; x_wconf 73' lang='grc' dir='ltr'><strong>ί</strong></span> <span class='ocrx_word' id='word_1_592' title='bbox 3141 3464 3206 3517; x_wconf 92' lang='lat' dir='ltr'><strong><em>ad</em></strong></span> <span class='ocrx_word' id='word_1_593' title='bbox 3237 3464 3522 3521; x_wconf 89' lang='lat' dir='ltr'><strong><em>Dominum</em></strong></span> 
     </span>
    </p>
   </div>
   <div class='ocr_carea' id='block_1_59' title="bbox 1917 3556 3522 3628">
    <p class='ocr_par' dir='ltr' id='par_1_59' title="bbox 1917 3556 3522 3628">
     <span class='ocr_line' id='line_1_59' title="bbox 1917 3556 3522 3628; baseline 0.001 -17"><span class='ocrx_word' id='word_1_594' title='bbox 1917 3556 2285 3627; x_wconf 55' lang='lat' dir='ltr'><strong><em>intelligentes</em></strong></span> <span class='ocrx_word' id='word_1_595' title='bbox 2314 3556 2581 3612; x_wconf 85' lang='lat' dir='ltr'><strong><em>mirabilia</em></strong></span> <span class='ocrx_word' id='word_1_596' title='bbox 2610 3573 2728 3626; x_wconf 84' lang='lat' dir='ltr'><strong><em>quae</em></strong></span> <span class='ocrx_word' id='word_1_597' title='bbox 2752 3557 2807 3611; x_wconf 88' lang='lat' dir='ltr'><strong><em>in</em></strong></span> <span class='ocrx_word' id='word_1_598' title='bbox 2844 3559 2998 3614; x_wconf 91' lang='lat' dir='ltr'><strong><em>nobis</em></strong></span> <span class='ocrx_word' id='word_1_599' title='bbox 3021 3558 3268 3628; x_wconf 85' lang='lat' dir='ltr'><strong><em>dignatus</em></strong></span> <span class='ocrx_word' id='word_1_600' title='bbox 3291 3569 3371 3612; x_wconf 82' lang='lat' dir='ltr'><strong><em>est</em></strong></span> <span class='ocrx_word' id='word_1_601' title='bbox 3394 3572 3522 3627; x_wconf 63' lang='lat' dir='ltr'><strong><em>ope«</em></strong></span> 
     </span>
    </p>
   </div>
   <div class='ocr_carea' id='block_1_60' title="bbox 1914 3649 3521 3720">
    <p class='ocr_par' dir='ltr' id='par_1_60' title="bbox 1914 3649 3521 3720">
     <span class='ocr_line' id='line_1_60' title="bbox 1914 3649 3521 3720; baseline 0.001 -15"><span class='ocrx_word' id='word_1_602' title='bbox 1914 3649 2046 3718; x_wconf 88' lang='lat' dir='ltr'><strong><em>rari,</em></strong></span> <span class='ocrx_word' id='word_1_603' title='bbox 2095 3661 2150 3705; x_wconf 88' lang='lat' dir='ltr'><strong><em>et</em></strong></span> <span class='ocrx_word' id='word_1_604' title='bbox 2190 3651 2565 3706; x_wconf 87' lang='lat' dir='ltr'><strong><em>liberationem</em></strong></span> <span class='ocrx_word' id='word_1_605' title='bbox 2590 3660 2852 3717; x_wconf 88' lang='lat' dir='ltr'><strong><em>nostram,</em></strong></span> <span class='ocrx_word' id='word_1_606' title='bbox 2898 3667 3027 3717; x_wconf 91' lang='lat' dir='ltr'><strong><em>non,</em></strong></span> <span class='ocrx_word' id='word_1_607' title='bbox 3062 3652 3201 3705; x_wconf 70' lang='lat' dir='ltr'><strong><em>sicut</em></strong></span> <span class='ocrx_word' id='word_1_608' title='bbox 3227 3650 3521 3720; x_wconf 84' lang='lat' dir='ltr'><strong><em>opinantur</em></strong></span> 
     </span>
    </p>
   </div>
   <div class='ocr_carea' id='block_1_61' title="bbox 1915 3740 3519 3814">
    <p class='ocr_par' dir='ltr' id='par_1_61' title="bbox 1915 3740 3519 3814">
     <span class='ocr_line' id='line_1_61' title="bbox 1915 3740 3519 3814; baseline 0.002 -19"><span class='ocrx_word' id='word_1_609' title='bbox 1915 3741 2089 3809; x_wconf 90' lang='lat' dir='ltr'><strong><em>impii,</em></strong></span> <span class='ocrx_word' id='word_1_610' title='bbox 2118 3740 2401 3797; x_wconf 89' lang='lat' dir='ltr'><strong><em>stellarum</em></strong></span> <span class='ocrx_word' id='word_1_611' title='bbox 2436 3743 2740 3810; x_wconf 73' lang='lat' dir='ltr'><strong><em>ellectibus,</em></strong></span> <span class='ocrx_word' id='word_1_612' title='bbox 2766 3744 2860 3799; x_wconf 82' lang='lat' dir='ltr'><strong><em>sed</em></strong></span> <span class='ocrx_word' id='word_1_613' title='bbox 2890 3744 3145 3798; x_wconf 79' lang='lat' dir='ltr'><strong><em>ineﬂabili</em></strong></span> <span class='ocrx_word' id='word_1_614' title='bbox 3178 3744 3519 3814; x_wconf 86' lang='lat' dir='ltr'><strong><em>omnipoten-</em></strong></span> 
     </span>
    </p>
   </div>
   <div class='ocr_carea' id='block_1_62' title="bbox 1915 3836 3518 3909">
    <p class='ocr_par' dir='ltr' id='par_1_62' title="bbox 1915 3836 3518 3909">
     <span class='ocr_line' id='line_1_62' title="bbox 1915 3836 3518 3909; baseline 0.002 -18"><span class='ocrx_word' id='word_1_615' title='bbox 1915 3838 1985 3891; x_wconf 90' lang='lat' dir='ltr'><strong><em>tis</em></strong></span> <span class='ocrx_word' id='word_1_616' title='bbox 2008 3836 2102 3892; x_wconf 90' lang='lat' dir='ltr'><strong><em>Dei</em></strong></span> <span class='ocrx_word' id='word_1_617' title='bbox 2125 3837 2509 3893; x_wconf 68' lang='lat' dir='ltr'><strong><em>misericordiaa</em></strong></span> <span class='ocrx_word' id='word_1_618' title='bbox 2536 3838 2879 3908; x_wconf 74' lang='lat' dir='ltr'><strong><em>depotantes,</em></strong></span> <span class='ocrx_word' id='word_1_619' title='bbox 2910 3841 2997 3909; x_wconf 83' lang='lat' dir='ltr'><strong><em>qui</em></strong></span> <span class='ocrx_word' id='word_1_620' title='bbox 3031 3839 3193 3894; x_wconf 90' lang='lat' dir='ltr'><strong><em>corda</em></strong></span> <span class='ocrx_word' id='word_1_621' title='bbox 3224 3840 3518 3895; x_wconf 83' lang='lat' dir='ltr'><strong><em>furentium</em></strong></span> 
     </span>
    </p>
   </div>
   <div class='ocr_carea' id='block_1_63' title="bbox 215 3918 3517 4000">
    <p class='ocr_par' dir='ltr' id='par_1_63' title="bbox 215 3918 3517 4000">
     <span class='ocr_line' id='line_1_63' title="bbox 215 3918 3517 4000; baseline 0.003 -25"><span class='ocrx_word' id='word_1_622' title='bbox 215 3936 340 3975; x_wconf 87' lang='lat' dir='ltr'><strong><em>nem</em></strong></span> <span class='ocrx_word' id='word_1_623' title='bbox 396 3922 787 3978; x_wconf 81' lang='lat' dir='ltr'><strong><em>beneﬁciorum</em></strong></span> <span class='ocrx_word' id='word_1_624' title='bbox 846 3928 964 3996; x_wconf 88' lang='lat' dir='ltr'><strong><em>ejus</em></strong></span> <span class='ocrx_word' id='word_1_625' title='bbox 1020 3942 1118 3981; x_wconf 88' lang='lat' dir='ltr'><strong><em>nec</em></strong></span> <span class='ocrx_word' id='word_1_626' title='bbox 1162 3927 1230 3982; x_wconf 88' lang='lat' dir='ltr'><strong><em>de</em></strong></span> <span class='ocrx_word' id='word_1_627' title='bbox 1266 3931 1611 3997; x_wconf 88' lang='lat' dir='ltr'><strong><em>correptione</em></strong></span> <span class='ocrx_word' id='word_1_628' title='bbox 1658 3944 1807 3982; x_wconf 90' lang='lat' dir='ltr'><strong><em>com-</em></strong></span> <span class='ocrx_word' id='word_1_629' title='bbox 1838 3918 1884 3978; x_wconf 83' lang='grc' dir='ltr'><strong>Β</strong></span> <span class='ocrx_word' id='word_1_630' title='bbox 1917 3930 2268 3985; x_wconf 86' lang='lat' dir='ltr'><strong><em>barbarorum</em></strong></span> <span class='ocrx_word' id='word_1_631' title='bbox 2320 3930 2571 4000; x_wconf 76' lang='lat' dir='ltr'><strong><em>mitigare</em></strong></span> <span class='ocrx_word' id='word_1_632' title='bbox 2624 3931 2876 4000; x_wconf 88' lang='lat' dir='ltr'><strong><em>dignatus</em></strong></span> <span class='ocrx_word' id='word_1_633' title='bbox 2933 3943 3035 3998; x_wconf 90' lang='lat' dir='ltr'><strong><em>est,</em></strong></span> <span class='ocrx_word' id='word_1_634' title='bbox 3079 3934 3145 3987; x_wconf 86' lang='lat' dir='ltr'><strong><em>ad</em></strong></span> <span class='ocrx_word' id='word_1_635' title='bbox 3204 3935 3334 3987; x_wconf 90' lang='lat' dir='ltr'><strong><em>tanti</em></strong></span> <span class='ocrx_word' id='word_1_636' title='bbox 3363 3938 3517 3986; x_wconf 56' lang='lat' dir='ltr'><strong><em>vos:</em></strong></span> 
     </span>
    </p>
   </div>
   <div class='ocr_carea' id='block_1_64' title="bbox 214 4018 1807 4091">
    <p class='ocr_par' dir='ltr' id='par_1_64' title="bbox 214 4018 1807 4091">
     <span class='ocr_line' id='line_1_64' title="bbox 214 4018 1807 4091; baseline 0.005 -23"><span class='ocrx_word' id='word_1_637' title='bbox 214 4018 401 4085; x_wconf 85' lang='lat' dir='ltr'><strong><em>pungi,</em></strong></span> <span class='ocrx_word' id='word_1_638' title='bbox 442 4033 545 4072; x_wconf 86' lang='lat' dir='ltr'><strong><em>nec</em></strong></span> <span class='ocrx_word' id='word_1_639' title='bbox 592 4019 661 4073; x_wconf 87' lang='lat' dir='ltr'><strong><em>de</em></strong></span> <span class='ocrx_word' id='word_1_640' title='bbox 710 4020 1027 4075; x_wconf 79' lang='lat' dir='ltr'><strong><em>remissione</em></strong></span> <span class='ocrx_word' id='word_1_641' title='bbox 1059 4021 1249 4076; x_wconf 70' lang='lat' dir='ltr'><strong><em>lactari.</em></strong></span> <span class='ocrx_word' id='word_1_642' title='bbox 1280 4021 1484 4076; x_wconf 85' lang='lat' dir='ltr'><strong><em>Vereor</em></strong></span> <span class='ocrx_word' id='word_1_643' title='bbox 1512 4023 1692 4091; x_wconf 85' lang='lat' dir='ltr'><strong><em>igitur,</em></strong></span> <span class='ocrx_word' id='word_1_644' title='bbox 1720 4021 1807 4076; x_wconf 91' lang='lat' dir='ltr'><strong><em>di-</em></strong></span> 
     </span>
    </p>
   </div>
   <div class='ocr_carea' id='block_1_65' title="bbox 222 4106 1807 4184">
    <p class='ocr_par' dir='ltr' id='par_1_65' title="bbox 222 4106 1807 4184">
     <span class='ocr_line' id='line_1_65' title="bbox 222 4106 1807 4184; baseline 0.005 -23"><span class='ocrx_word' id='word_1_645' title='bbox 222 4106 524 4175; x_wconf 81' lang='lat' dir='ltr'><strong><em>lectissimi,</em></strong></span> <span class='ocrx_word' id='word_1_646' title='bbox 560 4126 627 4165; x_wconf 91' lang='lat' dir='ltr'><strong><em>ne</em></strong></span> <span class='ocrx_word' id='word_1_647' title='bbox 671 4127 774 4167; x_wconf 82' lang='lat' dir='ltr'><strong><em>vox</em></strong></span> <span class='ocrx_word' id='word_1_648' title='bbox 824 4113 911 4167; x_wconf 88' lang='lat' dir='ltr'><strong><em>illa</em></strong></span> <span class='ocrx_word' id='word_1_649' title='bbox 954 4114 1262 4182; x_wconf 80' lang='lat' dir='ltr'><strong><em>prophetica</em></strong></span> <span class='ocrx_word' id='word_1_650' title='bbox 1315 4115 1450 4169; x_wconf 84' lang='lat' dir='ltr'><strong><em>tales</em></strong></span> <span class='ocrx_word' id='word_1_651' title='bbox 1500 4116 1807 4184; x_wconf 79' lang='lat' dir='ltr'><strong><em>increpasse</em></strong></span> 
     </span>
    </p>
   </div>
   <div class='ocr_carea' id='block_1_66' title="bbox 218 4202 1807 4275">
    <p class='ocr_par' dir='ltr' id='par_1_66' title="bbox 218 4202 1807 4275">
     <span class='ocr_line' id='line_1_66' title="bbox 218 4202 1807 4275; baseline 0.004 -20"><span class='ocrx_word' id='word_1_652' title='bbox 218 4202 481 4267; x_wconf 77' lang='lat' dir='ltr'><strong><em>videatur,</em></strong></span> <span class='ocrx_word' id='word_1_653' title='bbox 504 4219 623 4274; x_wconf 65' lang='lat' dir='ltr'><strong><em>quae</em></strong></span> <span class='ocrx_word' id='word_1_654' title='bbox 653 4204 782 4259; x_wconf 89' lang='lat' dir='ltr'><strong><em>dicit</em></strong></span> <span class='ocrx_word' id='word_1_655' title='bbox 805 4224 817 4259; x_wconf 91' lang='lat'><strong>:</strong></span> <span class='ocrx_word' id='word_1_656' title='bbox 844 4204 1150 4275; x_wconf 80' lang='lat' dir='ltr'><strong><em>Flagellasti</em></strong></span> <span class='ocrx_word' id='word_1_657' title='bbox 1174 4224 1281 4271; x_wconf 89' lang='lat' dir='ltr'><strong><em>eos,</em></strong></span> <span class='ocrx_word' id='word_1_658' title='bbox 1302 4220 1348 4261; x_wconf 92' lang='lat' dir='ltr'><strong><em>et</em></strong></span> <span class='ocrx_word' id='word_1_659' title='bbox 1373 4226 1473 4262; x_wconf 90' lang='lat' dir='ltr'><strong><em>non</em></strong></span> <span class='ocrx_word' id='word_1_660' title='bbox 1495 4212 1807 4273; x_wconf 87' lang='lat' dir='ltr'><strong><em>doluerunt;</em></strong></span> 
     </span>
    </p>
   </div>
   <div class='ocr_carea' id='block_1_67' title="bbox 216 4298 1804 4376">
    <p class='ocr_par' dir='ltr' id='par_1_67' title="bbox 216 4298 1804 4376">
     <span class='ocr_line' id='line_1_67' title="bbox 216 4298 1804 4376; baseline 0.007 -28"><span class='ocrx_word' id='word_1_661' title='bbox 216 4298 470 4364; x_wconf 83' lang='lat' dir='ltr'><strong><em>castigasti</em></strong></span> <span class='ocrx_word' id='word_1_662' title='bbox 497 4312 603 4365; x_wconf 86' lang='lat' dir='ltr'><strong><em>eos,</em></strong></span> <span class='ocrx_word' id='word_1_663' title='bbox 634 4310 680 4351; x_wconf 89' lang='lat' dir='ltr'><strong><em>et</em></strong></span> <span class='ocrx_word' id='word_1_664' title='bbox 709 4300 978 4351; x_wconf 88' lang='lat' dir='ltr'><strong><em>noluerunt</em></strong></span> <span class='ocrx_word' id='word_1_665' title='bbox 1016 4300 1247 4368; x_wconf 86' lang='lat' dir='ltr'><strong><em>accipere</em></strong></span> <span class='ocrx_word' id='word_1_666' title='bbox 1288 4302 1451 4373; x_wconf 76' lang='lat'><strong>336</strong></span> <span class='ocrx_word' id='word_1_667' title='bbox 1475 4305 1804 4376; x_wconf 87' lang='lat' dir='ltr'><strong><em>disciplinam</em></strong></span> 
     </span>
    </p>
   </div>
   <div class='ocr_carea' id='block_1_68' title="bbox 216 4386 1796 4466">
    <p class='ocr_par' dir='ltr' id='par_1_68' title="bbox 216 4386 1796 4466">
     <span class='ocr_line' id='line_1_68' title="bbox 216 4386 1796 4466; baseline 0.009 -27"><span class='ocrx_word' id='word_1_668' title='bbox 216 4386 426 4457; x_wconf 81' lang='lat' dir='ltr'><strong><em>(lerem.</em></strong></span> <span class='ocrx_word' id='word_1_669' title='bbox 455 4405 508 4457; x_wconf 88' lang='lat' dir='ltr'><strong><em>v,</em></strong></span> <span class='ocrx_word' id='word_1_670' title='bbox 539 4392 618 4460; x_wconf 78' lang='grc'><strong><em>5).</em></strong></span> <span class='ocrx_word' id='word_1_671' title='bbox 674 4392 803 4457; x_wconf 70' lang='lat' dir='ltr'><strong><em>Quae</em></strong></span> <span class='ocrx_word' id='word_1_672' title='bbox 825 4392 967 4446; x_wconf 88' lang='lat' dir='ltr'><strong><em>enim</em></strong></span> <span class='ocrx_word' id='word_1_673' title='bbox 1000 4394 1051 4447; x_wconf 89' lang='lat' dir='ltr'><strong><em>in</em></strong></span> <span class='ocrx_word' id='word_1_674' title='bbox 1079 4396 1157 4447; x_wconf 88' lang='lat' dir='ltr'><strong><em>eis</em></strong></span> <span class='ocrx_word' id='word_1_675' title='bbox 1180 4408 1444 4450; x_wconf 80' lang='lat' dir='ltr'><strong><em>correctio</em></strong></span> <span class='ocrx_word' id='word_1_676' title='bbox 1475 4400 1796 4466; x_wconf 80' lang='lat' dir='ltr'><strong><em>Ostenditur,</em></strong></span> 
     </span>
    </p>
   </div>
   <div class='ocr_carea' id='block_1_69' title="bbox 213 4481 1796 4561">
    <p class='ocr_par' dir='ltr' id='par_1_69' title="bbox 213 4481 1796 4561">
     <span class='ocr_line' id='line_1_69' title="bbox 213 4481 1796 4561; baseline 0.008 -25"><span class='ocrx_word' id='word_1_677' title='bbox 213 4481 266 4536; x_wconf 85' lang='lat' dir='ltr'><strong><em>in</em></strong></span> <span class='ocrx_word' id='word_1_678' title='bbox 289 4486 480 4552; x_wconf 89' lang='lat' dir='ltr'><strong><em>quibus</em></strong></span> <span class='ocrx_word' id='word_1_679' title='bbox 502 4494 651 4540; x_wconf 83' lang='lat' dir='ltr'><strong><em>tanta</em></strong></span> <span class='ocrx_word' id='word_1_680' title='bbox 676 4484 704 4524; x_wconf 71' lang='grc' dir='ltr'><strong><em>ι’</em></strong></span> <span class='ocrx_word' id='word_1_681' title='bbox 733 4488 947 4541; x_wconf 88' lang='lat' dir='ltr'><strong><em>aversio</em></strong></span> <span class='ocrx_word' id='word_1_682' title='bbox 1005 4490 1308 4557; x_wconf 81' lang='lat' dir='ltr'><strong><em>reperitur?</em></strong></span> <span class='ocrx_word' id='word_1_683' title='bbox 1367 4492 1537 4547; x_wconf 89' lang='lat' dir='ltr'><strong><em>Pudet</em></strong></span> <span class='ocrx_word' id='word_1_684' title='bbox 1589 4494 1796 4561; x_wconf 87' lang='lat' dir='ltr'><strong><em>dicere,</em></strong></span> 
     </span>
    </p>
   </div>
   <div class='ocr_carea' id='block_1_70' title="bbox 211 4575 1800 4650">
    <p class='ocr_par' dir='ltr' id='par_1_70' title="bbox 211 4575 1800 4650">
     <span class='ocr_line' id='line_1_70' title="bbox 211 4575 1800 4650; baseline 0.008 -22"><span class='ocrx_word' id='word_1_685' title='bbox 211 4575 303 4628; x_wconf 82' lang='lat' dir='ltr'><strong><em>sed</em></strong></span> <span class='ocrx_word' id='word_1_686' title='bbox 328 4590 551 4630; x_wconf 86' lang='lat' dir='ltr'><strong><em>necesse</em></strong></span> <span class='ocrx_word' id='word_1_687' title='bbox 577 4586 662 4631; x_wconf 90' lang='lat' dir='ltr'><strong><em>est</em></strong></span> <span class='ocrx_word' id='word_1_688' title='bbox 690 4591 793 4631; x_wconf 90' lang='lat' dir='ltr'><strong><em>non</em></strong></span> <span class='ocrx_word' id='word_1_689' title='bbox 826 4588 1002 4634; x_wconf 86' lang='lat' dir='ltr'><strong><em>tacere</em></strong></span> <span class='ocrx_word' id='word_1_690' title='bbox 1030 4596 1046 4634; x_wconf 89' lang='lat'>:</span> <span class='ocrx_word' id='word_1_691' title='bbox 1076 4582 1194 4650; x_wconf 84' lang='lat' dir='ltr'><strong><em>plus</em></strong></span> <span class='ocrx_word' id='word_1_692' title='bbox 1235 4583 1561 4649; x_wconf 89' lang='lat' dir='ltr'><strong><em>impenditur</em></strong></span> <span class='ocrx_word' id='word_1_693' title='bbox 1592 4586 1800 4641; x_wconf 63' lang='lat' dir='ltr'><strong><em>daemo-</em></strong></span> 
     </span>
    </p>
   </div>
   <div class='ocr_carea' id='block_1_71' title="bbox 209 4672 1799 4753">
    <p class='ocr_par' dir='ltr' id='par_1_71' title="bbox 209 4672 1799 4753">
     <span class='ocr_line' id='line_1_71' title="bbox 209 4672 1799 4753; baseline 0.011 -30"><span class='ocrx_word' id='word_1_694' title='bbox 209 4672 310 4726; x_wconf 84' lang='lat' dir='ltr'><strong><em>niis</em></strong></span> <span class='ocrx_word' id='word_1_695' title='bbox 336 4688 497 4743; x_wconf 90' lang='lat' dir='ltr'><strong><em>quam</em></strong></span> <span class='ocrx_word' id='word_1_696' title='bbox 542 4676 825 4745; x_wconf 87' lang='lat' dir='ltr'><strong><em>apostolis,</em></strong></span> <span class='ocrx_word' id='word_1_697' title='bbox 859 4688 911 4731; x_wconf 91' lang='lat' dir='ltr'><strong><em>et</em></strong></span> <span class='ocrx_word' id='word_1_698' title='bbox 951 4677 1209 4745; x_wconf 82' lang='lat' dir='ltr'><strong><em>majorem</em></strong></span> <span class='ocrx_word' id='word_1_699' title='bbox 1256 4680 1501 4735; x_wconf 87' lang='lat' dir='ltr'><strong><em>obtinent</em></strong></span> <span class='ocrx_word' id='word_1_700' title='bbox 1548 4682 1799 4753; x_wconf 81' lang='lat' dir='ltr'><strong><em>frequen-</em></strong></span> 
     </span>
    </p>
   </div>
   <div class='ocr_carea' id='block_1_72' title="bbox 208 4761 1796 4843">
    <p class='ocr_par' dir='ltr' id='par_1_72' title="bbox 208 4761 1796 4843">
     <span class='ocr_line' id='line_1_72' title="bbox 208 4761 1796 4843; baseline 0.009 -28"><span class='ocrx_word' id='word_1_701' title='bbox 208 4761 334 4817; x_wconf 77' lang='lat' dir='ltr'><strong><em>tiam</em></strong></span> <span class='ocrx_word' id='word_1_702' title='bbox 366 4767 555 4819; x_wconf 85' lang='lat' dir='ltr'><strong><em>insana</em></strong></span> <span class='ocrx_word' id='word_1_703' title='bbox 582 4769 887 4836; x_wconf 87' lang='lat' dir='ltr'><strong><em>spectacula</em></strong></span> <span class='ocrx_word' id='word_1_704' title='bbox 914 4783 1073 4837; x_wconf 90' lang='lat' dir='ltr'><strong><em>quam</em></strong></span> <span class='ocrx_word' id='word_1_705' title='bbox 1127 4770 1281 4824; x_wconf 86' lang='lat' dir='ltr'><strong><em>beata</em></strong></span> <span class='ocrx_word' id='word_1_706' title='bbox 1311 4781 1332 4809; x_wconf 78' lang='grc' dir='ltr'><strong>ο</strong></span> <span class='ocrx_word' id='word_1_707' title='bbox 1362 4775 1637 4841; x_wconf 86' lang='lat' dir='ltr'><strong><em>martyria.</em></strong></span> <span class='ocrx_word' id='word_1_708' title='bbox 1662 4775 1796 4843; x_wconf 84' lang='lat' dir='ltr'><strong><em>Quis</em></strong></span> 
     </span>
    </p>
   </div>
   <div class='ocr_carea' id='block_1_73' title="bbox 203 4853 1795 4934">
    <p class='ocr_par' dir='ltr' id='par_1_73' title="bbox 203 4853 1795 4934">
     <span class='ocr_line' id='line_1_73' title="bbox 203 4853 1795 4934; baseline 0.01 -26"><span class='ocrx_word' id='word_1_709' title='bbox 203 4853 343 4910; x_wconf 78' lang='lat' dir='ltr'><strong><em>hanc</em></strong></span> <span class='ocrx_word' id='word_1_710' title='bbox 380 4859 572 4913; x_wconf 83' lang='lat' dir='ltr'><strong><em>urbem</em></strong></span> <span class='ocrx_word' id='word_1_711' title='bbox 632 4858 948 4914; x_wconf 76' lang='lat' dir='ltr'><strong><em>reformavit</em></strong></span> <span class='ocrx_word' id='word_1_712' title='bbox 1004 4862 1204 4916; x_wconf 79' lang='lat' dir='ltr'><strong><em>saluti?</em></strong></span> <span class='ocrx_word' id='word_1_713' title='bbox 1259 4863 1379 4933; x_wconf 89' lang='lat' dir='ltr'><strong><em>quis</em></strong></span> <span class='ocrx_word' id='word_1_714' title='bbox 1412 4880 1440 4917; x_wconf 90' lang='lat' dir='ltr'><strong><em>a</em></strong></span> <span class='ocrx_word' id='word_1_715' title='bbox 1483 4868 1795 4934; x_wconf 85' lang='lat' dir='ltr'><strong><em>captivitate</em></strong></span> 
     </span>
    </p>
   </div>
   <div class='ocr_carea' id='block_1_74' title="bbox 202 4949 1791 5026">
    <p class='ocr_par' dir='ltr' id='par_1_74' title="bbox 202 4949 1791 5026">
     <span class='ocr_line' id='line_1_74' title="bbox 202 4949 1791 5026; baseline 0.011 -26"><span class='ocrx_word' id='word_1_716' title='bbox 202 4949 572 5020; x_wconf 63' lang='lat' dir='ltr'><strong><em>mithuisa</em></strong></span> <span class='ocrx_word' id='word_1_717' title='bbox 612 4952 762 5006; x_wconf 62' lang='lat' dir='ltr'><strong><em>caede</em></strong></span> <span class='ocrx_word' id='word_1_718' title='bbox 808 4953 1087 5009; x_wconf 76' lang='lat' dir='ltr'><strong><em>defendit?</em></strong></span> <span class='ocrx_word' id='word_1_719' title='bbox 1123 4954 1280 5011; x_wconf 87' lang='lat' dir='ltr'><strong><em>ludus</em></strong></span> <span class='ocrx_word' id='word_1_720' title='bbox 1325 4956 1681 5026; x_wconf 87' lang='lat' dir='ltr'><strong><em>Circensium,</em></strong></span> <span class='ocrx_word' id='word_1_721' title='bbox 1725 4976 1791 5016; x_wconf 88' lang='lat' dir='ltr'><strong><em>an</em></strong></span> 
     </span>
    </p>
   </div>
   <div class='ocr_carea' id='block_1_75' title="bbox 199 5045 1794 5121">
    <p class='ocr_par' dir='ltr' id='par_1_75' title="bbox 199 5045 1794 5121">
     <span class='ocr_line' id='line_1_75' title="bbox 199 5045 1794 5121; baseline 0.009 -26"><span class='ocrx_word' id='word_1_722' title='bbox 199 5055 330 5096; x_wconf 82' lang='lat' dir='ltr'><strong><em>cura</em></strong></span> <span class='ocrx_word' id='word_1_723' title='bbox 383 5045 738 5098; x_wconf 83' lang='lat' dir='ltr'><strong><em>sanctorum?</em></strong></span> <span class='ocrx_word' id='word_1_724' title='bbox 782 5061 1009 5115; x_wconf 89' lang='lat' dir='ltr'><strong><em>quorum</em></strong></span> <span class='ocrx_word' id='word_1_725' title='bbox 1064 5048 1247 5118; x_wconf 87' lang='lat' dir='ltr'><strong><em>utique</em></strong></span> <span class='ocrx_word' id='word_1_726' title='bbox 1303 5053 1556 5121; x_wconf 88' lang='lat' dir='ltr'><strong><em>precibus</em></strong></span> <span class='ocrx_word' id='word_1_727' title='bbox 1597 5054 1794 5110; x_wconf 69' lang='lat' dir='ltr'><strong><em>divinat</em></strong></span> 
     </span>
    </p>
   </div>
   <div class='ocr_carea' id='block_1_76' title="bbox 268 5173 1859 5258">
    <p class='ocr_par' dir='ltr' id='par_1_76' title="bbox 268 5173 1859 5258">
     <span class='ocr_line' id='line_1_76' title="bbox 268 5173 1859 5258; baseline 0.008 -28"><span class='ocrx_word' id='word_1_728' title='bbox 268 5186 297 5213; x_wconf 74' lang='grc' dir='ltr'>ι</span> <span class='ocrx_word' id='word_1_729' title='bbox 324 5173 634 5258; x_wconf 69' lang='lat' dir='ltr'><strong><em>Lectionar.</em></strong></span> <span class='ocrx_word' id='word_1_730' title='bbox 661 5174 927 5232; x_wconf 74' lang='lat' dir='ltr'><strong><em>Vallicell.</em></strong></span> <span class='ocrx_word' id='word_1_731' title='bbox 958 5185 1015 5233; x_wconf 88' lang='lat' dir='ltr'><strong><em>et</em></strong></span> <span class='ocrx_word' id='word_1_732' title='bbox 1062 5178 1183 5235; x_wconf 91' lang='lat' dir='ltr'><strong><em>cod.</em></strong></span> <span class='ocrx_word' id='word_1_733' title='bbox 1215 5180 1435 5237; x_wconf 89' lang='lat' dir='ltr'><strong><em>Barber.</em></strong></span> <span class='ocrx_word' id='word_1_734' title='bbox 1479 5185 1694 5242; x_wconf 88' lang='lat' dir='ltr'><strong><em>collect.</em></strong></span> <span class='ocrx_word' id='word_1_735' title='bbox 1725 5187 1782 5255; x_wconf 71' lang='lat'><strong><em>2,</em></strong></span> <span class='ocrx_word' id='word_1_736' title='bbox 1812 5192 1859 5258; x_wconf 76' lang='grc' dir='ltr'>ο</span> 
     </span>
    </p>
   </div>
   <div class='ocr_carea' id='block_1_77' title="bbox 196 5265 913 5387">
    <p class='ocr_par' dir='ltr' id='par_1_77' title="bbox 196 5265 913 5387">
     <span class='ocr_line' id='line_1_77' title="bbox 196 5265 427 5319; baseline 0 -18"><span class='ocrx_word' id='word_1_737' title='bbox 196 5265 427 5319; x_wconf 77' lang='lat' dir='ltr'><strong><em>pararis.</em></strong></span> 
     </span>
     <span class='ocr_line' id='line_1_78' title="bbox 263 5316 913 5387; baseline 0.002 -14"><span class='ocrx_word' id='word_1_738' title='bbox 263 5318 295 5357; x_wconf 61' lang='grc' dir='ltr'><strong>Β</strong></span> <span class='ocrx_word' id='word_1_739' title='bbox 320 5317 457 5373; x_wconf 83' lang='lat' dir='ltr'><strong><em>Cod.</em></strong></span> <span class='ocrx_word' id='word_1_740' title='bbox 484 5316 671 5381; x_wconf 85' lang='lat' dir='ltr'><strong><em>Barb.,</em></strong></span> <span class='ocrx_word' id='word_1_741' title='bbox 712 5318 913 5387; x_wconf 73' lang='lat' dir='ltr'><strong><em>effusio.</em></strong></span> 
     </span>
    </p>
   </div>
   <div class='ocr_carea' id='block_1_78' title="bbox 265 5388 1783 5475">
    <p class='ocr_par' dir='ltr' id='par_1_78' title="bbox 265 5388 1783 5475">
     <span class='ocr_line' id='line_1_79' title="bbox 265 5388 1783 5475; baseline 0.012 -37"><span class='ocrx_word' id='word_1_742' title='bbox 265 5401 291 5429; x_wconf 72' lang='grc' dir='ltr'><strong>ε</strong></span> <span class='ocrx_word' id='word_1_743' title='bbox 324 5388 585 5475; x_wconf 49' lang='grc' dir='ltr'><strong><em>ξρνιξινία</em></strong></span> <span class='ocrx_word' id='word_1_744' title='bbox 618 5390 867 5475; x_wconf 40' lang='grc' dir='ltr'><strong><em>ξιιιίξιςοεξ)</em></strong></span> <span class='ocrx_word' id='word_1_745' title='bbox 892 5393 1156 5450; x_wconf 87' lang='lat' dir='ltr'><strong><em>ecclesias</em></strong></span> <span class='ocrx_word' id='word_1_746' title='bbox 1201 5397 1255 5450; x_wconf 83' lang='grc' dir='ltr'><strong><em>ιη</em></strong></span> <span class='ocrx_word' id='word_1_747' title='bbox 1286 5396 1548 5454; x_wconf 88' lang='lat' dir='ltr'><strong><em>honorem</em></strong></span> <span class='ocrx_word' id='word_1_748' title='bbox 1575 5411 1783 5475; x_wconf 85' lang='lat' dir='ltr'><strong><em>marty-</em></strong></span> 
     </span>
    </p>
   </div>
   <div class='ocr_carea' id='block_1_79' title="bbox 189 5463 876 5530">
    <p class='ocr_par' dir='ltr' id='par_1_79' title="bbox 189 5463 876 5530">
     <span class='ocr_line' id='line_1_80' title="bbox 189 5463 876 5530; baseline 0 -14"><span class='ocrx_word' id='word_1_749' title='bbox 189 5476 312 5530; x_wconf 80' lang='lat' dir='ltr'><strong><em>rum</em></strong></span> <span class='ocrx_word' id='word_1_750' title='bbox 342 5463 559 5515; x_wconf 84' lang='lat' dir='ltr'><strong><em>dicatas</em></strong></span> <span class='ocrx_word' id='word_1_751' title='bbox 586 5463 876 5530; x_wconf 78' lang='lat' dir='ltr'><strong><em>signiﬁcat.</em></strong></span> 
     </span>
    </p>
   </div>
   <div class='ocr_carea' id='block_1_80' title="bbox 259 5528 1787 5609">
    <p class='ocr_par' dir='ltr' id='par_1_80' title="bbox 259 5528 1787 5609">
     <span class='ocr_line' id='line_1_81' title="bbox 259 5528 1787 5609; baseline 0.01 -25"><span class='ocrx_word' id='word_1_752' title='bbox 259 5528 292 5569; x_wconf 73' lang='grc' dir='ltr'><em>α</em></span> <span class='ocrx_word' id='word_1_753' title='bbox 318 5533 458 5585; x_wconf 89' lang='lat' dir='ltr'><strong><em>Cod.</em></strong></span> <span class='ocrx_word' id='word_1_754' title='bbox 489 5528 908 5609; x_wconf 36' lang='lat' dir='ltr'><strong><em>Bon.et‘pritn_a_</em></strong></span> <span class='ocrx_word' id='word_1_755' title='bbox 932 5534 1123 5609; x_wconf 65' lang='lat' dir='ltr'><strong><em>editio,</em></strong></span> <span class='ocrx_word' id='word_1_756' title='bbox 1143 5548 1197 5592; x_wconf 90' lang='lat' dir='ltr'><strong><em>ut</em></strong></span> <span class='ocrx_word' id='word_1_757' title='bbox 1226 5541 1314 5609; x_wconf 81' lang='lat' dir='ltr'><strong><em>qui</em></strong></span> <span class='ocrx_word' id='word_1_758' title='bbox 1343 5542 1630 5597; x_wconf 85' lang='lat' dir='ltr'><strong><em>merebatur</em></strong></span> <span class='ocrx_word' id='word_1_759' title='bbox 1654 5547 1787 5600; x_wconf 89' lang='lat' dir='ltr'><strong><em>iram</em></strong></span> 
     </span>
    </p>
   </div>
   <div class='ocr_carea' id='block_1_81' title="bbox 183 5604 1788 5682">
    <p class='ocr_par' dir='ltr' id='par_1_81' title="bbox 183 5604 1788 5682">
     <span class='ocr_line' id='line_1_82' title="bbox 183 5604 1788 5682; baseline 0.009 -24"><span class='ocrx_word' id='word_1_760' title='bbox 183 5612 483 5659; x_wconf 70' lang='lat' dir='ltr'><strong><em>seruantur</em></strong></span> <span class='ocrx_word' id='word_1_761' title='bbox 513 5604 582 5657; x_wconf 88' lang='lat' dir='ltr'><strong><em>ad</em></strong></span> <span class='ocrx_word' id='word_1_762' title='bbox 613 5604 831 5658; x_wconf 84' lang='lat' dir='ltr'><strong><em>veniam.</em></strong></span> <span class='ocrx_word' id='word_1_763' title='bbox 864 5604 988 5661; x_wconf 77' lang='lat' dir='ltr'><strong><em>Mss.</em></strong></span> <span class='ocrx_word' id='word_1_764' title='bbox 1015 5604 1276 5665; x_wconf 82' lang='lat' dir='ltr'><strong><em>Vallicell.</em></strong></span> <span class='ocrx_word' id='word_1_765' title='bbox 1300 5624 1354 5666; x_wconf 87' lang='lat' dir='ltr'><strong><em>et</em></strong></span> <span class='ocrx_word' id='word_1_766' title='bbox 1382 5614 1565 5682; x_wconf 86' lang='lat' dir='ltr'><strong><em>Barb.,</em></strong></span> <span class='ocrx_word' id='word_1_767' title='bbox 1588 5632 1788 5673; x_wconf 89' lang='lat' dir='ltr'><strong><em>merue-</em></strong></span> 
     </span>
    </p>
   </div>
   <div class='ocr_carea' id='block_1_82' title="bbox 180 5692 1783 5819">
    <p class='ocr_par' dir='ltr' id='par_1_82' title="bbox 180 5692 1783 5819">
     <span class='ocr_line' id='line_1_83' title="bbox 180 5692 1783 5819; baseline 0.011 -24"><span class='ocrx_word' id='word_1_768' title='bbox 180 5692 461 5802; x_wconf 51' lang='lat' dir='ltr'><strong><em>mTutfod.</em></strong></span> <span class='ocrx_word' id='word_1_769' title='bbox 512 5743 807 5819; x_wconf 70' lang='lat' dir='ltr'><strong><em>Yallice_ll.,</em></strong></span> <span class='ocrx_word' id='word_1_770' title='bbox 857 5748 1245 5805; x_wconf 88' lang='lat' dir='ltr'><strong><em>mundationem</em></strong></span> <span class='ocrx_word' id='word_1_771' title='bbox 1276 5794 1291 5819; x_wconf 92' lang='lat'><strong><em>,</em></strong></span> <span class='ocrx_word' id='word_1_772' title='bbox 1342 5771 1445 5809; x_wconf 88' lang='lat' dir='ltr'><strong><em>non</em></strong></span> <span class='ocrx_word' id='word_1_773' title='bbox 1491 5766 1660 5811; x_wconf 87' lang='lat' dir='ltr'><strong><em>tamen</em></strong></span> <span class='ocrx_word' id='word_1_774' title='bbox 1714 5762 1783 5813; x_wconf 88' lang='lat' dir='ltr'><strong><em>eis</em></strong></span> 
     </span>
    </p>
   </div>
   <div class='ocr_carea' id='block_1_83' title="bbox 181 5816 1787 5895">
    <p class='ocr_par' dir='ltr' id='par_1_83' title="bbox 181 5816 1787 5895">
     <span class='ocr_line' id='line_1_84' title="bbox 181 5816 1787 5895; baseline 0.009 -22"><span class='ocrx_word' id='word_1_775' title='bbox 181 5820 350 5895; x_wconf 69' lang='lat' dir='ltr'><strong><em>animi</em></strong></span> <span class='ocrx_word' id='word_1_776' title='bbox 402 5818 643 5895; x_wconf 74' lang='lat' dir='ltr'><strong><em>impietas</em></strong></span> <span class='ocrx_word' id='word_1_777' title='bbox 677 5816 917 5895; x_wconf 72' lang='lat' dir='ltr'><strong><em>defuerit.</em></strong></span> <span class='ocrx_word' id='word_1_778' title='bbox 962 5818 1059 5875; x_wconf 83' lang='lat' dir='ltr'><strong><em>Ms.</em></strong></span> <span class='ocrx_word' id='word_1_779' title='bbox 1107 5816 1361 5879; x_wconf 38' lang='lat' dir='ltr'><strong><em>Barbsut</em></strong></span> <span class='ocrx_word' id='word_1_780' title='bbox 1388 5827 1442 5881; x_wconf 86' lang='lat' dir='ltr'><strong><em>in</em></strong></span> <span class='ocrx_word' id='word_1_781' title='bbox 1486 5836 1635 5885; x_wconf 81' lang='lat' dir='ltr'><strong><em>textu</em></strong></span> <span class='ocrx_word' id='word_1_782' title='bbox 1662 5870 1676 5895; x_wconf 86' lang='lat'><strong><em>,</em></strong></span> <span class='ocrx_word' id='word_1_783' title='bbox 1731 5840 1787 5887; x_wconf 86' lang='lat' dir='ltr'><strong><em>et</em></strong></span> 
     </span>
    </p>
   </div>
   <div class='ocr_carea' id='block_1_84' title="bbox 177 5889 1100 5959">
    <p class='ocr_par' dir='ltr' id='par_1_84' title="bbox 177 5889 1100 5959">
     <span class='ocr_line' id='line_1_85' title="bbox 177 5889 1100 5959; baseline 0.001 -14"><span class='ocrx_word' id='word_1_784' title='bbox 177 5893 361 5945; x_wconf 77' lang='lat' dir='ltr'><strong><em>solum</em></strong></span> <span class='ocrx_word' id='word_1_785' title='bbox 392 5889 654 5959; x_wconf 76' lang='lat' dir='ltr'><strong><em>defuerint</em></strong></span> <span class='ocrx_word' id='word_1_786' title='bbox 685 5902 787 5959; x_wconf 78' lang='lat' dir='ltr'><strong><em>pro</em></strong></span> <span class='ocrx_word' id='word_1_787' title='bbox 813 5889 1100 5955; x_wconf 82' lang='lat' dir='ltr'><strong><em>defuerunt.</em></strong></span> 
     </span>
    </p>
   </div>
   <div class='ocr_carea' id='block_1_85' title="bbox 263 5957 942 6025">
    <p class='ocr_par' dir='ltr' id='par_1_85' title="bbox 263 5957 942 6025">
     <span class='ocr_line' id='line_1_86' title="bbox 263 5957 942 6025; baseline -0.004 -5"><span class='ocrx_word' id='word_1_788' title='bbox 263 5963 284 6001; x_wconf 68' lang='grc' dir='ltr'><strong>ί</strong></span> <span class='ocrx_word' id='word_1_789' title='bbox 315 5963 417 6020; x_wconf 74' lang='lat'><strong><em>31$.</em></strong></span> <span class='ocrx_word' id='word_1_790' title='bbox 446 5957 633 6025; x_wconf 82' lang='lat' dir='ltr'><strong><em>Barb..</em></strong></span> <span class='ocrx_word' id='word_1_791' title='bbox 660 5959 730 6013; x_wconf 91' lang='lat' dir='ltr'><strong><em>ad</em></strong></span> <span class='ocrx_word' id='word_1_792' title='bbox 755 5957 942 6017; x_wconf 88' lang='lat' dir='ltr'><strong><em>Deum.</em></strong></span> 
     </span>
    </p>
   </div>
   <div class='ocr_carea' id='block_1_86' title="bbox 1913 4022 3515 4095">
    <p class='ocr_par' dir='ltr' id='par_1_86' title="bbox 1913 4022 3515 4095">
     <span class='ocr_line' id='line_1_87' title="bbox 1913 4022 3515 4095; baseline 0.001 -18"><span class='ocrx_word' id='word_1_793' title='bbox 1913 4022 2165 4078; x_wconf 80' lang='lat' dir='ltr'><strong><em>beneﬁcii</em></strong></span> <span class='ocrx_word' id='word_1_794' title='bbox 2187 4026 2501 4079; x_wconf 86' lang='lat' dir='ltr'><strong><em>memoriam</em></strong></span> <span class='ocrx_word' id='word_1_795' title='bbox 2526 4033 2638 4079; x_wconf 92' lang='lat' dir='ltr'><strong><em>toto</em></strong></span> <span class='ocrx_word' id='word_1_796' title='bbox 2673 4026 2795 4080; x_wconf 84' lang='lat' dir='ltr'><strong><em>lidei</em></strong></span> <span class='ocrx_word' id='word_1_797' title='bbox 2818 4025 3000 4095; x_wconf 81' lang='lat' dir='ltr'><strong><em>vigore</em></strong></span> <span class='ocrx_word' id='word_1_798' title='bbox 3028 4026 3292 4082; x_wconf 81' lang='lat' dir='ltr'><strong><em>coalerte.</em></strong></span> <span class='ocrx_word' id='word_1_799' title='bbox 3320 4024 3515 4081; x_wconf 87' lang='lat' dir='ltr'><strong><em>Gravis</em></strong></span> 
     </span>
    </p>
   </div>
   <div class='ocr_carea' id='block_1_87' title="bbox 1914 4116 3511 4187">
    <p class='ocr_par' dir='ltr' id='par_1_87' title="bbox 1914 4116 3511 4187">
     <span class='ocr_line' id='line_1_88' title="bbox 1914 4116 3511 4187; baseline -0.001 -17"><span class='ocrx_word' id='word_1_800' title='bbox 1914 4117 2238 4187; x_wconf 88' lang='lat' dir='ltr'><strong><em>negligentia</em></strong></span> <span class='ocrx_word' id='word_1_801' title='bbox 2272 4116 2431 4186; x_wconf 80' lang='lat'><strong>337</strong></span> <span class='ocrx_word' id='word_1_802' title='bbox 2470 4116 2685 4185; x_wconf 87' lang='lat' dir='ltr'><strong><em>majore</em></strong></span> <span class='ocrx_word' id='word_1_803' title='bbox 2732 4118 3100 4173; x_wconf 77' lang='lat' dir='ltr'><strong><em>satisfactione</em></strong></span> <span class='ocrx_word' id='word_1_804' title='bbox 3144 4118 3380 4172; x_wconf 87' lang='lat' dir='ltr'><strong><em>curanda</em></strong></span> <span class='ocrx_word' id='word_1_805' title='bbox 3405 4123 3511 4170; x_wconf 84' lang='lat' dir='ltr'><strong><em>est.</em></strong></span> 
     </span>
    </p>
   </div>
   <div class='ocr_carea' id='block_1_88' title="bbox 1918 4208 3511 4279">
    <p class='ocr_par' dir='ltr' id='par_1_88' title="bbox 1918 4208 3511 4279">
     <span class='ocr_line' id='line_1_89' title="bbox 1918 4208 3511 4279; baseline 0.001 -16"><span class='ocrx_word' id='word_1_806' title='bbox 1918 4209 2000 4263; x_wconf 82' lang='lat' dir='ltr'><strong><em>Ad</em></strong></span> <span class='ocrx_word' id='word_1_807' title='bbox 2025 4208 2459 4263; x_wconf 74' lang='lat' dir='ltr'><strong><em>emendationem</em></strong></span> <span class='ocrx_word' id='word_1_808' title='bbox 2492 4217 2732 4264; x_wconf 85' lang='lat' dir='ltr'><strong><em>nostram</em></strong></span> <span class='ocrx_word' id='word_1_809' title='bbox 2773 4221 2986 4265; x_wconf 88' lang='lat' dir='ltr'><strong><em>utamur</em></strong></span> <span class='ocrx_word' id='word_1_810' title='bbox 3030 4212 3252 4265; x_wconf 86' lang='lat' dir='ltr'><strong><em>lenitate</em></strong></span> <span class='ocrx_word' id='word_1_811' title='bbox 3284 4225 3511 4279; x_wconf 83' lang='lat' dir='ltr'><strong><em>parcen-</em></strong></span> 
     </span>
    </p>
   </div>
   <div class='ocr_carea' id='block_1_89' title="bbox 1910 4298 3502 4372">
    <p class='ocr_par' dir='ltr' id='par_1_89' title="bbox 1910 4298 3502 4372">
     <span class='ocr_line' id='line_1_90' title="bbox 1910 4298 3502 4372; baseline 0.001 -16"><span class='ocrx_word' id='word_1_812' title='bbox 1910 4303 2023 4356; x_wconf 90' lang='lat' dir='ltr'><strong><em>tis:</em></strong></span> <span class='ocrx_word' id='word_1_813' title='bbox 2056 4310 2113 4356; x_wconf 91' lang='lat' dir='ltr'><strong><em>ut</em></strong></span> <span class='ocrx_word' id='word_1_814' title='bbox 2140 4302 2327 4355; x_wconf 80' lang='lat' dir='ltr'><strong><em>beatus</em></strong></span> <span class='ocrx_word' id='word_1_815' title='bbox 2377 4298 2405 4338; x_wconf 73' lang='grc' dir='ltr'>ιι</span> <span class='ocrx_word' id='word_1_816' title='bbox 2449 4302 2643 4357; x_wconf 86' lang='lat' dir='ltr'><strong><em>Petrus</em></strong></span> <span class='ocrx_word' id='word_1_817' title='bbox 2682 4312 2737 4357; x_wconf 88' lang='lat' dir='ltr'><strong><em>et</em></strong></span> <span class='ocrx_word' id='word_1_818' title='bbox 2780 4318 2971 4359; x_wconf 88' lang='lat' dir='ltr'><strong><em>omnes</em></strong></span> <span class='ocrx_word' id='word_1_819' title='bbox 3003 4303 3175 4358; x_wconf 89' lang='lat' dir='ltr'><strong><em>sancti</em></strong></span> <span class='ocrx_word' id='word_1_820' title='bbox 3216 4304 3306 4372; x_wconf 89' lang='lat' dir='ltr'><strong><em>qni</em></strong></span> <span class='ocrx_word' id='word_1_821' title='bbox 3344 4304 3502 4357; x_wconf 84' lang='lat' dir='ltr'><strong><em>nobis</em></strong></span> 
     </span>
    </p>
   </div>
   <div class='ocr_carea' id='block_1_90' title="bbox 1913 4389 3504 4469">
    <p class='ocr_par' dir='ltr' id='par_1_90' title="bbox 1913 4389 3504 4469">
     <span class='ocr_line' id='line_1_91' title="bbox 1913 4389 3504 4469; baseline 0 -20"><span class='ocrx_word' id='word_1_822' title='bbox 1913 4389 2160 4464; x_wconf 68' lang='lat' dir='ltr'><strong><em>‘semper</em></strong></span> <span class='ocrx_word' id='word_1_823' title='bbox 2188 4393 2240 4447; x_wconf 88' lang='lat' dir='ltr'><strong><em>in</em></strong></span> <span class='ocrx_word' id='word_1_824' title='bbox 2266 4392 2448 4447; x_wconf 89' lang='lat' dir='ltr'><strong><em>multis</em></strong></span> <span class='ocrx_word' id='word_1_825' title='bbox 2472 4395 2905 4451; x_wconf 84' lang='lat' dir='ltr'><strong><em>tribulationibus</em></strong></span> <span class='ocrx_word' id='word_1_826' title='bbox 2934 4396 3225 4469; x_wconf 69' lang='lat' dir='ltr'><strong><em>siluerunt,</em></strong></span> <span class='ocrx_word' id='word_1_827' title='bbox 3246 4398 3504 4450; x_wconf 87' lang='lat' dir='ltr'><strong><em>obsecra-</em></strong></span> 
     </span>
    </p>
   </div>
   <div class='ocr_carea' id='block_1_91' title="bbox 1906 4487 3505 4556">
    <p class='ocr_par' dir='ltr' id='par_1_91' title="bbox 1906 4487 3505 4556">
     <span class='ocr_line' id='line_1_92' title="bbox 1906 4487 3505 4556; baseline 0.001 -15"><span class='ocrx_word' id='word_1_828' title='bbox 1906 4490 2080 4542; x_wconf 88' lang='lat' dir='ltr'><strong><em>tiones</em></strong></span> <span class='ocrx_word' id='word_1_829' title='bbox 2104 4495 2315 4540; x_wconf 89' lang='lat' dir='ltr'><strong><em>nostras</em></strong></span> <span class='ocrx_word' id='word_1_830' title='bbox 2342 4502 2441 4555; x_wconf 88' lang='lat' dir='ltr'><strong><em>pro</em></strong></span> <span class='ocrx_word' id='word_1_831' title='bbox 2485 4487 2636 4542; x_wconf 82' lang='lat' dir='ltr'><strong><em>vobis</em></strong></span> <span class='ocrx_word' id='word_1_832' title='bbox 2680 4488 2820 4556; x_wconf 85' lang='lat' dir='ltr'><strong><em>apud</em></strong></span> <span class='ocrx_word' id='word_1_833' title='bbox 2872 4489 3278 4545; x_wconf 59' lang='lat' dir='ltr'><strong><em>mistericordem</em></strong></span> <span class='ocrx_word' id='word_1_834' title='bbox 3334 4487 3505 4543; x_wconf 87' lang='lat' dir='ltr'><strong><em>Deum</em></strong></span> 
     </span>
    </p>
   </div>
   <div class='ocr_carea' id='block_1_92' title="bbox 1902 4579 3503 4652">
    <p class='ocr_par' dir='ltr' id='par_1_92' title="bbox 1902 4579 3503 4652">
     <span class='ocr_line' id='line_1_93' title="bbox 1902 4579 3503 4652; baseline 0.002 -17"><span class='ocrx_word' id='word_1_835' title='bbox 1902 4580 2095 4651; x_wconf 87' lang='lat' dir='ltr'><strong><em>juvare</em></strong></span> <span class='ocrx_word' id='word_1_836' title='bbox 2116 4581 2428 4652; x_wconf 87' lang='lat' dir='ltr'><strong><em>dignentur,</em></strong></span> <span class='ocrx_word' id='word_1_837' title='bbox 2458 4596 2555 4651; x_wconf 87' lang='lat' dir='ltr'><strong><em>per</em></strong></span> <span class='ocrx_word' id='word_1_838' title='bbox 2577 4579 2857 4637; x_wconf 85' lang='lat' dir='ltr'><strong><em>Christum</em></strong></span> <span class='ocrx_word' id='word_1_839' title='bbox 2899 4582 3185 4638; x_wconf 90' lang='lat' dir='ltr'><strong><em>Dominum</em></strong></span> <span class='ocrx_word' id='word_1_840' title='bbox 3233 4584 3503 4639; x_wconf 74' lang='lat' dir='ltr'><strong><em>nostrum.‘</em></strong></span> 
     </span>
    </p>
   </div>
   <div class='ocr_carea' id='block_1_93' title="bbox 1902 4674 2093 4731">
    <p class='ocr_par' dir='ltr' id='par_1_93' title="bbox 1902 4674 2093 4731">
     <span class='ocr_line' id='line_1_94' title="bbox 1902 4674 2093 4731; baseline -0.005 -1"><span class='ocrx_word' id='word_1_841' title='bbox 1902 4674 2093 4731; x_wconf 84' lang='lat' dir='ltr'><strong><em>Amen.</em></strong></span> 
     </span>
    </p>
   </div>
   <div class='ocr_carea' id='block_1_94' title="bbox 2196 4778 3231 4866">
    <p class='ocr_par' dir='ltr' id='par_1_94' title="bbox 2196 4778 3231 4866">
     <span class='ocr_line' id='line_1_95' title="bbox 2196 4778 3231 4866; baseline 0 -19"><span class='ocrx_word' id='word_1_842' title='bbox 2196 4790 2432 4848; x_wconf 67' lang='grc' dir='ltr'><strong><em>διεπιΜο</em></strong></span> <span class='ocrx_word' id='word_1_843' title='bbox 2462 4790 2705 4848; x_wconf 84' lang='lat' dir='ltr'><strong>Lxxxv</strong></span> <span class='ocrx_word' id='word_1_844' title='bbox 2745 4791 2854 4866; x_wconf 82' lang='lat' dir='ltr'><strong><em>[AL</em></strong></span> <span class='ocrx_word' id='word_1_845' title='bbox 2878 4790 3193 4864; x_wconf 82' lang='lat' dir='ltr'><strong><em>LXXXIII].</em></strong></span> <span class='ocrx_word' id='word_1_846' title='bbox 3221 4778 3231 4789; x_wconf 89' lang='lat'><strong><em>&#39;</em></strong></span> 
     </span>
    </p>
   </div>
   <div class='ocr_carea' id='block_1_95' title="bbox 2183 4924 3204 4998">
    <p class='ocr_par' dir='ltr' id='par_1_95' title="bbox 2183 4924 3204 4998">
     <span class='ocr_line' id='line_1_96' title="bbox 2183 4924 3204 4998; baseline 0.002 -19"><span class='ocrx_word' id='word_1_847' title='bbox 2183 4925 2200 4978; x_wconf 80' lang='lat' dir='ltr'><strong><em>l</em></strong></span> <span class='ocrx_word' id='word_1_848' title='bbox 2243 4924 2312 4980; x_wconf 87' lang='lat' dir='ltr'><strong><em>In</em></strong></span> <span class='ocrx_word' id='word_1_849' title='bbox 2340 4925 2521 4980; x_wconf 88' lang='lat' dir='ltr'><strong><em>Natali</em></strong></span> <span class='ocrx_word' id='word_1_850' title='bbox 2554 4925 2615 4982; x_wconf 89' lang='lat' dir='ltr'><strong><em>S.</em></strong></span> <span class='ocrx_word' id='word_1_851' title='bbox 2646 4925 2915 4981; x_wconf 86' lang='lat' dir='ltr'><strong><em>Laurentii</em></strong></span> <span class='ocrx_word' id='word_1_852' title='bbox 2944 4926 3204 4998; x_wconf 83' lang='lat' dir='ltr'><strong><em>martyris.</em></strong></span> 
     </span>
    </p>
   </div>
   <div class='ocr_carea' id='block_1_96' title="bbox 1902 5058 3496 5130">
    <p class='ocr_par' dir='ltr' id='par_1_96' title="bbox 1902 5058 3496 5130">
     <span class='ocr_line' id='line_1_97' title="bbox 1902 5058 3496 5130; baseline -0.003 -13"><span class='ocrx_word' id='word_1_853' title='bbox 1902 5060 2175 5118; x_wconf 69' lang='lat' dir='ltr'><strong><em>Sruoesxs.</em></strong></span> <span class='ocrx_word' id='word_1_854' title='bbox 2196 5090 2269 5103; x_wconf 96' lang='lat'><strong>—</strong></span> <span class='ocrx_word' id='word_1_855' title='bbox 2288 5059 2331 5114; x_wconf 84' lang='grc' dir='ltr'><strong>Ι.</strong></span> <span class='ocrx_word' id='word_1_856' title='bbox 2363 5059 2503 5127; x_wconf 85' lang='lat' dir='ltr'><strong><em>Quid</em></strong></span> <span class='ocrx_word' id='word_1_857' title='bbox 2523 5060 2728 5113; x_wconf 88' lang='lat' dir='ltr'><strong><em>intersit</em></strong></span> <span class='ocrx_word' id='word_1_858' title='bbox 2755 5060 2889 5114; x_wconf 89' lang='lat' dir='ltr'><strong><em>inter</em></strong></span> <span class='ocrx_word' id='word_1_859' title='bbox 2911 5058 3103 5114; x_wconf 86' lang='lat' dir='ltr'><strong><em>Christi</em></strong></span> <span class='ocrx_word' id='word_1_860' title='bbox 3133 5069 3177 5113; x_wconf 90' lang='lat' dir='ltr'><strong><em>et</em></strong></span> <span class='ocrx_word' id='word_1_861' title='bbox 3204 5058 3496 5130; x_wconf 76' lang='lat' dir='ltr'><strong><em>Martyrum</em></strong></span> 
     </span>
    </p>
   </div>
   <div class='ocr_carea' id='block_1_97' title="bbox 1968 5192 3011 5267">
    <p class='ocr_par' dir='ltr' id='par_1_97' title="bbox 1968 5192 3011 5267">
     <span class='ocr_line' id='line_1_98' title="bbox 1968 5192 3011 5267; baseline -0.002 -18"><span class='ocrx_word' id='word_1_862' title='bbox 1968 5203 1994 5267; x_wconf 64' lang='grc' dir='ltr'><strong>β</strong></span> <span class='ocrx_word' id='word_1_863' title='bbox 2021 5192 2158 5267; x_wconf 65' lang='grc' dir='ltr'><strong><em>βοά.</em></strong></span> <span class='ocrx_word' id='word_1_864' title='bbox 2191 5194 2743 5267; x_wconf 18' lang='grc' dir='ltr'><strong><em>νεΙΙῙε811.ᾉ,λὺεηεβσίἱ</em></strong></span> <span class='ocrx_word' id='word_1_865' title='bbox 2769 5195 3011 5267; x_wconf 86' lang='lat' dir='ltr'><strong><em>gratiam.</em></strong></span> 
     </span>
    </p>
   </div>
   <div class='ocr_carea' id='block_1_98' title="bbox 1962 5261 3520 5336">
    <p class='ocr_par' dir='ltr' id='par_1_98' title="bbox 1962 5261 3520 5336">
     <span class='ocr_line' id='line_1_99' title="bbox 1962 5261 3520 5336; baseline 0 -19"><span class='ocrx_word' id='word_1_866' title='bbox 1962 5261 1991 5336; x_wconf 57' lang='grc' dir='ltr'><strong><em>ξ)</em></strong></span> <span class='ocrx_word' id='word_1_867' title='bbox 2020 5266 2163 5318; x_wconf 87' lang='lat' dir='ltr'><strong><em>Idem</em></strong></span> <span class='ocrx_word' id='word_1_868' title='bbox 2195 5267 2367 5319; x_wconf 78' lang='lat' dir='ltr'><strong><em>Codex</em></strong></span> <span class='ocrx_word' id='word_1_869' title='bbox 2399 5265 2579 5331; x_wconf 85' lang='lat' dir='ltr'><strong><em>addit,</em></strong></span> <span class='ocrx_word' id='word_1_870' title='bbox 2612 5261 2912 5336; x_wconf 75' lang='lat' dir='ltr'><strong><em>Apostolus.</em></strong></span> <span class='ocrx_word' id='word_1_871' title='bbox 3514 5310 3520 5325; x_wconf 88' lang='lat'><strong><em>,</em></strong></span> 
     </span>
    </p>
   </div>
   <div class='ocr_carea' id='block_1_99' title="bbox 1965 5333 3488 5407">
    <p class='ocr_par' dir='ltr' id='par_1_99' title="bbox 1965 5333 3488 5407">
     <span class='ocr_line' id='line_1_100' title="bbox 1965 5333 3488 5407; baseline 0.001 -18"><span class='ocrx_word' id='word_1_872' title='bbox 1965 5333 1984 5372; x_wconf 78' lang='grc' dir='ltr'><strong>ί</strong></span> <span class='ocrx_word' id='word_1_873' title='bbox 2026 5338 2100 5389; x_wconf 83' lang='lat' dir='ltr'><strong><em>Ex</em></strong></span> <span class='ocrx_word' id='word_1_874' title='bbox 2137 5336 2331 5391; x_wconf 87' lang='lat' dir='ltr'><strong><em>eodem</em></strong></span> <span class='ocrx_word' id='word_1_875' title='bbox 2362 5337 2548 5391; x_wconf 88' lang='lat' dir='ltr'><strong><em>codice</em></strong></span> <span class='ocrx_word' id='word_1_876' title='bbox 2579 5333 2879 5406; x_wconf 80' lang='lat' dir='ltr'><strong><em>adjecitnus</em></strong></span> <span class='ocrx_word' id='word_1_877' title='bbox 2909 5354 3139 5407; x_wconf 82' lang='lat' dir='ltr'><strong><em>semper,</em></strong></span> <span class='ocrx_word' id='word_1_878' title='bbox 3166 5352 3265 5404; x_wconf 86' lang='lat' dir='ltr'><strong><em>pro</em></strong></span> <span class='ocrx_word' id='word_1_879' title='bbox 3294 5350 3402 5405; x_wconf 90' lang='lat' dir='ltr'><strong><em>quo</em></strong></span> <span class='ocrx_word' id='word_1_880' title='bbox 3433 5336 3488 5391; x_wconf 93' lang='lat' dir='ltr'><strong><em>in</em></strong></span> 
     </span>
    </p>
   </div>
   <div class='ocr_carea' id='block_1_100' title="bbox 1890 5408 3487 5479">
    <p class='ocr_par' dir='ltr' id='par_1_100' title="bbox 1890 5408 3487 5479">
     <span class='ocr_line' id='line_1_101' title="bbox 1890 5408 3487 5479; baseline 0 -18"><span class='ocrx_word' id='word_1_881' title='bbox 1890 5423 1994 5461; x_wconf 93' lang='lat' dir='ltr'><strong><em>ms.</em></strong></span> <span class='ocrx_word' id='word_1_882' title='bbox 2029 5408 2331 5462; x_wconf 86' lang='lat' dir='ltr'><strong><em>Barberino</em></strong></span> <span class='ocrx_word' id='word_1_883' title='bbox 2364 5408 2597 5463; x_wconf 84' lang='lat' dir='ltr'><strong><em>habetur</em></strong></span> <span class='ocrx_word' id='word_1_884' title='bbox 2621 5449 2636 5470; x_wconf 88' lang='lat'><strong><em>,</em></strong></span> <span class='ocrx_word' id='word_1_885' title='bbox 2688 5424 2841 5479; x_wconf 79' lang='lat' dir='ltr'><strong><em>stepe.</em></strong></span> <span class='ocrx_word' id='word_1_886' title='bbox 2885 5409 3187 5476; x_wconf 88' lang='lat' dir='ltr'><strong><em>Utrumque</em></strong></span> <span class='ocrx_word' id='word_1_887' title='bbox 3218 5410 3282 5479; x_wconf 12' lang='lat' dir='ltr'><strong><em>fin</em></strong></span> <span class='ocrx_word' id='word_1_888' title='bbox 3324 5409 3487 5461; x_wconf 87' lang='lat' dir='ltr'><strong><em>editis</em></strong></span> 
     </span>
    </p>
   </div>
   <div class='ocr_carea' id='block_1_101' title="bbox 1890 5478 3483 5545">
    <p class='ocr_par' dir='ltr' id='par_1_101' title="bbox 1890 5478 3483 5545">
     <span class='ocr_line' id='line_1_102' title="bbox 1890 5478 3483 5545; baseline 0 -12"><span class='ocrx_word' id='word_1_889' title='bbox 1890 5480 2095 5533; x_wconf 87' lang='lat' dir='ltr'><strong><em>deerat.</em></strong></span> <span class='ocrx_word' id='word_1_890' title='bbox 2125 5481 2267 5541; x_wconf 86' lang='lat' dir='ltr'><strong><em>Mox,</em></strong></span> <span class='ocrx_word' id='word_1_891' title='bbox 2297 5481 2695 5533; x_wconf 86' lang='lat' dir='ltr'><strong><em>obsecrationem</em></strong></span> <span class='ocrx_word' id='word_1_892' title='bbox 2727 5478 2956 5532; x_wconf 89' lang='lat' dir='ltr'><strong><em>nostram</em></strong></span> <span class='ocrx_word' id='word_1_893' title='bbox 2990 5482 3039 5532; x_wconf 91' lang='lat' dir='ltr'><strong><em>in</em></strong></span> <span class='ocrx_word' id='word_1_894' title='bbox 3066 5493 3169 5533; x_wconf 90' lang='lat' dir='ltr'><strong><em>ms.</em></strong></span> <span class='ocrx_word' id='word_1_895' title='bbox 3190 5478 3483 5545; x_wconf 81' lang='lat' dir='ltr'><strong><em>Vallicell.,</em></strong></span> 
     </span>
    </p>
   </div>
   <div class='ocr_carea' id='block_1_102' title="bbox 1891 5550 3239 5621">
    <p class='ocr_par' dir='ltr' id='par_1_102' title="bbox 1891 5550 3239 5621">
     <span class='ocr_line' id='line_1_103' title="bbox 1891 5550 3239 5621; baseline -0.001 -17"><span class='ocrx_word' id='word_1_896' title='bbox 1891 5551 2292 5604; x_wconf 87' lang='lat' dir='ltr'><strong><em>obsecrationem</em></strong></span> <span class='ocrx_word' id='word_1_897' title='bbox 2316 5564 2532 5603; x_wconf 88' lang='lat' dir='ltr'><strong><em>vestram</em></strong></span> <span class='ocrx_word' id='word_1_898' title='bbox 2561 5567 2656 5621; x_wconf 87' lang='lat' dir='ltr'><strong><em>pro</em></strong></span> <span class='ocrx_word' id='word_1_899' title='bbox 2676 5550 2819 5604; x_wconf 87' lang='lat' dir='ltr'><strong><em>nobis</em></strong></span> <span class='ocrx_word' id='word_1_900' title='bbox 2852 5553 2901 5604; x_wconf 91' lang='lat' dir='ltr'><strong><em>in</em></strong></span> <span class='ocrx_word' id='word_1_901' title='bbox 2925 5551 3046 5603; x_wconf 87' lang='lat' dir='ltr'><strong><em>cod.</em></strong></span> <span class='ocrx_word' id='word_1_902' title='bbox 3079 5550 3239 5603; x_wconf 89' lang='lat' dir='ltr'><strong><em>Barb.</em></strong></span> 
     </span>
    </p>
   </div>
   <div class='ocr_carea' id='block_1_103' title="bbox 1967 5622 3484 5689">
    <p class='ocr_par' dir='ltr' id='par_1_103' title="bbox 1967 5622 3484 5689">
     <span class='ocr_line' id='line_1_104' title="bbox 1967 5622 3484 5689; baseline -0.001 -13"><span class='ocrx_word' id='word_1_903' title='bbox 1967 5623 1981 5671; x_wconf 65' lang='grc' dir='ltr'>ἱ</span> <span class='ocrx_word' id='word_1_904' title='bbox 2023 5622 2096 5676; x_wconf 85' lang='lat' dir='ltr'><strong><em>lla</em></strong></span> <span class='ocrx_word' id='word_1_905' title='bbox 2126 5626 2178 5675; x_wconf 88' lang='lat' dir='ltr'><strong><em>in</em></strong></span> <span class='ocrx_word' id='word_1_906' title='bbox 2206 5623 2603 5689; x_wconf 80' lang='lat' dir='ltr'><strong><em>antiquioribus</em></strong></span> <span class='ocrx_word' id='word_1_907' title='bbox 2629 5624 2925 5686; x_wconf 85' lang='lat' dir='ltr'><strong><em>codicibus,</em></strong></span> <span class='ocrx_word' id='word_1_908' title='bbox 2958 5622 3097 5674; x_wconf 64' lang='lat' dir='ltr'><strong><em>inter</em></strong></span> <span class='ocrx_word' id='word_1_909' title='bbox 3116 5637 3251 5689; x_wconf 86' lang='lat' dir='ltr'><strong><em>quos</em></strong></span> <span class='ocrx_word' id='word_1_910' title='bbox 3286 5636 3484 5686; x_wconf 86' lang='lat' dir='ltr'><strong><em>peran-</em></strong></span> 
     </span>
    </p>
   </div>
   <div class='ocr_carea' id='block_1_104' title="bbox 1896 5693 3482 5762">
    <p class='ocr_par' dir='ltr' id='par_1_104' title="bbox 1896 5693 3482 5762">
     <span class='ocr_line' id='line_1_105' title="bbox 1896 5693 3482 5762; baseline 0.001 -17"><span class='ocrx_word' id='word_1_911' title='bbox 1896 5693 2075 5760; x_wconf 83' lang='lat' dir='ltr'><strong><em>tiquus</em></strong></span> <span class='ocrx_word' id='word_1_912' title='bbox 2111 5694 2230 5747; x_wconf 81' lang='lat' dir='ltr'><strong><em>Vat.</em></strong></span> <span class='ocrx_word' id='word_1_913' title='bbox 2268 5693 2722 5762; x_wconf 68' lang='lat' dir='ltr'><strong><em>Ltvngobardtcis,</em></strong></span> <span class='ocrx_word' id='word_1_914' title='bbox 2758 5701 2815 5745; x_wconf 87' lang='lat' dir='ltr'><strong><em>ut</em></strong></span> <span class='ocrx_word' id='word_1_915' title='bbox 2846 5694 3024 5753; x_wconf 83' lang='lat' dir='ltr'><strong><em>aiunt.</em></strong></span> <span class='ocrx_word' id='word_1_916' title='bbox 3058 5693 3255 5745; x_wconf 88' lang='lat' dir='ltr'><strong><em>litteris</em></strong></span> <span class='ocrx_word' id='word_1_917' title='bbox 3283 5707 3482 5747; x_wconf 66' lang='lat' dir='ltr'><strong><em>enra-</em></strong></span> 
     </span>
    </p>
   </div>
   <div class='ocr_carea' id='block_1_105' title="bbox 1893 5762 3485 5819">
    <p class='ocr_par' dir='ltr' id='par_1_105' title="bbox 1893 5762 3485 5819">
     <span class='ocr_line' id='line_1_106' title="bbox 1893 5762 3485 5819; baseline 0.002 -3"><span class='ocrx_word' id='word_1_918' title='bbox 1893 5772 1997 5816; x_wconf 88' lang='lat' dir='ltr'><strong><em>tus.</em></strong></span> <span class='ocrx_word' id='word_1_919' title='bbox 2046 5764 2160 5818; x_wconf 87' lang='lat' dir='ltr'><strong><em>Non</em></strong></span> <span class='ocrx_word' id='word_1_920' title='bbox 2203 5765 2525 5819; x_wconf 67' lang='lat' dir='ltr'><strong><em>absimiliter</em></strong></span> <span class='ocrx_word' id='word_1_921' title='bbox 2562 5764 2683 5817; x_wconf 86' lang='lat' dir='ltr'><strong><em>cod.</em></strong></span> <span class='ocrx_word' id='word_1_922' title='bbox 2743 5764 2939 5815; x_wconf 82' lang='lat' dir='ltr'><strong><em>Veron.</em></strong></span> <span class='ocrx_word' id='word_1_923' title='bbox 2982 5774 3034 5815; x_wconf 87' lang='lat' dir='ltr'><strong><em>et</em></strong></span> <span class='ocrx_word' id='word_1_924' title='bbox 3073 5763 3210 5815; x_wconf 86' lang='lat' dir='ltr'><strong><em>alius</em></strong></span> <span class='ocrx_word' id='word_1_925' title='bbox 3255 5762 3374 5817; x_wconf 90' lang='lat' dir='ltr'><strong><em>Vat.</em></strong></span> <span class='ocrx_word' id='word_1_926' title='bbox 3419 5779 3485 5819; x_wconf 90' lang='lat' dir='ltr'><strong><em>ac</em></strong></span> 
     </span>
    </p>
   </div>
   <div class='ocr_carea' id='block_1_106' title="bbox 1894 5833 3475 5902">
    <p class='ocr_par' dir='ltr' id='par_1_106' title="bbox 1894 5833 3475 5902">
     <span class='ocr_line' id='line_1_107' title="bbox 1894 5833 3475 5902; baseline 0.004 -19"><span class='ocrx_word' id='word_1_927' title='bbox 1894 5836 2063 5902; x_wconf 82' lang='lat' dir='ltr'><strong><em>prima</em></strong></span> <span class='ocrx_word' id='word_1_928' title='bbox 2103 5836 2269 5890; x_wconf 88' lang='lat' dir='ltr'><strong><em>editio</em></strong></span> <span class='ocrx_word' id='word_1_929' title='bbox 2297 5851 2419 5891; x_wconf 89' lang='lat' dir='ltr'><strong><em>cum</em></strong></span> <span class='ocrx_word' id='word_1_930' title='bbox 2461 5850 2587 5887; x_wconf 75' lang='lat' dir='ltr'><strong><em>mss.</em></strong></span> <span class='ocrx_word' id='word_1_931' title='bbox 2636 5835 2843 5887; x_wconf 88' lang='lat' dir='ltr'><strong><em>collect.</em></strong></span> <span class='ocrx_word' id='word_1_932' title='bbox 2878 5836 2945 5898; x_wconf 80' lang='lat'><strong><em>3,</em></strong></span> <span class='ocrx_word' id='word_1_933' title='bbox 2997 5834 3061 5886; x_wconf 87' lang='lat' dir='ltr'><strong><em>In</em></strong></span> <span class='ocrx_word' id='word_1_934' title='bbox 3099 5834 3381 5888; x_wconf 78' lang='lat' dir='ltr'><strong><em>Nativitate</em></strong></span> <span class='ocrx_word' id='word_1_935' title='bbox 3410 5833 3475 5902; x_wconf 84' lang='lat' dir='ltr'><strong><em>S.</em></strong></span> 
     </span>
    </p>
   </div>
   <div class='ocr_carea' id='block_1_107' title="bbox 1894 5901 3479 5974">
    <p class='ocr_par' dir='ltr' id='par_1_107' title="bbox 1894 5901 3479 5974">
     <span class='ocr_line' id='line_1_108' title="bbox 1894 5901 3479 5974; baseline 0.001 -17"><span class='ocrx_word' id='word_1_936' title='bbox 1894 5902 2178 5959; x_wconf 86' lang='lat' dir='ltr'><strong><em>Laurentii.</em></strong></span> <span class='ocrx_word' id='word_1_937' title='bbox 2211 5905 2435 5961; x_wconf 73' lang='lat' dir='ltr'><strong><em>Caeterm</em></strong></span> <span class='ocrx_word' id='word_1_938' title='bbox 2460 5906 2724 5974; x_wconf 83' lang='lat' dir='ltr'><strong><em>editiones</em></strong></span> <span class='ocrx_word' id='word_1_939' title='bbox 2749 5919 2870 5956; x_wconf 86' lang='lat' dir='ltr'><strong><em>cum</em></strong></span> <span class='ocrx_word' id='word_1_940' title='bbox 2913 5906 3189 5958; x_wconf 87' lang='lat' dir='ltr'><strong><em>nonnullis</em></strong></span> <span class='ocrx_word' id='word_1_941' title='bbox 3215 5922 3345 5961; x_wconf 88' lang='lat' dir='ltr'><strong><em>mss.</em></strong></span> <span class='ocrx_word' id='word_1_942' title='bbox 3362 5945 3380 5974; x_wconf 84' lang='lat'><strong><em>,</em></strong></span> <span class='ocrx_word' id='word_1_943' title='bbox 3406 5901 3479 5961; x_wconf 80' lang='lat' dir='ltr'><strong><em>lu</em></strong></span> 
     </span>
    </p>
   </div>
   <div class='ocr_carea' id='block_1_108' title="bbox 1894 5972 3309 6041">
    <p class='ocr_par' dir='ltr' id='par_1_108' title="bbox 1894 5972 3309 6041">
     <span class='ocr_line' id='line_1_109' title="bbox 1894 5972 3309 6041; baseline 0.001 -12"><span class='ocrx_word' id='word_1_944' title='bbox 1894 5976 2042 6041; x_wconf 83' lang='lat' dir='ltr'><strong><em>festo,</em></strong></span> <span class='ocrx_word' id='word_1_945' title='bbox 2078 5992 2172 6033; x_wconf 84' lang='lat' dir='ltr'><strong><em>seu</em></strong></span> <span class='ocrx_word' id='word_1_946' title='bbox 2200 5979 2254 6032; x_wconf 91' lang='lat' dir='ltr'><strong><em>in</em></strong></span> <span class='ocrx_word' id='word_1_947' title='bbox 2280 5976 2598 6041; x_wconf 79' lang='lat' dir='ltr'><strong><em>festivitate;</em></strong></span> <span class='ocrx_word' id='word_1_948' title='bbox 2627 5972 2720 6030; x_wconf 85' lang='lat' dir='ltr'><strong><em>alii</em></strong></span> <span class='ocrx_word' id='word_1_949' title='bbox 2741 5974 2927 6039; x_wconf 76' lang='lat' dir='ltr'><strong><em>codd.</em></strong></span> <span class='ocrx_word' id='word_1_950' title='bbox 2953 5978 3006 6030; x_wconf 88' lang='lat' dir='ltr'><strong><em>in</em></strong></span> <span class='ocrx_word' id='word_1_951' title='bbox 3035 5974 3309 6033; x_wconf 72' lang='lat' dir='ltr'><strong><em>Passieno.</em></strong></span> 
     </span>
    </p>
   </div>
  </div>
