3980 6352
499 390 607 450 435

1636 382 1693 435 S.
1733 379 2231 440 LEOletMAGNl
2268 379 2656 442 SEBMONES.

3686 394 3782 453 436

569 512 894 580 mortemne
923 504 986 561 it.
1022 506 1148 571 Qum
1176 496 1924 580 κίςὲᾳεᾳη-θίξεᾳάαμ-Μτ
1944 500 2088 580 Lau-
2116 502 2174 562 Λ
2196 500 2345 557 enim
2384 501 2537 558 furor
2574 501 2869 573 gentilium
2912 512 3251 580 potestatum
3297 506 3317 545 τ
3370 510 3427 566 in
3474 511 3784 570 electissima

569 581 723 635 rentii
749 588 796 634 et
828 570 1119 649 facultates
1143 570 1394 649 etA/itlent
1414 570 1663 649 Ecclesia:
1702 576 1957 649 servantis
1980 574 2091 649 for-

568 651 758 707 titudo.
802 644 876 694 σέ-
916 648 1007 704 lY.
1057 645 1323 702 Charitas
1361 644 1699 701 Lurth
1744 646 2091 700 inuincibilem

568 727 787 798 factum.

432 878 443 949 ,³
566 880 694 941 Car.
724 877 979 939 I.—-Cum
1009 876 1272 946 omnium,
1292 873 1658 944 dilectissimi,
1684 880 1711 912 ι
1742 888 1952 930 ςυωωεί
1983 874 2091 930 vir-

432 958 435 959 i
494 986 668 1035 tutum
696 985 751 1033 et
788 975 950 1033 totius
988 971 1271 1044 plenitudo
1296 970 1526 1042 iustitia:
1557 969 1625 1028 de
1655 968 1751 1029 illo
1780 965 1965 1028 amore
1990 985 2089 1027 na-

492 1083 705 1143 scatur,
751 1085 859 1147 quo
890 1071 1032 1127 Deus
1061 1070 1456 1140 proximusque
1478 1068 1723 1140 diligitur
1746 1107 1762 1133 ,
1819 1069 1875 1123 in
1921 1068 2088 1125 nullis

490 1168 736 1241 profecto
762 1167 850 1224 hic
881 1181 1033 1221 amor
1050 1165 1331 1220 sublimius
1357 1164 1630 1220 excellere
1654 1163 1958 1235 clariusque
1984 1163 2090 1219 ful-

492 1280 648 1336 gere,
671 1277 833 1334 quam
857 1261 911 1318 in
936 1259 1267 1316 beatissimis
1293 1256 1626 1329 martyribus
1650 1257 1920 1314 invenitur
1945 1275 1958 1313 :
1992 1258 2088 1327 qui

490 1355 724 1415 Domino
750 1364 941 1411 nostro
965 1353 1093 1411 Iesu
1117 1352 1341 1408 Christo
1364 1365 1462 1421 pro
1484 1350 1738 1406 omnibus
1772 1349 2087 1407 hominibus

488 1459 705 1508 mortuo
725 1460 829 1503 tam
851 1464 949 1519 pro
956 1445 1141 1517 ptnqui
1160 1454 1287 1501 Sunt
1310 1443 1612 1499 imitatione
1628 1445 1910 1501 charitatis
1923 1460 2084 1514 quam

489 1543 846 1601 similitudine
875 1540 1165 1613 passionis.
1200 1539 1459 1608 Quamvis
1488 1540 1635 1597 enim
1674 1534 1754 1598 illi
1785 1538 2081 1610 dilectioni,

488 1652 593 1713 qua
628 1640 888 1695 Dominus
918 1652 1019 1693 nos
1048 1635 1276 1693 redemit
1302 1636 1481 1708 (Rom.
1515 1653 1565 1705 v,
1600 1636 1689 1710 8),
1722 1636 1868 1693 nulla
1897 1638 2085 1710 cujus-

488 1750 647 1807 quam
684 1732 988 1804 benignitas
1019 1732 1190 1803 possit
1228 1732 1474 1804 aequari,
1523 1733 1646 1806 quia
1677 1732 1823 1789 aliud
1864 1742 1949 1791 est
1984 1748 2084 1806 pro

483 1829 631 1901 justo
655 1827 796 1884 mori
819 1827 1095 1885 hominem
1110 1842 1204 1885 sua
1223 1827 1909 1897 nocessitatemoriturum,
1936 1830 2082 1887 aliud

2201 608 2431 667 qua:tu
2459 594 2661 651 Christi
2689 597 2931 653 membra
2979 599 3229 670 saeviret,
3278 615 3344 659 ae
3385 605 3654 677 praecipue
3694 622 3784 666 eos

2198 688 2291 761 qui
2321 686 2533 759 ordinis
2556 698 2715 748 erant
2737 691 3095 750 sacerdotalis
3120 696 3412 767 impeteret
3429 741 3445 767 ,
3490 699 3545 755 in
3575 701 3779 758 levitam

2197 780 2584 852 Laurentium,
2614 785 2705 855 qui
2734 801 2845 843 non
2878 787 3055 843 solum
3087 797 3113 837 8
3146 790 3453 848 ministerio
3483 808 3783 853 sacramen-

2196 885 2408 947 torum,
2458 878 2555 935 sed
2595 880 2762 935 etiam
2801 881 3208 954 dispensatione
3236 885 3624 945 ecclesiasticis
3653 891 3780 948 sub.

2194 974 2412 1029 stantia:
2449 974 2873 1047 praeminebat,
2917 978 3119 1049 impius
3159 990 3485 1051 persecutor
3519 983 3781 1053 eii‘erbnit,

2196 1064 2469 1137 duplicem
2496 1066 2599 1124 sibi
2630 1069 2869 1139 praedam
2894 1068 2964 1127 de
2994 1071 3153 1126 unius
3176 1072 3279 1127 viri
3303 1075 3783 1145 comprehensione

2195 1161 2550 1230 promittens,
2596 1177 2759 1233 quem
2791 1164 2838 1220 si
2875 1164 3101 1221 fecisset
3135 1181 3308 1223 sacras
3349 1170 3598 1238 pectmiae
3624 1172 3783 1230 tradi-

2194 1263 2408 1326 torem,
2461 1258 2661 1314 faceret
2701 1259 2865 1315 etiam
2905 1258 2935 1297 δ
2981 1276 3128 1317 verae
3172 1263 3455 1334 religionis
3491 1274 3778 1325 exsortem.

2194 1350 2452 1408 Armatur
2480 1350 2663 1424 itaque
2691 1354 2905 1424 gemina
2936 1355 3054 1411 face
3097 1355 3263 1413 homo
3295 1358 3539 1429 pecuniae
3566 1360 3783 1432 cupidus

2192 1453 2251 1501 et
2280 1446 2531 1503 veritatis
2559 1447 2815 1504 inimicus
2854 1467 2867 1502 :
2922 1449 3147 1505 avaritia
3172 1490 3189 1518 ,
3235 1459 3293 1507 ut
3336 1454 3512 1523 rapiat
3553 1469 3780 1525 aurum;

2194 1537 2495 1609 impietate,
2529 1548 2590 1596 ut
2624 1541 2835 1597 auferat
2872 1540 3171 1599 Christum.
3207 1544 3448 1601 Postulat
3475 1546 3578 1602 sibi
3601 1548 3783 1604 abitu-

2193 1632 2466 1689 maculato
2487 1634 2711 1691 sacrarii
2752 1632 2769 1672 ί
2806 1636 3044 1707 praesule
3073 1649 3206 1707 opes
3230 1638 3643 1706 ecclesiasticas,
3665 1640 3781 1713 qui-

2192 1724 2298 1781 bus
2317 1726 2668 1784 avidissimus
2691 1728 2952 1797 inhiabat,
2986 1728 3201 1785 inferri.
3231 1730 3328 1787 Cui
3355 1731 3516 1789 levita
3549 1733 3783 1790 castissi-

2191 1831 2312 1874 mus
2345 1819 2437 1874 ubi
2491 1834 2585 1875 eas
2615 1821 2887 1893 repositas
2917 1821 3145 1878 haberet
3182 1824 3511 1894 ostendens,
3541 1843 3783 1885 numero-

487 1935 591 1993 pro
621 1919 806 1991 impiis
828 1920 1150 1975 occumbere
1176 1934 1205 1973 a
1229 1918 1413 1975 debito
1436 1923 1631 1976 mortis
1654 1922 1917 1991 alienum,
1945 1924 2074 1981 mul-

2193 1912 2444 1971 sissimos
2491 1920 2803 1971 sanctorum
2849 1929 3145 1986 pauperum
3196 1916 3394 1972 obtulit
3445 1931 3671 1990 greges,
3722 1918 3779 1977 iu

485 2019 604 2073 tum
629 2023 803 2071 tamen
835 2014 1108 2070 universis
1136 2012 1448 2070 hominibus
1470 2018 1633 2072 etiam
1657 2022 1930 2091 martyres
1952 2034 2085 2075 con-

488 2109 775 2174 tulerunt,
808 2124 1037 2180 quorum
1068 2108 1386 2167 fortitudine
1429 2109 1503 2166 ita
1540 2110 1657 2180 ejus
1695 2110 1919 2183 largitor
1954 2128 2087 2171 usus

488 2210 572 2257 est
602 2201 882 2273 Dominus,
913 2206 1209 2274 utfpmnam
1241 2205 1430 2260 mortis
1451 2210 1508 2261 et
1533 2207 1877 2264 atrocitatem
1908 2210 2086 2265 crucis

487 2293 626 2349 nulli
657 2308 874 2351 suorum
897 2296 1061 2353 vellet
1090 2310 1209 2353 esse
1239 2296 1561 2368 terribilem,
1597 2298 1694 2355 sed
1724 2300 1909 2357 multis
1938 2302 2086 2359 face-

486 2400 573 2443 ret
603 2389 940 2446 imitabilem.
973 2390 1137 2462 338
1167 2390 1223 2445 Si
1266 2407 1394 2463 ergo
1424 2392 1602 2448 nullus
1636 2394 1809 2450 bonus
1841 2396 1941 2452 sibi
1983 2394 2085 2453 soli

486 2486 572 2535 est
603 2480 776 2537 bonus
796 2524 809 2548 ,
843 2496 943 2539 nec
972 2484 1289 2555 cujusquam
1321 2485 1580 2554 sapientis
1612 2486 1715 2543 sibi
1749 2494 1960 2544 tantum
1990 2505 2079 2546 sa-

486 2576 688 2646 pientia
719 2586 803 2633 est
832 2577 1005 2634 amica
1032 2594 1047 2648 ;
1080 2588 1134 2635 et
1170 2578 1286 2634 haec
1316 2594 1569 2635 verarum
1601 2587 1793 2638 natura
1819 2585 2083 2641 virtutum

487 2682 593 2741 est,
618 2681 674 2726 ut
692 2672 894 2727 multos
913 2688 942 2727 a
960 2672 1250 2729 tenebroso
1272 2673 1505 2729 abducat
1535 2688 1742 2745 errore,
1777 2677 1867 2748 qui
1892 2684 2081 2735 earum

485 2765 665 2823 clarus
689 2775 773 2825 est
795 2768 1001 2824 lumine
1026 2784 1039 2822 :
1071 2768 1140 2825 ad
1172 2768 1530 2825 erudiendum
1552 2769 1648 2827 Dei
1677 2771 1935 2843 p0pninm
1961 2772 2084 2828 nul-

481 2858 659 2917 lorum
682 2869 766 2916 est
786 2860 972 2916 utilior
998 2859 1170 2917 forma
1200 2876 1362 2933 quam
1394 2870 1720 2935 martyrum.
1751 2862 1779 2903 ι’
1808 2863 2081 2936 Eloquen-

482 2953 556 3007 tia
582 2954 653 3007 sit
678 2951 849 3010 facilis
877 2952 943 3009 ad
966 2952 1329 3021 exorandum;
1363 2954 1435 3010 sit
1462 2956 1605 3012 ratio
1631 2953 1827 3012 efﬁcax
1858 2956 1925 3013 ad
1956 2970 2082 3013 sua-

482 3047 720 3105 dendutn
747 3066 761 3116 ;
793 3048 1057 3104 validiora
1076 3057 1253 3104 tamen
1273 3054 1400 3106 sunt
1416 3049 1667 3121 exempla
1687 3065 1848 3122 quam
1874 3051 2077 3119 verba;

482 3152 537 3199 et
562 3155 582 3182 ε
616 3144 733 3214 plus
764 3148 847 3199 est
877 3158 1045 3213 opere
1075 3143 1272 3200 docere
1300 3154 1460 3214 quam
1489 3154 1645 3200 voce.

552 3232 682 3291 Car.
715 3233 856 3293 ll.—-
872 3230 929 3290 lu
956 3250 1060 3306 quo
1088 3234 1552 3291 excellentissimo
1583 3249 1785 3307 genere
1815 3235 2079 3291 doetrium

2189 2023 2425 2081 quorum
2455 2010 2605 2067 victu
2630 2018 2792 2081 atque
2818 2011 3018 2067 vestitu
3043 2011 3435 2069 iuamissibiles
3472 2011 3785 2070 condiderat

2192 2101 2520 2171 facultates,
2550 2117 2671 2174 qua:
2703 2113 2854 2160 tanto
2884 2104 3149 2173 integrius
3175 2113 3340 2163 erant
3364 2104 3556 2178 salvae,
3589 2114 3785 2178 quanto

2201 2197 2442 2253 sanctius
2472 2196 2846 2268 probabantur
2876 2212 3151 2271 expensas.

2190 2314 2195 2343 :
2263 2289 2394 2347 Car.
2424 2291 2512 2347 lli.
2537 2320 2608 2332 —
2638 2290 2845 2348 Fremit
2877 2295 2891 2343 i
2929 2308 3060 2364 ergo
3087 2291 3272 2365 praedo
3298 2290 3617 2360 frustratus,
3645 2300 3699 2351 et
3730 2293 3785 2351 in

2192 2384 2356 2457 339
2384 2383 2566 2440 odium
2594 2383 2879 2455 religionis
2900 2426 2919 2452 ,
2948 2401 3068 2456 qua:
3095 2385 3257 2441 talem
3284 2386 3601 2444 divitiarum
3630 2402 3783 2444 usum

2188 2480 2531 2549 instituisset,
2554 2477 2583 2519 ι
2605 2495 2703 2537 exa
2714 2479 2993 2549 rdescens,
3022 2481 3387 2554 direptionem
3420 2484 3661 2541 thesauri
3690 2499 3786 2555 po-

2193 2575 2350 2632 tioris
2369 2575 2715 2647 aggreditur;
2750 2572 2770 2614 1
2797 2585 2853 2632 ut
2869 2576 3009 2647 apud
3031 2592 3194 2649 quem
3224 2578 3430 2634 nullam
3442 2572 3786 2636 denariorum

2190 2668 2545 2725 substantiam
2580 2669 2908 2739 reperisset,
2939 2668 3074 2725 illud
3106 2669 3440 2739 depositum,
3469 2686 3578 2741 quo
3605 2686 3787 2729 sacra-

2191 2764 2297 2821 tius
2318 2773 2436 2820 erat
2462 2763 2639 2830 dives,
2670 2762 2937 2820 auferret.
2966 2762 3301 2822 Renuntiare
3315 2764 3534 2822 Christo
3547 2764 3789 2825 Laut-em

2189 2858 2323 2914 tium
2350 2856 2535 2929 jubet,
2567 2867 2622 2912 et
2645 2857 3031 2913 solidissimam
3063 2857 3211 2913 illam
3245 2857 3447 2914 levitici
3478 2859 3643 2914 animi
3675 2859 3791 2916 for-

2189 2950 2478 3007 titudinem
2516 2950 2655 3007 diris
2699 2957 2854 3022 parat
2892 2965 3085 3023 urgere
3114 2952 3413 3023 suppliciis.
3466 2953 3711 3022 Quorum
3742 2965 3783 2993 ω

2188 3048 2281 3105 ubi
2320 3048 2491 3118 prima
2523 3045 2657 3102 nihil
2688 3046 2965 3113 obtinent,
3011 3046 3419 3103 vehementiora
3460 3047 3782 3105 succedunt.

2187 3136 2425 3198 Laeeros
2444 3149 2593 3195 artus
2617 3148 2674 3195 et
2698 3140 2867 3195 multa
2882 3140 3169 3197 verberum
3196 3142 3439 3199 sectione
3462 3143 3785 3201 conscissos

2188 3233 2433 3304 subjecto
2464 3234 2709 3305 praecipit
2739 3234 2863 3305 igne
2893 3235 3091 3291 torreri
3134 3252 3149 3292 :
3203 3245 3264 3293 ut
3306 3252 3403 3308 per
3430 3246 3639 3295 cratem
3675 3237 3791 3294 fer-

478 3330 670 3387 beatus
702 3336 907 3402 martyr
931 3322 1288 3398 Laurentius,
1334 3330 1492 3401 cujus
1534 3331 1788 3402 passione
1830 3328 1949 3385 dies
1978 3329 2081 3385 ho—
2113 3311 2160 3378 C
2190 3341 2360 3397 ream,
2390 3343 2510 3398 qua
2530 3328 2641 3397 jam
2669 3328 2737 3384 de
2761 3326 2980 3384 fervore
3006 3330 3268 3386 continuo
3295 3331 3405 3387 vim
3442 3331 3496 3388 in
3524 3346 3588 3389 se
3618 3332 3791 3391 habe-

479 3422 701 3478 diernus
729 3421 957 3478 illustris
980 3430 1084 3490 est,
1109 3436 1269 3495 quam
1298 3420 1539 3495 gloriosa
1563 3423 1768 3495 polleat
1790 3421 2075 3493 dignitate,

478 3515 642 3571 etiam
676 3523 1055 3585 persecutores
1085 3518 1253 3587 ipsitts
1282 3519 1487 3574 sentire
1522 3522 1848 3589 potuerunt,
1878 3514 1906 3554 ά
1952 3530 2079 3574 eum

476 3608 568 3663 illa
592 3608 855 3665 mirabilis
882 3610 1046 3665 animi
1070 3610 1353 3682 fortitudo,
1385 3610 1454 3667 de
1473 3608 1676 3666 Christi
1701 3609 2079 3683 principaliter

474 3718 659 3762 amore
687 3710 946 3778 concepta
966 3746 981 3771 ,
1012 3721 1117 3762 non
1161 3708 1337 3762 solum
1370 3712 1393 3743 ⁸
1422 3706 1538 3777 ipsa
1572 3716 1681 3760 non
1711 3704 1953 3772 cederet,
1977 3705 2077 3761 sed

472 3803 639 3861 etiam
671 3800 806 3858 alios
832 3801 1081 3873 exemplo
1108 3810 1220 3856 Suae
1254 3800 1560 3857 tolerantiae
1593 3796 1900 3856 roboraret.
1933 3798 2070 3856 Cum

543 3965 572 3995 ⁸
601 3960 882 4017 Postillam
910 3962 1000 4019 hic

466 4032 694 4103 iustitia,
724 4035 824 4089 nisi
844 4051 909 4090 ea:
929 4035 1201 4090 choritate.
1233 4039 1303 4088 At
1328 4035 1388 4089 ὃ.
1408 4033 1540 4097 Leo,
1557 4050 1813 4091 summam
1841 4039 2071 4091 omnium

465 4104 791 4181 uirtutum“
827 4108 985 4163 totius
1006 4108 1233 4181 justitim
1277 4105 1651 4181 plenitudinem
1694 4109 2072 4181 exhcharitate

465 4179 618 4232 nasci
641 4177 968 4234 afﬁrmavit:
998 4177 1101 4249 (tua
1123 4179 1389 4233 sententia
1418 4192 1523 4230 non
1556 4188 1714 4248 negat
1736 4178 1944 4249 aliquas
1962 4180 2070 4234 vir-

466 4196 618 4232 liasCl
641 4196 968 4234 allll'maVll:
1036 4196 1101 4234 liii
1123 4196 1389 4233 sententia
1418 4196 1523 4230 non
1556 4196 1714 4248 negat
1736 4196 1944 4249 aliquas
1962 4196 2069 4234 vrr-

465 4254 640 4315 tutes,
681 4266 749 4304 ex
792 4264 910 4320 gr.,
955 4196 1116 4306 fidem
1159 4260 1214 4305 et
1257 4260 1409 4317 Spem
1453 4254 1613 4317 posse
1659 4252 1779 4307 sine
1809 4252 2069 4306 charitate

465 4322 620 4392 nasci
653 4329 815 4391 atque
841 4324 1184 4378 consistere:
1218 4321 1286 4375 de
1313 4334 1419 4390 quo
1442 4321 1564 4377 vide
1584 4336 1706 4392 quae
1726 4323 2067 4380 disseremus

465 4390 525 4447 in
552 4390 828 4451 observat.
854 4396 919 4449 ad
944 4410 1108 4451 seru).
1134 4392 1229 4457 45,
1262 4393 1329 4446 79
1353 4402 1409 4448 et
1438 4392 1529 4448 90.

542 4462 568 4501 δ
603 4465 778 4520 Prima
809 4466 979 4521 editio
1020 4476 1075 4520 et
1105 4460 1493 4535 Quesnelliana
1520 4476 1641 4518 cum
1683 4480 1816 4520 mss.
1846 4464 2063 4519 collect.

465 4535 502 4590 '5
523 4547 583 4609 ct
608 4534 665 4601 Α,
701 4534 782 4591 Sit
806 4536 1097 4609 eloquentia
1123 4536 1292 4609 facilis
1317 4535 1384 4609 at!
1411 4534 1814 4609 exhortandum.
1842 4535 2067 4590 Caetera:

467 4607 738 4662 editiones
770 4605 908 4663 cum'
936 4623 1067 4662 mss.
1099 4608 1315 4661 collect.
1345 4605 1405 4669 5,
1457 4605 1559 4659 alia
1605 4609 2063 4675 interpunctione,

465 4696 623 4748 quam
653 4690 938 4751 martyrum
969 4675 1527 4751 oloquent_ia._Fucilis
1578 4678 1644 4751 qd
1679 4678 2064 4751 renouandum

466 4744 531 4805 sit
570 4752 724 4815 ratio,
763 4744 952 4821 eT/icax
980 4744 1415 4813 ad'suadendnm,
1452 4756 1556 4801 etc.
1589 4744 1643 4802 in
1679 4748 1879 4802 Homil.
1911 4749 2061 4803 Pauli

465 4821 617 4877 Diae.
650 4823 809 4888 paulo
834 4822 1196 4890 dissimiliter,
1224 4836 1375 4890 quam
1406 4828 1697 4890 martyrum
1726 4820 1791 4881 sit
1825 4822 2064 4890 eloquen-

466 4894 560 4946 tia.
587 4887 669 4947 Sit
694 4895 830 4947 ratio
852 4890 1020 4962 facilis
1042 4888 1109 4945 ad
1128 4887 1402 4962 orandum,
1428 4887 1617 4959 efﬁcax
1632 4888 1699 4942 ad
1715 4887 2061 4947 suadendum.

466 4964 744 5035 Meliorem
763 4961 1014 5035 duiitnus
1030 4962 1315 5035 lectionem
1336 4961 1565 5035 duorum
1585 4963 1890 5035 Lectjouar.
1914 4963 2059 5035 Vat.,

465 5033 816 5102 Longobard.
850 5043 903 5089 et
933 5034 1139 5089 Veron.
1161 5074 1176 5099 ,
1203 5031 1271 5085 ad
1301 5030 1639 5103 exorandum,
1670 5026 1722 5087 id
1754 5036 1835 5088 est
1863 5034 1929 5088 ad
1960 5026 2061 5090 im;

466 5106 789 5174 petrandum
821 5121 918 5160 seu
950 5105 1303 5161 obtinendum
1329 5106 1556 5160 orando.

546 5187 569 5216 ο
603 5178 679 5231 ita
712 5194 776 5232 ex
804 5178 993 5231 iisdem
1026 5177 1237 5231 duobus
1262 5178 1483 5246 optimae
1512 5182 1656 5246 nota}
1680 5172 2059 5245 Lectionariis,

464 5262 570 5321 nec
596 5264 701 5303 non
728 5265 795 5303 ex
833 5248 1029 5303 ilomii.
1046 5248 1195 5304 Pauli
1214 5244 1361 5303 Diae.
1384 5247 1567 5304 Prima
1589 5244 1782 5318 editio,
1806 5244 2055 5321 planius;

465 5320 709 5390 reliqum,
740 5321 969 5390 plenius.

537 5390 565 5430 ἀ
589 5389 915 5447 ‘l‘rescodd.
954 5391 1127 5456 Vatt.,
1156 5391 1363 5461 quando
1390 5407 1507 5446 cum
1534 5389 1649 5446 illo.

523 5474 566 5587 de
600 5463 782 5520 Prima
808 5464 1007 5533 editio,
1034 5464 1164 5534 ipsis
1187 5504 1204 5531 ,
1248 5463 1304 5519 id
1345 5471 1428 5521 est
1464 5462 1923 5534 persecutoribus,
1952 5480 2057 5521 non

564 5546 687 5587 cret.

464 5546 687 5590 cederet.

540 5605 560 5643 ί
602 5608 714 5663 Duo
741 5609 902 5663 codd.
935 5608 1108 5673 Vatt.,
1133 5609 1187 5661 in
1221 5607 1517 5663 lectissima.

537 5687 563 5750 ς
594 5678 763 5747 Magis
795 5681 997 5750 placuit
1017 5696 1083 5736 ex
1109 5680 1270 5733 editis
1294 5691 1420 5734 ante
1450 5680 1654 5748 Quesn.
1688 5688 1743 5736 et
1764 5694 1830 5736 ex
1853 5680 2054 5737 nostris

465 5749 626 5823 codd.
658 5749 841 5805 delere
870 5753 1187 5819 particulam
1210 5752 1286 5813 in.
1318 5768 1479 5821 quam
1526 5752 1617 5807 ille
1652 5753 1946 5823 praeposuit
1986 5768 2053 5809 ex

464 5819 631 5875 duob.
665 5836 798 5876 mss.
824 5823 959 5877 Vict.
986 5824 1307 5891 Sammagi.,
1330 5819 1433 5880 nec
1458 5839 1565 5881 non
1588 5819 1851 5883 ex'veteri
1879 5825 2053 5881 homi-

464 5891 661 5947 liarum
698 5894 935 5950 editione
963 5895 1189 5950 Basilea
1216 5909 1415 5955 excusa
1443 5912 1585 5956 anno
1617 5897 1779 5956 1815.
1824 5898 1881 5954 in
1910 5912 2051 5954 mar-

463 5965 591 6034 gine
620 5966 924 6027 editorum:
954 5966 1066 6036 AL,
1090 5966 1147 6024 in
1172 5970 1436 6037 mysterio.

1026 3960 1352 4032 Quesneilus
1378 3960 1555 4017 affixit
1586 3978 1597 4016 :
1636 3963 1806 4019 Nulla
1830 3966 1994 4019 uirtus
2022 3970 2069 4017 et
2154 4020 2159 4025 ,

2089 4788 2144 4849 D

2161 5524 2273 5589 rari
2300 5533 2534 5590 Charitas
2562 5524 2754 5589 Christi

2188 3431 2277 3479 ret
2297 3422 2511 3491 urendi,
2539 3435 2927 3478 conversorum
2952 3421 3164 3479 alterna
3183 3425 3487 3481 mutatione
3509 3424 3791 3483 membro-

2188 3532 2329 3587 rum,
2340 3519 2494 3573 iieret
2513 3517 2787 3573 cruciatus
2802 3515 3175 3575 vehementior
3190 3526 3246 3574 et
3267 3533 3423 3589 pmna
3447 3519 3789 3591 productior.

2258 3610 2391 3667 Car.
2416 3609 2507 3665 iV.
2530 3636 2602 3651 -
2622 3609 2765 3665 Nihil
2787 3608 3021 3677 obtines,
3046 3609 3183 3666 nihil
3209 3611 3451 3681 proficis,
3478 3626 3624 3670 saeva
3649 3628 3789 3671 cru-

2188 3705 2404 3762 deiitas.
2436 3703 2787 3760 Subtrahitur
2806 3710 2834 3741 ιι
2862 3703 3101 3759 inventis
3123 3704 3231 3759 tuis
3258 3705 3485 3761 materia
3512 3707 3789 3777 mortalia,

2188 3802 2242 3857 et
2270 3797 2563 3854 Laurentio
2588 3796 2643 3851 in
2671 3795 2840 3852 caios
2866 3796 3101 3853 abeunte
3125 3805 3152 3833 ο
3180 3802 3239 3853 tu
3265 3795 3477 3855 delicis.
3522 3798 3791 3856 Fiammis

2251 3957 2279 3995 ιι
2315 3959 2494 4014 Prima
2525 3957 2692 4014 editio
2722 3965 2778 4025 et
2805 3958 2928 4015 cod.
2960 3958 3126 4025 Bon.,
3154 3976 3339 4019 sacraz.

2257 4029 2514 4156 iiﬂomil.
2550 4029 2699 4085 Pauli
2729 4020 2876 4087 Diae.
2898 4074 2914 4101 ,
2956 4020 3197 4103 prccaide,
3226 4040 3283 4088 et
3311 4047 3437 4090 mox
3466 4034 3669 4092 omittit
3698 4037 3793 4095 in-

2257 4120 2291 4156 'r
2320 4145 2332 4156 .

2205 4120 2332 4157 81'".

2179 4101 2435 4228 feriri'Voa
2469 4186 2597 4243 ergo
2634 4174 2688 4229 in
2732 4188 2834 4228 ms.
2872 4174 2990 4228 Vat.
3025 4176 3367 4244 Langobard.
3411 4178 3793 4239 desideratur.

2249 4244 2273 4284 ¹ί
2304 4246 2379 4301 Ita
2410 4246 2605 4320 melius
2621 4260 2703 4320 ex
2739 4246 2940 4320 iiomil.
2971 4248 3125 4304 Pauli
3151 4248 3301 4305 Diac.
3330 4265 3491 4320 quam
3524 4251 3662 4310 alias
3688 4272 3792 4310 ar-

2176 4318 2407 4400 descens.
2430 4318 2569 4407 lilon
2595 4316 2931 4407 direptionem
2949 4334 3100 4407 ‘cum.
3116 4316 3583 4407 emendatioribus
3611 4320 3790 4384 codd.

2175 4390 2349 4459 prima
2386 4389 2553 4442 editio
2583 4399 2636 4444 et
2661 4389 2861 4456 Quesn.
2896 4389 3010 4458 AL,
3046 4390 3355 4462 direptione.

2175 4531 2206 4540 __
2252 4458 2435 4540 {Haec
2460 4459 2623 4540 lectio
2648 4460 2984 4540 prmferenda
3016 4465 3245 4540 visa‘_est
3273 4480 3340 4520 ex
3365 4467 3557 4540 eodem
3589 4468 3797 4526 Homi-

2172 4531 2333 4611 liario
2359 4546 2423 4586 ac
2454 4531 2624 4596 prima
2654 4533 2896 4611 editione
2918 4544 2980 4611 et
3007 4549 3128 4611 ms._
3147 4535 3311 4611 Βοιι.,
3340 4540 3433 4609 qui
3456 4538 3567 4595 duo
3591 4552 3792 4611 poste—

2174 4603 2349 4684 riores
2378 4613 2503 4684 post
2533 4618 2721 4684 vocem
2751 4604 3037 4677 depositum
3064 4606 3269 4684 addunt
3295 4603 3373 4665 ei:
3397 4612 3568 4684 ‘Alias‘
3592 4603 3798 4684 'parti-

2172 4674 2291 4729 cuia
2324 4683 2380 4729 ut
2408 4676 2494 4728 hic
2524 4674 2825 4747 omittitur,
2845 4687 2899 4730 et
2922 4679 3261 4747 praeponitur
3291 4682 3411 4735 voci
3436 4681 3588 4737 illud.

2243 4752 2283 4783 ω
2315 4746 2599 4819 θυομπιες.
2634 4746 2802 4814 Vatt.,
2838 4746 2976 4804 unus
3004 4746 3138 4805 Bon.
3170 4760 3225 4806 et
3254 4752 3425 4819 prima
3458 4755 3657 4819 editio,
3693 4757 3799 4812 ubi

2172 4818 2397 4897 asinarii.
2432 4816 2573 4897 _Post
2610 4831 2777 4886 pauca
2817 4832 2921 4897 pro
2964 4823 3196 4897 prmeipit
3336 4827 3588 4897 exemplo
3622 4816 3799 4885 Pauli

2176 4888 2617 5013 Dialc.l.habetur,
2667 4888 2939 4963 praecepit,
2965 4888 3041 4951 'et
3079 4888 3386 4951 alterations
3427 4888 3527 4971 pro
3568 4900 3801 4957 alterna

2176 4976 2256 5012 mu
2285 4977 2314 5013 a
2340 4977 2475 5013 iane.

2172 4976 2475 5014 mutatione.

2242 5037 2270 5067 ιι
2302 5031 2380 5110 ita
2401 5030 2725 5110 Quesneilus
2753 5042 2820 5110 ex
2849 5044 2950 5089 ms.
2985 5032 3125 5093 Vict.
3156 5046 3212 5093 et
3248 5053 3315 5093 ex
3348 5040 3637 5110 marginali
3674 5054 3794 5098 an-

2171 5105 2451 5178 notatione
2487 5105 2631 5178 S_urii
2657 5114 2714 5161 et
2758 5105 3021 5178 Antuerp.
3077 5110 3152 5173 ita
3189 5112 3351 5165 etiam
3396 5105 3569 5178 nostri
3603 5115 3795 5171 codd.

2170 5171 2477 5229 Lectionar.
2510 5174 2709 5232 Veron.
2737 5186 2792 5232 et
2814 5171 2983 5234 Barb.
3002 5172 3215 5237 collect.
3247 5180 3283 5235 2
3305 5190 3369 5239 ac
3389 5172 3514 5238 Vat.
3540 5184 3789 5242 collect.

2168 5242 2225 5324 ὅ.
2258 5246 2457 5324 Homil.
2494 5247 2641 5324 Pauli
2675 5249 2823 5324 Diae.
2845 5293 2859 5317 ,
2910 5266 3010 5319 per
3040 5269 3292 5324 errorem
3323 5254 3793 5324 amanuénsium,

2157 5320 2448 5398 juuentutis
2490 5334 2587 5390 pro
2617 5322 2829 5377 inventis
2859 5318 2980 5378 tuis.
3020 5318 3107 5380 Al.
3142 5322 3451 5398 legebatur,
3498 5318 3801 5384 tormentis

2168 5390 2290 5444 tuis.

2240 5409 2839 5541 {Editi_anteQnesn.,
2875 5478 2929 5520 tu
2961 5468 3138 5537 deﬁcis
3160 5469 3387 5540 ﬂammis
3428 5471 3549 5541 luis.
3585 5470 3796 5541 Supe-

2794 5538 3008 5607 ﬂamma
3052 5538 3170 5595 noni
3197 5542 3386 5607 potuit.
3432 5540 3567 5597 Cod.
3600 5538 3794 5600 Ba‘rb.

2168 5561 2272 5589 rem
2300 5561 2534 5590 ('uut'ttuo‘
2562 5561 2752 5589 uurtatt
2794 5561 3008 5607 [summa
3052 5561 3155 5595 non
3234 5561 3386 5595 οιιαε.
3432 5561 3567 5597 uno.
3600 5561 3794 5600 Da").

2168 5604 2455 5684 collect.2,
2485 5607 2643 5684 paulo
2665 5608 3019 5684 dissimiliter,
3050 5621 3101 5664 tu
3121 5561 3298 5681 deﬁcis
3322 5614 3374 5667 in
3389 5610 3617 5684 ﬂammis
3643 5616 3801 5673 mis.

2163 5678 2418 5756 Superqri
2447 5676 2669 5756 eharitas
2694 5678 2881 5734 Christi
2913 5676 3128 5756 ﬂamma
3267 5702 3367 5739 non
3389 5676 3592 5756 'potuit.
3622 5684 3806 5754 Que-

2159 5750 2319 5805 snelli
2350 5748 2687 5829 lemionem,
2713 5767 2871 5829 quam
2901 5748 2967 5808 ex
2996 5755 3120 5829 cod.
3145 5748 3285 5812 Vict.
3328 5748 3488 5829 et'ex
3522 5748 3805 5829 margine

2157 5831 2578 5897 memoratarum
2604 5822 2903 5897 editionum
2931 5828 3157 5897 recepit,
3187 5826 3361 5883 secuti
3394 5836 3604 5897 sumus,
3644 5822 3803 5886 cum

2157 5894 2507 5948 conlirmetur
2529 5893 2741 5949 duobus
2765 5906 2969 5953 nostris
2988 5890 3342 5957 Lectionariis
3362 5907 3419 5958 et
3443 5890 3616 5957 tribus
3643 5901 3803 5958 aliis

2158 5980 2289 6024 mss.
2315 5964 2462 6025 Vatt.
2496 5980 2557 6025 ac
2599 5971 2849 6039 exempto
2880 5969 3030 6031 Pauli
3063 5971 3209 6031 Diae.
3248 5971 3402 6033 Alius
3428 5972 3555 6032 Vat.
3587 5973 3806 6032 modi-
