3980 6352
480 347 588 407 459

1612 342 1671 399 S.
1710 337 1955 395 LEONIS
1994 333 2211 391 MAGNI
2248 334 2629 394 SERMONES.

3648 332 3759 390 M0

476 462 593 517 dat.
621 459 886 530 Quoniam
917 472 1076 530 paena
1112 455 1281 525 ipsius
1309 461 1392 510 est
1431 453 1713 524 provectio
1733 450 2058 516 Christiana,
2087 451 2144 509 Α
2168 462 2292 503 cum
2324 450 2359 504 ii
2388 450 2480 521 qui
2507 449 2637 504 nihil
2668 448 2925 504 omittunt
2950 447 3019 504 de
3046 445 3422 504 humiliatione
3441 446 3630 518 ieiunii
3652 448 3759 506 sub

473 568 577 609 nec
605 560 785 621 potest
823 565 1013 605 eorum
1041 547 1251 602 animos
1298 544 1481 616 aliquo
1516 542 1677 598 modo
1723 540 1940 604 laedere,
1972 540 2062 611 qui

474 656 766 709 noverunt,
796 643 1089 699 auxiliante
1123 637 1375 705 Domino,
1402 636 1457 693 in
1488 650 1586 691 sua
1620 650 1783 691 carne
1812 647 2061 703 regnare.

474 737 800 794 Rationabili
850 748 979 803 ergo
1026 730 1401 786 moderatione
1449 735 1745 800 sanctoque
1787 725 2064 796 proposito

471 832 748 888 frenandze
768 837 894 885 sunt
920 826 1152 883 rebelles
1178 825 1526 897 cupiditates,
1551 837 1654 878 nec
1673 820 1960 877 sinendum
1982 826 2065 874 est

479 940 536 984 ut
565 929 727 984 cistis
759 936 813 981 et
844 924 1182 991 Spiritalibus
1210 922 1500 977 desideriis
1529 918 1837 990 corporales
1865 930 2065 972 concu-

474 1020 753 1092 piscentia:
798 1019 1157 1072 reluctentur.
1190 1018 1460 1085 Agnoscat
1501 1012 1730 1068 interior
1761 1010 1923 1065 hamo
1958 1024 2061 1065 ex-

480 1112 695 1167 terioris
732 1112 816 1165 sui
844 1125 904 1165 se
938 1124 1057 1164 esse
1094 1119 1382 1170 rectorem,
1411 1115 1439 1146 ι
1470 1116 1527 1160 ut
1570 1118 1723 1159 mens
1749 1102 1933 1158 divino
1961 1117 2062 1171 gu-

471 1207 699 1263 berttata
751 1205 1031 1260 dominatu
1078 1214 1350 1258 terrenam
1400 1200 1757 1255 substantiam
1806 1198 1859 1252 in
1903 1196 2064 1251 bonte

473 1299 770 1355 voluntatis
811 1304 968 1368 cogat
1004 1295 1347 1363 obsequium.
1389 1292 1496 1347 Nec
1525 1291 1673 1347 enim
1706 1290 1861 1345 deest
1903 1288 2065 1342 nobis

474 1395 543 1447 ad
575 1393 718 1447 hunc
746 1393 990 1445 ordinem
1018 1389 1047 1427 δ
1070 1385 1532 1451 conservandum,
1569 1380 2065 1439 misericordissimi

473 1484 642 1555 Regis
680 1485 962 1546 auxilium,
995 1483 1085 1552 qui
1133 1495 1232 1534 nos
1282 1478 1656 1533 saluberrimae
1707 1473 2066 1531 observantiae

472 1577 687 1633 ratione
714 1575 1047 1637 informavit,
1079 1572 1388 1642 pra-finiens
1432 1570 1588 1625 nobis
1628 1584 1725 1639 per
1763 1576 2065 1637 temporum

473 1683 736 1724 recursus
779 1667 1043 1738 quosdam
1071 1664 1400 1735 jejuniorum
1440 1663 1558 1717 dies
1598 1661 1650 1715 in
1682 1661 1877 1730 quibus
1902 1658 2069 1715 casti-

481 1762 700 1832 gatione
730 1773 1017 1829 corporum
1047 1759 1220 1811 virtus
1252 1756 1603 1811 rohoraretur
1630 1754 1956 1807 animorum.

2166 554 2193 592 s
2216 544 2381 599 sterili
2412 543 2717 612 fatigatione
2742 543 3145 608 desudent,nisi
3174 558 3235 598 se
3255 544 3754 615 eleemosynarutn,

2165 652 2267 708 qua
2310 644 2555 704 possunt,
2578 636 2893 706 erogatione
2940 636 3302 703 sanctillcent,
3341 634 3561 706 dignum
3588 647 3675 691 est
3698 644 3763 691 ut

2163 728 2220 785 in
2242 729 2550 785 alimoniam
2572 745 2868 800 pauperum
2892 729 3254 785 abundantior
3279 730 3350 784 sit
3378 744 3567 784 eorum
3592 728 3761 799 largi-

2166 827 2263 892 tio,
2303 841 2531 895 quorum
2576 825 2643 880 ad
2683 825 3062 880 abstinendum
3122 823 3297 878 minor
3343 832 3427 879 est
3474 821 3757 878 fortitudo.

2164 920 2315 990 Quod
2348 936 2479 990 ergo
2508 917 2537 958 ιι
2555 920 2676 989 quis
2697 920 2748 974 in
2777 934 2873 973 sua
2897 919 2999 974 sibi
3032 918 3345 973 inﬁrmitate
3369 933 3477 971 non
3500 916 3757 986 denegat,

2165 1013 2357 1068 aliena:
2378 1015 2571 1082 inopim
2595 1013 2825 1068 libenter
2856 1012 3152 1081 impendat,
3176 1020 3232 1067 et
3260 1012 3532 1081 propriam
3562 1025 3761 1065 neces-

2166 1104 2379 1160 sitatem
2422 1105 2579 1159 faciat
2621 1105 2725 1159 sibi
2758 1120 2880 1159 cum
2930 1103 3203 1173 indigente
3237 1118 3601 1159 communem.
3640 1102 3761 1158 Non

2166 1200 2409 1267 culpatur
2455 1198 2703 1254 infirmus
2746 1198 3014 1269 jejunium
3067 1199 3306 1264 solvens,
3336 1214 3368 1253 a
3410 1213 3521 1269 quo
3570 1197 3759 1253 cibum

2167 1289 2361 1360 accipit
2393 1305 2594 1359 pauper
2621 1292 2896 1355 esuriens;
2929 1306 3028 1347 nec
3056 1305 3234 1346 escam
3262 1291 3524 1347 sumendo
3550 1290 3756 1358 pollui-

2171 1390 2276 1447 tur,
2316 1382 2406 1452 qui
2462 1383 2862 1454 eleemosynam
2909 1382 3268 1453 impertieudo
3315 1382 3636 1448 mundatur,
3669 1381 3761 1437 di-

2167 1482 2325 1529 cente
2375 1474 2603 1528 Domino
2640 1492 2652 1527 :
2687 1473 2819 1528 Date
2870 1475 3275 1545 eleemosynam,
3318 1486 3366 1530 et
3419 1492 3531 1531 ecce
3582 1477 3809 1563 omnia.

2170 1569 2363 1623 munda
2388 1577 2504 1623 sunt
2532 1568 2668 1622 vobis
2698 1568 2853 1642 (Luc.
2884 1584 2961 1637 XI,
2994 1566 3110 1639 41).

2240 1662 2371 1720 Cu.
2402 1662 2492 1719 ιν.
2522 1661 2670 1715 -—|n
2714 1676 2820 1731 quo
2876 1676 3071 1731 opere,
3104 1660 3461 1729 dilectissimi,
3508 1663 3672 1718 etiam
3720 1662 3763 1718 ii

2171 1754 2261 1823 qui
2303 1754 2371 1808 ab
2413 1755 2690 1822 epularum
2734 1752 3095 1808 delectatione
3125 1768 3184 1808 se
3220 1755 3523 1820 continent,
3552 1753 3764 1810 iructus

548 1857 677 1911 Cu.
710 1853 776 1907 ll.
808 1881 881 1893 -
909 1851 1076 1920 Hujus
1103 1861 1278 1904 autem
1310 1847 1535 1904 remedii
1566 1861 1783 1912 munus,
1815 1846 2063 1899 dilectis-
2093 1833 2143 1895 Β
2167 1846 2269 1901 sibi
2300 1846 2500 1901 debent
2529 1845 2911 1900 misericordiae
2931 1853 3343 1915 comparare,ut
3372 1842 3389 1882 ί
3420 1846 3561 1914 quod
3585 1846 3764 1902 abun-

472 1947 624 2014 simi,
653 1947 815 2002 etiam
844 1945 895 1999 in
929 1946 1032 1999 isto
1057 1944 1149 2015 qui
1187 1943 1452 2011 septimus
1497 1951 1579 1995 est
1609 1954 1797 1995 mense
1836 1937 2069 2007 disposi-

475 2049 590 2096 tum
613 2050 715 2107 est,
740 2038 882 2109 quod
908 2054 1008 2093 nos
1039 2045 1285 2108 prompta
1317 2036 1571 2090 convenit
1600 2034 1878 2088 alacritate
1895 2032 2069 2088 susci-

473 2149 647 2205 pere;
682 2142 739 2187 ut
783 2141 976 2201 praeter
1010 2142 1032 2169 ο
1069 2130 1215 2184 illam
1259 2127 1664 2192 abstinentiam,
1696 2142 1795 2195 qua
1843 2124 2067 2194 quisque

475 2242 539 2282 se
591 2225 935 2297 peculiariter
985 2234 1147 2294 atque
1197 2221 1448 2292 privatim
1498 2218 1793 2275 secundum
1847 2216 2067 2271 modum

474 2335 589 2376 suae
634 2316 1004 2387 possibilitatis
1041 2326 1279 2379 exercet,
1306 2313 1423 2367 haec
1449 2329 1569 2382 qua:
1614 2310 1863 2366 omnibus
1906 2308 2066 2363 simul

474 2410 736 2467 indicitur
758 2408 1055 2463 animosius
1099 2407 1425 2461 celebretur.
1458 2403 1591 2458 Nam
1626 2403 1681 2457 in
1714 2402 1859 2455 omni
1893 2415 2067 2471 agone

476 2500 789 2560 certaminis
815 2500 1127 2565 Christiani,
1154 2500 1358 2554 utilitas
1400 2496 1743 2552 continentiae
1776 2495 2065 2563 plurimum

476 2596 641 2665 valet,
677 2597 746 2650 ita
770 2605 826 2649 ut
853 2591 879 2631 ά
910 2596 1124 2663 quidam
1155 2593 1584 2648 szevissimorum
1615 2591 1838 2661 spiritus
1864 2589 2068 2644 daemo-

475 2704 641 2751 num,
686 2686 776 2758 qui
818 2687 886 2740 ah
910 2686 1145 2741 obsessis
1189 2685 1509 2755 corporibus
1552 2684 1712 2739 nullis
1754 2680 2060 2737 exorcizan-

478 2780 607 2835 tium
633 2778 883 2850 fugantur
916 2780 1178 2849 imperiis,
1205 2778 1657 2847 solajejuniorutn
1688 2784 1745 2831 et
1763 2776 2067 2831 orationum

479 2872 678 2926 virtute
724 2872 1017 2939 pellantur,
1048 2871 1263 2926 dicente
1305 2871 1530 2925 Domino
1562 2888 1573 2924 :
1605 2868 1725 2924 Hoc
1753 2885 1911 2940 genus
1954 2869 2065 2922 da:-

477 2965 764 3017 moniorum
783 2981 881 3017 non
902 2965 1109 3036 ejicitur
1126 2963 1222 3016 nisi
1244 2966 1297 3015 in
1309 2962 1517 3035 jejunio
1540 2970 1586 3015 et
1602 2960 1831 3014 oratione
1849 2957 2061 3033 (Matth.

477 3070 611 3121 xvn,
641 3052 741 3121 90;
769 3054 936 3109 Marc.
961 3070 1037 3121 ιι,
1071 3053 1187 3124 28).
1214 3052 1377 3110 Grata
1416 3067 1545 3122 ergo
1573 3062 1657 3107 est
1689 3052 1797 3106 Deo
1827 3060 1881 3105 et
1912 3051 2066 3105 terri-

476 3146 607 3203 bilis
649 3148 863 3203 diabolo
905 3146 1206 3217 jejunantis
1251 3146 1455 3215 oratio,
1490 3161 1589 3200 nec
1627 3146 1758 3201 latet
1806 3158 2063 3217 quantum

480 3240 729 3310 acquirat
758 3239 916 3293 saluti
949 3255 1081 3306 sum,
1114 3255 1235 3311 quae
1263 3248 1469 3294 tantum
1501 3248 1718 3309 praestat
1752 3239 1961 3294 alienae.

548 3330 679 3385 Csr.
708 3330 796 3387 lll.
828 3360 899 3370 —
924 3330 982 3385 ln
1012 3331 1111 3386 hac
1153 3346 1284 3387 sane
1312 3332 1675 3397 observantia,
1708 3330 2067 3402 dilectissimi,

478 3424 726 3494 quamvis
754 3438 943 3480 omnes
968 3432 991 3461 θ
1022 3438 1123 3479 nos
1162 3424 1490 3479 unanimiter
1528 3433 1774 3493 oporteat
1821 3440 1941 3480 esse
1970 3425 2089 3485 de-_

477 3526 656 3584 votos,
691 3519 734 3573 si
780 3518 873 3585 qui
919 3528 1099 3573 tamen
1141 3527 1267 3573 sunt
1311 3533 1541 3589 quorum
1580 3518 1844 3573 voluntati
1892 3518 2075 3590 aliqua.

478 3611 711 3669 obsistat
737 3612 1041 3682 infirmitas,
1069 3616 1311 3671 laborem
1352 3616 1443 3685 qui
1469 3631 1629 3685 supra
1660 3615 1803 3671 vires
1834 3626 1916 3672 est
1945 3632 2068 3677 cor—

474 3718 694 3775 porum,
727 3707 1001 3762 redimant
1036 3708 1319 3780 impendiis
1358 3707 1689 3763 facultatum.
1726 3708 1890 3763 Multa
1918 3711 2073 3766 enim

476 3809 606 3858 sunt
635 3816 794 3871 opera
832 3803 1049 3872 pietatis
1076 3819 1197 3874 qua:
1227 3803 1399 3872 ipsam
1438 3803 1632 3858 edendi
1684 3806 2065 3859 necessitatem

477 3893 675 3950 merito
703 3894 967 3963 ampliore
997 3894 1018 3935 ί
1049 3895 1450 3963 commendent,
1479 3897 1522 3951 si
1542 3896 1900 3965 jejunantium
1927 3900 2066 3967 puri-

476 3987 786 4045 ﬁcationem
816 3990 995 4045 studio
1032 3990 1375 4061 benignitatis
1401 3989 1562 4062 3&3
1594 3991 1899 4060 acquirunt.
1925 3991 2062 4047 Nam

553 4136 579 4165 ⁸
602 4128 992 4183 Revocavimus
1006 4136 1063 4181 ut
1086 4143 1115 4181 a
1143 4126 1436 4194 Quesnello
1463 4126 1700 4182 deletum
1734 4141 1799 4181 ex
1831 4129 2065 4183 anterio~

478 4200 631 4255 ribus
654 4200 1007 4264 editionihus,
1050 4214 1145 4265 pro
1172 4213 1278 4267 quo
1313 4200 1419 4253 duo
1447 4212 1577 4251 mss.
1614 4198 1753 4251 Vatt.
1777 4197 1974 4252 habent
1997 4210 2065 4253 et.

547 4268 577 4310 δ
610 4273 685 4325 lla
726 4286 847 4325 cum
886 4270 1174 4335 Quesnello
1220 4269 1389 4323 nostri
1434 4268 1594 4323 codd.
1646 4269 1758 4333 AL,
1797 4269 2071 4324 observan-

478 4342 623 4395 dum.
657 4342 822 4396 Paulo
844 4350 986 4413 post,
1016 4343 1255 4412 formavit
1285 4342 1337 4395 in
1366 4341 1576 4396 duobus
1607 4353 1763 4405 mss.,
1782 4355 1881 4411 pro
1906 4342 2071 4411 infor-

479 4414 656 4466 movit.

554 4494 577 4522 ε
612 4484 686 4538 Ex
717 4483 1055 4538 Lectionnrio
1077 4483 1287 4537 Veneto
1313 4482 1645 4549 addidimus,
1680 4481 1849 4535 illam.

549 4551 579 4590 (ι
611 4554 665 4607 In
716 4568 815 4607 ms.
855 4554 973 4607 Vat.
1009 4555 1226 4609 collect.
1272 4554 1305 4608 5
1349 4552 1634 4619 omittitur,
1669 4554 1901 4619 quidam.
1938 4553 2069 4608 Post

478 4638 653 4696 pauca
674 4625 795 4696 cod.
817 4624 1005 4696 Venet.
1031 4625 1173 4679 delet
1192 4626 1627 4693 praepositionem
1650 4624 1704 4676 in
1722 4634 1848 4678 ante
1877 4639 2063 4679 vocem

481 4694 678 4767 'iejuniio
710 4697 759 4749 in
788 4694 1021 4767 Matthaei
1054 4706 1221 4750 texm.

559 4774 583 4802 °
618 4764 761 4819 Unus
801 4766 922 4819 cod.
964 4767 1107 4829 ναι..
1136 4782 1254 4827 vos;
1290 4771 1349 4818 et
1394 4773 1516 4832 post
1543 4777 1737 4835 pauca,
1770 4765 1968 4820 obsistit
2009 4766 2065 4821 in

482 4834 830 4892 Lectionario
864 4837 1069 4890 Veneto
1091 4852 1210 4904 pro,
1239 4835 1470 4888 obsistat.

560 4904 590 4978 ‘_
614 4907 687 4978 Ita
719 4922 906 4960 omnes
936 4918 991 4959 et
1014 4908 1277 4960 editiones
1305 4913 1359 4959 et
1378 4906 1613 4971 codices,
1641 4906 1735 4960 sed
1756 4906 2065 4978 legendum,

482 4976 540 5031 ni
568 4976 749 5043 fallor,
779 4987 1119 5047 compensent.
1155 4979 1509 5043 QUESNBLLUS
1537 4978 1586 5030 in
1619 4979 1877 5046 margine.

556 5056 583 5095 ι
615 5047 668 5100 Id
697 5046 1021 5114 intelligetur
1050 5064 1114 5102 ex
1155 5063 1321 5100 serm.
1354 5046 1439 5111 18,
1466 5050 1533 5102 de
1558 5047 1771 5116 Jejunio
1806 5048 1894 5102 Vll
1917 5064 2069 5104 men-

482 5118 561 5190 sis
588 5117 823 5186 septimi,
857 5133 907 5190 c.
940 5120 992 5183 '5,
1027 5120 1113 5171 ubi
1154 5118 1263 5172 Leo
1307 5120 1372 5171 ad
1411 5120 1784 5190 eleemosynas
1826 5134 1946 5173 cum
1984 5121 2069 5189 je-

484 5187 631 5260 junio
656 5189 955 5256 \ttngendas
985 5190 1316 5253 hortaturos,
1344 5189 1514 5244 sterile
1538 5187 1759 5256 indicat,
1783 5192 1922 5260 quod
1957 5187 2069 5257 pie-

484 5269 609 5313 tatts
660 5274 721 5331 ac
773 5261 1131 5331 eleetnosynm
1178 5260 1436 5313 fructibus
1483 5268 1670 5331 caret;
1710 5263 1800 5329 qui
1864 5260 2069 5317 fructus

487 5332 621 5384 adeo
652 5329 974 5384 Christianis
1014 5329 1305 5384 necessarii
1336 5342 1480 5391 sunt.
1513 5341 1573 5385 ut
1620 5330 1778 5384 ﬁcum
1822 5333 2064 5387 infecun-

482 5400 606 5452 dam
657 5400 910 5455 Dominus
948 5399 1124 5461 Iesus,
1174 5400 1365 5469 inquit,
1417 5402 1543 5454 nihil
1594 5401 1882 5464 habentem,
1932 5404 2067 5472 quod

482 5472 714 5527 esuriens
735 5480 976 5536 sumeret,
999 5482 1245 5541 perpetua
1266 5474 1531 5525 sterilitate
1552 5474 1866 5527 damnaverit
1894 5490 1911 5527 :
1940 5492 2067 5542 quo-

481 5544 626 5597 niam
654 5544 742 5611 qui
787 5550 1089 5596 esurientem
1128 5559 1229 5595 non
1272 5547 1480 5612 refovet,
1504 5543 1584 5597 illi
1620 5546 1835 5613 denegat
1875 5546 2063 5612 cibum,

484 5616 572 5683 qui
609 5617 747 5682 quod
789 5614 1001 5685 pauperi
1033 5624 1106 5667 est
1146 5614 1343 5677 datum,
1369 5614 1462 5668 sibi
1491 5616 1620 5669 dixit
1664 5616 1967 5682 impensum.
2002 5616 2066 5669 Et

486 5685 643 5757 hujus
671 5686 1045 5757 maledictionis
1084 5686 1290 5739 arbores
1332 5696 1499 5757 er_unt,
1526 5686 1707 5754 quibus
1743 5704 1773 5739 a
1795 5688 2066 5757 judicante

486 5752 683 5807 dicetur
710 5770 730 5809 :
762 5753 1019 5809 Discedite
1044 5772 1076 5808 α
1103 5772 1201 5821 me,
1227 5764 1334 5809 etc.
1356 5752 1560 5810 Esuriv'i
1589 5760 1743 5822 enim,
1775 5752 1821 5809 εἰ
1849 5774 1950 5810 non
1979 5760 2067 5811 de-

488 5822 637 5877 distis
664 5826 791 5879 mihi
830 5828 1163 5892 manducare,
1187 5835 1291 5883 etc.
1323 5826 1518 5882 Sterile
1553 5828 1711 5895 igitur
1744 5830 2091 5908 vocaturjef.
2113 5904 2129 5908 μ

2094 4513 2148 4573 D

2170 1941 2383 1995 dantius
2426 1941 2834 2006 seminaverint,
2866 1943 3139 2011 copiosius
3189 1951 3413 1997 ntetant.
3444 1940 3561 1997 Non
3609 1944 3765 1998 enim

2170 2048 2423 2101 umquam
2456 2032 2704 2104 agricolae
2734 2048 2833 2087 suo
2874 2049 3030 2105 seges
3070 2034 3171 2089 ista
3212 2038 3493 2103 mentitur,
3538 2045 3629 2089 aut
3669 2035 3763 2089 in-

2169 2133 2369 2181 certam
2421 2141 2572 2195 spem
2622 2124 2785 2181 habet
2828 2126 3013 2193 operis
3059 2127 3270 2182 cultura
3320 2128 3554 2197 pietatis.
3584 2126 3764 2193 Quid-

2168 2218 2291 2289 quid
2326 2217 2429 2273 hoc
2456 2218 2618 2273 modo
2648 2221 2881 2274 serentis
2928 2235 3089 2275 manu
3127 2220 3422 2291 spargitur,
3454 2235 3559 2276 non
3590 2232 3765 2278 aasms

2170 2313 2299 2379 urit,
2331 2327 2437 2365 non
2470 2322 2681 2368 torrens
2712 2313 2897 2380 trahit,
2932 2328 3037 2368 non
3070 2315 3274 2384 grando
3310 2315 3626 2383 prosternit.
3670 2314 3769 2369 ln-

2169 2405 2411 2461 coluntes
2438 2420 2653 2476 semper
2674 2417 2798 2461 sunt
2823 2420 3013 2461 omnes
3044 2408 3259 2476 pietatis
3286 2421 3571 2476 expenszn;
3602 2406 3617 2457 i
3659 2421 3766 2463 nec

2169 2498 2346 2553 solum
2371 2500 2591 2569 integrae
2614 2500 2961 2562 manent,sed
2988 2508 3044 2555 et
3064 2500 3223 2555 modo
3243 2510 3525 2571 augentur,
3550 2510 3602 2555 et
3627 2515 3767 2571 qua-

2168 2592 2321 2646 litate
2350 2601 2643 2646 mutantur.
2664 2591 2739 2647 De
2758 2593 2987 2647 terrenis
3008 2594 3250 2649 ccelestia
3267 2593 3623 2663 prodeunt,de
3640 2608 3768 2663 par-

2171 2684 2251 2739 vis
2267 2700 2452 2755 tuagna
2464 2685 3143 2756 gignuntur,ettemporale
3156 2685 3178 2723 ἰ
3200 2687 3397 2741 donum
3414 2687 3465 2740 in
3481 2688 3767 2756 praemium

2174 2777 2364 2831 transit
2388 2787 2673 2831 teternum.
2706 2777 2961 2846 Quisquis
2995 2777 3384 2848 igiturdivitias
3413 2791 3584 2844 amas,
3608 2778 3767 2848 quis-

2170 2869 2291 2939 quis
2334 2869 2675 2940 tnnltiplicari
2707 2886 2827 2940 qua:
2861 2870 3107 2941 possides
3151 2871 3509 2939 concupiscis,
3542 2871 3596 2927 in
3646 2871 3768 2928 haec

2168 2960 2317 3016 lucra
2369 2961 2698 3031 accendere,
2746 2961 2799 3016 in
2847 2962 2962 3018 haec
3014 2978 3197 3018 rerum
3224 2973 3433 3019 tuarum
3478 2972 3768 3034 augmenta

2170 3054 2402 3119 SUSjlil'a,
2433 3053 2499 3107 de
2529 3054 2723 3123 quibus
2755 3052 2884 3107 nihil
2931 3056 3015 3108 fur
3042 3053 3239 3124 abripit
3261 3096 3277 3121 ,
3310 3054 3441 3108 nihil
3472 3055 3611 3109 tinea
3640 3069 3768 3110 cor-

2170 3145 2392 3215 rumpit,
2426 3146 2556 3199 nihil
2602 3145 2794 3213 rubigo
2832 3146 3105 3201 consumit
3136 3144 3359 3214 (Matth.
3392 3162 3467 3212 vr,
3495 3146 3614 3217 l9).
3643 3145 3769 3203 Noli

2097 3216 2144 3280 (ἶ
2177 3241 2466 3310 desperare
2514 3240 2580 3295 de
2624 3238 2845 3305 fenore,
2874 3241 2983 3293 noli
3029 3240 3098 3295 de
3147 3242 3447 3309 accipiente
3492 3240 3767 3296 difﬁdere.

2181 3337 2330 3404 Quod
2380 3336 2469 3389 uni
2513 3334 2699 3388 horum
2744 3335 2964 3405 fecistis,
2996 3335 3122 3388 mihi
3170 3336 3361 3405 fecistis
3391 3334 3604 3406 (Matth.
3635 3351 3764 3403 xxv,

2174 3430 2245 3487 ΔΟ
2267 3434 2307 3501 ),
2345 3427 2366 3469 ι
2399 3430 2517 3501 quis
2556 3429 2719 3494 dicat,
2755 3429 3035 3499 intellige;
3060 3438 3114 3484 et
3142 3429 3283 3497 apud
3305 3444 3465 3499 quem
3492 3443 3624 3499 opes
3645 3436 3768 3484 tuas

2178 3527 2438 3591 colloces,
2471 3535 2512 3562 ω
2545 3524 2947 3595 perspicacibus
2982 3522 3107 3578 fidei
3144 3522 3313 3577 oculis
3341 3538 3564 3578 securus
3591 3537 3769 3594 agno-

2175 3633 2286 3673 sce.
2334 3617 2449 3673 Non
2489 3617 2700 3672 dubitet
2750 3615 2820 3671 de
2862 3617 3211 3685 receptione,
3260 3615 3347 3670 cui
3382 3614 3633 3670 ChriStus
3670 3617 3769 3671 de-

2171 3712 2318 3776 pitor
2348 3720 2449 3765 est.
2491 3710 2606 3765 Non
2643 3709 2715 3764 sit
2758 3709 2914 3763 anxia
2964 3708 3279 3775 liberalitas,
3313 3724 3412 3763 nec
3450 3710 3603 3763 triste
3624 3709 3759 3779 jeju-

2173 3796 2323 3858 nium
2351 3820 2365 3859 :
2391 3803 2608 3857 hilarem
2630 3803 2763 3857 enim
2782 3802 3011 3856 datorem
3028 3800 3201 3873 diligit
3224 3800 3363 3855 Deus
3382 3801 3449 3871 (ll
3465 3800 3585 3855 Cor.
3600 3804 3766 3873 ηπ),

2172 3899 2263 3968 qui
2312 3897 2485 3952 fidelis
2527 3906 2613 3952 est
2657 3896 2709 3949 in
2759 3895 2937 3950 verbis
2965 3894 3096 3957 suis,
3122 3904 3178 3949 et
3207 3894 3549 3949 abundanter
3575 3895 3767 3964 largita

2174 3990 2446 4053 retribuit,
2480 3997 2509 4027 η
2558 4003 2678 4058 qua:
2724 3987 2955 4057 benigne
3013 3986 3293 4057 largienda
3343 3986 3565 4041 donavit
3602 3987 3765 4044 Jesus

2174 4125 2575 4197 junium,quod
2622 4140 2651 4179 a
2687 4124 3055 4194 jejunantihus
3099 4140 3220 4197 cum
3267 4139 3331 4197 ea
3386 4140 3487 4190 qua
3540 4138 3769 4193 possunt

2174 4196 2642 4268 eleemosynarum
2686 4199 2996 4266 erogatione
3036 4211 3139 4249 non
3181 4196 3454 4268 jungitur;
3498 4205 3768 4263 quatenus

2176 4286 2242 4325 eo
2270 4267 2439 4323 fructu
2471 4278 2640 4333 caret,
2671 4284 2777 4336 quo
2806 4268 2895 4338 qui
2935 4283 3131 4334 expers
3161 4277 3244 4321 est
3274 4267 3481 4336 jejunio
3514 4283 3623 4322 non
3652 4269 3767 4322 suf-

2176 4342 2420 4410 fragante
2450 4340 2809 4393 damnabitur.
2838 4340 2978 4397 Mox.
3013 4354 3112 4407 pro
3147 4339 3214 4392 ad
3256 4338 3632 4405 abstinendum,
3663 4354 3766 4394 co-

2175 4412 2283 4466 dex
2322 4411 2508 4465 Venet.
2536 4411 2716 4473 habet,
2748 4410 2816 4464 ait
2846 4411 3227 4463 abstinentiam.

2245 4479 2275 4518 ιι
2304 4480 2503 4536 Vocem
2550 4482 2662 4550 quis
2711 4481 2766 4535 in
2827 4494 2960 4534 mss.
3005 4481 3218 4535 collect.
3250 4480 3283 4535 5
3315 4490 3371 4537 et
3395 4495 3425 4535 a
3465 4480 3765 4547 Quesnello

2172 4554 2448 4614 omissam,
2479 4568 2543 4607 ex
2567 4552 2931 4605 anterioribus
2956 4551 3188 4622 vulgatis
3230 4559 3287 4607 et
3314 4551 3529 4607 caeteris
3557 4555 3765 4610 nostris

2173 4625 2407 4692 antiquis
2431 4623 2583 4676 libris
2615 4624 3010 4676 revocaviutus.

2249 4696 2265 4733 ι
2300 4694 2374 4748 lta
2408 4694 2600 4748 melius
2627 4709 2696 4749 ex
2717 4692 2910 4749 eodem
2941 4693 3066 4753 cod.
3091 4692 3321 4762 Veneto,
3353 4708 3516 4765 quam
3546 4695 3603 4749 in
3630 4694 3765 4750 γυι-

2207 4767 2331 4825 atis.
2360 4766 2470 4825 qui.

2207 4780 2258 4818 at
2285 4780 2331 4825 s.
2399 4782 2470 4819 ut.

2169 4780 2203 4835 8
2246 4783 2280 4886 ll
2296 4782 2475 4889 Prli’uta
2498 4834 2686 4902 editio,
2722 4835 3001 4903 praemisso
3022 4841 3242 4904 puncto,
3264 4835 3385 4889 Non
3413 4834 3603 4889 solum.
3623 4835 3762 4891 Dein

2169 4908 2258 4961 sed
2298 4916 2345 4959 et
2400 4907 2548 4959 modo
2594 4907 2908 4975 scripsimus
2952 4923 3016 4961 ex
3048 4906 3321 4975 plerisque
3362 4915 3417 4961 et
3453 4907 3767 4975 p0tiorihus

2170 4977 2369 5031 nostris
2396 4978 2557 5031 codd.
2578 4978 2690 5041 AL,
2717 4978 2806 5031 sed
2836 4980 2989 5031 etiam
3008 4978 3182 5030 modo.

2242 5047 2267 5086 κ
2298 5046 2472 5101 Prima
2498 5048 2683 5107 editio.
2715 5048 3356 5118 dantnum;eleemosyna
3382 5046 3524 5102 enim
3556 5055 3769 5119 tempo-

2171 5120 2274 5174 rali
2300 5120 2496 5172 damno
2530 5119 2663 5171 verti
2696 5122 2854 5172 solet.

2245 5189 2264 5227 ι
2301 5189 2449 5244 Unus
2478 5189 2600 5243 cod.
2636 5189 2779 5253 Vat.,
2813 5206 2940 5258 quos
2969 5190 3121 5242 dicat.

2240 5270 2279 5296 ω
2313 5260 2487 5327 Vulg.,
2522 5263 2887 5328 perspicacins.
2929 5262 3061 5313 Cod.
3106 5259 3227 5316 Vat.
3258 5260 3527 5331 suggessit
3563 5273 3767 5315 emen-

2169 5331 2468 5397 dationetn,
2509 5347 2666 5399 quam
2708 5331 3029 5397 Quesnellus
3063 5332 3365 5398 suspicatus
3396 5332 3627 5400 margini
3658 5347 3769 5384 an-

2171 5411 2472 5528 gotavet'at,
2506 5412 2561 5457 et
2582 5410 2707 5456 ante
2728 5419 2849 5457 eum
2881 5403 3102 5458 Latinus
3133 5402 3377 5457 Latinius
3408 5403 3460 5456 in
3495 5402 3768 5458 Biblioth.

2213 5488 2357 5528 acra.

2213 5488 2357 5528 acra.

2239 5553 2267 5581 ιι
2299 5543 2477 5598 Prima
2505 5543 2688 5605 editio,
2709 5545 2816 5608 qui.
2837 5543 3142 5597 Clausulam
3164 5540 3316 5596 Jesus
3346 5538 3601 5609 Christus,
3621 5555 3768 5609 etc.,

2170 5616 2463 5681 adiecimus
2492 5631 2555 5667 ex
2585 5629 2685 5669 ms.
2715 5614 2939 5667 Veneto.
2971 5615 3023 5667 ltt
3057 5616 3225 5683 prima
3247 5614 3487 5669 editione
3516 5619 3629 5667 lucc
3654 5615 3775 5672 alia

2172 5686 2407 5739 clausula
2434 5685 2627 5754 legitur
2657 5702 2671 5737 :
2706 5683 2807 5737 Per
2831 5684 3107 5739 Dominum
3137 5695 3369 5738 nostrum
3395 5683 3573 5739 Jesum
3601 5685 3777 5739 Chri-

2175 5768 2305 5811 stum
2337 5754 2534 5810 Filium
2561 5764 2726 5826 tuum,
2752 5757 2839 5823 qui
2866 5766 3030 5809 tecum
3060 5757 3174 5810 vivit
3201 5766 3248 5809 et
3272 5765 3453 5826 regnat
3478 5756 3533 5808 in
3562 5759 3778 5815 unitate

2168 5829 2396 5895 Spiritus
2408 5829 2569 5882 sancti
2582 5825 2720 5879 Deus
2728 5842 2819 5894 per
2832 5829 3001 5881 omnia
3014 5828 3200 5881 sarcula
3213 5830 3541 5883 saeculorum.
3560 5828 3734 5884 Amen
3746 5870 3762 5889 .
