3980 6352
182 387 283 450 ιιι

1544 381 1778 439 SERMO
1821 377 2156 435 LXXXVII].

3357 372 3468 432 442

182 527 432 584 Christus
468 523 633 598 355
660 524 919 582 Dominus
945 530 1155 591 noster,
1185 520 1279 593 qui
1307 519 1443 576 vivit
1486 526 1541 574 et
1577 523 1761 586 regnat

1878 495 2121 563 populus,
2154 496 2370 567 quando
2415 495 2437 536 ί
2494 498 2551 555 in
2596 500 2854 558 unitatem
2899 507 3101 556 sanctas
3140 494 3465 552 obedientia

182 624 230 677 in
259 621 464 677 saecula
494 621 838 674 sacculorum.
868 621 1064 673 Amen.

438 735 674 792 δεξιΜο
711 732 1025 789 Lxxxvnt
1055 730 1160 805 [.u.
1194 725 1519 801 Lxxxvu.

540 850 618 903 De
639 849 851 923 Jejunio
877 849 1077 918 septimi
1104 846 1290 901 mensis
1316 844 1379 898 11
1386 846 1411 899 I
1425 886 1437 900 .

174 967 451 1025 Suionas.
476 996 542 1006 —-
573 964 616 1019 1.
654 965 891 1036 Jejunia,
937 965 1048 1017 sine
1083 962 1266 1033 quibus
1305 962 1528 1033 antiquis
1562 961 1771 1036 justitia

238 1036 341 1091 Dei
366 1054 475 1091 non
516 1046 587 1090 est
637 1034 870 1107 placata,
900 1037 1043 1089 nobis
1079 1051 1277 1105 quoque
1315 1050 1423 1088 esse
1464 1034 1767 1088 necessaria.

234 1138 309 1150 —
338 1110 411 1165 ll.
446 1108 611 1162 Multo
639 1110 925 1177 potentiora
963 1123 1071 1162 esse
1102 1107 1306 1168 quando
1341 1108 1403 1157 ab
1436 1108 1668 1159 omnibus
1698 1108 1767 1159 si-

234 1183 347 1235 mul
377 1181 618 1250 ﬁdelibus
645 1179 979 1234 celebrantur.
1008 1208 1078 1217 —
1105 1178 1192 1233 ΙΙΙ.
1229 1177 1418 1231 Debere
1442 1194 1495 1230 se
1524 1194 1771 1247 quemque

232 1254 502 1305 interdum
549 1253 687 1305 curis
728 1250 1046 1315 subtrahere,
1097 1262 1148 1303 ut
1189 1250 1344 1302 saluti
1382 1264 1485 1301 suae
1524 1251 1768 1301 intentius

232 1334 406 1377 met.
437 1322 620 1378 Unitas
647 1326 891 1376 orationis
923 1338 1078 1390 quam
1107 1332 1282 1392 potens
1317 1322 1401 1392 sit.
1428 1350 1495 1359 -—-
1516 1319 1605 1375 IV.
1638 1320 1769 1373 Plu—

230 1398 433 1448 rimum
455 1397 619 1449 valere
638 1396 776 1464 apud
809 1394 973 1449 Deum
1008 1390 1312 1447 consensum
1343 1390 1611 1445 bonorum.
1643 1393 1769 1464 Ani-

226 1484 405 1531 mum,
459 1484 562 1521 non
614 1463 823 1520 censum
868 1468 921 1519 in
968 1464 1299 1533 eleemosynis
1350 1466 1669 1534 pensari.—
1701 1463 1759 1517 V.

231 1537 507 1606 Quemque
546 1539 726 1591 debere
766 1554 858 1606 pro
892 1538 1139 1607 facultate
1168 1554 1259 1589 sua
1285 1534 1630 1606 cleemosynus
1659 1551 1769 1588 ero-

229 1627 363 1682 gare
388 1613 502 1664 sine
529 1610 845 1679 diffidentia.

227 1702 368 1759 Cn.
406 1703 526 1757 l—
555 1704 633 1757 Ad
671 1701 1032 1768 exorandam,
1069 1702 1428 1768 dilectissimi,
1464 1701 1771 1756 misericor-

165 1796 308 1851 diam
359 1796 481 1861 Dei,
533 1806 585 1849 et
625 1796 690 1849 ad
745 1795 1113 1850 renovandum
1162 1802 1363 1848 statum
1395 1802 1417 1829 ι
1464 1793 1770 1863 fragilitatis

1876 589 2118 642 omnium
2152 590 2390 645 ﬁdelium
2420 592 2583 647 corda
2615 594 2966 661 conveniunt,
2993 603 3047 648 et
3069 593 3120 647 in
3149 590 3339 646 castris
3370 588 3466 643 mi-

1873 679 2005 736 litia:
2042 681 2364 739 Christiana:
2406 685 2601 741 similis
2642 702 2709 741 ex
2746 686 2892 742 omni
2925 696 3077 757 parte
3119 683 3463 755 prteparatio,

1873 782 1929 829 et
1957 774 2149 830 eadem
2195 788 2279 830 est
2331 778 2527 848 ubique
2560 780 2807 835 munitio.
2840 781 3054 835 Freinat
3092 780 3217 835 licet
3255 777 3464 834 cruenti

1874 870 2045 925 hostis
2067 872 2289 942 pervigil
2319 874 2489 937 furor,
2513 884 2567 929 et
2586 874 2885 930 latebrosas
2910 876 3145 945 undique
3166 874 3467 945 praetendat

1872 963 2130 1033 insidias,
2179 967 2451 1021 neminem
2500 977 2679 1023 tamen
2711 984 2925 1038 capere,
2968 970 3234 1023 neminem
3269 971 3465 1038 poterit

1871 1061 2175 1127 vulnerare,
2204 1063 2247 1117 si
2280 1062 2484 1118 nullum
2519 1063 2807 1130 inermem,
2836 1064 3038 1117 nullum
3063 1063 3328 1129 desidem,
3348 1061 3466 1117 nul-

1874 1154 1981 1208 lum
2016 1156 2281 1211 invenerit
2310 1158 2377 1211 ab
2404 1172 2569 1227 opere
2602 1166 2626 1204 8
2662 1157 2876 1227 pietatis
2903 1169 3198 1212 exsortem.

1941 1247 2069 1303 CAP.
2106 1250 2192 1304 Ill.
2215 1280 2285 1290 -—-
2310 1250 2390 1304 Ad
2423 1250 2582 1320 hujus
2629 1266 2760 1319 ergo
2805 1252 3016 1306 invicta:
3045 1246 3074 1287 ³³
3107 1250 3323 1305 unitatis
3368 1265 3465 1320 po-

1873 1348 2126 1409 tentiam,
2159 1343 2533 1410 dilectissimi,
2568 1344 2730 1398 etiam
2779 1344 2879 1399 hoc
2929 1358 3027 1397 nos
3058 1344 3301 1397 solemne
3326 1342 3466 1412 jeju-

1872 1437 2018 1491 nium
2051 1438 2264 1507 septimi
2296 1438 2497 1493 mensis
2525 1438 2709 1492 invitat
2744 1454 2758 1494 :
2790 1447 2844 1492 ut
2879 1453 2905 1491 a
2937 1438 3083 1492 curis
3113 1436 3464 1491 smcularibus

1871 1532 2187 1601 actibusquc
2218 1532 2449 1586 terrenis
2478 1532 2679 1588 liberos
2706 1531 2774 1587 ad
2810 1532 3092 1587 Dominum
3120 1532 3334 1585 animos
3359 1530 3467 1584 eri-

1870 1640 2080 1695 gamus.
2117 1625 2181 1679 Et
2211 1626 2335 1695 quia
2378 1627 2516 1679 hanc
2560 1627 2916 1681 intentionem
2956 1641 3173 1695 semper
3214 1639 3466 1680 necessa-

1871 1718 2008 1771 riam
2041 1734 2146 1771 non
2180 1734 2368 1773 omnes
2402 1733 2687 1787 possumus
2728 1718 2932 1774 habere
2974 1726 3312 1788 perpetuam,
3354 1730 3460 1771 sa:-

1871 1809 2101 1880 piusqne
2144 1826 2239 1879 per
2285 1810 2572 1864 humanam
2619 1810 2970 1880 fragilitatem
3000 1808 3017 1845 ί
3052 1824 3083 1862 a
3119 1808 3372 1877 supernis
3410 1809 3463 1862 in

166 1888 446 1958 humanae,
475 1897 735 1957 quantum
777 1888 987 1942 valeant
1019 1887 1266 1957 religiosa
1293 1887 1515 1957 jejunio,
1548 1896 1761 1939 sancto-

1878 1914 2085 1961 tcrrena
2114 1907 2439 1970 recidimus,
2469 1906 2587 1960 istis
2611 1906 2803 1959 saltem
2832 1904 3051 1970 diebus,
3084 1903 3175 1972 qui
3203 1902 3357 1956 nobis
3398 1901 3465 1956 ad

170 1998 288 2037 rum
340 1983 731 2053 prephetarum
782 1982 1161 2051 praedicatione
1202 1982 1624 2052 cognoscimus;
1676 1980 1769 2051 qui

168 2076 368 2131 divinze
418 2077 650 2147 justitite
715 2078 1173 2139 commotionem,
1232 2093 1390 2145 quam
1457 2076 1770 2145 frequenter

170 2169 408 2238 populus
453 2167 618 2222 Israel
650 2169 843 2222 merito
872 2168 1165 2237 iniquitatis
1202 2166 1489 2229 inciderat,
1523 2182 1629 2220 non
1668 2166 1766 2220 nisi

165 2261 375 2331 jejunio
403 2271 779 2331 protestantur
810 2275 965 2330 posse
993 2261 1215 2329 placari.
1250 2258 1401 2313 Unde
1428 2268 1482 2313 et
1506 2259 1622 2314 Joel
1654 2274 1771 2327 pro-

166 2355 324 2425 pheta
384 2356 647 2410 admonet
692 2356 924 2408 dicens:
975 2353 1103 2408 Haec
1150 2352 1274 2406 dicit
1322 2353 1573 2407 Dominus
1626 2350 1768 2406 Deus

166 2460 323 2503 tester
352 2466 369 2507 ;
400 2448 770 2504 Convertimini
811 2448 879 2501 ad
908 2465 987 2502 me
1014 2446 1041 2484 ι’
1062 2448 1118 2501 in
1159 2456 1267 2501 toto
1315 2448 1470 2502 corde
1506 2458 1688 2512 vestro,
1712 2448 1767 2500 in

163 2545 382 2615 jejunio,
418 2553 463 2597 et
485 2544 632 2613 ﬂetu,
665 2551 712 2597 et
739 2544 975 2613 planctu,
1006 2551 1051 2597 et
1082 2542 1386 2613 disrumpite
1415 2541 1576 2595 corda
1603 2552 1769 2595 uestra

167 2647 209 2687 et
238 2653 340 2687 non
371 2639 669 2690 vestimenta
698 2646 881 2701 vestra,
912 2646 960 2688 et
998 2634 1351 2688 convertimini
1389 2633 1457 2686 ad
1489 2633 1767 2687 Dominum

172 2729 328 2782 Deum
361 2741 585 2783 vestrum
614 2748 633 2784 :
664 2731 787 2801 quia
808 2730 1099 2784 misericors
1130 2739 1227 2793 est,
1253 2740 1301 2782 et
1329 2729 1549 2799 patiens,
1582 2737 1631 2781 et
1657 2745 1767 2781 ma-

170 2824 457 2895 gnanimus,
498 2834 543 2877 et
592 2825 809 2877 multum
864 2824 1154 2877 misericors
1182 2820 1345 2893 (Joel.
1371 2836 1427 2887 tt,
1461 2821 1545 2884 12,
1575 2821 1767 2890 i3);et

172 2916 356 2969 iterum
392 2934 406 2968 :
452 2916 789 2985 Sanctiﬁcate
822 2916 1107 2988 jejunium.
1134 2916 1407 2986 praedicam
1429 2916 1762 2980 curationem,

169 3020 469 3081 congregate
494 3011 712 3079 plebem,
746 3012 1067 3077 sanctiﬁcata
1112 3007 1397 3063 Ecclesium
1429 3007 1617 3079 (Ibid.,
1650 3010 1762 3078 15).

173 3101 291 3165 Οιιω
346 3102 681 3169 cohortatio,
732 3100 1098 3167 dilectissimi,
1148 3102 1355 3155 nostris
1410 3117 1624 3171 quoque
1682 3112 1766 3156 est

174 3195 546 3265 amplectenda
585 3196 940 3264 temporibus,
975 3196 1099 3265 quia
1138 3195 1298 3265 hujus
1344 3197 1639 3250 curationis
1672 3212 1756 3250 re-

1873 1999 2227 2052 saluberrima
2258 2008 2385 2053 sunt
2414 1998 2657 2053 remedia
2689 1997 3015 2068 praestituti,
3048 1994 3335 2049 mundanis
3369 2008 3468 2049 nos

1875 2092 2324 2160 occupationibus
2372 2092 2798 2157 subtrahamus,
2851 2102 2905 2144 et
2953 2089 3154 2159 aliquid
3206 2088 3467 2157 temporis

1871 2183 2013 2253 quod
2043 2186 2214 2253 prosit
2236 2186 2302 2239 ad
2328 2185 2465 2240 bona
2492 2193 2691 2237 aeterna
2724 2183 2987 2238 furetnur.
3017 2180 3083 2235 In
3113 2183 3286 2235 multis
3306 2183 3464 2247 enim,

1872 2276 2011 2329 sicut
2042 2276 2304 2345 scriptum
2337 2285 2450 2342 est,
2484 2275 2790 2343 offendimus
2821 2291 2994 2330 omnes
3036 2273 3236 2344 (Iacob.
3272 2288 3350 2338 nt,
3383 2273 3462 2345 2).

1876 2368 1889 2418 i
1933 2369 2001 2423 Et
2034 2370 2155 2423 licet
2188 2370 2509 2439 quotidiano
2552 2369 2645 2424 Dei
2684 2385 2907 2424 munere
2948 2384 2977 2421 a
3017 2367 3253 2423 diversis
3281 2378 3468 2422 conta-

1872 2461 2263 2517 minationibus
2293 2461 2678 2527 emundemur,
2716 2462 2983 2515 inhrerent
3015 2469 3193 2515 tamen
3238 2459 3467 2514 incautis

1871 2553 2068 2606 animis
2103 2555 2421 2621 plerumque
2449 2554 2674 2607 maculae
2699 2552 3022 2618 crassiores,
3057 2566 3191 2621 quas
3220 2560 3468 2621 Oporteat

1870 2645 2201 2715 diligentiori
2253 2662 2381 2699 cura
2414 2645 2557 2699 ablui
2601 2654 2655 2699 et
2700 2644 2973 2713 impendio
3022 2644 3227 2711 majore
3272 2643 3464 2697 deleri.

1872 2738 1894 2775 ι
1933 2740 2250 2794 Plenissittta
2303 2749 2485 2793 autem
2530 2750 2873 2805 peccatorum
2926 2737 3200 2791 obtinetur
3241 2734 3467 2790 abolitio

1868 2833 2084 2903 quando
2134 2836 2299 2885 totius
2344 2831 2604 2887 Ecclesia:
2638 2846 2743 2885 una
2785 2837 2869 2884 est
2911 2829 3085 2883 oratio
3116 2838 3170 2883 et
3202 2842 3305 2881 una
3334 2841 3465 2881 con-

1870 2928 2054 2981 fessio.
2098 2926 2153 2981 Si
2203 2927 2344 2981 enim
2378 2925 2604 2980 duorum
2649 2924 2733 2977 vel
2785 2924 2943 2977 trium
2978 2919 2994 2959 1
3031 2931 3221 2977 sancto
3268 2922 3465 2990 pioque

1867 3021 2155 3088 Consenstii
2178 3020 2360 3074 omnia
2384 3035 2504 3088 qua:
2520 3017 2863 3087 p0poscerinl
2884 3015 3144 3070 Dominus
3160 3013 3464 3085 praestanda

1871 3114 2134 3181 promittit
2163 3112 2379 3183 (Matth.
2403 3109 2830 3180 XVIII,20),quid
2861 3108 3143 3179 negabitur
3169 3106 3463 3160 multorum

1872 3202 2096 3256 millium
2116 3204 2257 3273 plebi
2289 3219 2448 3258 unam
2468 3204 2864 3257 observantiam
2898 3201 3100 3269 pariter
3119 3196 3461 3267 exsequenti,

175 3288 334 3344 media
364 3299 388 3328 ι
425 3288 587 3345 etiam
629 3302 657 3343 a
701 3287 854 3345 nobis
884 3296 1012 3344 sunt
1050 3287 1361 3345 neceSSarie
1394 3288 1759 3358 praedicanda,
1790 3283 1837 3350 C
1870 3305 1925 3352 et
1946 3296 2111 3370 3&6
2138 3314 2225 3363 per
2271 3313 2432 3353 unum
2463 3298 2710 3367 spiritum
2744 3294 3085 3351 concorditer
3108 3290 3465 3363 supplicanti?

176 3394 226 3437 ut
270 3386 321 3439 in
374 3385 721 3440 observantia
752 3383 779 3421 ἀ
826 3384 1274 3439 sanctificationis
1316 3386 1585 3453 antiqua,
1618 3385 1762 3453 quod

175 3479 397 3548 perdidit
427 3477 588 3551 345
627 3478 851 3535 Judaica
904 3479 1298 3548 praevaricatio,
1324 3480 1567 3549 acquirat
1604 3476 1764 3534 Chri-

175 3570 329 3624 stiana
351 3569 599 3624 devotio.

232 3661 356 3718 Cu.
390 3662 457 3717 ll.
481 3664 879 3719 —Divinarum
912 3674 935 3701 ε
969 3673 1151 3719 autem
1184 3664 1488 3720 reverentia
1523 3666 1762 3720 sanctio-

176 3772 286 3809 num
306 3799 322 3822 ,
353 3757 503 3811 inter
531 3758 785 3827 quaelibet
819 3766 1133 3826 spontaneos
1171 3757 1529 3812 observantiae
1562 3758 1758 3825 studia,

181 3850 327 3907 habet
366 3866 587 3922 semper
639 3852 975 3923 privilegium
1023 3868 1178 3907 suum
1221 3872 1233 3907 :
1270 3864 1329 3907 ut
1381 3852 1644 3908 sacratius
1691 3855 1763 3909 sit

178 3942 305 4010 quod
339 3944 552 4013 publica
585 3945 702 4015 lege
744 3946 1051 4000 celebratur
1080 3958 1240 4015 qnam
1270 3946 1411 4014 qttod
1442 3946 1645 4015 privata
1678 3946 1762 4001 in-

182 4037 443 4091 stitutione
470 4036 819 4106 dependitur.
854 4036 1181 4092 Exercitatio
1210 4035 1354 4092 enim
1384 4038 1754 4102 continentiae,

189 4144 319 4197 quam
345 4131 450 4184 sibi
481 4131 712 4201 quisque
756 4131 972 4201 proprio
1004 4131 1191 4185 indicit
1223 4130 1451 4186 arbitrio
1471 4172 1485 4195 ,
1516 4131 1580 4184 ad
1616 4132 1759 4185 utili-

190 4230 325 4276 tatem
369 4222 651 4291 cujusdam
704 4224 939 4292 pertinet
982 4223 1571 4293 portionis;jejunium
1602 4238 1753 4290 vero,

187 4314 305 4382 quod
330 4317 583 4369 universa
607 4315 849 4371 Ecclesia
881 4317 1128 4385 suscipit,
1158 4317 1427 4371 neminem
1459 4332 1489 4370 a
1513 4316 1755 4386 generali

190 4407 534 4474 puriﬁcatione
572 4408 839 4480 sejungit;
872 4418 925 4464 et
956 4420 1083 4465 tunc
1114 4410 1171 4463 fit
1213 4410 1629 4481 potentissimus
1657 4409 1754 4465 Dei

243 4651 262 4677 ³
293 4643 461 4697 Prima
492 4642 661 4696 editio
691 4652 743 4695 et
776 4655 915 4694 unus
942 4636 1067 4691 cod.
1102 4635 1253 4701 Vat.,
1287 4634 1566 4705 felicitatis.

242 4710 266 4748 δ
290 4713 405 4776 iis...
441 4714 657 4775 Venet.,
683 4729 746 4765 ea:
777 4720 921 4775 toto;
951 4721 999 4763 et
1044 4708 1201 4776 paulo
1254 4716 1375 4776 past
1405 4707 1620 4759 scinditc
1652 4720 1749 4774 pro

189 4783 455 4853 disi-amplis
505 4786 557 4838 in
613 4784 787 4853 prima
835 4779 1073 4837 editione
1112 4787 1167 4833 et
1207 4780 1258 4831 in
1311 4792 1441 4831 mss.
1474 4777 1686 4832 collect.
1716 4776 1752 4830 3

247 4937 265 4962 ε
292 4926 468 4982 Codex
510 4926 731 4991 Venet.,
762 4926 916 4978 etiam
945 4940 977 4975 a
1023 4920 1170 4975 nobis
1212 4920 1513 4975 necessaritz
1559 4920 1753 4991 pradi-

184 5010 356 5051 cantur.

236 5064 259 5103 δ
291 5069 461 5124 Prima
493 5069 685 5134 editio,
714 5063 1111 5135 satisfactionis.

186 5209 213 5262 ν
242 5148 263 5175 ε
289 5145 468 5194 Autem
507 5154 606 5210 pro
649 5154 869 5209 namque
908 5135 1101 5190 melius
1142 5136 1482 5204 reposuimus
1530 5149 1596 5189 ex
1644 5150 1747 5190 ms.

217 5223 394 5262 etieto-

217 5223 364 5266 enelo
380 5255 394 5266 .

238 5281 257 5320 ί
288 5284 427 5338 Idem
456 5284 581 5338 cod.
622 5282 833 5345 Venet.,
870 5281 1084 5333 unitate.

230 5362 256 5403 ι
287 5355 481 5409 Vocem
514 5355 718 5425 pietatis
748 5370 778 5406 a
822 5352 1113 5416 Quesnello
1142 5350 1387 5425 deletam
1418 5350 1753 5405 restituimus

170 5438 223 5478 ex
253 5422 691 5479 onmibns'editis
725 5425 1029 5491 noetrisque
1056 5422 1355 5475 codicibus.

231 5495 257 5533 δ
283 5499 424 5552 Editi
456 5512 585 5550 ante
621 5495 967 5561 Quesnelluni
996 5508 1117 5546 cum
1152 5508 1280 5546 mss.
1329 5493 1539 5547 collect.
1576 5500 1753 5559 poste-

166 5566 354 5623 riorum
378 5580 432 5622 et
456 5568 764 5622 Lectimiar.
789 5564 1015 5629 Veneto,
1046 5564 1270 5629 pietatis.
1296 5563 1400 5617 Sed
1429 5564 1617 5615 melius
1640 5564 1749 5627 ille,

166 5643 397 5704 statutis;
430 5655 554 5693 nam
584 5638 817 5693 refertur
846 5638 913 5689 ad
945 5636 1187 5688 unitatem
1216 5646 1405 5688 saneta:
1434 5634 1750 5699 obedientiw,

161 5726 274 5779 qua:
309 5711 641 5780 priet-edenti
674 5710 849 5779 capite
879 5717 1232 5770 memoratur,
1266 5710 1459 5775 cuique
1492 5707 1753 5759 insistitur

163 5782 306 5853 initio
335 5800 461 5853 cap.
497 5782 553 5838 5.

233 5852 253 5893 ί
284 5856 384 5910 Ms.
409 5846 538 5909 'Vat.
572 5852 788 5909 collect.
820 5850 874 5917 5,
904 5868 937 5905 a
962 5849 1199 5918 supernis
1225 5849 1528 5911 recedimus,
1559 5846 1755 5904 deletis

162 5927 410 5999 vocibus,
436 5928 494 5984 in
532 5934 755 5985 terrena.
784 5923 933 5985 Alius
958 5922 1078 5980 Vat.
1108 5922 1320 5981 collect.
1351 5922 1413 5987 4,
1446 5920 1750 5988 decidimus,

1934 3394 2065 3448 CAP.
2098 3394 2186 3448 iV.
2214 3424 2279 3433 —-
2307 3395 2555 3464 Magnum
2607 3400 2688 3446 est
2720 3402 2757 3428 ιιι
2792 3394 2843 3447 itt
2890 3399 3186 3461 conspectu
3223 3390 3460 3455 Domini,

1865 3486 2228 3551 dilectissimi,
2262 3486 2528 3556 valdeque
2572 3487 2891 3555 pretiosum,
2922 3498 3043 3538 cum
3076 3493 3220 3536 totus
3261 3479 3463 3537 Christi

1869 3578 2098 3647 populus
2144 3578 2347 3633 eisdem
2394 3578 2554 3631 simul
2602 3578 2765 3631 instat
2806 3576 3019 3638 officiis,
3051 3583 3104 3627 et
3151 3573 3205 3626 in
3236 3583 3462 3643 utroque

1862 3687 2001 3727 sexu
2045 3688 2234 3727 omnes
2262 3673 2461 3743 gradus
2506 3687 2803 3741 omnesque
2850 3670 3065 3724 ordines
3097 3670 3286 3724 eodem
3331 3683 3459 3723 coo-

1865 3773 2121 3833 perantur
2162 3763 2390 3829 affectu;
2436 3780 2555 3817 cum
2583 3772 2607 3798 ιι
2641 3763 2691 3815 in
2740 3760 3061 3815 declinando
3105 3760 3248 3813 malo
3288 3772 3349 3812 ac
3379 3758 3457 3813 fa-

1862 3856 2056 3912 ciendo
2092 3859 2233 3912 bono
2275 3872 2367 3925 par
2403 3866 2723 3910 cunctorum
2756 3860 2812 3907 et
2842 3861 2866 3888 ο
2895 3868 2997 3907 una
3030 3850 3294 3906 sententia
3329 3860 3450 3915 est;

1861 3965 1983 4005 cum
2014 3953 2066 4005 in
2088 3951 2347 4021 Operilius
2369 3964 2654 4005 servorum
2682 3961 2900 4000 suorum
2932 3944 3263 4014 glorificatur
3286 3942 3455 4008 Deus,

1863 4055 1916 4099 et
1941 4045 2102 4097 totius
2126 4043 2343 4114 pietatis
2364 4046 2569 4096 auctori
2596 4046 2624 4085 ν
2650 4040 2700 4095 in
2732 4039 2898 4093 multa
2924 4039 3219 4109 gratiarum
3244 4037 3460 4091 actione

1864 4136 2223 4190 licncdicitur.
2250 4136 2490 4189 Aluntur
2517 4136 2846 4198 esurientes,
2876 4132 3176 4185 vestiuntur
3200 4129 3347 4193 nudi,
3382 4125 3460 4181 vi-

1860 4228 2091 4282 sitantur
2122 4228 2342 4292 inﬁrmi,
2374 4238 2428 4281 et
2458 4242 2616 4283 nemo
2645 4226 2785 4293 quod
2820 4240 2973 4278 suum
3006 4232 3088 4278 est
3120 4224 3331 4290 quierit,
3361 4220 3456 4275 sed

1859 4318 2003 4390 quod
2051 4320 2271 4373 alterius
2314 4319 2355 4392 (Ι
2406 4318 2526 4372 Cor.
2581 4334 2632 4381 κ,
2674 4315 2791 4385 24),
2824 4315 2951 4367 dum
2996 4316 3061 4368 ad
3107 4311 3455 4369 relevandam

1862 4410 2092 4465 alienam
2121 4408 2393 4465 miseriam
2425 4408 2714 4477 unicuique
2738 4420 2991 4461 mensura
3024 4420 3120 4460 sua
3152 4403 3370 4470 sufficit,
3401 4409 3457 4457 et

1776 4638 1829 4699 D
1859 4656 1955 4709 pro
1983 4640 2280 4695 recidimus.

1929 4712 1942 4761 i
1988 4712 2253 4767 Particulo
2286 4718 2352 4771 et,
2382 4722 2541 4778 quam
2573 4707 2890 4773 Onesnellus
2916 4710 3143 4773 delevit,
3174 4722 3242 4763 ex
3287 4709 3454 4764 omni-

1856 4783 1952 4838 bus
1982 4783 2140 4837 editis
2171 4794 2223 4836 et
2255 4781 2453 4835 nostris
2483 4781 2639 4833 codd.
2676 4781 3065 4835 revocavimus.

1925 4852 1952 4891 ¹ί
1988 4854 2160 4908 Prima
2196 4854 2361 4907 editio
2399 4862 2454 4906 et
2482 4852 2604 4905 cod.
2638 4851 2798 4919 Bon.,
2832 4850 3145 4907 Plenissima
3175 4863 3346 4906 autem
3378 4857 3454 4906 est

1862 4939 2189 4995 peccatorum
2219 4922 2452 4977 abolitio.

1934 4997 1947 5033 ι
1981 4997 2054 5051 lia
2088 5016 2189 5051 ηις.
2232 4998 2455 5058 Venet.,
2484 4994 2591 5049 duo
2622 4993 2768 5050 Vatt.
2815 5005 2867 5051 et
2907 4996 3077 5066 prima
3120 4993 3308 5049 editio.
3339 4994 3454 5059 AL,

1854 5080 2145 5122 sanctorum
2178 5069 2262 5136 pio
2293 5066 2583 5120 consensui.

1931 5150 1969 5176 ω
1984 5142 2106 5194 Res»
2120 5142 2338 5193 itnimus
2358 5140 2641 5192 lectioaem
2661 5138 2929 5193 editorum
2946 5150 3067 5193 ante
3080 5138 3451 5205 Quesnellum,

1860 5227 2017 5277 quam
2065 5226 2255 5264 omnes
2296 5210 2462 5263 nostri
2510 5211 2721 5264 codices
2769 5213 3077 5279 prmferunt.
3128 5209 3451 5276 Qne~ncllus

1861 5282 1992 5334 nihil
2035 5283 2302 5344 indicans,
2338 5292 2383 5334 et
2422 5281 2476 5333 in
2520 5278 2793 5348 conspectu
2830 5280 3074 5347 Domini,
3108 5278 3448 5342 dilectissimi,

1862 5353 2006 5405 valde
2035 5355 2327 5422 pretiosum.
2844 5404 2851 5410 ,

1932 5432 1957 5457 τι
1993 5419 2080 5477 Sit:
2111 5439 2174 5477 ex
2219 5423 2416 5477 nostris
2455 5439 2584 5477 mss.
2633 5436 2685 5478 et
2716 5424 2875 5478 editis
2920 5435 3044 5477 ante
3073 5419 3445 5490 Quesnellnin,

1862 5498 1999 5560 apud
2039 5510 2228 5563 quem,
2262 5496 2311 5547 in
2347 5494 2653 5549 declinando
2691 5513 2719 5548 a
2751 5497 2888 5548 man
2917 5538 2931 5562 ,
2975 5510 3036 5546 ac
3091 5493 3324 5558 faciendo
3362 5490 3453 5543 ὑο-

1860 5584 2001 5619 Itum.

1933 5650 1955 5672 υ
1993 5640 2115 5692 Mss.
2144 5637 2306 5691 Corli.
2342 5647 2395 5691 et
2424 5636 2557 5690 Vict.
2594 5636 2887 5701 Qnesnclli,
2924 5652 3025 5687 una
3052 5633 3356 5688 substantia.

1932 5721 1957 5757 P
1990 5712 2077 5761 Sit:
2119 5729 2181 5764 ex
2232 5709 2567 5763 Lectionario
2598 5709 2821 5763 Veneto.
2873 5707 2982 5767 AL,
3036 5708 3089 5757 in
3137 5704 3453 5767 multorum;

1858 5796 1965 5849 quo
1996 5782 2153 5836 etiam
2195 5782 2543 5835 confirmatur
2588 5780 2746 5833 lectio
2792 5788 2944 5833 unlea
2978 5778 3330 5845 vulgatorum,
3365 5793 3454 5835 au-

1857 5853 2002 5918 ctori,
2041 5869 2137 5925 pro
2164 5870 2267 5924 qua
2298 5851 2616 5921 Quosnellus
2643 5858 2819 5904 auctor
2847 5851 3145 5924 supposuit.
