3980 6352
199 444 305 506 14⁵5

1561 426 1792 487 MK)
1832 426 2123 491 LXXXIX.

3377 432 3489 497 ω

196 574 295 638 pus
324 556 578 624 afficere,
609 558 665 611 tit
702 562 845 611 mine
873 547 1237 616 mnus,
1261 556 1407 603 nunc
1433 554 1571 603 vero
1609 546 1793 604 distri-
1818 550 1874 614 Α
1898 546 2134 607 lationes
2160 558 2269 607 non
2293 549 2697 622 correptiones,
2836 554 3089 621 uta-ae,
3112 550 3332 622 sapiat:
3356 566 3486 608 cun-

197 658 331 714 ctitrs
374 654 745 725 repugnantes
780 644 995 719 Spiritui
1030 644 1275 701 camus
1320 645 1789 716 cotrcupiscentias

198 747 499 813 adcurare,
554 740 875 816 quibusdam
926 746 1112 796 tuneo
1164 732 1358 795 diebus
1410 737 1485 793 ab
1536 738 1790 794 ominibus

197 842 417 915 oportet
450 838 651 911 pariter
676 834 945 893 celebrari
972 834 1226 906 generate
1255 833 1553 905 jejunium,
1582 838 1637 889 et
1662 842 1791 891 tunc

197 944 273 993 est
291 930 577 990 efﬁcacior
598 940 625 967 α
650 930 1019 1000 sacratior-que
1035 926 1272 994 devotio,
1292 927 1511 998 quando
1528 929 1583 981 in
1610 926 1793 998 operi-

194 1027 287 1084 bus
318 1026 545 1098 pietatis
573 1026 740 1080 totius
764 1020 1024 1080 Ecclesize
1054 1033 1192 1076 unus
1221 1021 1431 1075 animus
1460 1028 1515 1076 et
1542 1028 1682 1075 unus
1710 1028 1794 1075 est

195 1126 410 1177 sensus.
454 1114 669 1174 Publica
710 1114 855 1172 enim
897 1115 1227 1187 praeferenda
1270 1122 1396 1169 sunt
1434 1114 1694 1185 propriis;
1734 1121 1795 1170 et

194 1213 261 1270 ibi
299 1210 653 1283 intetl'tge‘nda
688 1216 774 1265 est
804 1208 1071 1279 praecipua
1102 1208 1243 1264 ratio
1275 1207 1525 1263 utilitatis
1545 1248 1560 1272 ,
1589 1207 1681 1261 ubi
1714 1206 1794 1262 vi—

192 1306 322 1379 gilat
367 1319 501 1361 cura
552 1301 876 1360 communis.
918 1300 949 1343 ιι
991 1300 1198 1358 Teneat
1250 1301 1413 1371 igitur
1454 1301 1790 1373 diligentiam

192 1410 343 1456 suam
395 1397 743 1455 observantia
791 1396 1146 1467 singulorum,
1194 1406 1251 1452 et
1296 1403 1485 1452 contra
1539 1397 1793 1467 nequitiae

192 1490 357 1568 35,9
388 1492 655 1563 spiritalis
678 1489 925 1561 insidias,
960 1489 1249 1561 implorato
1274 1490 1471 1545 divina:
1500 1490 1790 1560 protectio-

193 1590 274 1643 nis
314 1589 551 1654 auxilio,
586 1596 610 1627 ε
639 1584 881 1644 caelestia
919 1585 1145 1657 quisque
1184 1598 1335 1641 arma
1375 1585 1651 1657 corripiat.
1685 1584 1791 1643 Sed

192 1684 595 1741 ecclesiasticus
648 1682 827 1753 miles,
856 1681 1066 1737 etiamsi
1097 1681 1426 1753 specialibus
1452 1681 1653 1752 prmli‘is
1678 1695 1795 1752 pos-

193 1778 257 1833 sit
288 1777 501 1832 fcrtitcr
534 1774 732 1847 facere,
770 1779 936 1834 tutius
967 1785 1145 1833 tamen
1175 1788 1228 1833 et
1252 1776 1463 1834 felicius
1490 1776 1789 1849 dimicabit,

195 1874 235 1928 si
262 1881 456 1929 contra
484 1870 697 1929 hostem
726 1870 903 1945 palam
930 1872 985 1929 in
1014 1874 1127 1930 acie
1154 1874 1364 1931 steterit
1395 1894 1406 1928 :
1432 1875 1525 1930 ubi
1547 1882 1653 1930 non
1681 1875 1793 1930 suis

1894 642 2117 698 tinentia
2161 650 2338 714 petat,
2380 651 2438 699 et
2464 638 2520 698 in
2568 656 2817 700 amotum
2840 641 2871 684 ιι
2898 643 3018 715 eius
3049 643 3183 701 boui
3223 643 3353 699 sine»
3374 660 3487 716 quo

1894 734 2078 790 nullus
2116 738 2209 790 est
2236 735 2413 789 bamus
2440 736 2865 792 imontaminata
2907 738 3126 794 castitas
3157 738 3483 798 inardescn.

1894 826 1977 884 Ad
2007 828 2109 884 hoc
2139 829 2284 884 enim
2326 830 2484 887 nobis
2507 830 2702 887 tradita
2730 841 2855 886 sunt
2885 833 3141 889 exercitia
3180 831 3484 891 Christiana

1898 932 1982 991 ut,
2013 934 2256 979 resecata
2304 924 2450 985 omni
2502 925 2683 981 illicita
2730 916 3036 996 voluptate,
3086 929 3139 984 in
3171 940 3385 985 sanctas
3431 938 3486 987 et

1894 1018 2167 1090 spiritales
2196 1019 2417 1074 delicias
2446 1027 2755 1074 aestuemus.
2781 1018 2945 1094 350
2964 1021 3028 1075 Et
3060 1032 3180 1077 cum
3207 1038 3303 1078 nos
3325 1038 3485 1094 opor-

1891 1119 2007 1170 teat
2036 1126 2251 1184 setnper
2284 1114 2503 1169 studere
2530 1113 2849 1179 virtutibus,
2882 1114 3103 1185 quidam
3137 1124 3323 1171 tamen
3365 1117 3484 1173 dies

1895 1209 2018 1267 ideo
2062 1218 2189 1265 sunt
2236 1208 2304 1265 ad
2342 1209 2744 1281 castigationem
2781 1211 3080 1263 communis
3127 1209 3485 1267 observantia:

1892 1303 2227 1369 consecrati,
2272 1311 2330 1357 ut
2360 1302 2538 1358 anima
2576 1318 2699 1372 quae
2731 1302 2961 1358 terrenis
3000 1302 3174 1356 adhuc
3200 1301 3487 1359 desideriis

1897 1396 2206 1466 implicatur
2236 1405 2290 1452 et
2323 1397 2470 1452 curis
2496 1394 2846 1451 Stccu’laribus
2877 1397 3192 1466 impeditur,
3224 1411 3288 1452 ex
3316 1398 3486 1453 inter-

1895 1491 2037 1547 vallo
2083 1491 2275 1546 saltem
2317 1489 2383 1544 ad
2436 1488 2615 1544 divina
2653 1488 2910 1559 rcSpiret;
2966 1498 3019 1543 et
3061 1488 3183 1559 quia
3233 1487 3406 1557 portio
3462 1486 3481 1527 ί

1897 1583 2167 1639 Dominici
2196 1585 2307 1655 agri
2353 1592 2433 1639 est
2454 1624 2468 1650 ,
2499 1584 2691 1653 dignos
2713 1584 3027 1639 omlemibn‘s
3060 1582 3273 1635 horreis
3298 1580 3489 1637 atl‘erat

1896 1677 2123 1733 fructus.
2149 1677 2225 1732 lbi
2253 1675 2397 1732 enim
2425 1690 2551 1747 spes
2577 1684 2660 1731 est
2682 1675 2917 1730 metendi
2942 1675 3029 1730 ubi
3064 1672 3228 1729 fuerit
3254 1673 3483 1744 diligen-

1896 1771 1971 1826 tia
2002 1768 2321 1827 seminandi.

1967 1862 2097 1919 Car.
2123 1864 2187 1919 V.
2212 1892 2281 1904 --
2302 1863 2418 1930 His,
2447 1858 2812 1929 dilectissimi,
2838 1863 2905 1917 ad
2929 1861 3231 1932 profectum
3247 1870 3483 1918 vestrum

194 1974 399 2021 tantum
424 1965 636 2023 viribus
661 1976 936 2024 certamen
966 1967 1133 2036 ineat,
1158 1966 1252 2023 sed
1282 1969 1382 2024 sub
1415 1966 1597 2023 invicti
1630 1964 1793 2039 Regis

1909 1969 2000 2028 pro
2028 1958 2285 2029 temporis
2316 1957 2605 2013 occasione
2644 1957 2981 2028 perstrictis,
3026 1956 3289 2025 jejunium
3333 1955 3488 2010 vobis

194 2061 420 2130 imperio
451 2061 708 2117 fraternis
735 2064 1075 2118 consociatus
1104 2060 1408 2132 agminibus
1438 2062 1641 2119 bellum
1673 2062 1791 2117 uni-

193 2153 407 2209 versale
428 2152 699 2211 conficiat.
726 2150 916 2211 Minori
942 2154 1086 2210 enim
1110 2154 1423 2213 discrimine
1446 2157 1627 2227 plures
1654 2166 1787 2210 ccu-

192 2242 381 2320 tligunt
409 2258 539 2305 cum
564 2250 720 2305 hoste
743 2262 902 2320 quam
927 2248 1156 2320 singuli;
1180 2262 1279 2307 nec
1307 2250 1464 2307 facile
1494 2261 1641 2322 patet
1664 2252 1789 2307 vul-

193 2343 328 2407 neri,
352 2359 518 2412 quem
543 2341 796 2413 apposito
823 2353 974 2399 scuto
1001 2343 1146 2409 fidei,
1166 2358 1274 2399 non
1306 2358 1400 2400 sua
1430 2349 1658 2411 tantum,
1694 2342 1788 2399 scd

195 2434 350 2491 etiam
379 2436 618 2490 aliorum
652 2433 911 2491 fortitudo
936 2434 1175 2492 defendit
1202 2454 1215 2493 :
1245 2446 1304 2493 ut
1335 2437 1422 2493 ubi
1454 2452 1556 2493 una
1578 2448 1661 2494 est
1683 2448 1791 2493 om-

195 2529 335 2585 nium
368 2544 558 2595 causa,
590 2530 661 2584 sit
691 2545 795 2585 una
829 2530 1072 2586 victoria.

259 2621 390 2677 Car.
424 2622 515 2677 lfl.
536 2652 611 2663 —
630 2622 763 2691 Quia
793 2621 954 2695 igitur
977 2620 1318 2678 adversarius
1342 2629 1525 2680 noster
1548 2624 1792 2679 insidiari

195 2714 346 2769 nobis
378 2714 599 2771 diversa
634 2715 991 2770 tentationum
1029 2716 1144 2771 arte
1173 2728 1278 2770 non
1311 2714 1538 2786 desinit,
1580 2726 1636 2774 et
1676 2717 1793 2773 liter.

198 2817 274 2864 est
298 2802 324 2843 ά
363 2823 475 2863 una
511 2807 876 2862 versutiarum
916 2806 1035 2877 ejus
1074 2808 1333 2877 intentio,
1378 2817 1435 2864 ut
1476 2806 1792 2879 redemptos

198 2890 391 2955 Christi
442 2897 711 2971 sanguine
754 2914 784 2954 a
827 2898 1094 2955 mandatis
1134 2901 1227 2955 Dei
1268 2901 1439 2972 possit
1488 2899 1790 2969 abducere,

200 2994 338 3050 omni
378 2993 664 3065 diligentia
708 2992 1120 3064 prtecavendum
1161 3003 1244 3050 est
1283 3004 1337 3049 ut
1384 2993 1544 3052 nullis
1588 2994 1790 3052 inimici

202 3084 383 3159 iaculis
408 3088 787 3143 vulnerentur.
810 3084 937 3142 Tela
962 3087 1103 3142 enim
1127 3087 1295 3158 ipsius
1322 3103 1425 3142 non
1448 3084 1574 3143 sunt
1599 3102 1791 3158 aspera

203 3183 441 3251 corporis
469 3182 758 3249 sensibus,
791 3178 883 3236 sed
915 3182 1137 3237 nimium
1169 3181 1351 3247 carni,
1384 3191 1441 3237 ut
1471 3184 1663 3238 anima:
1692 3200 1792 3240 no-

204 3284 380 3339 ceant,
416 3270 794 3329 blandiuntur.
824 3273 1069 3329 Trahunt
1108 3274 1296 3331 oculos
1337 3275 1403 3330 ad
1434 3276 1610 3332 varias
1642 3287 1664 3316 ε
1694 3293 1792 3334 cu-

1896 2054 2109 2122 saptimi
2143 2053 2348 2108 mensis
2382 2052 2699 2116 indicirnus,
2741 2052 2795 2106 in
2826 2066 2933 2122 quo
2958 2063 3053 2105 vos
3080 2064 3193 2104 non
3219 2050 3390 2105 solum
3419 2049 3488 2106 de

1894 2145 2141 2201 ciborum
2176 2146 2532 2213 abstinentia,
2566 2145 2661 2200 sed
2691 2146 2855 2201 etiam
2897 2144 2964 2198 de
2990 2143 3202 2215 pietatis
3231 2142 3489 2213 operibus

1895 2246 2303 2293 commonemus
2338 2255 2353 2292 :
2390 2248 2449 2291 ut
2478 2237 2622 2308 quod
2654 2236 2845 2293 vestris
2873 2236 3060 2291 usibus
3090 2236 3335 2306 religiosa
3363 2250 3490 2305 par-

1895 2333 2055 2387 eitatc
2078 2331 2398 2389 subtrahitis
2430 2333 2481 2386 in
2511 2331 2825 2386 alimoniam
2859 2340 3155 2401 pauperum
3180 2340 3235 2386 et
3259 2331 3310 2384 in
3337 2329 3488 2386 cibos

1896 2425 2153 2481 debilium
2188 2425 2529 2481 transferatis
2558 2443 2572 2493 ;
2607 2426 2858 2480 omnibus
2886 2424 3105 2496 quidem
3126 2422 3488 2492 indigentibus

1895 2518 2134 2592 generali
2156 2520 2530 2575 benevolentia
2551 2521 2917 2583 consulentes,
2940 2518 3037 2573 sed
3052 2518 3284 2573 maxime
3302 2529 3489 2571 eorum

1897 2628 2167 2670 memores
2197 2614 2287 2685 qui
2333 2621 2459 2669 sunt
2496 2613 2564 2669 de
2605 2612 2864 2668 membris
2905 2612 3151 2683 corporis
3189 2611 3387 2666 Christi
3435 2617 3492 2666 et

1898 2709 2054 2765 nobis
2084 2708 2289 2765 unitate
2323 2708 2609 2765 catholica:
2642 2702 2767 2763 ﬁdei
2807 2708 3151 2778 copulantur.
3186 2705 3313 2761 Pius
3340 2706 3488 2761 enim

1897 2802 2156 2858 debemus
2187 2803 2388 2857 nostris
2421 2815 2517 2872 pro
2561 2809 2834 2858 consortio
2866 2799 3075 2872 gratiae,
3102 2812 3263 2871 quam
3293 2794 3488 2855 aiienis

1898 2910 1997 2968 pro
2020 2897 2404 2967 communione
2432 2905 2659 2952 naturae.

1969 2986 2099 3046 CAP.
2134 2986 2222 3044 Vl.
2249 3019 2319 3030 ——
2347 2988 2603 3046 Abundet
2628 3000 2758 3061 ergo
2803 2989 2856 3045 in
2888 2987 3070 3055 vobis,
3115 2986 3487 3056 dilectissimi,

1898 3080 2204 3153 benignitas
2233 3081 2573 3149 Christiana;
2603 3090 2659 3139 et
2688 3082 2827 3138 sicut
2847 3080 3177 3137 recurrentia
3202 3082 3325 3135 anni
3353 3090 3491 3136 tem-

1899 3188 2030 3247 pora
2052 3175 2371 3232 desideratis
2403 3183 2459 3231 ut
2492 3176 2647 3247 plena
2678 3177 2781 3231 sint
2813 3174 3073 3231 fructibus
3093 3216 3106 3239 ,
3137 3170 3211 3229 ita
3244 3184 3297 3229 et
3324 3171 3489 3228 corda

1897 3278 2077 3326 vestra
2136 3271 2419 3342 pascendis
2463 3272 2572 3325 sint
2621 3269 2841 3326 fecunda
2894 3266 3237 3339 pauperibus.
3287 3268 3490 3337 Quibus

204 3366 470 3435 piditates,
494 3364 642 3422 utde
657 3365 840 3422 mundi
866 3364 1262 3438 pulchritudine
1284 3374 1373 3423 aut
1398 3372 1792 3439 concupiscet].
1823 3360 1871 3431 (Ξ
1901 3367 2087 3436 utique
2118 3366 2293 3435 potuit
2338 3362 2500 3433 Deus,
2545 3365 2699 3435 cujus
2728 3372 2850 3418 sunt
2873 3364 3050 3418 omnia
3072 3406 3084 3428 ,
3129 3362 3489 3417 necessariam

206 3458 280 3514 tite
307 3458 685 3515 accendantur
716 3457 893 3526 faces,
922 3468 1015 3515 aut
1039 3457 1058 3496 τ
1094 3460 1538 3530 superstitionum
1567 3464 1790 3532 gignan-

208 3563 277 3608 tur
304 3564 553 3610 errores.
598 3562 623 3601 ε
663 3551 768 3609 Per
800 3551 1089 3609 insidiosos
1133 3555 1295 3609 etiam
1338 3564 1500 3611 sonos
1540 3555 1795 3615 mollibus

207 3649 392 3706 ictibus
418 3649 668 3719 pulsatur
690 3648 926 3719 auditus,
946 3657 1002 3704 ut
1025 3647 1191 3704 animi
1212 3648 1457 3705 soliditas
1476 3647 1797 3709 illecebrosa

209 3740 576 3797 modulatione
598 3741 857 3807 solvatur,
884 3746 939 3795 et
964 3741 1242 3797 lethalium
1260 3742 1656 3798 consuetudine
1673 3756 1800 3799 sna-

211 3832 427 3889 titatum
450 3832 674 3889 incauta
695 3842 751 3887 et
773 3848 958 3904 parum
984 3831 1163 3888 sobria
1183 3834 1344 3889 corda
1364 3836 1665 3904 eaplantur.
1690 3834 1798 3892 Sed

214 3916 305 3983 bos
329 3922 535 3983 diaboli
566 3926 721 3982 dolos
746 3924 1052 3982 inefficaces
1078 3936 1131 3982 et
1160 3926 1340 3982 irritos
1369 3924 1571 3983 faciunt
1602 3930 1799 3984 divina:

214 4021 452 4092 pmsidia
481 4021 702 4093 gratiae,
747 4030 801 4076 et
842 4020 1166 4091 evangelica:
1198 4031 1470 4091 praecepta
1514 4020 1794 4078 doctrinae.

219 4112 468 4179 Quoniam
520 4112 611 4182 qui
657 4116 985 4183 acceperunt
1030 4110 1289 4182 Spiritum
1339 4127 1617 4183 sanctum,
1668 4125 1721 4171 et
1768 4132 1799 4174 a

220 4203 395 4275 quibus
423 4203 587 4261 timor
610 4196 823 4260 Domini
847 4220 953 4261 non
978 4205 1044 4261 de
1070 4221 1244 4276 pmnae
1272 4200 1580 4271 formidine,
1614 4208 1709 4263 sed
1732 4206 1802 4267 de

223 4295 302 4354 Dei
324 4298 591 4354 cbaritate
612 4306 905 4369 conceptus
925 4308 1028 4367 est,
1056 4298 1225 4354 illaeso
1257 4297 1380 4353 fidei
1413 4298 1547 4369 pede
1575 4299 1799 4371 laqueos

225 4394 393 4450 talium
415 4402 706 4449 conterunt
726 4393 1058 4463 captionum,
1080 4402 1135 4447 ut
1157 4401 1532 4448 creaturarum
1558 4396 1799 4451 omnium

225 4491 611 4563 pulchritudine
632 4482 698 4546 ad
729 4490 957 4563 gloriam
986 4498 1040 4545 et
1068 4486 1278 4546 laudem
1310 4489 1392 4545 sui
1425 4494 1647 4547 utantur
1674 4496 1802 4557 auc-

227 4588 361 4656 toris,
393 4602 628 4658 eumque
656 4576 880 4658 diligant
904 4601 1067 4657 super
1095 4586 1275 4643 omnia
1294 4627 1309 4653 ,
1353 4600 1450 4658 per
1470 4602 1628 4658 quem
1660 4585 1802 4643 faeta

226 4690 332 4736 sunt
358 4678 540 4736 omnia
568 4672 749 4754 (Joan.
783 4696 823 4747 ι,
854 4670 934 4751 3).

1902 3457 2156 3514 conferre
2180 3459 2562 3523 subStantiam,
2591 3467 2643 3512 et
2668 3456 2801 3512 tales
2824 3455 2901 3511 eis
2921 3457 3158 3510 tribuere
3184 3453 3488 3521 facultates,

1908 3563 1971 3610 ut
2014 3554 2067 3609 in
2106 3552 2258 3609 nullo
2288 3552 2485 3609 vestris
2516 3552 2887 3622 largitionibus
2916 3551 3247 3619 indigerent;
3295 3546 3391 3604 sed
3440 3557 3493 3604 et

1902 3646 2012 3702 illis
2057 3648 2113 3703 et
2158 3644 2312 3701 vobis
2344 3648 2511 3700 multa
2550 3647 2807 3699 virtutum
2840 3642 3065 3699 materia
3104 3639 3393 3707 defuisset,
3446 3642 3492 3696 si

1902 3752 2003 3799 nec
2032 3741 2153 3797 illos
2179 3740 2244 3797 ad
2273 3734 2546 3811 patientia;
2573 3748 2829 3795 coronam
2852 3738 3029 3808 inopia
3060 3740 3355 3802 crerceret,
3390 3746 3489 3790 nec

1899 3846 1999 3892 vos
2030 3834 2097 3891 ad
2126 3835 2513 3890 misericordiae
2534 3832 2760 3904 gloriam
2786 3833 2941 3902 copia
2975 3838 3309 3902 provocaret.
3336 3827 3494 3884 Mira-

1903 3930 2083 3987 biliter
2130 3938 2307 3985 autem
2347 3926 2681 3998 providentia
2709 3927 2890 3983 divina
2926 3926 3190 3996 disposuit
3226 3930 3283 3979 ut
3313 3932 3495 3979 essent

1902 4024 1957 4080 in
2002 4022 2244 4080 Ecclesia
2286 4028 2340 4078 et
2380 4020 2552 4077 saneti
2584 4034 2849 4092 pauperes
2880 4030 2933 4075 et
2974 4018 3169 4074 divites
3198 4016 3356 4083 boni,
3405 4019 3496 4088 qui

1902 4114 2135 4173 invicem
2163 4115 2265 4170 sibi
2293 4129 2359 4170 ex
2390 4115 2501 4185 ipsa
2539 4114 2851 4169 diversitate
2880 4110 3199 4184 prodessent
3225 4155 3238 4179 ,
3267 4122 3386 4165 cum
3430 4111 3497 4167 ad

1904 4214 2104 4266 aeterna
2130 4216 2184 4265 et
2205 4209 2513 4279 incorrupta
2539 4209 2759 4279 praemia
2786 4207 3137 4277 promerenda
3166 4207 3275 4261 Deo
3295 4208 3498 4277 gratias

1902 4310 2126 4375 agerent
2148 4301 2498 4373 accipientes,
2523 4310 2577 4355 et
2601 4302 2709 4356 Deo
2728 4300 2925 4372 gratias
2943 4310 3162 4368 agerent
3176 4300 3493 4371 largientes:

1904 4397 2175 4468 quoniam,
2209 4394 2345 4451 sicut
2374 4392 2634 4464 scriptum
2666 4400 2768 4461 est,
2804 4393 2815 4443 i
2856 4402 2909 4449 et
2936 4392 3185 4464 pallentia
3212 4404 3498 4463 pauperum

1905 4504 2007 4544 non
2039 4489 2220 4560 peribit
2246 4487 2299 4542 in
2325 4494 2576 4542 internum
2610 4483 2726 4559 (Ps.
2764 4496 2839 4553 ιχ,
2871 4484 2985 4557 19),
3019 4494 3073 4543 et
3096 4483 3313 4540 hilarem
3345 4484 3498 4540 dato-

1904 4604 2009 4643 rem
2039 4584 2210 4661 diligit
2233 4580 2371 4640 Deus
2395 4582 2463 4658 (ll
2491 4581 2611 4639 Cor.
2641 4598 2716 4652 ιχ,
2749 4578 2824 4655 7).
2854 4580 3052 4653 Quarta
3081 4583 3243 4656 igitur
3272 4594 3325 4640 et
3348 4592 3499 4640 sexta

1906 4676 2037 4738 feria
2056 4682 2391 4753 jejunem‘us;
2416 4678 2640 4735 sabbato
2662 4690 2793 4735 vero
2819 4674 2959 4750 apud
2988 4676 3357 4735 beatissimum
3395 4674 3501 4733 Pe-

284 4772 409 4829 CAP.
439 4766 530 4829 IV.
561 4804 634 4817 —
663 4773 721 4829 In
752 4768 912 4845 hujus
934 4771 1377 4841 admirationem,
1423 4772 1796 4847 dilectissimi,
1825 4761 1881 4827 D
1906 4785 2046 4834 trum
2097 4776 2399 4847 apostolum
2426 4773 2638 4845 vigilias
2668 4775 3040 4841 celebremus,
3070 4780 3353 4845 sperantes
3399 4784 3497 4828 nos

226 4870 446 4926 omnium
479 4868 724 4929 fidelium
755 4864 941 4926 tendat
976 4858 1223 4937 affectio;
1256 4868 1322 4927 de
1354 4862 1457 4927 hoc
1488 4868 1587 4927 sibi
1614 4866 1799 4928 delec-

287 5134 309 5162 ι
338 5114 400 5177 Al
434 5166 447 5190 ,
477 5121 821 5191 Sanctior-qna.

283 5194 307 5233 δ
334 5194 409 5249 ita
435 5180 562 5248 cum
595 5180 888 5249 Ouesnello
914 5205 1015 5246 ms.
1052 5188 1309 5246 Venetus.
1346 5186 1570 5245 Gmterm
1605 5180 1799 5243 editio-

222 5272 306 5323 nes
333 5272 456 5319 enm
486 5258 647 5319 codtf.
682 5264 900 5318 collect.
938 5260 1298 5333 posteriorum
1334 5270 1347 5315 ἑ
1384 5258 1679 5315 Teneanl...
1711 5262 1804 5316 ob-

221 5336 517 5395 errantiw.’
849 5371 857 5379 -

284 5423 305 5450 ε
338 5394 554 5479 Yulgati
575 5449 589 5473 ,
624 5407 865 5478 arripiat.
898 5404 1103 5479 Placuit
1127 5403 1289 5462 lectio
1318 5410 1421 5464 ms.
1460 5403 1668 5461 Veneti.

284 5480 307 5519 ³
333 5472 390 5534 1η
418 5472 590 5549 prima
625 5472 860 5533 editione
887 5476 1036 5532 deest
1068 5492 1190 5532 una.

192 5552 198 5617 ;
283 5562 307 5592 ο
338 5552 545 5617 Eadem
576 5550 770 5616 editio,
806 5550 1124 5603 tentationes.

187 5598 198 5631 '
280 5618 306 5663 ί
338 5598 1361 5699 Esaiae;g'a‘reugsanguine.“
1404 5620 1643 5699 gentium
1680 5634 1801 5699 qus

208 5700 478 5755 astrorum
578 5691 945 5748 ulchritudine
995 5704 1165 5761 captae
1222 5704 1289 5748 ex
1340 5691 1505 5747 astris
1560 5692 1802 5748 fecerunt

208 5768 365 5818 Mos;
403 5763 488 5818 vel
520 5710 963 5818 Dilanieltr'eorum'.
995 5766 1086 5818 oui
1132 5764 1231 5818 soli
1265 5779 1327 5818 ac
1364 5766 1503 5818 luna:
1544 5766 1802 5818 suocrsti-

205 5768 367 5836 tletis;
403 5763 488 5821 vel
520 5763 963 5836 Manichaeorum,
995 5766 1086 5836 qui
1132 5764 1231 5836 soli
1265 5779 1327 5819 ac
1364 5766 1503 5819 luna:
1544 5766 1803 5833 supersti-

207 5828 407 5896 tiosum
427 5837 635 5894 cultum
663 5834 878 5908 deferre
902 5828 969 5890 ab
998 5828 1116 5908 ipso
1140 5835 1317 5908 Leone
1342 5837 1540 5908 inventi
1560 5828 1797 5906 fuerunt,

206 5913 282 5968 uti
311 5910 547 5966 traditur
575 5912 743 5966 Serm.
778 5907 868 5977 42,
901 5922 951 5964 c.
982 5906 1034 5975 5,
1064 5919 1118 5965 et
1141 5925 1227 5982 ep.
1256 5906 1349 5979 l5,
1385 5910 1451 5963 ad
1491 5906 1795 5977 Turibinm,

160 6018 177 6037 ε
210 5999 264 6049 c,
310 5983 364 6041 4.
398 5982 536 6040 Vide
586 5984 751 6039 etiam
808 5982 1135 6053 peculiarem
1182 5982 1623 6053 superstitionem
1674 5996 1800 6055 erga

1908 4872 1980 4929 ita
2027 4869 2198 4943 ipsius
2246 4865 2582 4927 Orationibus
2630 4864 2984 4937 adiuvandas,
3017 4872 3073 4922 ιιι
3104 4861 3242 4923 Dens
3291 4866 3501 4922 miscri—

1908 5118 2078 5175 solem
2101 5122 2410 5174 nascentem
2436 5129 2465 5173 a
2489 5120 2711 5190 paganis
2732 5118 3030 5175 derivatum
3054 5132 3219 5174 term.
3243 5119 3333 5185 Ἦ,
3366 5135 3416 5173 c.
3443 5119 3496 5174 ft.

1981 5197 2006 5237 l
2037 5190 2113 5245 fta
2140 5204 2205 5245 ex
2236 5203 2336 5245 ms.
2369 5190 2595 5246 Veneto.
2628 5192 2809 5245 Prima
2830 5190 3001 5246 editio
3031 5206 3044 5242 ε
3071 5190 3333 5247 Ιηεῦἀίοεο
3365 5192 3499 5245 enim

1906 5277 2033 5317 sono
2063 5273 2110 5315 et
2141 5262 2381 5317 mollibus
2407 5263 2624 5316 actibus.
2654 5261 3055 5333 Subsequentes
3086 5264 3348 5318 editiones
3374 5274 3497 5331 qua:

1908 5344 1940 5389 a
1971 5336 2141 5404 prima
2173 5346 2279 5389 nun
2325 5334 2524 5389 trahent
2549 5336 2813 5403 originem
2845 5350 2861 5387 :~
2887 5335 3148 5389 Ιηεέάὶοεο
3176 5337 3328 5389 etiam
3368 5349 3496 5387 εοηο

1907 5405 2145 5460 mollibus
2173 5406 2378 5462 ictibus.

1907 5477 2149 5531 mollibus
2176 5478 2379 5532 ictibus.

1978 5546 2009 5618 β
2048 5549 2425 5618 Supplevimus
2447 5566 2631 5606 vocem
2654 5553 2765 5618 ejus
2786 5567 2849 5606 ex
2894 5551 3113 5605 laudato
3135 5561 3235 5604 ms.
3263 5548 3498 5607 Veneto.

1986 5617 2003 5658 ί
2041 5617 2270 5690 Vulgatl,
2299 5623 2460 5677 divini
2499 5624 2630 5692 agri.
2664 5617 2855 5680 Metius
2888 5635 2954 5678 es
2984 5624 3107 5678 cod.
3140 5621 3345 5677 Veneto
3387 5619 3499 5677 Da-

1907 5693 2104 5761 minici,
2132 5694 2272 5763 quod
2304 5695 2475 5750 Leoni
2504 5696 2754 5750 usitatum
2789 5703 2889 5749 est.

1984 5764 1998 5815 i
2037 5765 2359 5822 l'articulatn
2418 5776 2497 5834 et,
2547 5780 2665 5838 qua!
2714 5772 2766 5821 in
2798 5765 3077 5838 Bainaudo
3116 5773 3169 5838 ot
3205 5764 3496 5832 Quosnello

1909 5837 2112 5903 deerat,
2142 5854 2213 5892 ex
2235 5838 2491 5895 omnibus
2515 5837 2713 5894 nustris
2734 5837 2892 5893 codd.
2924 5845 2979 5891 et
2996 5837 3361 5893 anterioribus
3385 5840 3499 5894 edi-

1911 5909 2144 5982 tit‘mibns
2180 5912 2577 5970 revocavlmus.
2610 5910 2745 5969 Cod.
2781 5906 2997 5981 Venet,
3052 5923 3149 5982 pro
3176 5924 3501 5982 pauperum,

1908 5980 2090 6053 habet,
2120 5984 2377 6054 pauperis.

2413 5406 2736 5476 Quesnellus
2766 5426 2779 5462 :
2806 5405 3080 5461 Insidiosis
3109 5409 3259 5461 etiam
3284 5406 3425 5460 mnia
3449 5416 3497 5461 et
