3980 6352
523 410 623 470 467

1650 405 1707 461 8.
1750 402 2000 463 LEONIS
2040 402 2254 460 MAGNI
2288 404 2683 464 SERMONES.

3698 410 3805 470 us

523 524 828 583 cordiarum
860 524 1051 598 jejunii
1090 523 1263 580 nostri
1303 529 1332 559 ι
1359 518 1629 576 sacriﬁcio
1676 518 1920 589 placatus
1948 519 2108 593 351
2134 518 2193 580 Α
2216 517 2581 578 imbecillitate
2635 522 2883 593 propria,
2912 523 3194 594 possibilia
3240 526 3469 596 spondet
3510 541 3580 583 ex
3606 528 3802 587 virtute

523 618 773 675 exaudiat
800 634 897 691 per
946 618 1130 674 Jesum
1167 615 1444 671 Christum
1493 613 1778 670 Dominum
1831 624 2104 682 nostrum,

522 713 614 783 qui
641 713 770 768 vivit
797 720 851 767 et
874 720 1065 780 regnat
1094 710 1148 764 in
1178 707 1375 764 sazcula
1405 706 1745 763 saeculorum.
1770 706 1962 764 Amen.

864 845 1095 903 SERMO
1133 844 1224 902 xc
1252 845 1361 920 [AL
1400 844 1755 919 LXXXVIII].

897 958 977 1015 De
989 960 1020 1014 ,Ι
1030 959 1205 1032 ejunio
1227 959 1429 1029 septimi
1448 958 1632 1013 mensis
1652 956 1717 1012 V.

520 1081 795 1139 SYNOPSIS.
828 1112 898 1124 —
925 1082 965 1137 l.
1002 1082 1362 1136 Pamitentiam
1401 1098 1601 1152 semper
1627 1097 1737 1134 esse
1766 1080 2105 1134 necessariam

589 1167 798 1226 prapter
817 1156 1085 1226 continuas
1110 1154 1303 1207 inimici
1325 1154 1554 1226 insidias
1567 1161 1619 1226 et
1638 1153 2105 1226 concupiscentiam

592 1222 777 1279 carnis.
813 1256 883 1266 —
922 1225 980 1279 ll.
1032 1226 1219 1279 Omnia
1273 1222 1608 1291 impossibilia
1650 1240 1712 1276 ea:
1755 1222 2106 1276 imbecillitate

592 1298 837 1361 humana,
866 1314 970 1351 esse
996 1297 1259 1367 possibilia
1279 1298 1546 1367 eaduirtute
1573 1295 1864 1367 divinus-ﬁ
1891 1292 1977 1347 Ill.
2023 1292 2102 1347 De

588 1386 761 1423 amore
788 1368 883 1422 Dei
908 1380 954 1421 et
982 1362 1181 1419 mundi.
1210 1396 1281 1406 —
1306 1365 1396 1419 IV.
1430 1366 1665 1418 Amorem
1691 1362 1787 1417 Dei
1809 1364 1951 1417 bouis
1979 1381 2104 1435 ope-

587 1440 729 1494 ribus
757 1441 962 1493 nutriri.
1000 1437 1104 1491 Cur
1131 1437 1330 1506 septimi
1362 1437 1545 1491 mensis
1562 1436 1844 1506 jejunium.

588 1556 716 1609 Car.
766 1553 807 1607 l.
854 1582 926 1593 —
977 1551 1295 1617 Sacratum,
1355 1547 1720 1613 dilectissimi,
1770 1547 1824 1601 in
1874 1548 2103 1617 septimo

520 1661 705 1700 mense
740 1644 1021 1715 jejunium,
1058 1644 1125 1698 ad
1156 1643 1453 1698 communis
1494 1642 1800 1697 devotionis
1844 1643 2102 1697 exercitia

516 1742 897 1813 praedicamus,
941 1739 1169 1794 ﬁdenter
1206 1753 1302 1791 vos
1354 1736 1589 1807 paternis
1638 1735 2101 1791 cohortationibus

516 1835 833 1898 incitantes,
878 1844 935 1887 ut
963 1832 1104 1901 quod
1151 1828 1301 1885 fuitb
1331 1841 1456 1884 ante
1490 1828 1804 1897 Iudaicum,
1852 1836 2029 1883 vestra
2073 1837 2095 1866 ο

2211 614 2388 669 divina
2423 632 2440 673 :
2470 615 2707 689 Angusta
2737 616 2873 672 enim
2896 626 2945 673 et
2989 628 3133 674 arcta
3168 628 3245 674 est
3284 621 3370 675 via
3396 636 3512 693 qute
3551 622 3695 679 ducit
3731 626 3803 680 ad

2208 710 2366 765 vitam
2388 709 2605 781 (Matth.
2636 726 2745 777 vtt,
2777 710 2890 783 14),
2920 720 2975 769 et
2998 727 3160 769 nemo
3199 714 3252 769 in
3280 730 3399 772 eam
3446 731 3690 786 gressum
3720 719 3802 775 in-

2210 803 2405 873 ferret,
2460 820 2620 861 nemo
2649 806 2933 876 vestigium
2979 816 3358 877 promoveret,
3401 808 3507 864 nisi
3553 810 3799 867 difﬁciles

2207 896 2385 953 aditus
2415 899 2529 968 ipse
2559 914 2619 953 se
2656 897 2903 954 Christus
2928 899 3071 955 viam
3102 900 3347 955 faciendo
3381 913 3652 958 reseraret
3681 922 3695 959 :
3742 913 3802 960 ut

2206 1002 2395 1049 auctor
2417 991 2629 1047 itineris
2647 992 2738 1046 fiat
2770 991 3099 1062 possibilitas
3123 992 3472 1059 ambulantis,
3503 994 3626 1064 quia
3656 995 3799 1050 idem

2213 1095 2264 1141 et
2289 1085 2585 1140 introducit
2614 1084 2681 1140 ad
2714 1084 2953 1141 laborem
2982 1096 3036 1141 et
3072 1085 3314 1156 perducit
3347 1086 3413 1142 ad
3448 1087 3710 1157 requiem.
3739 1089 3800 1144 In

2207 1194 2315 1249 quo
2343 1192 2475 1247 ergo
2506 1178 2662 1232 nobis
2691 1192 2815 1247 spes
2844 1187 2928 1233 est
2954 1186 3172 1233 aeternae
3201 1179 3326 1234 vita:
3344 1219 3362 1246 ,
3394 1180 3448 1233 in
3484 1179 3676 1235 eodem
3715 1187 3800 1235 est

2208 1280 2263 1326 et
2284 1270 2454 1325 forma
2488 1270 2775 1338 patientiae.
2804 1269 2867 1324 Si
2887 1270 3032 1325 enim
3055 1271 3425 1338 compatimur,
3449 1280 3495 1324 et
3517 1286 3799 1341 conregna-

2209 1364 2370 1417 bimus
2401 1363 2466 1434 (ll
2498 1362 2635 1417 Tim.
2667 1378 2738 1429 ιι,
2773 1362 2870 1430 12;
2898 1361 3050 1416 Rom.
3079 1377 3194 1425 vut,
3241 1362 3331 1433 17)
3366 1379 3378 1415 ;
3411 1363 3695 1433 quoniam,
3740 1371 3798 1417 ut

2207 1454 2496 1523 Apostolus
2546 1454 2658 1518 ait,
2702 1454 2862 1525 quise
2886 1453 3012 1507 dicit
3038 1454 3090 1507 in
3127 1453 3331 1507 Christo
3371 1470 3608 1520 manere,
3653 1454 3797 1510 debet

2204 1546 2336 1600 sicut
2366 1544 2457 1599 ille
2485 1545 2765 1599 ambulavit
2795 1555 2843 1599 et
2891 1547 3001 1612 ipse
3030 1544 3297 1600 ambulare
3346 1546 3390 1617 (Ι
3412 1544 3570 1600 Joan.
3598 1562 3638 1602 ιι
3657 1589 3672 1612 ,
3713 1545 3791 1618 6).

2204 1640 2418 1708 Alioqui
2465 1638 2614 1694 falsae
2645 1639 2997 1710 professionis
3036 1641 3265 1710 imagine
3308 1642 3529 1707 utimur,
3569 1643 3612 1697 si
3641 1643 3795 1712 cujus

2204 1733 2421 1787 nomine
2447 1733 2759 1803 gloriamur,
2791 1734 2911 1801 ejus
2934 1734 3173 1787 instituta
3203 1748 3307 1787 non
3331 1735 3605 1804 sequimur
3636 1749 3797 1805 :qute

2205 1825 2390 1895 utique
2418 1827 2574 1880 nobis
2603 1843 2831 1881 onerosa
2863 1843 2967 1881 non
2996 1836 3212 1895 essent,
3240 1836 3295 1882 et
3325 1828 3392 1883 ab
3418 1830 3669 1883 omnibus
3697 1844 3797 1885 nos

517 1929 608 1983 liat
628 1926 967 1984 observantia
992 1926 1375 1981 Christianum.
1399 1922 1490 1977 Est
1511 1922 1655 1977 enitn
1680 1921 1829 1976 omni
1857 1931 2097 1991 tempore
2128 1912 2176 1974 B
2204 1920 2452 1989 periculis
2480 1920 2787 1988 liberarent,
2823 1922 2865 1974 si
2892 1920 3024 1974 nihil
3056 1920 3199 1974 aliud
3225 1936 3386 1991 quam
3431 1921 3577 1991 quod
3609 1936 3799 1978 aman-

514 2032 695 2091 aptum
746 2028 801 2075 et
846 2018 1194 2074 Testamento
1246 2018 1458 2087 utrique
1485 2015 1861 2082 conveniens,
1912 2023 1972 2069 ut
2005 2029 2100 2084 per

513 2113 917 2181 castigationem
949 2110 977 2149 ἀ
1013 2121 1069 2167 et
1098 2112 1292 2166 mentis
1338 2118 1393 2165 et
1436 2109 1680 2178 corporis
1728 2108 2099 2163 misericordia

512 2204 691 2260 divina
741 2212 1049 2273 quaeratur,
1095 2205 1219 2273 quia
1276 2201 1405 2256 nihil
1449 2210 1531 2255 est
1559 2200 1830 2256 efficacius
1856 2199 1923 2253 ad
1969 2213 2099 2254 exo-

514 2296 740 2350 randum
791 2297 955 2352 Deum
1004 2311 1163 2364 quam
1211 2302 1269 2348 ut
1308 2294 1471 2348 homo
1513 2293 1627 2363 ipse
1668 2309 1726 2348 se
1750 2290 1992 2361 judicet,
2044 2299 2099 2347 et

512 2402 762 2451 ιειιιιοωιιι
789 2388 996 2443 desinat
1017 2403 1045 2441 a
1076 2386 1229 2443 venia
1257 2385 1597 2456 postulanda,
1626 2385 1718 2455 qui
1740 2400 1799 2440 se
1821 2386 1923 2439 scit
1945 2400 2099 2437 num-

512 2494 671 2549 quam
694 2493 814 2534 esse
844 2480 963 2534 sine
990 2478 1169 2549 culpa.
1202 2479 1370 2533 Habet
1392 2476 1531 2531 enim
1562 2477 1663 2531 hoc
1690 2474 1745 2531 in
1768 2492 1826 2531 se
1858 2486 1883 2514 ε
1908 2477 2097 2532 vitium

513 2568 743 2623 humana
773 2579 987 2634 natura,
1021 2586 1127 2623 non
1157 2584 1189 2623 a
1214 2570 1470 2624 Creatore
1500 2568 1741 2634 insitum,
1776 2567 1871 2623 sed
1893 2583 1921 2621 a
1955 2584 2097 2637 pra:-

512 2662 812 2717 varicatore
855 2668 1224 2727 contractum,
1271 2668 1328 2716 et
1367 2661 1419 2715 in
1466 2668 1709 2730 posteros
1752 2658 1772 2698 ί
1804 2660 2097 2731 generandi

511 2754 632 2825 lege
684 2752 1042 2820 transfusum,
1076 2763 1136 2808 ut
1181 2752 1247 2808 de
1279 2753 1618 2822 corruptibili
1662 2768 1891 2821 corpore
1934 2755 2095 2806 etiam

511 2849 654 2917 quod
693 2848 925 2904 animam
956 2863 1307 2918 corrumpere
1333 2849 1501 2919 possit
1527 2849 1749 2902 oriatur.
1783 2846 1922 2902 Hinc
1962 2848 2094 2900 inte-

510 2941 625 2997 rior
673 2942 864 3004 homo.
895 2950 921 2991 ι
953 2944 1162 2997 tametsi
1184 2944 1293 3012 jam
1326 2945 1378 2996 in
1411 2943 1624 2997 Christo
1655 2948 2003 3010 regeneratus
2044 2947 2099 2994 et

510 3047 540 3087 a
570 3033 801 3089 vinculis
822 3036 1147 3105 captivitatis
1173 3045 1255 3090 est
1281 3046 1489 3101 erutus,
1521 3036 1768 3091 assiduos
1793 3036 1954 3090 habet
1974 3050 2095 3089 cum

510 3140 673 3181 carne
701 3127 1004 3191 conﬂictus,
1036 3138 1089 3182 et
1111 3128 1237 3183 dum
1264 3128 1483 3184 cohibet
1506 3131 1975 3197 concupiscentem
2006 3143 2097 3197 pa-

512 3218 641 3271 titur
667 3230 1077 3289 repugnantem.
1112 3221 1167 3275 ln
1199 3236 1301 3290 qua
1334 3219 1604 3275 discordia
1634 3236 1739 3275 non
1776 3221 1934 3275 facile
1958 3219 2097 3274 obti-

2201 2014 2326 2069 dum
2354 2014 2575 2084 jnbetur
2603 2031 2934 2071 amaremus.

2271 2108 2404 2164 Car.
2431 2108 2515 2163 ΙΙΙ.
2542 2140 2613 2149 -
2639 2109 2755 2164 Duo
2786 2124 3018 2179 namque
3058 2124 3276 2165 amores
3315 2120 3441 2165 sunt
3489 2126 3553 2165 ex
3600 2112 3803 2181 quibus

2200 2218 2389 2258 omnes
2411 2203 2678 2272 prodeunt
2701 2204 3031 2268 voluntates,
3063 2203 3133 2257 ita
3154 2204 3389 2259 diversa:
3418 2204 3798 2275 qualitatibus,

2198 2297 2336 2353 sicut
2360 2297 2670 2351 dividuntur
2700 2298 3033 2353 auctoribus.
3058 2296 3362 2352 Rationalis
3387 2298 3531 2353 enim
3555 2297 3797 2367 animus,

2198 2390 2291 2461 qui
2334 2390 2449 2446 sine
2492 2389 2785 2446 dilectione
2834 2405 2955 2445 esse
3004 2406 3108 2444 non
3142 2399 3357 2460 potest,
3410 2392 3437 2427 κ
3474 2402 3562 2444 aut
3590 2390 3686 2445 Dei
3717 2401 3804 2446 est

2199 2492 2408 2537 amator
2437 2495 2527 2537 aut
2558 2483 2759 2537 mundi.
2792 2483 2847 2536 In
2880 2482 3171 2537 dilectione
3206 2484 3298 2538 Dei
3327 2482 3472 2536 nulla
3504 2483 3665 2537 nimia
3690 2523 3709 2549 ,
3743 2483 3803 2537 in

2200 2573 2491 2629 dilectione
2515 2584 2691 2628 autem
2726 2575 2907 2628 mundi
2935 2584 3125 2629 cuncta
3168 2584 3295 2628 sunt
3326 2575 3509 2629 noxia.
3562 2576 3626 2629 Et
3671 2575 3802 2630 ideo

2199 2668 2417 2721 aeternis
2448 2666 2601 2720 bonis
2626 2666 3062 2738 inseparabiliter
3085 2667 3456 2722 inhaerendum
3474 2707 3491 2733 ,
3523 2674 3805 2738 tempora-

2198 2758 2343 2814 libus
2372 2775 2499 2814 vero
2532 2770 2876 2817 transeunter
2904 2759 3160 2816 utendum
3193 2769 3279 2816 est
3310 2776 3325 2815 :
3359 2773 3414 2814 ut
3447 2760 3807 2830 peregrinan-

2202 2851 2342 2906 tibus
2367 2851 2521 2906 nobis
2545 2861 2599 2906 et
2619 2853 2683 2907 ad
2711 2853 2938 2923 patriam
2965 2852 3147 2908 redire
3172 2853 3605 2923 properantibus,
3639 2851 3806 2923 quid-

2201 2941 2327 3011 quid
2354 2942 2419 2996 de
2440 2943 2887 3013 prOSperitatibus
2908 2944 3091 2998 mundi
3114 2943 3275 3013 hujus
3292 2945 3607 3007 occurrerit,
3632 2944 3802 2999 viati-

2201 3050 2321 3090 cum
2346 3039 2417 3091 sit
2443 3037 2669 3101 itineris,
2700 3052 2806 3093 non
2833 3038 3084 3093 illecebra
3115 3040 3430 3093 mansionis.
3459 3040 3581 3093 Ideo
3604 3039 3804 3095 beatus

2200 3130 2491 3198 Aposmlus
2524 3131 2779 3199 praedicat
2809 3132 2995 3187 dicens
3029 3150 3041 3187 :
3078 3130 3302 3203 Tempus
3332 3130 3475 3185 breve
3502 3142 3574 3186 est
3606 3148 3625 3185 :
3674 3132 3805 3185 reli-

2200 3238 2354 3290 quum
2384 3231 2455 3275 est
2480 3233 2535 3275 ut
2565 3224 2650 3292 qui
2688 3222 2873 3276 habent
2901 3240 3106 3289 uxores,
3139 3234 3395 3292 tamquam
3424 3241 3527 3277 non
3553 3223 3804 3277 habentes

508 3320 669 3365 netur
700 3321 805 3364 tam
839 3312 1074 3382 perfecta
1105 3314 1329 3367 victoria
1372 3323 1429 3369 ut
1464 3315 1626 3369 etiam
1657 3313 1685 3351 ¹ι
1715 3316 1801 3369 illa
1830 3331 1949 3382 quas
1974 3322 2102 3369 sunt
2128 3303 2175 3369 C
2205 3315 2328 3379 sint;
2360 3325 2405 3367 et
2432 3316 2519 3385 qui
2545 3317 2695 3384 ﬂent,
2722 3330 2981 3386 tamquam
3009 3334 3107 3369 non
3136 3319 3341 3385 ﬂentes;
3363 3325 3409 3369 et
3433 3315 3521 3383 qui
3545 3315 3800 3386 gaudent,

507 3402 876 3473 abrumpenda
913 3420 1045 3470 non,
1077 3405 1285 3476 illigent
1315 3415 1509 3476 etquae
1553 3416 1678 3462 sunt
1722 3408 2095 3462 interﬁcienda

508 3509 619 3549 non
666 3496 973 3553 vulnerent.
1019 3497 1423 3565 Quantumlibet
1469 3500 1742 3568 sapienter
1777 3508 1833 3555 et
1873 3500 2097 3568 provide

507 3589 668 3660 iudex
699 3592 910 3647 animus
944 3591 959 3629 ί
996 3595 1355 3649 exterioribus
1396 3596 1644 3650 sensibus
1690 3598 1909 3664 pratsit,
1956 3595 2096 3649 inter

507 3684 653 3756 ipsas
680 3696 857 3742 tamen
886 3702 1045 3743 curas
1072 3697 1233 3758 atque
1263 3704 1543 3744 mensuras
1572 3690 1820 3759 regendze
1846 3690 2025 3744 carnis
2042 3698 2096 3744 et

506 3779 752 3846 alendus,
806 3782 966 3836 nimis
993 3783 1042 3838 ei
1070 3797 1286 3850 semper
1317 3784 1486 3838 vicina
1542 3783 1769 3839 tentatio
1813 3794 1916 3839 est.
1962 3782 2094 3849 Quis

505 3873 649 3929 enim
689 3874 760 3928 ita
810 3890 870 3929 se
915 3884 1006 3929 aut
1034 3890 1063 3929 a
1106 3876 1378 3944 voluptate
1422 3878 1665 3946 corporis
1711 3887 1801 3931 aut
1833 3892 1862 3930 a
1907 3876 2095 3931 dolore

503 3964 758 4033 sejungit,
788 3974 845 4019 ut
871 3966 937 4019 ad
986 3966 1156 4034 ipsam
1204 3977 1439 4022 mentem
1471 3984 1576 4021 non
1608 3970 1905 4037 pertineat,
1949 3968 2094 4037 quod

505 4066 845 4113 extrinsecus
876 4069 968 4113 aut
996 4058 1270 4113 blanditur
1296 4068 1391 4113 aut
1419 4060 1661 4114 cruciat?
1693 4060 1977 4115 lndivisum
2011 4070 2095 4115 est

502 4151 778 4221 gaudium,
811 4151 1100 4206 indiscreta
1133 4152 1349 4205 tristitia
1382 4170 1396 4207 :
1427 4153 1559 4207 nihil
1597 4150 1610 4202 i
1656 4153 1708 4207 in
1742 4152 1961 4208 homine
1989 4152 2095 4206 ira-

501 4242 695 4298 cundia
724 4259 827 4298 non
870 4245 1137 4311 accendit,
1165 4245 1295 4299 nihil
1328 4245 1509 4300 lautitia
1539 4261 1645 4300 non
1674 4247 1925 4312 resolvit,
1958 4246 2091 4300 nihil

500 4334 664 4407 352
703 4337 965 4406 egritudo
1007 4353 1112 4392 non
1162 4338 1346 4391 allicit.
1382 4338 1449 4392 Et
1489 4354 1610 4409 qua:
1656 4340 1763 4394 illic
1805 4340 2094 4394 declinatio

503 4441 681 4502 potest
705 4447 825 4486 esse
856 4434 1086 4502 peccati,
1120 4432 1208 4486 tibi
1234 4448 1335 4485 una
1368 4436 1547 4502 pa~sio
1577 4443 1661 4488 est
1689 4444 1742 4489 et
1775 4435 2013 4501 regentis
2042 4441 2097 4486 et

500 4524 737 4578 subditi?
781 4524 971 4579 Merito
1015 4524 1275 4579 Dominus
1308 4534 1643 4594 protestatur
1684 4526 1826 4595 quod
1873 4526 2094 4593 spiritus

500 4617 705 4683 quidem
753 4626 1018 4689 promptus
1065 4626 1173 4683 est,
1223 4632 1343 4670 caro
1387 4630 1555 4672 autent
1601 4618 1810 4685 inﬁrma
1860 4615 2089 4687 (Matth.

500 4723 647 4771 xxvi,
678 4708 795 4779 41).

571 4800 701 4857 Cn.
727 4800 793 4856 ll.
824 4832 896 4842 —
926 4801 994 4857 Et
1032 4818 1097 4859 ne
1118 4819 1287 4874 usque
1317 4802 1383 4858 ad
1414 4803 1641 4859 inertem
1685 4804 1947 4861 desidiam
1990 4806 2092 4862 de-

500 4903 808 4974 speratione
831 4902 1110 4969 ducamur,
1132 4917 1251 4973 quae
1276 4900 1627 4971 impossibilia
1649 4911 1775 4956 sunt
1801 4901 2002 4958 homini
2026 4918 2091 4959 ex

643 5087 720 5143 Ita
748 5099 870 5140 cum
892 5085 1092 5140 nostris
1120 5083 1279 5139 codd.
1311 5093 1366 5140 et
1393 5084 1776 5156 vulgatisgante
1813 5084 2084 5152 Quesnel-

500 5161 633 5225 lum,
655 5156 795 5228 apud
823 5171 982 5227 quem
1007 5156 1155 5210 nullo
1185 5165 1372 5228 nostra
1404 5154 1505 5210 ms;
1538 5154 1887 5225 suffragante,
1918 5159 2085 5211 sacri-

500 5232 676 5301 ﬁcium
692 5226 935 5300 placatus
956 5228 1195 5301 accipiat.
1226 5226 1544 5301 illatisulani
1567 5242 1634 5282 ex
1652 5227 1854 5301 codice
1880 5228 2089 5284 Veneto

498 5296 886 5429 ixpressimus.
938 5298 1053 5367 AL,
1085 5296 1187 5354 Per
1212 5296 1472 5353 Christum
1506 5297 1788 5353 Dominum
1827 5310 2085 5355 nostrum.

548 5391 682 5429 men.

548 5391 682 5430 men.

572 5446 601 5484 δ
624 5442 854 5515 Septimi
875 5443 1077 5515 mensis
1094 5441 1355 5513 jejunium
1380 5441 1517 5513 apud
1543 5440 1801 5498 Hebraeos
1826 5444 2089 5512 agebatur

500 5519 618 5588 ipso
645 5514 969 5588 expiationis
997 5514 1105 5588 die.

577 5600 601 5629 ο
630 5592 703 5646 lta
724 5585 728 5586 ⁷
749 5603 873 5646 cum
905 5586 1213 5643 Lectionar.
1244 5585 1448 5641 Veneto
1473 5585 1741 5641 editiones
1792 5588 2091 5640 anteriores

502 5660 780 5717 Rainaudo
801 5669 855 5715 et
884 5653 1210 5730 Quesnello,
1233 5657 1375 5729 apud
1414 5672 1573 5727 quos.
1606 5660 1693 5712 sit.
1722 5658 1843 5713 Mox
1873 5658 2093 5730 tempori

502 5748 601 5804 pro
627 5745 850 5803 tempore
876 5734 929 5785 in
960 5748 1061 5786 ms.
1098 5729 1214 5784 Vat.
1248 5733 1465 5785 collect.
1496 5730 1553 5783 5.

573 5801 602 5842 ἀ
628 5806 948 5859 Addidimus
969 5814 1017 5857 et
1045 5818 1114 5857 ex
1146 5802 1361 5858 laudato
1386 5816 1487 5856 ms.
1522 5800 1747 5857 Veneto.

577 5885 601 5912 '
631 5874 771 5931 Editi
802 5891 902 5947 pro
932 5877 1109 5929 vitium
1135 5874 1404 5931 habebant
1445 5872 1769 5947 generaliter.
1822 5871 2091 5930 Emenda-

503 5954 705 6013 tionem
727 5943 1085 6013 suppeditavit
1112 5947 1359 6005 laudatus
1386 5943 1509 6003 cod.
1544 5943 1802 6005 Venetus.

2202 3417 2461 3477 tamquam
2491 3423 2593 3459 non
2626 3409 2938 3479 gaudentes;
2968 3416 3012 3460 et
3058 3408 3142 3476 qui
3168 3418 3368 3473 emunt,
3402 3416 3657 3477 tamquam
3691 3422 3805 3458 non

2198 3502 2544 3573 possidentes;
2574 3510 2618 3554 et
2648 3502 2737 3569 qui
2776 3510 2991 3554 utuntur
3017 3500 3116 3554 hoc
3142 3500 3340 3554 mundo
3359 3542 3373 3565 ,
3407 3511 3663 3568 tamquam
3695 3514 3808 3551 non

2200 3606 2431 3649 utantur.
2468 3594 2707 3648 Prteterit
2733 3596 2867 3647 enim
2894 3595 3064 3667 ﬁgura
3086 3595 3240 3664 hujus
3268 3592 3448 3647 mundi
3479 3591 3519 3664 (Ι
3546 3590 3666 3644 Cor.
3692 3605 3803 3659 vn,

2199 3686 2414 3758 29-51).
2451 3687 2557 3744 Sed
2604 3686 2746 3756 quod
2776 3687 2843 3742 de
2873 3686 3077 3755 specie,
3111 3686 3179 3742 de
3207 3686 3391 3755 copia,
3438 3684 3506 3739 de
3534 3687 3811 3739 varietate

2202 3781 2494 3842 blanditur,
2543 3795 2648 3834 non
2682 3779 2844 3835 facile
2872 3780 3208 3847 declinatur,
3244 3778 3345 3833 nisi
3392 3777 3446 3832 in
3488 3778 3580 3833 illa
3610 3776 3810 3832 visibi—

2200 3873 2333 3927 lium
2379 3870 2781 3941 pulcliritudine
2828 3871 3058 3926 Creatur
3113 3872 3291 3940 potius
3335 3886 3495 3939 quam
3543 3877 3809 3925 creatura

2198 3968 2488 4038 diligatur,
2537 3967 2626 4037 qui
2669 3982 2791 4021 cum
2838 3966 2968 4020 dicit
3016 3982 3030 4020 :
3075 3964 3274 4038 Diliges
3306 3963 3583 4017 Dominum
3627 3962 3809 4017 Deum

2199 4070 2343 4113 tuum
2375 4075 2437 4113 ea:
2460 4067 2563 4113 toto
2593 4059 2749 4112 corde
2769 4069 2878 4124 tuo,
2906 4067 2954 4111 et
2976 4074 3040 4112 ex
3060 4066 3164 4109 tota
3195 4064 3361 4110 mente
3393 4065 3504 4122 tua,
3532 4064 3579 4109 et
3602 4071 3664 4109 ex
3687 4063 3809 4109 tota

2197 4156 2381 4208 uirtute
2419 4162 2511 4206 tua
2550 4151 2769 4223 (Matth.
2803 4166 2915 4205 un
2940 4192 2954 4217 ,
3002 4150 3118 4219 37),
3163 4150 3213 4202 in
3256 4149 3404 4203 nullo
3437 4164 3536 4203 nos
3563 4146 3679 4201 vult
3728 4148 3812 4203 ab

2198 4247 2400 4301 amoris
2432 4245 2512 4299 sui
2544 4245 2775 4299 vinculis
2808 4242 3060 4298 relaxari.
3108 4242 3175 4297 Et
3199 4257 3320 4296 cum
3350 4242 3473 4295 huic
3522 4249 3811 4310 praecepto

2198 4340 2433 4412 proximi
2462 4355 2674 4408 quoque
2697 4338 2915 4403 copulat
2940 4337 3101 4409 353
3138 4336 3452 4391 charitatem
3472 4374 3488 4401 ,
3537 4334 3814 4389 imitatio-

2198 4450 2319 4490 nem
2355 4433 2509 4488 nobis
2539 4448 2649 4486 suae
2679 4431 2933 4487 bonitatis
2970 4432 3158 4485 indicit
3198 4448 3211 4484 :
3245 4439 3304 4484 ut
3331 4428 3472 4500 quod
3506 4426 3681 4495 diligit
3715 4427 3816 4481 di-

2196 4528 2455 4598 ligamus,
2485 4537 2536 4581 et
2558 4526 2699 4597 quod
2732 4536 2991 4596 operatur
3022 4540 3331 4595 operemur.
3358 4521 3615 4590 Quamvis
3644 4520 3812 4575 enim

2204 4624 2303 4679 Dei
2332 4622 2656 4696 agricultura
2678 4623 2858 4689 simus,
2889 4632 2933 4675 et
2958 4620 3051 4675 Dei
3075 4620 3349 4687 aediﬁcatio
3375 4618 3419 4688 (1
3441 4615 3562 4673 Cor.
3594 4630 3675 4680 tu,
3704 4612 3801 4683 9),

2114 4692 2170 4754 D
2196 4730 2243 4773 et
2266 4692 2426 4790 neque
2444 4720 2531 4787 qui
2562 4718 2761 4787 plantat
2782 4716 2847 4771 sit
2874 4715 3095 4782 aliquid,
3118 4732 3276 4786 neque
3303 4714 3392 4785 qui
3412 4714 3565 4783 rigat,
3590 4708 3684 4763 sed
3707 4710 3817 4777 qui

2195 4814 2559 4867 incrementum
2589 4811 2678 4863 dat
2727 4809 2866 4863 Deus
2895 4806 3088 4880 (Ibid.,
3117 4806 3205 4875 7);
3239 4806 3293 4861 in
3321 4804 3573 4862 omnibus
3606 4810 3815 4857 tamen

2196 4905 2363 4976 exigit
2384 4904 2559 4960 nostri
2585 4901 2872 4959 ministerii
2902 4900 3226 4957 servitutem
3246 4941 3265 4967 ,
3291 4908 3348 4955 et
3374 4913 3475 4954 nos
3503 4897 3818 4967 dispensa-

2268 5082 2288 5122 τ
2325 5084 2417 5140 Sic
2465 5097 2587 5137 cum
2618 5079 2910 5148 Quesnello
2960 5078 3103 5134 idem
3133 5094 3236 5136 ms.
3272 5078 3515 5137 Venetus
3554 5091 3612 5139 et
3661 5082 3814 5143 Vat.

2191 5156 2404 5214 collect.
2436 5153 2490 5208 5.
2516 5154 2629 5215 ΑΙ..
2655 5151 2904 5222 generali.

2266 5237 2291 5274 tt
2326 5226 2482 5291 Vulg.
2510 5234 2635 5279 ante
2664 5223 2865 5290 Quesn.
2897 5225 2953 5276 et
2991 5222 3172 5289 plures
3200 5224 3385 5288 codd.,
3406 5226 3453 5279 si
3484 5234 3679 5281 tamen.

2263 5295 2294 5335 ιι
2324 5296 2640 5369 Αάᾱίᾱίηιιιε
2672 5294 2858 5369 illae:
2886 5306 2986 5346 ms.
3022 5293 3247 5351 Veneto.
3282 5296 3404 5351 Mox
3432 5296 3647 5369 alligent
3695 5313 3815 5369 pro

2194 5369 2474 5448 illigentin
2499 5367 2671 5448 prima
2704 5366 2960 5448 editione:
3202 5439 3231 5448 ’γ
3297 5438 3334 5448 ᾳ
3682 5366 3717 5448 “-
3828 5428 3841 5445 Υ

2273 5437 2293 5477 ίί
2322 5439 2500 5508 Vulg..
2558 5440 2663 5493 suis
2690 5437 3029 5492 exterioribus
3058 5439 3253 5506 praesit.
3297 5437 3640 5495 Pratulimus
3680 5439 3831 5497 Περ-³

2199 5512 2398 5567 tionem
2428 5510 2550 5566 cod.
2581 5509 2715 5563 Ven.

2272 5583 2288 5634 i
2318 5583 2391 5637 fta
2427 5581 2621 5636 melius
2643 5596 2707 5634 ex
2750 5580 2920 5649 prima
2951 5578 3223 5645 editione,
3268 5581 3346 5635 uti
3384 5581 3546 5638 etiam
3580 5580 3824 5639 indica-

2199 5657 2273 5711 vit
2300 5652 2675 5723 corrigendum
2703 5651 2924 5705 Latinus
2972 5649 3235 5706 Latinius.
3273 5654 3385 5714 AL.
3417 5655 3470 5707 in
3502 5655 3820 5710 hominem.

2270 5726 2296 5765 ι
2326 5727 2399 5779 De
2428 5726 2529 5778 hoc
2582 5733 2729 5777 textu
2770 5723 2909 5791 apud
2935 5722 3344 5790 Quesnellianos
3369 5725 3593 5789 celebri,
3635 5736 3700 5783 et
3734 5726 3825 5786 de

2198 5796 2472 5866 Quesnelli
2518 5794 2729 5866 postilla
2760 5767 3234 5865 eiliemxapposita,
3266 5767 3431 5863 plur;
3447 5767 3499 5851 in
3527 5767 3823 5857 bbszrv;:

2201 5865 2438 5928 tionibus
2479 5866 2545 5924 ad
2578 5865 2721 5923 hunc
2749 5880 3058 5925 sermonem
3088 5866 3317 5924 dicenda
3353 5878 3533 5927 erunt.
