  <div class='ocr_page' id='page_1' title='image "/cluster/home/n/w/nwhite01/storage/ocr_20150623/54/hvd.32044015471584/228.png"; bbox 0 0 3980 6352; ppageno 0'>
   <div class='ocr_carea' id='block_1_1' title="bbox 178 283 1764 388">
    <p class='ocr_par' dir='ltr' id='par_1_1' title="bbox 178 289 1764 388">
     <span class='ocr_line' id='line_1_1' title="bbox 178 289 1764 388; baseline -0.001 -16"><span class='ocrx_word' id='word_1_1' title='bbox 178 318 269 388; x_wconf 66' lang='grc' dir='ltr'><strong>μδ</strong></span> <span class='ocrx_word' id='word_1_2' title='bbox 770 316 777 319; x_wconf 77' lang='lat'>&#39;</span> <span class='ocrx_word' id='word_1_3' title='bbox 815 330 819 335; x_wconf 58' lang='grc' dir='ltr'><strong><em>ο</em></strong></span> <span class='ocrx_word' id='word_1_4' title='bbox 855 296 900 319; x_wconf 71' lang='grc'><strong>”·</strong></span> <span class='ocrx_word' id='word_1_5' title='bbox 1260 289 1272 298; x_wconf 87' lang='grc'><em>’</em></span> <span class='ocrx_word' id='word_1_6' title='bbox 1553 308 1764 372; x_wconf 72' lang='lat' dir='ltr'><strong>suum</strong></span> 
     </span>
    </p>
   </div>
   <div class='ocr_carea' id='block_1_2' title="bbox 1880 283 3395 388">
    <p class='ocr_par' dir='ltr' id='par_1_2' title="bbox 1880 283 3395 369">
     <span class='ocr_line' id='line_1_2' title="bbox 1880 283 3395 369; baseline -0.011 -1"><span class='ocrx_word' id='word_1_7' title='bbox 1880 308 1960 369; x_wconf 84' lang='lat' dir='ltr'><strong>Ct.</strong></span> <span class='ocrx_word' id='word_1_8' title='bbox 3287 283 3395 351; x_wconf 61' lang='lat' dir='ltr'><strong>s50</strong></span> 
     </span>
    </p>
   </div>
   <div class='ocr_carea' id='block_1_3' title="bbox 175 412 3402 505">
    <p class='ocr_par' dir='ltr' id='par_1_3' title="bbox 175 412 3402 505">
     <span class='ocr_line' id='line_1_3' title="bbox 175 412 3402 505; baseline -0.01 -1"><span class='ocrx_word' id='word_1_9' title='bbox 175 459 290 504; x_wconf 82' lang='lat' dir='ltr'><strong>tores</strong></span> <span class='ocrx_word' id='word_1_10' title='bbox 308 456 502 499; x_wconf 83' lang='lat' dir='ltr'><strong>suorum</strong></span> <span class='ocrx_word' id='word_1_11' title='bbox 534 438 650 496; x_wconf 88' lang='lat' dir='ltr'><strong>vult</strong></span> <span class='ocrx_word' id='word_1_12' title='bbox 694 453 818 497; x_wconf 88' lang='lat' dir='ltr'><strong>esse</strong></span> <span class='ocrx_word' id='word_1_13' title='bbox 856 436 1119 495; x_wconf 88' lang='lat' dir='ltr'><strong>donorum</strong></span> <span class='ocrx_word' id='word_1_14' title='bbox 1145 480 1158 505; x_wconf 90' lang='lat'><strong>,</strong></span> <span class='ocrx_word' id='word_1_15' title='bbox 1201 446 1260 493; x_wconf 89' lang='lat' dir='ltr'><strong>ut</strong></span> <span class='ocrx_word' id='word_1_16' title='bbox 1288 452 1378 504; x_wconf 81' lang='lat' dir='ltr'><strong>om</strong></span> <span class='ocrx_word' id='word_1_17' title='bbox 1416 453 1556 494; x_wconf 70' lang='lat' dir='ltr'><strong>rear</strong></span> <span class='ocrx_word' id='word_1_18' title='bbox 1602 435 1698 491; x_wconf 87' lang='lat' dir='ltr'><strong>Dei</strong></span> <span class='ocrx_word' id='word_1_19' title='bbox 1727 436 1775 499; x_wconf 79' lang='grc' dir='ltr'><strong>Α</strong></span> <span class='ocrx_word' id='word_1_20' title='bbox 1804 424 2187 487; x_wconf 77' lang='lat' dir='ltr'><strong>sollicitissima</strong></span> <span class='ocrx_word' id='word_1_21' title='bbox 2218 418 2495 481; x_wconf 79' lang='lat' dir='ltr'><strong>meditatio</strong></span> <span class='ocrx_word' id='word_1_22' title='bbox 2522 415 2681 475; x_wconf 87' lang='lat' dir='ltr'><strong>debet</strong></span> <span class='ocrx_word' id='word_1_23' title='bbox 2712 429 2833 473; x_wconf 88' lang='lat' dir='ltr'><strong>esse</strong></span> <span class='ocrx_word' id='word_1_24' title='bbox 2862 412 3150 484; x_wconf 82' lang='lat' dir='ltr'><strong>sapientis,</strong></span> <span class='ocrx_word' id='word_1_25' title='bbox 3177 422 3237 472; x_wconf 91' lang='lat' dir='ltr'><strong>ut</strong></span> <span class='ocrx_word' id='word_1_26' title='bbox 3266 429 3402 485; x_wconf 87' lang='lat' dir='ltr'><strong>quo-</strong></span> 
     </span>
    </p>
   </div>
   <div class='ocr_carea' id='block_1_4' title="bbox 174 509 3397 611">
    <p class='ocr_par' dir='ltr' id='par_1_4' title="bbox 174 509 3397 611">
     <span class='ocr_line' id='line_1_4' title="bbox 174 509 3397 611; baseline -0.009 -20"><span class='ocrx_word' id='word_1_27' title='bbox 174 539 436 611; x_wconf 73' lang='lat' dir='ltr'><strong>imaginem,</strong></span> <span class='ocrx_word' id='word_1_28' title='bbox 492 536 589 591; x_wconf 89' lang='lat' dir='ltr'><strong>Dei</strong></span> <span class='ocrx_word' id='word_1_29' title='bbox 630 534 791 590; x_wconf 82' lang='lat' dir='ltr'><strong>faciat</strong></span> <span class='ocrx_word' id='word_1_30' title='bbox 817 535 1163 590; x_wconf 85' lang='lat' dir='ltr'><strong>voluntatem.</strong></span> <span class='ocrx_word' id='word_1_31' title='bbox 1192 532 1422 603; x_wconf 88' lang='lat' dir='ltr'><strong>Pr0pter</strong></span> <span class='ocrx_word' id='word_1_32' title='bbox 1465 531 1605 601; x_wconf 89' lang='lat' dir='ltr'><strong>quod</strong></span> <span class='ocrx_word' id='word_1_33' title='bbox 1643 530 1697 584; x_wconf 90' lang='lat' dir='ltr'><strong>in</strong></span> <span class='ocrx_word' id='word_1_34' title='bbox 1802 525 1943 579; x_wconf 91' lang='lat' dir='ltr'><strong>niam</strong></span> <span class='ocrx_word' id='word_1_35' title='bbox 1984 523 2174 578; x_wconf 82' lang='lat' dir='ltr'><strong>breves</strong></span> <span class='ocrx_word' id='word_1_36' title='bbox 2222 518 2338 573; x_wconf 91' lang='lat' dir='ltr'><strong>dies</strong></span> <span class='ocrx_word' id='word_1_37' title='bbox 2369 516 2523 571; x_wconf 85' lang='lat' dir='ltr'><strong>istius</strong></span> <span class='ocrx_word' id='word_1_38' title='bbox 2574 514 2699 567; x_wconf 74' lang='lat' dir='ltr'><strong>vitze</strong></span> <span class='ocrx_word' id='word_1_39' title='bbox 2720 522 2774 568; x_wconf 91' lang='lat' dir='ltr'><strong>et</strong></span> <span class='ocrx_word' id='word_1_40' title='bbox 2806 511 3007 566; x_wconf 86' lang='lat' dir='ltr'><strong>incerta</strong></span> <span class='ocrx_word' id='word_1_41' title='bbox 3038 518 3164 611; x_wconf 83' lang='lat' dir='ltr'><strong>sunt</strong></span> <span class='ocrx_word' id='word_1_42' title='bbox 3194 509 3397 611; x_wconf 77' lang='lat' dir='ltr'><strong>Spatia,</strong></span> 
     </span>
    </p>
   </div>
   <div class='ocr_carea' id='block_1_5' title="bbox 173 601 3404 694">
    <p class='ocr_par' dir='ltr' id='par_1_5' title="bbox 173 601 3404 694">
     <span class='ocr_line' id='line_1_5' title="bbox 173 601 3404 694; baseline -0.011 -2"><span class='ocrx_word' id='word_1_43' title='bbox 173 601 367 694; x_wconf 68' lang='lat' dir='ltr'><strong>oratione</strong></span> <span class='ocrx_word' id='word_1_44' title='bbox 413 601 687 687; x_wconf 72' lang='lat' dir='ltr'><strong>bominica</strong></span> <span class='ocrx_word' id='word_1_45' title='bbox 717 629 1079 685; x_wconf 85' lang='lat' dir='ltr'><strong>sacratissime</strong></span> <span class='ocrx_word' id='word_1_46' title='bbox 1117 601 1350 682; x_wconf 87' lang='lat' dir='ltr'><strong>dicimus</strong></span> <span class='ocrx_word' id='word_1_47' title='bbox 1394 646 1408 683; x_wconf 94' lang='lat'><strong>:</strong></span> <span class='ocrx_word' id='word_1_48' title='bbox 1452 625 1701 681; x_wconf 78' lang='lat' dir='ltr'><strong>Adveniat</strong></span> <span class='ocrx_word' id='word_1_49' title='bbox 1804 632 2095 686; x_wconf 87' lang='lat' dir='ltr'><strong>numquam</strong></span> <span class='ocrx_word' id='word_1_50' title='bbox 2112 608 2650 680; x_wconf 87' lang='lat' dir='ltr'><strong>sitmorsimprovisa</strong></span> <span class='ocrx_word' id='word_1_51' title='bbox 2677 608 2957 671; x_wconf 86' lang='lat' dir='ltr'><strong>morituro,</strong></span> <span class='ocrx_word' id='word_1_52' title='bbox 2974 601 3404 659; x_wconf 67' lang='lat' dir='ltr'><strong>neceittordtna-</strong></span> 
     </span>
    </p>
   </div>
   <div class='ocr_carea' id='block_1_6' title="bbox 174 694 3402 800">
    <p class='ocr_par' dir='ltr' id='par_1_6' title="bbox 174 694 3402 800">
     <span class='ocr_line' id='line_1_6' title="bbox 174 694 3402 800; baseline -0.01 -18"><span class='ocrx_word' id='word_1_53' title='bbox 174 744 341 800; x_wconf 75' lang='lat' dir='ltr'><strong>regnum</strong></span> <span class='ocrx_word' id='word_1_54' title='bbox 367 736 535 791; x_wconf 76' lang='lat' dir='ltr'><strong>tuum,</strong></span> <span class='ocrx_word' id='word_1_55' title='bbox 583 723 674 792; x_wconf 77' lang='lat' dir='ltr'><strong>ﬁat</strong></span> <span class='ocrx_word' id='word_1_56' title='bbox 706 724 944 778; x_wconf 83' lang='lat' dir='ltr'><strong>uoluntas</strong></span> <span class='ocrx_word' id='word_1_57' title='bbox 987 732 1075 775; x_wconf 91' lang='lat' dir='ltr'><strong>tua</strong></span> <span class='ocrx_word' id='word_1_58' title='bbox 1108 722 1241 775; x_wconf 89' lang='lat' dir='ltr'><strong>sicut</strong></span> <span class='ocrx_word' id='word_1_59' title='bbox 1296 722 1349 774; x_wconf 83' lang='lat' dir='ltr'><strong>in</strong></span> <span class='ocrx_word' id='word_1_60' title='bbox 1388 722 1512 774; x_wconf 87' lang='lat' dir='ltr'><strong>caelo</strong></span> <span class='ocrx_word' id='word_1_61' title='bbox 1555 728 1601 773; x_wconf 89' lang='lat' dir='ltr'><strong>et</strong></span> <span class='ocrx_word' id='word_1_62' title='bbox 1650 719 1704 772; x_wconf 85' lang='lat' dir='ltr'><strong>in</strong></span> <span class='ocrx_word' id='word_1_63' title='bbox 1806 721 1921 765; x_wconf 89' lang='lat' dir='ltr'><strong>tum</strong></span> <span class='ocrx_word' id='word_1_64' title='bbox 1945 707 2143 762; x_wconf 85' lang='lat' dir='ltr'><strong>incidat</strong></span> <span class='ocrx_word' id='word_1_65' title='bbox 2167 703 2455 772; x_wconf 85' lang='lat' dir='ltr'><strong>linem,qui</strong></span> <span class='ocrx_word' id='word_1_66' title='bbox 2482 717 2539 757; x_wconf 92' lang='lat' dir='ltr'><strong>se</strong></span> <span class='ocrx_word' id='word_1_67' title='bbox 2565 698 2856 755; x_wconf 83' lang='lat' dir='ltr'><strong>novitesse</strong></span> <span class='ocrx_word' id='word_1_68' title='bbox 2878 694 3223 753; x_wconf 72' lang='lat' dir='ltr'><strong>mortalem.f</strong></span> <span class='ocrx_word' id='word_1_69' title='bbox 3249 694 3402 763; x_wconf 94' lang='lat' dir='ltr'><strong>Quod</strong></span> 
     </span>
    </p>
   </div>
   <div class='ocr_carea' id='block_1_7' title="bbox 173 790 3406 888">
    <p class='ocr_par' dir='ltr' id='par_1_7' title="bbox 173 790 3406 888">
     <span class='ocr_line' id='line_1_7' title="bbox 173 790 3406 888; baseline -0.008 -15"><span class='ocrx_word' id='word_1_70' title='bbox 173 790 593 888; x_wconf 55' lang='lat' dir='ltr'><strong>teirawattluvt,</strong></span> <span class='ocrx_word' id='word_1_71' title='bbox 624 815 735 885; x_wconf 76' lang='grc'><strong>10).</strong></span> <span class='ocrx_word' id='word_1_72' title='bbox 767 813 971 883; x_wconf 83' lang='lat' dir='ltr'><strong>Quibus</strong></span> <span class='ocrx_word' id='word_1_73' title='bbox 993 814 1173 869; x_wconf 83' lang='lat' dir='ltr'><strong>verbis</strong></span> <span class='ocrx_word' id='word_1_74' title='bbox 1198 812 1322 883; x_wconf 89' lang='lat' dir='ltr'><strong>quid</strong></span> <span class='ocrx_word' id='word_1_75' title='bbox 1347 812 1491 867; x_wconf 88' lang='lat' dir='ltr'><strong>aliud</strong></span> <span class='ocrx_word' id='word_1_76' title='bbox 1523 821 1706 880; x_wconf 86' lang='lat' dir='ltr'><strong>pOSlu-</strong></span> <span class='ocrx_word' id='word_1_77' title='bbox 1808 805 1986 872; x_wconf 85' lang='lat' dir='ltr'><strong>itaque</strong></span> <span class='ocrx_word' id='word_1_78' title='bbox 2033 809 2089 857; x_wconf 91' lang='lat' dir='ltr'><strong>et</strong></span> <span class='ocrx_word' id='word_1_79' title='bbox 2144 797 2558 854; x_wconf 83' lang='lat' dir='ltr'><strong>sanctiﬁcationi</strong></span> <span class='ocrx_word' id='word_1_80' title='bbox 2602 810 2932 888; x_wconf 73' lang='lat' dir='ltr'><strong>corporum,</strong></span> <span class='ocrx_word' id='word_1_81' title='bbox 2972 802 3025 888; x_wconf 86' lang='lat' dir='ltr'><strong>et</strong></span> <span class='ocrx_word' id='word_1_82' title='bbox 3074 790 3406 888; x_wconf 77' lang='lat' dir='ltr'><strong>reparationi</strong></span> 
     </span>
    </p>
   </div>
   <div class='ocr_carea' id='block_1_8' title="bbox 172 883 3408 979">
    <p class='ocr_par' dir='ltr' id='par_1_8' title="bbox 172 883 3408 979">
     <span class='ocr_line' id='line_1_8' title="bbox 172 883 3408 979; baseline -0.009 -16"><span class='ocrx_word' id='word_1_83' title='bbox 172 883 341 979; x_wconf 84' lang='lat' dir='ltr'><strong>lamus,</strong></span> <span class='ocrx_word' id='word_1_84' title='bbox 390 923 545 979; x_wconf 91' lang='lat' dir='ltr'><strong>quam</strong></span> <span class='ocrx_word' id='word_1_85' title='bbox 575 916 633 960; x_wconf 91' lang='lat' dir='ltr'><strong>ut</strong></span> <span class='ocrx_word' id='word_1_86' title='bbox 654 883 796 961; x_wconf 81' lang='lat' dir='ltr'><strong>Deus</strong></span> <span class='ocrx_word' id='word_1_87' title='bbox 825 915 850 942; x_wconf 73' lang='grc' dir='ltr'><strong><em>λ</em></strong></span> <span class='ocrx_word' id='word_1_88' title='bbox 893 920 1027 976; x_wconf 91' lang='lat' dir='ltr'><strong>quos</strong></span> <span class='ocrx_word' id='word_1_89' title='bbox 1058 905 1289 959; x_wconf 89' lang='lat' dir='ltr'><strong>necdum</strong></span> <span class='ocrx_word' id='word_1_90' title='bbox 1338 903 1437 958; x_wconf 91' lang='lat' dir='ltr'><strong>sibi</strong></span> <span class='ocrx_word' id='word_1_91' title='bbox 1468 900 1710 957; x_wconf 83' lang='lat' dir='ltr'><strong>subdidit</strong></span> <span class='ocrx_word' id='word_1_92' title='bbox 1810 894 1980 966; x_wconf 86' lang='lat' dir='ltr'><strong>prosit</strong></span> <span class='ocrx_word' id='word_1_93' title='bbox 2030 893 2351 957; x_wconf 87' lang='lat' dir='ltr'><strong>animarum,</strong></span> <span class='ocrx_word' id='word_1_94' title='bbox 2402 898 2589 960; x_wconf 91' lang='lat' dir='ltr'><strong>quarta</strong></span> <span class='ocrx_word' id='word_1_95' title='bbox 2621 895 2677 940; x_wconf 89' lang='lat' dir='ltr'><strong>et</strong></span> <span class='ocrx_word' id='word_1_96' title='bbox 2714 896 2862 940; x_wconf 82' lang='lat' dir='ltr'><strong>sexta</strong></span> <span class='ocrx_word' id='word_1_97' title='bbox 2912 883 3408 979; x_wconf 78' lang='lat' dir='ltr'><strong>ieriajejunenius;</strong></span> 
     </span>
    </p>
   </div>
   <div class='ocr_carea' id='block_1_9' title="bbox 172 977 3410 1067">
    <p class='ocr_par' dir='ltr' id='par_1_9' title="bbox 172 977 3410 1067">
     <span class='ocr_line' id='line_1_9' title="bbox 172 977 3410 1067; baseline -0.01 -8"><span class='ocrx_word' id='word_1_98' title='bbox 172 977 345 1066; x_wconf 82' lang='lat' dir='ltr'><strong>subdat.</strong></span> <span class='ocrx_word' id='word_1_99' title='bbox 372 977 425 1059; x_wconf 77' lang='lat' dir='ltr'><strong>et</strong></span> <span class='ocrx_word' id='word_1_100' title='bbox 450 1003 585 1056; x_wconf 88' lang='lat' dir='ltr'><strong>sicut</strong></span> <span class='ocrx_word' id='word_1_101' title='bbox 613 1002 664 1054; x_wconf 93' lang='lat' dir='ltr'><strong>in</strong></span> <span class='ocrx_word' id='word_1_102' title='bbox 697 998 839 1055; x_wconf 65' lang='lat' dir='ltr'><strong>caelo</strong></span> <span class='ocrx_word' id='word_1_103' title='bbox 864 999 1117 1067; x_wconf 82' lang='lat' dir='ltr'><strong>angelos,</strong></span> <span class='ocrx_word' id='word_1_104' title='bbox 1149 998 1219 1051; x_wconf 88' lang='lat' dir='ltr'><strong>ita</strong></span> <span class='ocrx_word' id='word_1_105' title='bbox 1256 1007 1311 1050; x_wconf 92' lang='lat' dir='ltr'><strong>et</strong></span> <span class='ocrx_word' id='word_1_106' title='bbox 1336 996 1387 1050; x_wconf 96' lang='lat' dir='ltr'><strong>in</strong></span> <span class='ocrx_word' id='word_1_107' title='bbox 1437 1003 1579 1050; x_wconf 87' lang='lat' dir='ltr'><strong>terra</strong></span> <span class='ocrx_word' id='word_1_108' title='bbox 1613 996 1711 1047; x_wconf 89' lang='lat' dir='ltr'><strong>ho-</strong></span> <span class='ocrx_word' id='word_1_109' title='bbox 1812 989 2035 1045; x_wconf 87' lang='lat' dir='ltr'><strong>sabbato</strong></span> <span class='ocrx_word' id='word_1_110' title='bbox 2058 996 2238 1041; x_wconf 91' lang='lat' dir='ltr'><strong>autem</strong></span> <span class='ocrx_word' id='word_1_111' title='bbox 2264 994 2287 1033; x_wconf 75' lang='grc' dir='ltr'><strong>ς</strong></span> <span class='ocrx_word' id='word_1_112' title='bbox 2312 983 2451 1053; x_wconf 89' lang='lat' dir='ltr'><strong>apud</strong></span> <span class='ocrx_word' id='word_1_113' title='bbox 2472 982 2839 1038; x_wconf 85' lang='lat' dir='ltr'><strong>beatissimum</strong></span> <span class='ocrx_word' id='word_1_114' title='bbox 2866 980 3079 1033; x_wconf 90' lang='lat' dir='ltr'><strong>Petrum</strong></span> <span class='ocrx_word' id='word_1_115' title='bbox 3107 977 3410 1041; x_wconf 72' lang='lat' dir='ltr'><strong>apostolum</strong></span> 
     </span>
    </p>
   </div>
   <div class='ocr_carea' id='block_1_10' title="bbox 172 1072 3415 1153">
    <p class='ocr_par' dir='ltr' id='par_1_10' title="bbox 172 1072 3415 1153">
     <span class='ocr_line' id='line_1_10' title="bbox 172 1072 3415 1153; baseline -0.008 -3"><span class='ocrx_word' id='word_1_116' title='bbox 172 1096 313 1150; x_wconf 82' lang='lat' dir='ltr'><strong>mines</strong></span> <span class='ocrx_word' id='word_1_117' title='bbox 335 1093 605 1149; x_wconf 89' lang='lat' dir='ltr'><strong>ministros</strong></span> <span class='ocrx_word' id='word_1_118' title='bbox 657 1105 774 1145; x_wconf 62' lang='lat' dir='ltr'><strong>suae</strong></span> <span class='ocrx_word' id='word_1_119' title='bbox 816 1089 976 1144; x_wconf 78' lang='lat' dir='ltr'><strong>faciat</strong></span> <span class='ocrx_word' id='word_1_120' title='bbox 1006 1087 1332 1142; x_wconf 83' lang='lat' dir='ltr'><strong>voluntatis?</strong></span> <span class='ocrx_word' id='word_1_121' title='bbox 1379 1086 1490 1141; x_wconf 81' lang='lat' dir='ltr'><strong>Hoc</strong></span> <span class='ocrx_word' id='word_1_122' title='bbox 1528 1095 1708 1140; x_wconf 89' lang='lat' dir='ltr'><strong>autem</strong></span> <span class='ocrx_word' id='word_1_123' title='bbox 1813 1084 2021 1153; x_wconf 80' lang='lat' dir='ltr'><strong>vigilias</strong></span> <span class='ocrx_word' id='word_1_124' title='bbox 2066 1081 2405 1138; x_wconf 89' lang='lat' dir='ltr'><strong>celebremus</strong></span> <span class='ocrx_word' id='word_1_125' title='bbox 2432 1120 2447 1144; x_wconf 95' lang='lat'><strong>,</strong></span> <span class='ocrx_word' id='word_1_126' title='bbox 2490 1077 2606 1146; x_wconf 85' lang='lat' dir='ltr'><strong>ejus</strong></span> <span class='ocrx_word' id='word_1_127' title='bbox 2651 1073 2986 1130; x_wconf 89' lang='lat' dir='ltr'><strong>orationibus</strong></span> <span class='ocrx_word' id='word_1_128' title='bbox 3024 1072 3330 1141; x_wconf 80' lang='lat' dir='ltr'><strong>adjuvandi,</strong></span> <span class='ocrx_word' id='word_1_129' title='bbox 3357 1079 3415 1126; x_wconf 91' lang='lat' dir='ltr'><strong>ut</strong></span> 
     </span>
    </p>
   </div>
   <div class='ocr_carea' id='block_1_11' title="bbox 173 1163 3417 1263">
    <p class='ocr_par' dir='ltr' id='par_1_11' title="bbox 173 1163 3417 1263">
     <span class='ocr_line' id='line_1_11' title="bbox 173 1163 3417 1263; baseline -0.009 -17"><span class='ocrx_word' id='word_1_130' title='bbox 173 1198 378 1263; x_wconf 82' lang='lat' dir='ltr'><strong>petentes</strong></span> <span class='ocrx_word' id='word_1_131' title='bbox 406 1202 646 1243; x_wconf 86' lang='lat' dir='ltr'><strong>amamus</strong></span> <span class='ocrx_word' id='word_1_132' title='bbox 679 1185 847 1240; x_wconf 91' lang='lat' dir='ltr'><strong>Deum</strong></span> <span class='ocrx_word' id='word_1_133' title='bbox 868 1225 883 1250; x_wconf 96' lang='lat'><strong>,</strong></span> <span class='ocrx_word' id='word_1_134' title='bbox 936 1196 1180 1237; x_wconf 88' lang='lat' dir='ltr'><strong>amamus</strong></span> <span class='ocrx_word' id='word_1_135' title='bbox 1209 1194 1261 1237; x_wconf 88' lang='lat' dir='ltr'><strong>et</strong></span> <span class='ocrx_word' id='word_1_136' title='bbox 1286 1181 1619 1250; x_wconf 84' lang='lat' dir='ltr'><strong>proximum;</strong></span> <span class='ocrx_word' id='word_1_137' title='bbox 1661 1186 1715 1234; x_wconf 91' lang='lat' dir='ltr'><strong>et</strong></span> <span class='ocrx_word' id='word_1_138' title='bbox 1815 1185 2124 1230; x_wconf 90' lang='lat' dir='ltr'><strong>sanctorum</strong></span> <span class='ocrx_word' id='word_1_139' title='bbox 2159 1172 2554 1227; x_wconf 88' lang='lat' dir='ltr'><strong>desideriorum</strong></span> <span class='ocrx_word' id='word_1_140' title='bbox 2585 1181 2979 1263; x_wconf 79' lang='lat' dir='ltr'><strong>consequamur</strong></span> <span class='ocrx_word' id='word_1_141' title='bbox 3005 1163 3250 1263; x_wconf 60' lang='lat' dir='ltr'><strong>elIectum</strong></span> <span class='ocrx_word' id='word_1_142' title='bbox 3278 1177 3417 1263; x_wconf 40' lang='lat' dir='ltr'><strong>:npet&#39;</strong></span> 
     </span>
    </p>
   </div>
   <div class='ocr_carea' id='block_1_12' title="bbox 171 1254 3419 1346">
    <p class='ocr_par' dir='ltr' id='par_1_12' title="bbox 171 1254 3419 1346">
     <span class='ocr_line' id='line_1_12' title="bbox 171 1254 3419 1346; baseline -0.01 -5"><span class='ocrx_word' id='word_1_143' title='bbox 171 1254 257 1342; x_wconf 75' lang='lat' dir='ltr'><strong>non</strong></span> <span class='ocrx_word' id='word_1_144' title='bbox 283 1285 477 1339; x_wconf 76' lang='lat' dir='ltr'><strong>diversa</strong></span> <span class='ocrx_word' id='word_1_145' title='bbox 505 1284 557 1335; x_wconf 87' lang='lat' dir='ltr'><strong>in</strong></span> <span class='ocrx_word' id='word_1_146' title='bbox 581 1280 758 1345; x_wconf 91' lang='lat' dir='ltr'><strong>nobis,</strong></span> <span class='ocrx_word' id='word_1_147' title='bbox 794 1278 886 1333; x_wconf 90' lang='lat' dir='ltr'><strong>sed</strong></span> <span class='ocrx_word' id='word_1_148' title='bbox 910 1295 1013 1333; x_wconf 89' lang='lat' dir='ltr'><strong>una</strong></span> <span class='ocrx_word' id='word_1_149' title='bbox 1040 1278 1258 1333; x_wconf 86' lang='lat' dir='ltr'><strong>dilectio</strong></span> <span class='ocrx_word' id='word_1_150' title='bbox 1283 1286 1389 1342; x_wconf 90' lang='lat' dir='ltr'><strong>est,</strong></span> <span class='ocrx_word' id='word_1_151' title='bbox 1419 1274 1635 1346; x_wconf 84' lang='lat' dir='ltr'><strong>quando</strong></span> <span class='ocrx_word' id='word_1_152' title='bbox 1662 1282 1718 1330; x_wconf 82' lang='lat' dir='ltr'><strong>et</strong></span> <span class='ocrx_word' id='word_1_153' title='bbox 1817 1264 2090 1321; x_wconf 89' lang='lat' dir='ltr'><strong>Christum</strong></span> <span class='ocrx_word' id='word_1_154' title='bbox 2118 1262 2403 1317; x_wconf 89' lang='lat' dir='ltr'><strong>Dominum</strong></span> <span class='ocrx_word' id='word_1_155' title='bbox 2428 1271 2696 1323; x_wconf 89' lang='lat' dir='ltr'><strong>nostrum,</strong></span> <span class='ocrx_word' id='word_1_156' title='bbox 2726 1254 2753 1297; x_wconf 69' lang='lat' dir='ltr'><strong>h</strong></span> <span class='ocrx_word' id='word_1_157' title='bbox 2776 1258 2867 1328; x_wconf 91' lang='lat' dir='ltr'><strong>qui</strong></span> <span class='ocrx_word' id='word_1_158' title='bbox 2898 1272 3018 1310; x_wconf 88' lang='lat' dir='ltr'><strong>cum</strong></span> <span class='ocrx_word' id='word_1_159' title='bbox 3043 1255 3199 1309; x_wconf 85' lang='lat' dir='ltr'><strong>Patre</strong></span> <span class='ocrx_word' id='word_1_160' title='bbox 3224 1264 3280 1309; x_wconf 86' lang='lat' dir='ltr'><strong>et</strong></span> <span class='ocrx_word' id='word_1_161' title='bbox 3306 1255 3419 1322; x_wconf 84' lang='lat' dir='ltr'><strong>Spi-</strong></span> 
     </span>
    </p>
   </div>
   <div class='ocr_carea' id='block_1_13' title="bbox 170 1348 3419 1441">
    <p class='ocr_par' dir='ltr' id='par_1_13' title="bbox 170 1348 3419 1441">
     <span class='ocr_line' id='line_1_13' title="bbox 170 1348 3419 1441; baseline -0.009 -8"><span class='ocrx_word' id='word_1_162' title='bbox 170 1394 352 1435; x_wconf 83' lang='lat' dir='ltr'><strong>servum</strong></span> <span class='ocrx_word' id='word_1_163' title='bbox 381 1376 602 1439; x_wconf 88' lang='lat' dir='ltr'><strong>servire,</strong></span> <span class='ocrx_word' id='word_1_164' title='bbox 627 1382 683 1428; x_wconf 93' lang='lat' dir='ltr'><strong>et</strong></span> <span class='ocrx_word' id='word_1_165' title='bbox 712 1374 991 1428; x_wconf 91' lang='lat' dir='ltr'><strong>dominum</strong></span> <span class='ocrx_word' id='word_1_166' title='bbox 1022 1373 1270 1441; x_wconf 91' lang='lat' dir='ltr'><strong>cupimus</strong></span> <span class='ocrx_word' id='word_1_167' title='bbox 1294 1370 1582 1439; x_wconf 85' lang='lat' dir='ltr'><strong>imperare.</strong></span> <span class='ocrx_word' id='word_1_168' title='bbox 1820 1363 1930 1415; x_wconf 84' lang='lat' dir='ltr'><strong>ritu</strong></span> <span class='ocrx_word' id='word_1_169' title='bbox 1952 1369 2141 1413; x_wconf 89' lang='lat' dir='ltr'><strong>sancto</strong></span> <span class='ocrx_word' id='word_1_170' title='bbox 2164 1358 2295 1412; x_wconf 85' lang='lat' dir='ltr'><strong>vivit</strong></span> <span class='ocrx_word' id='word_1_171' title='bbox 2312 1366 2363 1411; x_wconf 89' lang='lat' dir='ltr'><strong>et</strong></span> <span class='ocrx_word' id='word_1_172' title='bbox 2387 1365 2571 1425; x_wconf 81' lang='lat' dir='ltr'><strong>regnat</strong></span> <span class='ocrx_word' id='word_1_173' title='bbox 2594 1355 2645 1408; x_wconf 91' lang='lat' dir='ltr'><strong>in</strong></span> <span class='ocrx_word' id='word_1_174' title='bbox 2659 1352 2856 1408; x_wconf 63' lang='lat' dir='ltr'><strong>saecula</strong></span> <span class='ocrx_word' id='word_1_175' title='bbox 2874 1348 3208 1405; x_wconf 68' lang='lat' dir='ltr'><strong>smcnlorum.</strong></span> <span class='ocrx_word' id='word_1_176' title='bbox 3224 1349 3419 1404; x_wconf 82' lang='lat' dir='ltr'><strong>Amen.</strong></span> 
     </span>
    </p>
   </div>
   <div class='ocr_carea' id='block_1_14' title="bbox 222 1462 3173 1546">
    <p class='ocr_par' dir='ltr' id='par_1_14' title="bbox 222 1462 3173 1546">
     <span class='ocr_line' id='line_1_14' title="bbox 222 1462 3173 1546; baseline -0.004 -21"><span class='ocrx_word' id='word_1_177' title='bbox 222 1472 335 1526; x_wconf 67' lang='lat' dir='ltr'><strong>Cu».</strong></span> <span class='ocrx_word' id='word_1_178' title='bbox 365 1470 448 1523; x_wconf 67' lang='grc' dir='ltr'><strong>ιγ.</strong></span> <span class='ocrx_word' id='word_1_179' title='bbox 486 1468 579 1522; x_wconf 85' lang='lat' dir='ltr'><strong>Hic</strong></span> <span class='ocrx_word' id='word_1_180' title='bbox 602 1466 760 1537; x_wconf 84' lang='lat' dir='ltr'><strong>igitur</strong></span> <span class='ocrx_word' id='word_1_181' title='bbox 783 1464 1027 1529; x_wconf 68' lang='lat' dir='ltr'><strong>allectus,</strong></span> <span class='ocrx_word' id='word_1_182' title='bbox 1052 1462 1411 1532; x_wconf 85' lang='lat' dir='ltr'><strong>dilectissimi,</strong></span> <span class='ocrx_word' id='word_1_183' title='bbox 1442 1478 1546 1532; x_wconf 80' lang='lat' dir='ltr'><strong>quo</strong></span> <span class='ocrx_word' id='word_1_184' title='bbox 1568 1474 1722 1516; x_wconf 85' lang='lat' dir='ltr'><strong>amor</strong></span> <span class='ocrx_word' id='word_1_185' title='bbox 2074 1473 2238 1546; x_wconf 77' lang='lat'><strong>355</strong></span> <span class='ocrx_word' id='word_1_186' title='bbox 2279 1470 2512 1527; x_wconf 63' lang='lat' dir='ltr'><strong>sumo</strong></span> <span class='ocrx_word' id='word_1_187' title='bbox 2552 1469 2666 1524; x_wconf 75' lang='grc' dir='ltr'><strong>χοι</strong></span> <span class='ocrx_word' id='word_1_188' title='bbox 2707 1468 2818 1541; x_wconf 79' lang='grc' dir='ltr'><strong>[Αι.</strong></span> <span class='ocrx_word' id='word_1_189' title='bbox 2860 1463 3173 1537; x_wconf 73' lang='lat' dir='ltr'><strong>LXXXIX].</strong></span> 
     </span>
    </p>
   </div>
   <div class='ocr_carea' id='block_1_15' title="bbox 170 1555 1724 1627">
    <p class='ocr_par' dir='ltr' id='par_1_15' title="bbox 170 1555 1724 1627">
     <span class='ocr_line' id='line_1_15' title="bbox 170 1555 1724 1627; baseline -0.006 -6"><span class='ocrx_word' id='word_1_190' title='bbox 170 1575 381 1621; x_wconf 80' lang='lat' dir='ltr'><strong>terrenus</strong></span> <span class='ocrx_word' id='word_1_191' title='bbox 406 1560 730 1624; x_wconf 74' lang='lat' dir='ltr'><strong>excluditur,</strong></span> <span class='ocrx_word' id='word_1_192' title='bbox 758 1560 1023 1615; x_wconf 88' lang='lat' dir='ltr'><strong>bonorum</strong></span> <span class='ocrx_word' id='word_1_193' title='bbox 1066 1574 1292 1627; x_wconf 82' lang='lat' dir='ltr'><strong>Operum</strong></span> <span class='ocrx_word' id='word_1_194' title='bbox 1335 1555 1724 1612; x_wconf 78' lang='lat' dir='ltr'><strong>consuetudine</strong></span> 
     </span>
    </p>
   </div>
   <div class='ocr_carea' id='block_1_16' title="bbox 169 1648 1728 1725">
    <p class='ocr_par' dir='ltr' id='par_1_16' title="bbox 169 1648 1728 1725">
     <span class='ocr_line' id='line_1_16' title="bbox 169 1648 1728 1725; baseline -0.007 -11"><span class='ocrx_word' id='word_1_195' title='bbox 169 1658 437 1725; x_wconf 80' lang='lat' dir='ltr'><strong>roboratur,</strong></span> <span class='ocrx_word' id='word_1_196' title='bbox 452 1661 573 1724; x_wconf 86' lang='lat' dir='ltr'><strong>quia</strong></span> <span class='ocrx_word' id='word_1_197' title='bbox 587 1668 809 1711; x_wconf 84' lang='lat' dir='ltr'><strong>necesse</strong></span> <span class='ocrx_word' id='word_1_198' title='bbox 832 1662 913 1708; x_wconf 63' lang='lat' dir='ltr'><strong>est</strong></span> <span class='ocrx_word' id='word_1_199' title='bbox 936 1663 991 1706; x_wconf 92' lang='lat' dir='ltr'><strong>ut</strong></span> <span class='ocrx_word' id='word_1_200' title='bbox 1004 1651 1031 1690; x_wconf 70' lang='grc' dir='ltr'><strong>ι»</strong></span> <span class='ocrx_word' id='word_1_201' title='bbox 1046 1652 1203 1706; x_wconf 85' lang='lat' dir='ltr'><strong>bonis</strong></span> <span class='ocrx_word' id='word_1_202' title='bbox 1216 1650 1422 1705; x_wconf 87' lang='lat' dir='ltr'><strong>actibus</strong></span> <span class='ocrx_word' id='word_1_203' title='bbox 1445 1648 1728 1705; x_wconf 90' lang='lat' dir='ltr'><strong>conscien-</strong></span> 
     </span>
    </p>
   </div>
   <div class='ocr_carea' id='block_1_17' title="bbox 169 1743 1728 1815">
    <p class='ocr_par' dir='ltr' id='par_1_17' title="bbox 169 1743 1728 1815">
     <span class='ocr_line' id='line_1_17' title="bbox 169 1743 1728 1815; baseline -0.007 -10"><span class='ocrx_word' id='word_1_204' title='bbox 169 1752 226 1805; x_wconf 85' lang='lat' dir='ltr'><strong>tia</strong></span> <span class='ocrx_word' id='word_1_205' title='bbox 264 1751 563 1815; x_wconf 88' lang='lat' dir='ltr'><strong>delectetur,</strong></span> <span class='ocrx_word' id='word_1_206' title='bbox 593 1756 647 1803; x_wconf 85' lang='lat' dir='ltr'><strong>et</strong></span> <span class='ocrx_word' id='word_1_207' title='bbox 675 1748 904 1809; x_wconf 87' lang='lat' dir='ltr'><strong>libenter</strong></span> <span class='ocrx_word' id='word_1_208' title='bbox 934 1744 1092 1800; x_wconf 81' lang='lat' dir='ltr'><strong>faciat</strong></span> <span class='ocrx_word' id='word_1_209' title='bbox 1118 1744 1258 1815; x_wconf 91' lang='lat' dir='ltr'><strong>quod</strong></span> <span class='ocrx_word' id='word_1_210' title='bbox 1294 1743 1485 1799; x_wconf 80' lang='lat' dir='ltr'><strong>fecisse</strong></span> <span class='ocrx_word' id='word_1_211' title='bbox 1511 1758 1570 1797; x_wconf 92' lang='lat' dir='ltr'><strong>se</strong></span> <span class='ocrx_word' id='word_1_212' title='bbox 1599 1757 1728 1812; x_wconf 85' lang='lat' dir='ltr'><strong>gau-</strong></span> 
     </span>
    </p>
   </div>
   <div class='ocr_carea' id='block_1_18' title="bbox 169 1833 1806 1910">
    <p class='ocr_par' dir='ltr' id='par_1_18' title="bbox 169 1833 1806 1910">
     <span class='ocr_line' id='line_1_18' title="bbox 169 1833 1806 1910; baseline -0.006 -12"><span class='ocrx_word' id='word_1_213' title='bbox 169 1843 293 1898; x_wconf 81' lang='lat' dir='ltr'><strong>deat.</strong></span> <span class='ocrx_word' id='word_1_214' title='bbox 322 1842 624 1897; x_wconf 82' lang='lat' dir='ltr'><strong>Assumitur</strong></span> <span class='ocrx_word' id='word_1_215' title='bbox 651 1854 782 1910; x_wconf 88' lang='lat' dir='ltr'><strong>ergo</strong></span> <span class='ocrx_word' id='word_1_216' title='bbox 808 1838 1071 1907; x_wconf 89' lang='lat' dir='ltr'><strong>jejunium</strong></span> <span class='ocrx_word' id='word_1_217' title='bbox 1094 1879 1109 1904; x_wconf 96' lang='lat'><strong>,</strong></span> <span class='ocrx_word' id='word_1_218' title='bbox 1149 1836 1532 1907; x_wconf 85' lang='lat' dir='ltr'><strong>multiplicatur</strong></span> <span class='ocrx_word' id='word_1_219' title='bbox 1573 1834 1730 1903; x_wconf 86' lang='lat' dir='ltr'><strong>largi-</strong></span> <span class='ocrx_word' id='word_1_220' title='bbox 1759 1833 1806 1894; x_wconf 89' lang='lat' dir='ltr'><strong>B</strong></span> 
     </span>
    </p>
   </div>
   <div class='ocr_carea' id='block_1_19' title="bbox 171 1928 1734 2003">
    <p class='ocr_par' dir='ltr' id='par_1_19' title="bbox 171 1928 1734 2003">
     <span class='ocr_line' id='line_1_19' title="bbox 171 1928 1734 2003; baseline -0.006 -14"><span class='ocrx_word' id='word_1_221' title='bbox 171 1938 253 2001; x_wconf 89' lang='lat' dir='ltr'><strong>tio,</strong></span> <span class='ocrx_word' id='word_1_222' title='bbox 278 1934 473 2003; x_wconf 75' lang='lat' dir='ltr'><strong>iustitia</strong></span> <span class='ocrx_word' id='word_1_223' title='bbox 503 1932 825 1997; x_wconf 88' lang='lat' dir='ltr'><strong>custoditur,</strong></span> <span class='ocrx_word' id='word_1_224' title='bbox 860 1930 1230 1999; x_wconf 77' lang='lat' dir='ltr'><strong>frequentatur</strong></span> <span class='ocrx_word' id='word_1_225' title='bbox 1258 1931 1453 1993; x_wconf 83' lang='lat' dir='ltr'><strong>oratio,</strong></span> <span class='ocrx_word' id='word_1_226' title='bbox 1484 1928 1645 1997; x_wconf 79' lang='lat' dir='ltr'><strong>ﬁtque</strong></span> <span class='ocrx_word' id='word_1_227' title='bbox 1673 1934 1734 1981; x_wconf 87' lang='lat' dir='ltr'><strong>ut</strong></span> 
     </span>
    </p>
   </div>
   <div class='ocr_carea' id='block_1_20' title="bbox 168 2020 1733 2100">
    <p class='ocr_par' dir='ltr' id='par_1_20' title="bbox 168 2020 1733 2100">
     <span class='ocr_line' id='line_1_20' title="bbox 168 2020 1733 2100; baseline -0.006 -16"><span class='ocrx_word' id='word_1_228' title='bbox 168 2028 468 2100; x_wconf 82' lang='lat' dir='ltr'><strong>singulorum</strong></span> <span class='ocrx_word' id='word_1_229' title='bbox 493 2026 821 2083; x_wconf 87' lang='lat' dir='ltr'><strong>desiderium</strong></span> <span class='ocrx_word' id='word_1_230' title='bbox 844 2027 914 2080; x_wconf 89' lang='lat' dir='ltr'><strong>sit</strong></span> <span class='ocrx_word' id='word_1_231' title='bbox 934 2039 1100 2079; x_wconf 90' lang='lat' dir='ltr'><strong>unum</strong></span> <span class='ocrx_word' id='word_1_232' title='bbox 1124 2023 1363 2097; x_wconf 75' lang='lat' dir='ltr'><strong>omnium</strong></span> <span class='ocrx_word' id='word_1_233' title='bbox 1393 2031 1595 2076; x_wconf 91' lang='lat' dir='ltr'><strong>votum.</strong></span> <span class='ocrx_word' id='word_1_234' title='bbox 1624 2020 1733 2075; x_wconf 84' lang='lat' dir='ltr'><strong>Nu-</strong></span> 
     </span>
    </p>
   </div>
   <div class='ocr_carea' id='block_1_21' title="bbox 168 2118 1732 2193">
    <p class='ocr_par' dir='ltr' id='par_1_21' title="bbox 168 2118 1732 2193">
     <span class='ocr_line' id='line_1_21' title="bbox 168 2118 1732 2193; baseline -0.006 -14"><span class='ocrx_word' id='word_1_235' title='bbox 168 2126 250 2179; x_wconf 90' lang='lat' dir='ltr'><strong>trit</strong></span> <span class='ocrx_word' id='word_1_236' title='bbox 285 2124 583 2193; x_wconf 81' lang='lat' dir='ltr'><strong>patientiam</strong></span> <span class='ocrx_word' id='word_1_237' title='bbox 625 2122 776 2177; x_wconf 90' lang='lat' dir='ltr'><strong>labor</strong></span> <span class='ocrx_word' id='word_1_238' title='bbox 800 2168 813 2190; x_wconf 92' lang='lat'><strong>,</strong></span> <span class='ocrx_word' id='word_1_239' title='bbox 856 2119 1213 2176; x_wconf 87' lang='lat' dir='ltr'><strong>mansuetudo</strong></span> <span class='ocrx_word' id='word_1_240' title='bbox 1239 2119 1528 2189; x_wconf 82' lang='lat' dir='ltr'><strong>exstinguit</strong></span> <span class='ocrx_word' id='word_1_241' title='bbox 1557 2118 1689 2172; x_wconf 89' lang='lat' dir='ltr'><strong>iram</strong></span> <span class='ocrx_word' id='word_1_242' title='bbox 1716 2159 1732 2186; x_wconf 87' lang='lat'><strong>,</strong></span> 
     </span>
    </p>
   </div>
   <div class='ocr_carea' id='block_1_22' title="bbox 2167 1558 3071 1634">
    <p class='ocr_par' dir='ltr' id='par_1_22' title="bbox 2167 1558 3071 1634">
     <span class='ocr_line' id='line_1_22' title="bbox 2167 1558 3071 1634; baseline -0.006 -17"><span class='ocrx_word' id='word_1_243' title='bbox 2167 1565 2248 1617; x_wconf 89' lang='lat' dir='ltr'><strong>De</strong></span> <span class='ocrx_word' id='word_1_244' title='bbox 2277 1564 2491 1631; x_wconf 84' lang='lat' dir='ltr'><strong>Jejunio</strong></span> <span class='ocrx_word' id='word_1_245' title='bbox 2521 1562 2716 1634; x_wconf 76' lang='lat' dir='ltr'><strong>septimi</strong></span> <span class='ocrx_word' id='word_1_246' title='bbox 2749 1561 2936 1614; x_wconf 80' lang='lat' dir='ltr'><strong>mensis</strong></span> <span class='ocrx_word' id='word_1_247' title='bbox 2976 1558 3071 1612; x_wconf 86' lang='lat' dir='ltr'><strong>VI.</strong></span> 
     </span>
    </p>
   </div>
   <div class='ocr_carea' id='block_1_23' title="bbox 1829 1652 3425 1723">
    <p class='ocr_par' dir='ltr' id='par_1_23' title="bbox 1829 1652 3425 1723">
     <span class='ocr_line' id='line_1_23' title="bbox 1829 1652 3425 1723; baseline -0.003 -10"><span class='ocrx_word' id='word_1_248' title='bbox 1829 1656 2103 1714; x_wconf 68' lang='lat' dir='ltr'><strong>SYNOPSIS.</strong></span> <span class='ocrx_word' id='word_1_249' title='bbox 2132 1686 2203 1699; x_wconf 90' lang='lat'><strong>—</strong></span> <span class='ocrx_word' id='word_1_250' title='bbox 2228 1658 2269 1710; x_wconf 91' lang='lat' dir='ltr'><strong>I.</strong></span> <span class='ocrx_word' id='word_1_251' title='bbox 2296 1656 2394 1710; x_wconf 86' lang='lat' dir='ltr'><strong>Dei</strong></span> <span class='ocrx_word' id='word_1_252' title='bbox 2418 1656 2725 1709; x_wconf 82' lang='lat' dir='ltr'><strong>uoluntatem</strong></span> <span class='ocrx_word' id='word_1_253' title='bbox 2752 1670 2814 1708; x_wconf 70' lang='lat' dir='ltr'><strong>ex</strong></span> <span class='ocrx_word' id='word_1_254' title='bbox 2842 1654 2966 1723; x_wconf 82' lang='lat' dir='ltr'><strong>ipsis</strong></span> <span class='ocrx_word' id='word_1_255' title='bbox 2994 1654 3142 1705; x_wconf 89' lang='lat' dir='ltr'><strong>etiam</strong></span> <span class='ocrx_word' id='word_1_256' title='bbox 3171 1652 3425 1708; x_wconf 78' lang='lat' dir='ltr'><strong>elementis</strong></span> 
     </span>
    </p>
   </div>
   <div class='ocr_carea' id='block_1_24' title="bbox 1905 1724 3426 1797">
    <p class='ocr_par' dir='ltr' id='par_1_24' title="bbox 1905 1724 3426 1797">
     <span class='ocr_line' id='line_1_24' title="bbox 1905 1724 3426 1797; baseline -0.007 -13"><span class='ocrx_word' id='word_1_257' title='bbox 1905 1731 2106 1785; x_wconf 80' lang='lat' dir='ltr'><strong>edoceri</strong></span> <span class='ocrx_word' id='word_1_258' title='bbox 2130 1772 2143 1794; x_wconf 92' lang='lat'><strong>,</strong></span> <span class='ocrx_word' id='word_1_259' title='bbox 2177 1744 2292 1797; x_wconf 79' lang='lat' dir='ltr'><strong>quae</strong></span> <span class='ocrx_word' id='word_1_260' title='bbox 2320 1738 2366 1779; x_wconf 91' lang='lat' dir='ltr'><strong>et</strong></span> <span class='ocrx_word' id='word_1_261' title='bbox 2399 1744 2429 1797; x_wconf 69' lang='grc' dir='ltr'><em>ᾳ</em></span> <span class='ocrx_word' id='word_1_262' title='bbox 2461 1727 2603 1789; x_wconf 85' lang='lat' dir='ltr'><strong>ribis,</strong></span> <span class='ocrx_word' id='word_1_263' title='bbox 2633 1735 2681 1779; x_wconf 88' lang='lat' dir='ltr'><strong>et</strong></span> <span class='ocrx_word' id='word_1_264' title='bbox 2709 1743 2755 1797; x_wconf 73' lang='lat' dir='ltr'><strong>a_</strong></span> <span class='ocrx_word' id='word_1_265' title='bbox 2770 1724 3027 1775; x_wconf 83' lang='lat' dir='ltr'><strong>mundana</strong></span> <span class='ocrx_word' id='word_1_266' title='bbox 3057 1724 3303 1797; x_wconf 54' lang='grc' dir='ltr'><strong>δηρὶρριία</strong></span> <span class='ocrx_word' id='word_1_267' title='bbox 3333 1726 3426 1797; x_wconf 79' lang='lat' dir='ltr'><strong>ab-</strong></span> 
     </span>
    </p>
   </div>
   <div class='ocr_carea' id='block_1_25' title="bbox 1908 1792 3428 1873">
    <p class='ocr_par' dir='ltr' id='par_1_25' title="bbox 1908 1792 3428 1873">
     <span class='ocr_line' id='line_1_25' title="bbox 1908 1792 3428 1873; baseline -0.005 -18"><span class='ocrx_word' id='word_1_268' title='bbox 1908 1806 2096 1855; x_wconf 84' lang='lat' dir='ltr'><strong>stinere</strong></span> <span class='ocrx_word' id='word_1_269' title='bbox 2116 1792 2282 1873; x_wconf 80' lang='lat' dir='ltr'><strong>jubet.</strong></span> <span class='ocrx_word' id='word_1_270' title='bbox 2315 1827 2387 1873; x_wconf 51' lang='grc' dir='ltr'><strong>-ξ-</strong></span> <span class='ocrx_word' id='word_1_271' title='bbox 2412 1796 2478 1851; x_wconf 88' lang='lat' dir='ltr'><strong>ll.</strong></span> <span class='ocrx_word' id='word_1_272' title='bbox 2525 1797 2655 1873; x_wconf 71' lang='lat' dir='ltr'><strong>Tum</strong></span> <span class='ocrx_word' id='word_1_273' title='bbox 2705 1792 3129 1873; x_wconf 52' lang='lat' dir='ltr'><strong>Nestoriinquam</strong></span> <span class='ocrx_word' id='word_1_274' title='bbox 3179 1792 3428 1873; x_wconf 72' lang='lat' dir='ltr'><strong>Eutyrltis</strong></span> 
     </span>
    </p>
   </div>
   <div class='ocr_carea' id='block_1_26' title="bbox 1906 1864 3429 1927">
    <p class='ocr_par' dir='ltr' id='par_1_26' title="bbox 1906 1864 3429 1927">
     <span class='ocr_line' id='line_1_26' title="bbox 1906 1864 3429 1927; baseline -0.003 -4"><span class='ocrx_word' id='word_1_275' title='bbox 1906 1864 2139 1927; x_wconf 59' lang='lat' dir='ltr'><strong>hwresin&#39;t</strong></span> <span class='ocrx_word' id='word_1_276' title='bbox 2169 1887 2277 1924; x_wconf 87' lang='lat' dir='ltr'><strong>esse</strong></span> <span class='ocrx_word' id='word_1_277' title='bbox 2304 1869 2675 1923; x_wconf 85' lang='lat' dir='ltr'><strong>detestandam.</strong></span> <span class='ocrx_word' id='word_1_278' title='bbox 2710 1896 2785 1907; x_wconf 93' lang='lat'><strong><em>—</em></strong></span> <span class='ocrx_word' id='word_1_279' title='bbox 2814 1864 2900 1920; x_wconf 86' lang='grc' dir='ltr'>ιιι.</span> <span class='ocrx_word' id='word_1_280' title='bbox 2949 1864 3218 1920; x_wconf 80' lang='lat' dir='ltr'><strong>Veritatem</strong></span> <span class='ocrx_word' id='word_1_281' title='bbox 3262 1865 3429 1919; x_wconf 83' lang='lat' dir='ltr'><strong>carnis</strong></span> 
     </span>
    </p>
   </div>
   <div class='ocr_carea' id='block_1_27' title="bbox 1904 1936 3430 2008">
    <p class='ocr_par' dir='ltr' id='par_1_27' title="bbox 1904 1936 3430 2008">
     <span class='ocr_line' id='line_1_27' title="bbox 1904 1936 3430 2008; baseline -0.005 -12"><span class='ocrx_word' id='word_1_282' title='bbox 1904 1945 1959 1997; x_wconf 84' lang='lat' dir='ltr'><strong>in</strong></span> <span class='ocrx_word' id='word_1_283' title='bbox 2004 1941 2205 1996; x_wconf 80' lang='lat' dir='ltr'><strong>Christo</strong></span> <span class='ocrx_word' id='word_1_284' title='bbox 2255 1958 2319 1994; x_wconf 73' lang='lat' dir='ltr'><strong>ex</strong></span> <span class='ocrx_word' id='word_1_285' title='bbox 2366 1941 2616 2008; x_wconf 82' lang='lat' dir='ltr'><strong>sacriﬁcio</strong></span> <span class='ocrx_word' id='word_1_286' title='bbox 2668 1936 3016 1991; x_wconf 74' lang='lat' dir='ltr'><strong>Eucharistiw</strong></span> <span class='ocrx_word' id='word_1_287' title='bbox 3068 1944 3113 1991; x_wconf 87' lang='lat' dir='ltr'><strong>et</strong></span> <span class='ocrx_word' id='word_1_288' title='bbox 3178 1945 3430 2006; x_wconf 68' lang='lat' dir='ltr'><strong>pratcepto</strong></span> 
     </span>
    </p>
   </div>
   <div class='ocr_carea' id='block_1_28' title="bbox 1906 2012 2498 2084">
    <p class='ocr_par' dir='ltr' id='par_1_28' title="bbox 1906 2012 2498 2084">
     <span class='ocr_line' id='line_1_28' title="bbox 1906 2012 2498 2084; baseline -0.01 -15"><span class='ocrx_word' id='word_1_289' title='bbox 1906 2016 2242 2084; x_wconf 80' lang='lat' dir='ltr'><strong>eleemosyttw</strong></span> <span class='ocrx_word' id='word_1_290' title='bbox 2270 2012 2498 2083; x_wconf 84' lang='lat' dir='ltr'><strong>probari.</strong></span> 
     </span>
    </p>
   </div>
   <div class='ocr_carea' id='block_1_29' title="bbox 1907 2119 3434 2190">
    <p class='ocr_par' dir='ltr' id='par_1_29' title="bbox 1907 2119 3434 2190">
     <span class='ocr_line' id='line_1_29' title="bbox 1907 2119 3434 2190; baseline -0.004 -8"><span class='ocrx_word' id='word_1_291' title='bbox 1907 2125 2037 2181; x_wconf 69' lang='lat' dir='ltr'><strong>Car.</strong></span> <span class='ocrx_word' id='word_1_292' title='bbox 2069 2124 2111 2177; x_wconf 86' lang='grc' dir='ltr'><strong>Ι.</strong></span> <span class='ocrx_word' id='word_1_293' title='bbox 2137 2155 2207 2164; x_wconf 92' lang='grc'><strong><em>-</em></strong></span> <span class='ocrx_word' id='word_1_294' title='bbox 2237 2123 2587 2177; x_wconf 87' lang='lat' dir='ltr'><strong>Devotiouem</strong></span> <span class='ocrx_word' id='word_1_295' title='bbox 2622 2122 2883 2190; x_wconf 83' lang='lat' dir='ltr'><strong>ﬁdelium,</strong></span> <span class='ocrx_word' id='word_1_296' title='bbox 2915 2119 3273 2186; x_wconf 90' lang='lat' dir='ltr'><strong>dilectissimi,</strong></span> <span class='ocrx_word' id='word_1_297' title='bbox 3303 2120 3434 2177; x_wconf 86' lang='lat' dir='ltr'><strong>nihil</strong></span> 
     </span>
    </p>
   </div>
   <div class='ocr_carea' id='block_1_30' title="bbox 1839 2210 3434 2287">
    <p class='ocr_par' dir='ltr' id='par_1_30' title="bbox 1839 2210 3434 2287">
     <span class='ocr_line' id='line_1_30' title="bbox 1839 2210 3434 2287; baseline -0.004 -13"><span class='ocrx_word' id='word_1_298' title='bbox 1839 2230 1923 2275; x_wconf 89' lang='lat' dir='ltr'><strong>est</strong></span> <span class='ocrx_word' id='word_1_299' title='bbox 1954 2220 2007 2272; x_wconf 91' lang='lat' dir='ltr'><strong>in</strong></span> <span class='ocrx_word' id='word_1_300' title='bbox 2037 2233 2143 2287; x_wconf 89' lang='lat' dir='ltr'><strong>quo</strong></span> <span class='ocrx_word' id='word_1_301' title='bbox 2180 2215 2511 2285; x_wconf 87' lang='lat' dir='ltr'><strong>providentia</strong></span> <span class='ocrx_word' id='word_1_302' title='bbox 2539 2214 2717 2269; x_wconf 88' lang='lat' dir='ltr'><strong>divina</strong></span> <span class='ocrx_word' id='word_1_303' title='bbox 2752 2230 2858 2269; x_wconf 91' lang='lat' dir='ltr'><strong>non</strong></span> <span class='ocrx_word' id='word_1_304' title='bbox 2888 2213 3125 2282; x_wconf 85' lang='lat' dir='ltr'><strong>adjuvet.</strong></span> <span class='ocrx_word' id='word_1_305' title='bbox 3153 2210 3434 2283; x_wconf 80' lang='lat' dir='ltr'><strong>Siquidem</strong></span> 
     </span>
    </p>
   </div>
   <div class='ocr_carea' id='block_1_31' title="bbox 1840 2308 3435 2376">
    <p class='ocr_par' dir='ltr' id='par_1_31' title="bbox 1840 2308 3435 2376">
     <span class='ocr_line' id='line_1_31' title="bbox 1840 2308 3435 2376; baseline -0.004 -8"><span class='ocrx_word' id='word_1_306' title='bbox 1840 2311 2154 2368; x_wconf 81' lang='lat' dir='ltr'><strong>exercendis</strong></span> <span class='ocrx_word' id='word_1_307' title='bbox 2184 2310 2249 2364; x_wconf 89' lang='lat' dir='ltr'><strong>ad</strong></span> <span class='ocrx_word' id='word_1_308' title='bbox 2283 2309 2694 2366; x_wconf 90' lang='lat' dir='ltr'><strong>sanctimoniam</strong></span> <span class='ocrx_word' id='word_1_309' title='bbox 2721 2308 2992 2362; x_wconf 89' lang='lat' dir='ltr'><strong>mentibus</strong></span> <span class='ocrx_word' id='word_1_310' title='bbox 3033 2317 3192 2376; x_wconf 84' lang='lat' dir='ltr'><strong>atque</strong></span> <span class='ocrx_word' id='word_1_311' title='bbox 3236 2320 3435 2376; x_wconf 90' lang='lat' dir='ltr'><strong>corpo-</strong></span> 
     </span>
    </p>
   </div>
   <div class='ocr_carea' id='block_1_32' title="bbox 1844 2398 3437 2473">
    <p class='ocr_par' dir='ltr' id='par_1_32' title="bbox 1844 2398 3437 2473">
     <span class='ocr_line' id='line_1_32' title="bbox 1844 2398 3437 2473; baseline -0.003 -15"><span class='ocrx_word' id='word_1_312' title='bbox 1844 2406 1992 2459; x_wconf 88' lang='lat' dir='ltr'><strong>ribus</strong></span> <span class='ocrx_word' id='word_1_313' title='bbox 2020 2444 2036 2471; x_wconf 96' lang='lat'><strong>,</strong></span> <span class='ocrx_word' id='word_1_314' title='bbox 2081 2402 2195 2473; x_wconf 91' lang='lat' dir='ltr'><strong>ipsa</strong></span> <span class='ocrx_word' id='word_1_315' title='bbox 2243 2419 2457 2473; x_wconf 90' lang='lat' dir='ltr'><strong>quoque</strong></span> <span class='ocrx_word' id='word_1_316' title='bbox 2504 2401 2690 2456; x_wconf 90' lang='lat' dir='ltr'><strong>mundi</strong></span> <span class='ocrx_word' id='word_1_317' title='bbox 2734 2403 3004 2457; x_wconf 88' lang='lat' dir='ltr'><strong>elementa</strong></span> <span class='ocrx_word' id='word_1_318' title='bbox 3040 2398 3056 2437; x_wconf 82' lang='grc' dir='ltr'>ι</span> <span class='ocrx_word' id='word_1_319' title='bbox 3090 2399 3437 2468; x_wconf 83' lang='lat' dir='ltr'><strong>famulantur,</strong></span> 
     </span>
    </p>
   </div>
   <div class='ocr_carea' id='block_1_33' title="bbox 1844 2492 3441 2551">
    <p class='ocr_par' dir='ltr' id='par_1_33' title="bbox 1844 2492 3441 2551">
     <span class='ocr_line' id='line_1_33' title="bbox 1844 2492 3441 2551; baseline -0.003 -1"><span class='ocrx_word' id='word_1_320' title='bbox 1844 2495 1969 2551; x_wconf 90' lang='lat' dir='ltr'><strong>dum</strong></span> <span class='ocrx_word' id='word_1_321' title='bbox 2000 2496 2207 2549; x_wconf 90' lang='lat' dir='ltr'><strong>dierum</strong></span> <span class='ocrx_word' id='word_1_322' title='bbox 2241 2510 2306 2549; x_wconf 90' lang='lat' dir='ltr'><strong>ac</strong></span> <span class='ocrx_word' id='word_1_323' title='bbox 2331 2494 2598 2549; x_wconf 89' lang='lat' dir='ltr'><strong>mensium</strong></span> <span class='ocrx_word' id='word_1_324' title='bbox 2638 2494 2889 2548; x_wconf 84' lang='lat' dir='ltr'><strong>distincte</strong></span> <span class='ocrx_word' id='word_1_325' title='bbox 2926 2493 3128 2546; x_wconf 89' lang='lat' dir='ltr'><strong>variata</strong></span> <span class='ocrx_word' id='word_1_326' title='bbox 3175 2492 3441 2547; x_wconf 89' lang='lat' dir='ltr'><strong>revolutio</strong></span> 
     </span>
    </p>
   </div>
   <div class='ocr_carea' id='block_1_34' title="bbox 1847 2585 3440 2658">
    <p class='ocr_par' dir='ltr' id='par_1_34' title="bbox 1847 2585 3440 2658">
     <span class='ocr_line' id='line_1_34' title="bbox 1847 2585 3440 2658; baseline -0.001 -16"><span class='ocrx_word' id='word_1_327' title='bbox 1847 2587 2107 2658; x_wconf 90' lang='lat' dir='ltr'><strong>quasdam</strong></span> <span class='ocrx_word' id='word_1_328' title='bbox 2134 2587 2288 2642; x_wconf 90' lang='lat' dir='ltr'><strong>nobis</strong></span> <span class='ocrx_word' id='word_1_329' title='bbox 2306 2587 2527 2657; x_wconf 85' lang='lat' dir='ltr'><strong>paginas</strong></span> <span class='ocrx_word' id='word_1_330' title='bbox 2553 2587 2730 2656; x_wconf 89' lang='lat' dir='ltr'><strong>aperit</strong></span> <span class='ocrx_word' id='word_1_331' title='bbox 2760 2596 3177 2657; x_wconf 75' lang='lat' dir='ltr'><strong>praeceptorum,</strong></span> <span class='ocrx_word' id='word_1_332' title='bbox 3208 2594 3266 2641; x_wconf 94' lang='lat' dir='ltr'><strong>ut</strong></span> <span class='ocrx_word' id='word_1_333' title='bbox 3296 2585 3440 2655; x_wconf 88' lang='lat' dir='ltr'><strong>quod</strong></span> 
     </span>
    </p>
   </div>
   <div class='ocr_carea' id='block_1_35' title="bbox 1849 2664 3441 2749">
    <p class='ocr_par' dir='ltr' id='par_1_35' title="bbox 1849 2664 3441 2749">
     <span class='ocr_line' id='line_1_35' title="bbox 1849 2664 3441 2749; baseline -0.002 -12"><span class='ocrx_word' id='word_1_334' title='bbox 1849 2697 2003 2737; x_wconf 90' lang='lat' dir='ltr'><strong>sacra</strong></span> <span class='ocrx_word' id='word_1_335' title='bbox 2032 2682 2327 2736; x_wconf 88' lang='lat' dir='ltr'><strong>admonent</strong></span> <span class='ocrx_word' id='word_1_336' title='bbox 2355 2681 2621 2746; x_wconf 89' lang='lat' dir='ltr'><strong>instituta,</strong></span> <span class='ocrx_word' id='word_1_337' title='bbox 2651 2680 2752 2734; x_wconf 88' lang='lat' dir='ltr'><strong>hoc</strong></span> <span class='ocrx_word' id='word_1_338' title='bbox 2778 2664 3175 2748; x_wconf 86' lang='lat' dir='ltr'><strong>quodammodo</strong></span> <span class='ocrx_word' id='word_1_339' title='bbox 3209 2678 3441 2749; x_wconf 84' lang='lat' dir='ltr'><strong>loquan-</strong></span> 
     </span>
    </p>
   </div>
   <div class='ocr_carea' id='block_1_36' title="bbox 1849 2772 3444 2844">
    <p class='ocr_par' dir='ltr' id='par_1_36' title="bbox 1849 2772 3444 2844">
     <span class='ocr_line' id='line_1_36' title="bbox 1849 2772 3444 2844; baseline -0.001 -14"><span class='ocrx_word' id='word_1_340' title='bbox 1849 2784 1937 2830; x_wconf 90' lang='lat' dir='ltr'><strong>tur</strong></span> <span class='ocrx_word' id='word_1_341' title='bbox 1961 2785 2014 2830; x_wconf 91' lang='lat' dir='ltr'><strong>et</strong></span> <span class='ocrx_word' id='word_1_342' title='bbox 2038 2782 2295 2844; x_wconf 85' lang='lat' dir='ltr'><strong>tempora.</strong></span> <span class='ocrx_word' id='word_1_343' title='bbox 2336 2773 2487 2829; x_wconf 91' lang='lat' dir='ltr'><strong>Unde</strong></span> <span class='ocrx_word' id='word_1_344' title='bbox 2517 2788 2641 2829; x_wconf 91' lang='lat' dir='ltr'><strong>cum</strong></span> <span class='ocrx_word' id='word_1_345' title='bbox 2667 2776 2956 2843; x_wconf 89' lang='lat' dir='ltr'><strong>septimum</strong></span> <span class='ocrx_word' id='word_1_346' title='bbox 3002 2787 3241 2828; x_wconf 88' lang='lat' dir='ltr'><strong>mensem</strong></span> <span class='ocrx_word' id='word_1_347' title='bbox 3287 2772 3444 2828; x_wconf 87' lang='lat' dir='ltr'><strong>nobis</strong></span> 
     </span>
    </p>
   </div>
   <div class='ocr_carea' id='block_1_37' title="bbox 1852 2865 3446 2937">
    <p class='ocr_par' dir='ltr' id='par_1_37' title="bbox 1852 2865 3446 2937">
     <span class='ocr_line' id='line_1_37' title="bbox 1852 2865 3446 2937; baseline -0.001 -13"><span class='ocrx_word' id='word_1_348' title='bbox 1852 2868 1980 2924; x_wconf 90' lang='lat' dir='ltr'><strong>anni</strong></span> <span class='ocrx_word' id='word_1_349' title='bbox 2034 2882 2285 2923; x_wconf 77' lang='lat' dir='ltr'><strong>recursus</strong></span> <span class='ocrx_word' id='word_1_350' title='bbox 2327 2869 2610 2935; x_wconf 90' lang='lat' dir='ltr'><strong>attulerit,</strong></span> <span class='ocrx_word' id='word_1_351' title='bbox 2663 2883 2769 2921; x_wconf 90' lang='lat' dir='ltr'><strong>non</strong></span> <span class='ocrx_word' id='word_1_352' title='bbox 2817 2868 3005 2937; x_wconf 88' lang='lat' dir='ltr'><strong>ignoro</strong></span> <span class='ocrx_word' id='word_1_353' title='bbox 3044 2865 3446 2922; x_wconf 86' lang='lat' dir='ltr'><strong>observantiam</strong></span> 
     </span>
    </p>
   </div>
   <div class='ocr_carea' id='block_1_38' title="bbox 1853 2958 3447 3030">
    <p class='ocr_par' dir='ltr' id='par_1_38' title="bbox 1853 2958 3447 3030">
     <span class='ocr_line' id='line_1_38' title="bbox 1853 2958 3447 3030; baseline -0.002 -14"><span class='ocrx_word' id='word_1_354' title='bbox 1853 2973 2092 3016; x_wconf 88' lang='lat' dir='ltr'><strong>vestram</strong></span> <span class='ocrx_word' id='word_1_355' title='bbox 2117 2962 2183 3015; x_wconf 90' lang='lat' dir='ltr'><strong>ad</strong></span> <span class='ocrx_word' id='word_1_356' title='bbox 2215 2961 2595 3016; x_wconf 90' lang='lat' dir='ltr'><strong>celebrandum</strong></span> <span class='ocrx_word' id='word_1_357' title='bbox 2627 2961 2868 3015; x_wconf 90' lang='lat' dir='ltr'><strong>solemne</strong></span> <span class='ocrx_word' id='word_1_358' title='bbox 2890 2960 3156 3030; x_wconf 89' lang='lat' dir='ltr'><strong>jejunium</strong></span> <span class='ocrx_word' id='word_1_359' title='bbox 3186 2958 3447 3028; x_wconf 87' lang='lat' dir='ltr'><strong>spiritali-</strong></span> 
     </span>
    </p>
   </div>
   <div class='ocr_carea' id='block_1_39' title="bbox 167 3052 3450 3128">
    <p class='ocr_par' dir='ltr' id='par_1_39' title="bbox 167 3052 3450 3128">
     <span class='ocr_line' id='line_1_39' title="bbox 167 3052 3450 3128; baseline -0.002 -17"><span class='ocrx_word' id='word_1_360' title='bbox 167 3058 312 3111; x_wconf 68' lang='grc' dir='ltr'><strong>παίω</strong></span> <span class='ocrx_word' id='word_1_361' title='bbox 341 3058 500 3122; x_wconf 84' lang='lat' dir='ltr'><strong>bona,</strong></span> <span class='ocrx_word' id='word_1_362' title='bbox 536 3055 745 3128; x_wconf 81' lang='lat' dir='ltr'><strong>epulare</strong></span> <span class='ocrx_word' id='word_1_363' title='bbox 774 3053 925 3123; x_wconf 89' lang='lat' dir='ltr'><strong>(Luc.</strong></span> <span class='ocrx_word' id='word_1_364' title='bbox 954 3069 1054 3117; x_wconf 82' lang='lat' dir='ltr'><strong>xit.</strong></span> <span class='ocrx_word' id='word_1_365' title='bbox 1088 3053 1216 3124; x_wconf 78' lang='lat' dir='ltr'><strong>l9):</strong></span> <span class='ocrx_word' id='word_1_366' title='bbox 1250 3052 1322 3108; x_wconf 89' lang='lat' dir='ltr'><strong>ibi</strong></span> <span class='ocrx_word' id='word_1_367' title='bbox 1347 3053 1631 3122; x_wconf 87' lang='lat' dir='ltr'><strong>quamdam</strong></span> <span class='ocrx_word' id='word_1_368' title='bbox 1667 3055 1750 3107; x_wconf 91' lang='lat' dir='ltr'><strong>in-</strong></span> <span class='ocrx_word' id='word_1_369' title='bbox 1859 3062 1940 3108; x_wconf 89' lang='lat' dir='ltr'><strong>ter</strong></span> <span class='ocrx_word' id='word_1_370' title='bbox 1969 3053 2219 3107; x_wconf 89' lang='lat' dir='ltr'><strong>incitari:</strong></span> <span class='ocrx_word' id='word_1_371' title='bbox 2252 3052 2503 3122; x_wconf 87' lang='lat' dir='ltr'><strong>quoniam</strong></span> <span class='ocrx_word' id='word_1_372' title='bbox 2534 3053 2549 3103; x_wconf 87' lang='lat' dir='ltr'><strong>i</strong></span> <span class='ocrx_word' id='word_1_373' title='bbox 2590 3052 2960 3121; x_wconf 84' lang='lat' dir='ltr'><strong>experimento</strong></span> <span class='ocrx_word' id='word_1_374' title='bbox 2991 3052 3254 3107; x_wconf 83' lang='lat' dir='ltr'><strong>didicistis</strong></span> <span class='ocrx_word' id='word_1_375' title='bbox 3280 3067 3450 3122; x_wconf 89' lang='lat' dir='ltr'><strong>quan-</strong></span> 
     </span>
    </p>
   </div>
   <div class='ocr_carea' id='block_1_40' title="bbox 166 3135 3449 3221">
    <p class='ocr_par' dir='ltr' id='par_1_40' title="bbox 166 3135 3449 3221">
     <span class='ocr_line' id='line_1_40' title="bbox 166 3135 3449 3221; baseline -0.002 -16"><span class='ocrx_word' id='word_1_376' title='bbox 166 3152 523 3221; x_wconf 85' lang='lat' dir='ltr'><strong>crepationem</strong></span> <span class='ocrx_word' id='word_1_377' title='bbox 567 3135 947 3203; x_wconf 50' lang='lat' dir='ltr'><strong>divinafvocis</strong></span> <span class='ocrx_word' id='word_1_378' title='bbox 978 3145 1228 3216; x_wconf 88' lang='lat' dir='ltr'><strong>accipiat,</strong></span> <span class='ocrx_word' id='word_1_379' title='bbox 1256 3146 1543 3216; x_wconf 86' lang='lat' dir='ltr'><strong>audiatque</strong></span> <span class='ocrx_word' id='word_1_380' title='bbox 1570 3146 1755 3202; x_wconf 84' lang='lat' dir='ltr'><strong>dicen-</strong></span> <span class='ocrx_word' id='word_1_381' title='bbox 1859 3154 1970 3202; x_wconf 91' lang='lat' dir='ltr'><strong>tum</strong></span> <span class='ocrx_word' id='word_1_382' title='bbox 2002 3146 2119 3201; x_wconf 71' lang='lat' dir='ltr'><strong>haec</strong></span> <span class='ocrx_word' id='word_1_383' title='bbox 2148 3148 2467 3217; x_wconf 63' lang='lat' dir='ltr'><strong>praeparatio</strong></span> <span class='ocrx_word' id='word_1_384' title='bbox 2494 3156 2548 3201; x_wconf 90' lang='lat' dir='ltr'><strong>et</strong></span> <span class='ocrx_word' id='word_1_385' title='bbox 2577 3146 2843 3201; x_wconf 80' lang='lat' dir='ltr'><strong>exteriora</strong></span> <span class='ocrx_word' id='word_1_386' title='bbox 2885 3146 3161 3199; x_wconf 89' lang='lat' dir='ltr'><strong>hominum</strong></span> <span class='ocrx_word' id='word_1_387' title='bbox 3206 3155 3261 3200; x_wconf 91' lang='lat' dir='ltr'><strong>et</strong></span> <span class='ocrx_word' id='word_1_388' title='bbox 3304 3145 3449 3201; x_wconf 86' lang='lat' dir='ltr'><strong>inte-</strong></span> 
     </span>
    </p>
   </div>
   <div class='ocr_carea' id='block_1_41' title="bbox 168 3221 3453 3313">
    <p class='ocr_par' dir='ltr' id='par_1_41' title="bbox 168 3221 3453 3313">
     <span class='ocr_line' id='line_1_41' title="bbox 168 3221 3453 3313; baseline -0 -16"><span class='ocrx_word' id='word_1_389' title='bbox 168 3256 299 3300; x_wconf 87' lang='lat' dir='ltr'><strong>tem:</strong></span> <span class='ocrx_word' id='word_1_390' title='bbox 326 3244 523 3305; x_wconf 82' lang='lat' dir='ltr'><strong>Stulte,</strong></span> <span class='ocrx_word' id='word_1_391' title='bbox 560 3242 656 3294; x_wconf 85' lang='lat' dir='ltr'><strong>hac</strong></span> <span class='ocrx_word' id='word_1_392' title='bbox 686 3252 830 3294; x_wconf 86' lang='lat' dir='ltr'><strong>nocte</strong></span> <span class='ocrx_word' id='word_1_393' title='bbox 871 3238 899 3276; x_wconf 75' lang='grc' dir='ltr'>ά</span> <span class='ocrx_word' id='word_1_394' title='bbox 945 3251 1218 3308; x_wconf 83' lang='lat' dir='ltr'><strong>reposcunt</strong></span> <span class='ocrx_word' id='word_1_395' title='bbox 1267 3240 1494 3293; x_wconf 88' lang='lat' dir='ltr'><strong>animam</strong></span> <span class='ocrx_word' id='word_1_396' title='bbox 1540 3250 1681 3295; x_wconf 77' lang='lat' dir='ltr'><strong>tuam</strong></span> <span class='ocrx_word' id='word_1_397' title='bbox 1724 3259 1758 3295; x_wconf 94' lang='lat' dir='ltr'><strong>a</strong></span> <span class='ocrx_word' id='word_1_398' title='bbox 1784 3221 1832 3287; x_wconf 65' lang='grc' dir='ltr'>ο</span> <span class='ocrx_word' id='word_1_399' title='bbox 1863 3244 2003 3298; x_wconf 90' lang='lat' dir='ltr'><strong>riora</strong></span> <span class='ocrx_word' id='word_1_400' title='bbox 2036 3243 2302 3313; x_wconf 81' lang='lat' dir='ltr'><strong>puriﬁcet,</strong></span> <span class='ocrx_word' id='word_1_401' title='bbox 2336 3252 2393 3295; x_wconf 90' lang='lat' dir='ltr'><strong>ut</strong></span> <span class='ocrx_word' id='word_1_402' title='bbox 2421 3256 2543 3297; x_wconf 92' lang='lat' dir='ltr'><strong>cum</strong></span> <span class='ocrx_word' id='word_1_403' title='bbox 2575 3257 2606 3296; x_wconf 92' lang='lat' dir='ltr'><strong>a</strong></span> <span class='ocrx_word' id='word_1_404' title='bbox 2651 3242 2817 3297; x_wconf 89' lang='lat' dir='ltr'><strong>licitis</strong></span> <span class='ocrx_word' id='word_1_405' title='bbox 2861 3240 3199 3306; x_wconf 90' lang='lat' dir='ltr'><strong>abstinetur,</strong></span> <span class='ocrx_word' id='word_1_406' title='bbox 3246 3238 3453 3296; x_wconf 76' lang='lat' dir='ltr'><strong>facilius</strong></span> 
     </span>
    </p>
   </div>
   <div class='ocr_carea' id='block_1_42' title="bbox 1866 3332 3456 3399">
    <p class='ocr_par' dir='ltr' id='par_1_42' title="bbox 1866 3332 3456 3399">
     <span class='ocr_line' id='line_1_42' title="bbox 1866 3332 3456 3399; baseline -0.001 -8"><span class='ocrx_word' id='word_1_407' title='bbox 1866 3336 2070 3391; x_wconf 88' lang='lat' dir='ltr'><strong>illicitis</strong></span> <span class='ocrx_word' id='word_1_408' title='bbox 2099 3337 2403 3391; x_wconf 78' lang='lat' dir='ltr'><strong>resistatur.</strong></span> <span class='ocrx_word' id='word_1_409' title='bbox 2433 3334 2791 3390; x_wconf 83' lang='lat' dir='ltr'><strong>Continentiae</strong></span> <span class='ocrx_word' id='word_1_410' title='bbox 2821 3345 3003 3390; x_wconf 90' lang='lat' dir='ltr'><strong>autem</strong></span> <span class='ocrx_word' id='word_1_411' title='bbox 3030 3334 3187 3399; x_wconf 89' lang='lat' dir='ltr'><strong>ratio,</strong></span> <span class='ocrx_word' id='word_1_412' title='bbox 3215 3332 3456 3390; x_wconf 83' lang='lat' dir='ltr'><strong>dilectis-</strong></span> 
     </span>
    </p>
   </div>
   <div class='ocr_carea' id='block_1_43' title="bbox 168 2212 1737 2281">
    <p class='ocr_par' dir='ltr' id='par_1_43' title="bbox 168 2212 1737 2281">
     <span class='ocr_line' id='line_1_43' title="bbox 168 2212 1737 2281; baseline -0.004 -9"><span class='ocrx_word' id='word_1_413' title='bbox 168 2217 513 2272; x_wconf 76' lang='lat' dir='ltr'><strong>benevolentia</strong></span> <span class='ocrx_word' id='word_1_414' title='bbox 553 2214 726 2269; x_wconf 89' lang='lat' dir='ltr'><strong>calcat</strong></span> <span class='ocrx_word' id='word_1_415' title='bbox 774 2214 1053 2277; x_wconf 89' lang='lat' dir='ltr'><strong>invidiam,</strong></span> <span class='ocrx_word' id='word_1_416' title='bbox 1086 2212 1373 2267; x_wconf 72' lang='lat' dir='ltr'><strong>immunda:</strong></span> <span class='ocrx_word' id='word_1_417' title='bbox 1416 2212 1737 2281; x_wconf 88' lang='lat' dir='ltr'><strong>cupiditates</strong></span> 
     </span>
    </p>
   </div>
   <div class='ocr_carea' id='block_1_44' title="bbox 166 2306 1737 2373">
    <p class='ocr_par' dir='ltr' id='par_1_44' title="bbox 166 2306 1737 2373">
     <span class='ocr_line' id='line_1_44' title="bbox 166 2306 1737 2373; baseline -0.003 -7"><span class='ocrx_word' id='word_1_418' title='bbox 166 2310 343 2367; x_wconf 81' lang='lat' dir='ltr'><strong>sanctis</strong></span> <span class='ocrx_word' id='word_1_419' title='bbox 369 2309 654 2365; x_wconf 89' lang='lat' dir='ltr'><strong>desideriis</strong></span> <span class='ocrx_word' id='word_1_420' title='bbox 680 2318 973 2364; x_wconf 89' lang='lat' dir='ltr'><strong>enecantur</strong></span> <span class='ocrx_word' id='word_1_421' title='bbox 998 2348 1012 2373; x_wconf 95' lang='lat'><strong>,</strong></span> <span class='ocrx_word' id='word_1_422' title='bbox 1043 2308 1267 2361; x_wconf 85' lang='lat' dir='ltr'><strong>avaritia</strong></span> <span class='ocrx_word' id='word_1_423' title='bbox 1297 2307 1616 2361; x_wconf 89' lang='lat' dir='ltr'><strong>liberalitate</strong></span> <span class='ocrx_word' id='word_1_424' title='bbox 1641 2306 1737 2362; x_wconf 79' lang='lat' dir='ltr'><strong>de-</strong></span> 
     </span>
    </p>
   </div>
   <div class='ocr_carea' id='block_1_45' title="bbox 165 2400 1740 2473">
    <p class='ocr_par' dir='ltr' id='par_1_45' title="bbox 165 2400 1740 2473">
     <span class='ocr_line' id='line_1_45' title="bbox 165 2400 1740 2473; baseline -0.003 -15"><span class='ocrx_word' id='word_1_425' title='bbox 165 2405 380 2473; x_wconf 83' lang='lat' dir='ltr'><strong>pellitur,</strong></span> <span class='ocrx_word' id='word_1_426' title='bbox 405 2411 462 2457; x_wconf 90' lang='lat' dir='ltr'><strong>et</strong></span> <span class='ocrx_word' id='word_1_427' title='bbox 485 2417 651 2457; x_wconf 90' lang='lat' dir='ltr'><strong>onera</strong></span> <span class='ocrx_word' id='word_1_428' title='bbox 680 2402 992 2456; x_wconf 89' lang='lat' dir='ltr'><strong>divitiarum</strong></span> <span class='ocrx_word' id='word_1_429' title='bbox 1028 2400 1160 2454; x_wconf 86' lang='lat' dir='ltr'><strong>ﬁunt</strong></span> <span class='ocrx_word' id='word_1_430' title='bbox 1187 2400 1541 2455; x_wconf 83' lang='lat' dir='ltr'><strong>inStrumeuta</strong></span> <span class='ocrx_word' id='word_1_431' title='bbox 1574 2401 1740 2454; x_wconf 88' lang='lat' dir='ltr'><strong>virtu-</strong></span> 
     </span>
    </p>
   </div>
   <div class='ocr_carea' id='block_1_46' title="bbox 166 2494 1741 2567">
    <p class='ocr_par' dir='ltr' id='par_1_46' title="bbox 166 2494 1741 2567">
     <span class='ocr_line' id='line_1_46' title="bbox 166 2494 1741 2567; baseline -0.003 -15"><span class='ocrx_word' id='word_1_432' title='bbox 166 2508 284 2553; x_wconf 88' lang='lat' dir='ltr'><strong>tum.</strong></span> <span class='ocrx_word' id='word_1_433' title='bbox 305 2508 327 2535; x_wconf 71' lang='grc' dir='ltr'><strong><em>ο</em></strong></span> <span class='ocrx_word' id='word_1_434' title='bbox 346 2497 449 2551; x_wconf 83' lang='lat' dir='ltr'><strong>Sed</strong></span> <span class='ocrx_word' id='word_1_435' title='bbox 474 2498 597 2563; x_wconf 84' lang='lat' dir='ltr'><strong>quia</strong></span> <span class='ocrx_word' id='word_1_436' title='bbox 621 2494 783 2567; x_wconf 55' lang='lat'><strong>355</strong></span> <span class='ocrx_word' id='word_1_437' title='bbox 806 2496 1011 2549; x_wconf 64' lang='lat' dir='ltr'><strong>insidiae</strong></span> <span class='ocrx_word' id='word_1_438' title='bbox 1038 2494 1239 2549; x_wconf 86' lang='lat' dir='ltr'><strong>diaboli</strong></span> <span class='ocrx_word' id='word_1_439' title='bbox 1265 2495 1426 2549; x_wconf 89' lang='lat' dir='ltr'><strong>etiam</strong></span> <span class='ocrx_word' id='word_1_440' title='bbox 1455 2496 1596 2547; x_wconf 87' lang='lat' dir='ltr'><strong>inter</strong></span> <span class='ocrx_word' id='word_1_441' title='bbox 1617 2494 1741 2548; x_wconf 86' lang='lat' dir='ltr'><strong>talia</strong></span> 
     </span>
    </p>
   </div>
   <div class='ocr_carea' id='block_1_47' title="bbox 165 2586 1743 2659">
    <p class='ocr_par' dir='ltr' id='par_1_47' title="bbox 165 2586 1743 2659">
     <span class='ocr_line' id='line_1_47' title="bbox 165 2586 1743 2659; baseline -0.003 -13"><span class='ocrx_word' id='word_1_442' title='bbox 165 2590 320 2646; x_wconf 81' lang='lat' dir='ltr'><strong>studia</strong></span> <span class='ocrx_word' id='word_1_443' title='bbox 342 2605 448 2644; x_wconf 93' lang='lat' dir='ltr'><strong>non</strong></span> <span class='ocrx_word' id='word_1_444' title='bbox 470 2590 779 2659; x_wconf 88' lang='lat' dir='ltr'><strong>quiescunt,</strong></span> <span class='ocrx_word' id='word_1_445' title='bbox 807 2586 1105 2643; x_wconf 83' lang='lat' dir='ltr'><strong>reetissime</strong></span> <span class='ocrx_word' id='word_1_446' title='bbox 1127 2587 1179 2641; x_wconf 95' lang='lat' dir='ltr'><strong>in</strong></span> <span class='ocrx_word' id='word_1_447' title='bbox 1204 2587 1521 2657; x_wconf 85' lang='lat' dir='ltr'><strong>quihusdam</strong></span> <span class='ocrx_word' id='word_1_448' title='bbox 1546 2587 1743 2641; x_wconf 85' lang='lat' dir='ltr'><strong>articu-</strong></span> 
     </span>
    </p>
   </div>
   <div class='ocr_carea' id='block_1_48' title="bbox 164 2681 1740 2753">
    <p class='ocr_par' dir='ltr' id='par_1_48' title="bbox 164 2681 1740 2753">
     <span class='ocr_line' id='line_1_48' title="bbox 164 2681 1740 2753; baseline -0.004 -14"><span class='ocrx_word' id='word_1_449' title='bbox 164 2685 223 2739; x_wconf 80' lang='lat' dir='ltr'><strong>lis</strong></span> <span class='ocrx_word' id='word_1_450' title='bbox 258 2695 582 2753; x_wconf 87' lang='lat' dir='ltr'><strong>temporum,</strong></span> <span class='ocrx_word' id='word_1_451' title='bbox 616 2684 817 2753; x_wconf 87' lang='lat' dir='ltr'><strong>vigoris</strong></span> <span class='ocrx_word' id='word_1_452' title='bbox 848 2682 1014 2736; x_wconf 91' lang='lat' dir='ltr'><strong>nostri</strong></span> <span class='ocrx_word' id='word_1_453' title='bbox 1058 2691 1138 2735; x_wconf 89' lang='lat' dir='ltr'><strong>est</strong></span> <span class='ocrx_word' id='word_1_454' title='bbox 1165 2681 1407 2735; x_wconf 89' lang='lat' dir='ltr'><strong>instituta</strong></span> <span class='ocrx_word' id='word_1_455' title='bbox 1435 2681 1740 2750; x_wconf 84' lang='lat' dir='ltr'><strong>reparatio:</strong></span> 
     </span>
    </p>
   </div>
   <div class='ocr_carea' id='block_1_49' title="bbox 165 2774 1748 2844">
    <p class='ocr_par' dir='ltr' id='par_1_49' title="bbox 165 2774 1748 2844">
     <span class='ocr_line' id='line_1_49' title="bbox 165 2774 1748 2844; baseline -0.003 -12"><span class='ocrx_word' id='word_1_456' title='bbox 165 2785 213 2831; x_wconf 89' lang='lat' dir='ltr'><strong>ut</strong></span> <span class='ocrx_word' id='word_1_457' title='bbox 235 2778 321 2832; x_wconf 86' lang='lat' dir='ltr'><strong>ubi</strong></span> <span class='ocrx_word' id='word_1_458' title='bbox 348 2778 419 2832; x_wconf 90' lang='lat' dir='ltr'><strong>de</strong></span> <span class='ocrx_word' id='word_1_459' title='bbox 438 2777 728 2832; x_wconf 84' lang='lat' dir='ltr'><strong>clementia</strong></span> <span class='ocrx_word' id='word_1_460' title='bbox 758 2776 878 2831; x_wconf 72' lang='grc' dir='ltr'><strong>εωιί</strong></span> <span class='ocrx_word' id='word_1_461' title='bbox 903 2786 957 2829; x_wconf 87' lang='lat' dir='ltr'><strong>et</strong></span> <span class='ocrx_word' id='word_1_462' title='bbox 980 2774 1224 2829; x_wconf 87' lang='lat' dir='ltr'><strong>ubertate</strong></span> <span class='ocrx_word' id='word_1_463' title='bbox 1260 2775 1368 2844; x_wconf 87' lang='lat' dir='ltr'><strong>agri</strong></span> <span class='ocrx_word' id='word_1_464' title='bbox 1396 2784 1570 2843; x_wconf 83' lang='lat' dir='ltr'><strong>potest</strong></span> <span class='ocrx_word' id='word_1_465' title='bbox 1594 2789 1748 2829; x_wconf 88' lang='lat' dir='ltr'><strong>mens</strong></span> 
     </span>
    </p>
   </div>
   <div class='ocr_carea' id='block_1_50' title="bbox 164 2866 1751 2943">
    <p class='ocr_par' dir='ltr' id='par_1_50' title="bbox 164 2866 1751 2943">
     <span class='ocr_line' id='line_1_50' title="bbox 164 2866 1751 2943; baseline -0.004 -15"><span class='ocrx_word' id='word_1_466' title='bbox 164 2871 494 2943; x_wconf 59' lang='lat' dir='ltr'><strong>praemium</strong></span> <span class='ocrx_word' id='word_1_467' title='bbox 529 2870 793 2926; x_wconf 85' lang='lat' dir='ltr'><strong>bonorum</strong></span> <span class='ocrx_word' id='word_1_468' title='bbox 830 2868 981 2923; x_wconf 90' lang='lat' dir='ltr'><strong>avida</strong></span> <span class='ocrx_word' id='word_1_469' title='bbox 1003 2868 1240 2939; x_wconf 86' lang='lat' dir='ltr'><strong>gloriari,</strong></span> <span class='ocrx_word' id='word_1_470' title='bbox 1271 2877 1324 2922; x_wconf 92' lang='lat' dir='ltr'><strong>et</strong></span> <span class='ocrx_word' id='word_1_471' title='bbox 1348 2868 1398 2921; x_wconf 91' lang='lat' dir='ltr'><strong>in</strong></span> <span class='ocrx_word' id='word_1_472' title='bbox 1421 2866 1597 2936; x_wconf 90' lang='lat' dir='ltr'><strong>ampla</strong></span> <span class='ocrx_word' id='word_1_473' title='bbox 1626 2867 1751 2921; x_wconf 90' lang='lat' dir='ltr'><strong>hor-</strong></span> 
     </span>
    </p>
   </div>
   <div class='ocr_carea' id='block_1_51' title="bbox 164 2959 1752 3031">
    <p class='ocr_par' dir='ltr' id='par_1_51' title="bbox 164 2959 1752 3031">
     <span class='ocr_line' id='line_1_51' title="bbox 164 2959 1752 3031; baseline -0.003 -11"><span class='ocrx_word' id='word_1_474' title='bbox 164 2979 245 3020; x_wconf 80' lang='lat' dir='ltr'><strong>rea</strong></span> <span class='ocrx_word' id='word_1_475' title='bbox 289 2964 551 3019; x_wconf 82' lang='lat' dir='ltr'><strong>iructibus</strong></span> <span class='ocrx_word' id='word_1_476' title='bbox 578 2962 935 3031; x_wconf 81' lang='lat' dir='ltr'><strong>congregatis,</strong></span> <span class='ocrx_word' id='word_1_477' title='bbox 961 2963 1154 3015; x_wconf 75' lang='lat' dir='ltr'><strong>animm</strong></span> <span class='ocrx_word' id='word_1_478' title='bbox 1184 2976 1294 3014; x_wconf 64' lang='lat' dir='ltr'><strong>suae</strong></span> <span class='ocrx_word' id='word_1_479' title='bbox 1323 2960 1504 3014; x_wconf 87' lang='lat' dir='ltr'><strong>dicere</strong></span> <span class='ocrx_word' id='word_1_480' title='bbox 1529 2977 1543 3013; x_wconf 91' lang='lat'><strong>:</strong></span> <span class='ocrx_word' id='word_1_481' title='bbox 1578 2959 1752 3015; x_wconf 85' lang='lat' dir='ltr'><strong>Habes</strong></span> 
     </span>
    </p>
   </div>
   <div class='ocr_carea' id='block_1_52' title="bbox 166 3331 1757 3405">
    <p class='ocr_par' dir='ltr' id='par_1_52' title="bbox 166 3331 1757 3405">
     <span class='ocr_line' id='line_1_52' title="bbox 166 3331 1757 3405; baseline 0.001 -17"><span class='ocrx_word' id='word_1_482' title='bbox 166 3346 206 3388; x_wconf 85' lang='lat' dir='ltr'><strong>te</strong></span> <span class='ocrx_word' id='word_1_483' title='bbox 224 3349 244 3388; x_wconf 91' lang='lat'><strong><em>:</em></strong></span> <span class='ocrx_word' id='word_1_484' title='bbox 263 3350 376 3392; x_wconf 72' lang='lat' dir='ltr'><strong>aute</strong></span> <span class='ocrx_word' id='word_1_485' title='bbox 397 3344 572 3387; x_wconf 86' lang='lat' dir='ltr'><strong>autem</strong></span> <span class='ocrx_word' id='word_1_486' title='bbox 593 3333 917 3403; x_wconf 75' lang='lat' dir='ltr'><strong>pratparasti,</strong></span> <span class='ocrx_word' id='word_1_487' title='bbox 948 3334 1090 3403; x_wconf 75' lang='lat' dir='ltr'><strong>cujus</strong></span> <span class='ocrx_word' id='word_1_488' title='bbox 1114 3342 1263 3386; x_wconf 85' lang='lat' dir='ltr'><strong>erunt</strong></span> <span class='ocrx_word' id='word_1_489' title='bbox 1288 3331 1449 3404; x_wconf 85' lang='lat' dir='ltr'><strong>(Ibid.</strong></span> <span class='ocrx_word' id='word_1_490' title='bbox 1482 3333 1607 3405; x_wconf 77' lang='lat'><strong>‘20)?</strong></span> <span class='ocrx_word' id='word_1_491' title='bbox 1631 3334 1757 3390; x_wconf 70' lang='lat' dir='ltr'><strong>Hmc</strong></span> 
     </span>
    </p>
   </div>
   <div class='ocr_carea' id='block_1_53' title="bbox 1861 3492 3450 3563">
    <p class='ocr_par' dir='ltr' id='par_1_53' title="bbox 1861 3492 3450 3563">
     <span class='ocr_line' id='line_1_53' title="bbox 1861 3492 3450 3563; baseline 0.002 -13"><span class='ocrx_word' id='word_1_492' title='bbox 1861 3495 1887 3550; x_wconf 77' lang='lat' dir='ltr'><strong>i</strong></span> <span class='ocrx_word' id='word_1_493' title='bbox 1924 3504 1979 3550; x_wconf 92' lang='lat' dir='ltr'><strong>et</strong></span> <span class='ocrx_word' id='word_1_494' title='bbox 2008 3495 2061 3563; x_wconf 77' lang='grc'><strong>4,</strong></span> <span class='ocrx_word' id='word_1_495' title='bbox 2095 3497 2271 3551; x_wconf 89' lang='lat' dir='ltr'><strong>varias</strong></span> <span class='ocrx_word' id='word_1_496' title='bbox 2310 3505 2364 3551; x_wconf 87' lang='lat' dir='ltr'><strong>et</strong></span> <span class='ocrx_word' id='word_1_497' title='bbox 2408 3495 2626 3551; x_wconf 88' lang='lat' dir='ltr'><strong>alterius</strong></span> <span class='ocrx_word' id='word_1_498' title='bbox 2680 3496 2865 3551; x_wconf 73' lang='lat' dir='ltr'><strong>l‘ormze</strong></span> <span class='ocrx_word' id='word_1_499' title='bbox 2920 3495 3177 3551; x_wconf 90' lang='lat' dir='ltr'><strong>lectiones</strong></span> <span class='ocrx_word' id='word_1_500' title='bbox 3225 3495 3279 3551; x_wconf 94' lang='lat' dir='ltr'><strong>in</strong></span> <span class='ocrx_word' id='word_1_501' title='bbox 3331 3492 3450 3553; x_wconf 84' lang='lat' dir='ltr'><strong>Vat.</strong></span> 
     </span>
    </p>
   </div>
   <div class='ocr_carea' id='block_1_54' title="bbox 1862 3567 3460 3636">
    <p class='ocr_par' dir='ltr' id='par_1_54' title="bbox 1862 3567 3460 3636">
     <span class='ocr_line' id='line_1_54' title="bbox 1862 3567 3460 3636; baseline 0.001 -15"><span class='ocrx_word' id='word_1_502' title='bbox 1862 3568 2002 3623; x_wconf 75' lang='lat'><strong>5835</strong></span> <span class='ocrx_word' id='word_1_503' title='bbox 2030 3583 2093 3621; x_wconf 91' lang='lat' dir='ltr'><strong>ac</strong></span> <span class='ocrx_word' id='word_1_504' title='bbox 2123 3569 2173 3621; x_wconf 93' lang='lat' dir='ltr'><strong>in</strong></span> <span class='ocrx_word' id='word_1_505' title='bbox 2205 3568 2327 3622; x_wconf 91' lang='lat' dir='ltr'><strong>cod.</strong></span> <span class='ocrx_word' id='word_1_506' title='bbox 2359 3567 2640 3624; x_wconf 72' lang='lat' dir='ltr'><strong>Casinettsi</strong></span> <span class='ocrx_word' id='word_1_507' title='bbox 2672 3568 3079 3634; x_wconf 86' lang='lat' dir='ltr'><strong>deprehendere</strong></span> <span class='ocrx_word' id='word_1_508' title='bbox 3126 3567 3305 3631; x_wconf 88' lang='lat' dir='ltr'><strong>licuit,</strong></span> <span class='ocrx_word' id='word_1_509' title='bbox 3339 3582 3460 3636; x_wconf 65' lang='lat' dir='ltr'><strong>quae</strong></span> 
     </span>
    </p>
   </div>
   <div class='ocr_carea' id='block_1_55' title="bbox 1860 3639 3457 3695">
    <p class='ocr_par' dir='ltr' id='par_1_55' title="bbox 1860 3639 3457 3695">
     <span class='ocr_line' id='line_1_55' title="bbox 1860 3639 3457 3695; baseline 0.001 -4"><span class='ocrx_word' id='word_1_510' title='bbox 1860 3641 2107 3693; x_wconf 90' lang='lat' dir='ltr'><strong>eamdem</strong></span> <span class='ocrx_word' id='word_1_511' title='bbox 2131 3655 2345 3693; x_wconf 81' lang='lat' dir='ltr'><strong>causam</strong></span> <span class='ocrx_word' id='word_1_512' title='bbox 2373 3639 2573 3694; x_wconf 78' lang='lat' dir='ltr'><strong>habere</strong></span> <span class='ocrx_word' id='word_1_513' title='bbox 2596 3641 2863 3693; x_wconf 88' lang='lat' dir='ltr'><strong>videntur.</strong></span> <span class='ocrx_word' id='word_1_514' title='bbox 2891 3640 3013 3695; x_wconf 80' lang='lat' dir='ltr'><strong>Post</strong></span> <span class='ocrx_word' id='word_1_515' title='bbox 3049 3640 3306 3692; x_wconf 90' lang='lat' dir='ltr'><strong>nonnulla</strong></span> <span class='ocrx_word' id='word_1_516' title='bbox 3328 3640 3457 3693; x_wconf 88' lang='lat' dir='ltr'><strong>editi</strong></span> 
     </span>
    </p>
   </div>
   <div class='ocr_carea' id='block_1_56' title="bbox 231 3490 1757 3563">
    <p class='ocr_par' dir='ltr' id='par_1_56' title="bbox 231 3490 1757 3563">
     <span class='ocr_line' id='line_1_56' title="bbox 231 3490 1757 3563; baseline 0 -14"><span class='ocrx_word' id='word_1_517' title='bbox 231 3504 257 3531; x_wconf 66' lang='grc' dir='ltr'>ε</span> <span class='ocrx_word' id='word_1_518' title='bbox 284 3494 453 3557; x_wconf 83' lang='lat' dir='ltr'><strong>Editi,</strong></span> <span class='ocrx_word' id='word_1_519' title='bbox 486 3510 659 3563; x_wconf 82' lang='lat' dir='ltr'><strong>quem.</strong></span> <span class='ocrx_word' id='word_1_520' title='bbox 691 3492 880 3549; x_wconf 80' lang='lat' dir='ltr'><strong>Melius</strong></span> <span class='ocrx_word' id='word_1_521' title='bbox 906 3507 974 3548; x_wconf 85' lang='lat' dir='ltr'><strong>ex</strong></span> <span class='ocrx_word' id='word_1_522' title='bbox 999 3490 1120 3548; x_wconf 89' lang='lat' dir='ltr'><strong>cod.</strong></span> <span class='ocrx_word' id='word_1_523' title='bbox 1156 3490 1381 3559; x_wconf 85' lang='lat' dir='ltr'><strong>Veneto,</strong></span> <span class='ocrx_word' id='word_1_524' title='bbox 1410 3508 1568 3562; x_wconf 89' lang='lat' dir='ltr'><strong>quos,</strong></span> <span class='ocrx_word' id='word_1_525' title='bbox 1613 3493 1757 3549; x_wconf 90' lang='lat' dir='ltr'><strong>unde</strong></span> 
     </span>
    </p>
   </div>
   <div class='ocr_carea' id='block_1_57' title="bbox 172 3565 657 3635">
    <p class='ocr_par' dir='ltr' id='par_1_57' title="bbox 172 3565 657 3635">
     <span class='ocr_line' id='line_1_57' title="bbox 172 3565 657 3635; baseline -0.004 -15"><span class='ocrx_word' id='word_1_526' title='bbox 172 3579 368 3635; x_wconf 77' lang='lat' dir='ltr'><strong>postea,</strong></span> <span class='ocrx_word' id='word_1_527' title='bbox 398 3565 657 3618; x_wconf 79' lang='lat' dir='ltr'><strong>homines.</strong></span> 
     </span>
    </p>
   </div>
   <div class='ocr_carea' id='block_1_58' title="bbox 230 3636 613 3703">
    <p class='ocr_par' dir='ltr' id='par_1_58' title="bbox 230 3636 613 3703">
     <span class='ocr_line' id='line_1_58' title="bbox 230 3636 613 3703; baseline -0.01 -11"><span class='ocrx_word' id='word_1_528' title='bbox 230 3636 256 3675; x_wconf 71' lang='grc' dir='ltr'>δ</span> <span class='ocrx_word' id='word_1_529' title='bbox 289 3641 402 3703; x_wconf 79' lang='lat' dir='ltr'><strong>AL,</strong></span> <span class='ocrx_word' id='word_1_530' title='bbox 440 3637 613 3689; x_wconf 83' lang='lat' dir='ltr'><strong>rectis.</strong></span> 
     </span>
    </p>
   </div>
   <div class='ocr_carea' id='block_1_59' title="bbox 232 3704 1756 3775">
    <p class='ocr_par' dir='ltr' id='par_1_59' title="bbox 232 3704 1756 3775">
     <span class='ocr_line' id='line_1_59' title="bbox 232 3704 1756 3775; baseline 0.001 -12"><span class='ocrx_word' id='word_1_531' title='bbox 232 3720 253 3748; x_wconf 68' lang='grc' dir='ltr'><strong>ο</strong></span> <span class='ocrx_word' id='word_1_532' title='bbox 284 3708 341 3763; x_wconf 87' lang='lat' dir='ltr'><strong>In</strong></span> <span class='ocrx_word' id='word_1_533' title='bbox 367 3706 749 3775; x_wconf 80' lang='lat' dir='ltr'><strong>antiquissimo</strong></span> <span class='ocrx_word' id='word_1_534' title='bbox 778 3704 901 3759; x_wconf 80' lang='lat' dir='ltr'><strong>Vat.</strong></span> <span class='ocrx_word' id='word_1_535' title='bbox 934 3705 1073 3760; x_wconf 77' lang='grc'><strong>’5856</strong></span> <span class='ocrx_word' id='word_1_536' title='bbox 1114 3706 1234 3761; x_wconf 86' lang='lat' dir='ltr'><strong>linis</strong></span> <span class='ocrx_word' id='word_1_537' title='bbox 1281 3705 1439 3773; x_wconf 89' lang='lat' dir='ltr'><strong>hujus</strong></span> <span class='ocrx_word' id='word_1_538' title='bbox 1488 3712 1756 3764; x_wconf 88' lang='lat' dir='ltr'><strong>sermonis</strong></span> 
     </span>
    </p>
   </div>
   <div class='ocr_carea' id='block_1_60' title="bbox 169 3777 1761 3847">
    <p class='ocr_par' dir='ltr' id='par_1_60' title="bbox 169 3777 1761 3847">
     <span class='ocr_line' id='line_1_60' title="bbox 169 3777 1761 3847; baseline -0.001 -9"><span class='ocrx_word' id='word_1_539' title='bbox 169 3779 326 3838; x_wconf 84' lang='lat' dir='ltr'><strong>multo</strong></span> <span class='ocrx_word' id='word_1_540' title='bbox 356 3779 613 3833; x_wconf 81' lang='lat' dir='ltr'><strong>diversus</strong></span> <span class='ocrx_word' id='word_1_541' title='bbox 645 3781 913 3847; x_wconf 80' lang='lat' dir='ltr'><strong>profertur</strong></span> <span class='ocrx_word' id='word_1_542' title='bbox 937 3778 1013 3831; x_wconf 86' lang='lat' dir='ltr'><strong>sic</strong></span> <span class='ocrx_word' id='word_1_543' title='bbox 1037 3795 1048 3828; x_wconf 90' lang='lat'><strong>:</strong></span> <span class='ocrx_word' id='word_1_544' title='bbox 1076 3777 1181 3832; x_wconf 87' lang='lat' dir='ltr'><strong>Sed</strong></span> <span class='ocrx_word' id='word_1_545' title='bbox 1204 3779 1322 3846; x_wconf 85' lang='lat' dir='ltr'><strong>quia</strong></span> <span class='ocrx_word' id='word_1_546' title='bbox 1343 3780 1546 3833; x_wconf 75' lang='lat' dir='ltr'><strong>insidia:</strong></span> <span class='ocrx_word' id='word_1_547' title='bbox 1566 3783 1761 3836; x_wconf 79' lang='lat' dir='ltr'><strong>diaboli</strong></span> 
     </span>
    </p>
   </div>
   <div class='ocr_carea' id='block_1_61' title="bbox 167 3848 1764 3920">
    <p class='ocr_par' dir='ltr' id='par_1_61' title="bbox 167 3848 1764 3920">
     <span class='ocr_line' id='line_1_61' title="bbox 167 3848 1764 3920; baseline 0.001 -14"><span class='ocrx_word' id='word_1_548' title='bbox 167 3856 312 3906; x_wconf 85' lang='lat' dir='ltr'><strong>etiam</strong></span> <span class='ocrx_word' id='word_1_549' title='bbox 341 3851 479 3903; x_wconf 72' lang='lat' dir='ltr'><strong>inter</strong></span> <span class='ocrx_word' id='word_1_550' title='bbox 499 3850 625 3902; x_wconf 85' lang='lat' dir='ltr'><strong>talia</strong></span> <span class='ocrx_word' id='word_1_551' title='bbox 644 3848 819 3901; x_wconf 88' lang='lat' dir='ltr'><strong>studia</strong></span> <span class='ocrx_word' id='word_1_552' title='bbox 841 3864 943 3900; x_wconf 84' lang='lat' dir='ltr'><strong>non</strong></span> <span class='ocrx_word' id='word_1_553' title='bbox 965 3852 1247 3920; x_wconf 82' lang='lat' dir='ltr'><strong>quiescunt,</strong></span> <span class='ocrx_word' id='word_1_554' title='bbox 1276 3849 1369 3903; x_wconf 85' lang='lat' dir='ltr'><strong>hoc</strong></span> <span class='ocrx_word' id='word_1_555' title='bbox 1391 3856 1529 3919; x_wconf 87' lang='lat' dir='ltr'><strong>quod</strong></span> <span class='ocrx_word' id='word_1_556' title='bbox 1553 3853 1615 3906; x_wconf 87' lang='lat' dir='ltr'><strong>de</strong></span> <span class='ocrx_word' id='word_1_557' title='bbox 1642 3870 1764 3920; x_wconf 84' lang='lat' dir='ltr'><strong>pro-</strong></span> 
     </span>
    </p>
   </div>
   <div class='ocr_carea' id='block_1_62' title="bbox 168 3918 1765 3994">
    <p class='ocr_par' dir='ltr' id='par_1_62' title="bbox 168 3918 1765 3994">
     <span class='ocr_line' id='line_1_62' title="bbox 168 3918 1765 3994; baseline 0.002 -19"><span class='ocrx_word' id='word_1_558' title='bbox 168 3923 363 3994; x_wconf 71' lang='lat' dir='ltr'><strong>phetica</strong></span> <span class='ocrx_word' id='word_1_559' title='bbox 387 3938 513 3975; x_wconf 80' lang='lat' dir='ltr'><strong>voce</strong></span> <span class='ocrx_word' id='word_1_560' title='bbox 542 3928 812 3994; x_wconf 74' lang='lat' dir='ltr'><strong>cantatum</strong></span> <span class='ocrx_word' id='word_1_561' title='bbox 830 3928 924 3994; x_wconf 82' lang='lat' dir='ltr'><strong>est,</strong></span> <span class='ocrx_word' id='word_1_562' title='bbox 956 3918 1275 3994; x_wconf 61' lang='lat' dir='ltr'><strong>in_aﬂectu_nt</strong></span> <span class='ocrx_word' id='word_1_563' title='bbox 1300 3918 1588 3994; x_wconf 77' lang='lat' dir='ltr'><strong>assumatur</strong></span> <span class='ocrx_word' id='word_1_564' title='bbox 1608 3918 1765 3978; x_wconf 83' lang='lat' dir='ltr'><strong>orau-</strong></span> 
     </span>
    </p>
   </div>
   <div class='ocr_carea' id='block_1_63' title="bbox 170 3990 1762 4056">
    <p class='ocr_par' dir='ltr' id='par_1_63' title="bbox 170 3990 1762 4056">
     <span class='ocr_line' id='line_1_63' title="bbox 170 3990 1762 4056; baseline 0.003 -12"><span class='ocrx_word' id='word_1_565' title='bbox 170 3990 313 4056; x_wconf 75' lang='lat' dir='ltr'><strong>tium,</strong></span> <span class='ocrx_word' id='word_1_566' title='bbox 338 4004 392 4047; x_wconf 87' lang='lat' dir='ltr'><strong>ut</strong></span> <span class='ocrx_word' id='word_1_567' title='bbox 418 4010 524 4045; x_wconf 81' lang='lat' dir='ltr'><strong>non</strong></span> <span class='ocrx_word' id='word_1_568' title='bbox 551 3992 716 4044; x_wconf 83' lang='lat' dir='ltr'><strong>solum</strong></span> <span class='ocrx_word' id='word_1_569' title='bbox 742 3990 911 4051; x_wconf 88' lang='lat' dir='ltr'><strong>labiis,</strong></span> <span class='ocrx_word' id='word_1_570' title='bbox 934 3990 1022 4044; x_wconf 79' lang='lat' dir='ltr'><strong>sed</strong></span> <span class='ocrx_word' id='word_1_571' title='bbox 1046 4004 1093 4043; x_wconf 89' lang='lat' dir='ltr'><strong>et</strong></span> <span class='ocrx_word' id='word_1_572' title='bbox 1115 3992 1267 4045; x_wconf 88' lang='lat' dir='ltr'><strong>corde</strong></span> <span class='ocrx_word' id='word_1_573' title='bbox 1288 3992 1524 4046; x_wconf 83' lang='lat' dir='ltr'><strong>dicatur:</strong></span> <span class='ocrx_word' id='word_1_574' title='bbox 1550 3994 1762 4049; x_wconf 85' lang='lat' dir='ltr'><strong>Custodi</strong></span> 
     </span>
    </p>
   </div>
   <div class='ocr_carea' id='block_1_64' title="bbox 184 4061 1768 4132">
    <p class='ocr_par' dir='ltr' id='par_1_64' title="bbox 184 4061 1768 4132">
     <span class='ocr_line' id='line_1_64' title="bbox 184 4061 1768 4132; baseline 0.003 -16"><span class='ocrx_word' id='word_1_575' title='bbox 184 4082 272 4129; x_wconf 80' lang='lat' dir='ltr'><strong>me,</strong></span> <span class='ocrx_word' id='word_1_576' title='bbox 290 4064 537 4131; x_wconf 85' lang='lat' dir='ltr'><strong>Domine,</strong></span> <span class='ocrx_word' id='word_1_577' title='bbox 566 4074 617 4116; x_wconf 87' lang='lat' dir='ltr'><strong>ut</strong></span> <span class='ocrx_word' id='word_1_578' title='bbox 647 4061 896 4132; x_wconf 89' lang='lat' dir='ltr'><strong>pupillam</strong></span> <span class='ocrx_word' id='word_1_579' title='bbox 928 4063 1081 4132; x_wconf 76' lang='lat' dir='ltr'><strong>oculi.</strong></span> <span class='ocrx_word' id='word_1_580' title='bbox 1104 4062 1194 4115; x_wconf 85' lang='lat' dir='ltr'><strong>sub</strong></span> <span class='ocrx_word' id='word_1_581' title='bbox 1221 4064 1397 4116; x_wconf 84' lang='lat' dir='ltr'><strong>umbra</strong></span> <span class='ocrx_word' id='word_1_582' title='bbox 1425 4063 1623 4117; x_wconf 86' lang='lat' dir='ltr'><strong>alarum</strong></span> <span class='ocrx_word' id='word_1_583' title='bbox 1653 4076 1768 4120; x_wconf 89' lang='lat' dir='ltr'><strong>tua-</strong></span> 
     </span>
    </p>
   </div>
   <div class='ocr_carea' id='block_1_65' title="bbox 181 4131 1766 4207">
    <p class='ocr_par' dir='ltr' id='par_1_65' title="bbox 181 4131 1766 4207">
     <span class='ocr_line' id='line_1_65' title="bbox 181 4131 1766 4207; baseline 0.004 -23"><span class='ocrx_word' id='word_1_584' title='bbox 181 4152 278 4187; x_wconf 71' lang='lat' dir='ltr'><strong>rum</strong></span> <span class='ocrx_word' id='word_1_585' title='bbox 304 4145 515 4207; x_wconf 80' lang='lat' dir='ltr'><strong>protege</strong></span> <span class='ocrx_word' id='word_1_586' title='bbox 538 4151 616 4207; x_wconf 83' lang='lat' dir='ltr'><strong>me</strong></span> <span class='ocrx_word' id='word_1_587' title='bbox 643 4131 759 4207; x_wconf 84' lang='lat' dir='ltr'><strong>(Ps.</strong></span> <span class='ocrx_word' id='word_1_588' title='bbox 794 4148 905 4195; x_wconf 74' lang='lat' dir='ltr'><strong>xu,</strong></span> <span class='ocrx_word' id='word_1_589' title='bbox 1037 4131 1415 4187; x_wconf 82' lang='lat' dir='ltr'><strong>Incessabiliter</strong></span> <span class='ocrx_word' id='word_1_590' title='bbox 1442 4137 1572 4188; x_wconf 85' lang='lat' dir='ltr'><strong>enim</strong></span> <span class='ocrx_word' id='word_1_591' title='bbox 1596 4139 1766 4190; x_wconf 83' lang='lat' dir='ltr'><strong>divino</strong></span> 
     </span>
    </p>
   </div>
   <div class='ocr_carea' id='block_1_66' title="bbox 181 4204 1769 4276">
    <p class='ocr_par' dir='ltr' id='par_1_66' title="bbox 181 4204 1769 4276">
     <span class='ocr_line' id='line_1_66' title="bbox 181 4204 1769 4276; baseline 0.002 -17"><span class='ocrx_word' id='word_1_592' title='bbox 181 4204 367 4276; x_wconf 76' lang='lat' dir='ltr'><strong>egemus</strong></span> <span class='ocrx_word' id='word_1_593' title='bbox 395 4204 621 4267; x_wconf 65' lang='lat' dir='ltr'><strong>auxilio,</strong></span> <span class='ocrx_word' id='word_1_594' title='bbox 653 4214 698 4259; x_wconf 87' lang='lat' dir='ltr'><strong>et</strong></span> <span class='ocrx_word' id='word_1_595' title='bbox 725 4205 835 4276; x_wconf 77' lang='lat' dir='ltr'><strong>licec</strong></span> <span class='ocrx_word' id='word_1_596' title='bbox 860 4214 929 4257; x_wconf 88' lang='lat' dir='ltr'><strong>est</strong></span> <span class='ocrx_word' id='word_1_597' title='bbox 966 4204 1203 4259; x_wconf 75' lang='lat' dir='ltr'><strong>humana:</strong></span> <span class='ocrx_word' id='word_1_598' title='bbox 1243 4207 1521 4259; x_wconf 85' lang='lat' dir='ltr'><strong>devotionis</strong></span> <span class='ocrx_word' id='word_1_599' title='bbox 1562 4210 1769 4276; x_wconf 86' lang='lat' dir='ltr'><strong>insupe-</strong></span> 
     </span>
    </p>
   </div>
   <div class='ocr_carea' id='block_1_67' title="bbox 179 4273 1770 4347">
    <p class='ocr_par' dir='ltr' id='par_1_67' title="bbox 179 4273 1770 4347">
     <span class='ocr_line' id='line_1_67' title="bbox 179 4273 1770 4347; baseline 0.003 -20"><span class='ocrx_word' id='word_1_600' title='bbox 179 4273 341 4330; x_wconf 76' lang='lat' dir='ltr'><strong>rabilis</strong></span> <span class='ocrx_word' id='word_1_601' title='bbox 371 4278 661 4347; x_wconf 75' lang='lat' dir='ltr'><strong>fortitudo.</strong></span> <span class='ocrx_word' id='word_1_602' title='bbox 693 4282 745 4327; x_wconf 89' lang='lat' dir='ltr'><strong>ut</strong></span> <span class='ocrx_word' id='word_1_603' title='bbox 775 4273 925 4327; x_wconf 86' lang='lat' dir='ltr'><strong>illum</strong></span> <span class='ocrx_word' id='word_1_604' title='bbox 968 4286 1300 4344; x_wconf 82' lang='lat' dir='ltr'><strong>pratectorem</strong></span> <span class='ocrx_word' id='word_1_605' title='bbox 1345 4293 1541 4345; x_wconf 86' lang='lat' dir='ltr'><strong>semper</strong></span> <span class='ocrx_word' id='word_1_606' title='bbox 1583 4273 1770 4334; x_wconf 81' lang='lat' dir='ltr'><strong>habea-</strong></span> 
     </span>
    </p>
   </div>
   <div class='ocr_carea' id='block_1_68' title="bbox 181 4349 1770 4422">
    <p class='ocr_par' dir='ltr' id='par_1_68' title="bbox 181 4349 1770 4422">
     <span class='ocr_line' id='line_1_68' title="bbox 181 4349 1770 4422; baseline 0.003 -23"><span class='ocrx_word' id='word_1_607' title='bbox 181 4365 300 4414; x_wconf 82' lang='lat' dir='ltr'><strong>mus,</strong></span> <span class='ocrx_word' id='word_1_608' title='bbox 330 4350 448 4422; x_wconf 73' lang='lat' dir='ltr'><strong>sine</strong></span> <span class='ocrx_word' id='word_1_609' title='bbox 470 4364 575 4422; x_wconf 80' lang='lat' dir='ltr'><strong>quo</strong></span> <span class='ocrx_word' id='word_1_610' title='bbox 600 4351 756 4417; x_wconf 75' lang='lat' dir='ltr'><strong>fortes</strong></span> <span class='ocrx_word' id='word_1_611' title='bbox 777 4362 884 4398; x_wconf 83' lang='lat' dir='ltr'><strong>esse</strong></span> <span class='ocrx_word' id='word_1_612' title='bbox 913 4362 1014 4398; x_wconf 84' lang='lat' dir='ltr'><strong>non</strong></span> <span class='ocrx_word' id='word_1_613' title='bbox 1040 4364 1329 4422; x_wconf 77' lang='lat' dir='ltr'><strong>possumus.</strong></span> <span class='ocrx_word' id='word_1_614' title='bbox 1369 4349 1518 4422; x_wconf 84' lang='lat' dir='ltr'><strong>Quod</strong></span> <span class='ocrx_word' id='word_1_615' title='bbox 1563 4366 1682 4422; x_wconf 84' lang='lat' dir='ltr'><strong>ergo</strong></span> <span class='ocrx_word' id='word_1_616' title='bbox 1721 4360 1770 4404; x_wconf 89' lang='lat' dir='ltr'><strong>et</strong></span> 
     </span>
    </p>
   </div>
   <div class='ocr_carea' id='block_1_69' title="bbox 180 4418 1766 4488">
    <p class='ocr_par' dir='ltr' id='par_1_69' title="bbox 180 4418 1766 4488">
     <span class='ocr_line' id='line_1_69' title="bbox 180 4418 1766 4488; baseline 0.001 -17"><span class='ocrx_word' id='word_1_617' title='bbox 180 4418 573 4487; x_wconf 68' lang='grc' dir='ltr'><strong>δακειίρωιὶοηὶ</strong></span> <span class='ocrx_word' id='word_1_618' title='bbox 590 4433 862 4488; x_wconf 85' lang='lat' dir='ltr'><strong>corporum</strong></span> <span class='ocrx_word' id='word_1_619' title='bbox 880 4427 925 4469; x_wconf 89' lang='lat' dir='ltr'><strong>et</strong></span> <span class='ocrx_word' id='word_1_620' title='bbox 946 4419 1259 4483; x_wconf 85' lang='lat' dir='ltr'><strong>reparationi</strong></span> <span class='ocrx_word' id='word_1_621' title='bbox 1276 4421 1434 4488; x_wconf 86' lang='lat' dir='ltr'><strong>prosit</strong></span> <span class='ocrx_word' id='word_1_622' title='bbox 1452 4418 1766 4487; x_wconf 76' lang='lat' dir='ltr'><strong>animarum,</strong></span> 
     </span>
    </p>
   </div>
   <div class='ocr_carea' id='block_1_70' title="bbox 179 4488 1774 4559">
    <p class='ocr_par' dir='ltr' id='par_1_70' title="bbox 179 4488 1774 4559">
     <span class='ocr_line' id='line_1_70' title="bbox 179 4488 1774 4559; baseline 0.001 -16"><span class='ocrx_word' id='word_1_623' title='bbox 179 4503 350 4558; x_wconf 74' lang='lat' dir='ltr'><strong>quarta</strong></span> <span class='ocrx_word' id='word_1_624' title='bbox 375 4502 425 4543; x_wconf 78' lang='lat' dir='ltr'><strong>et</strong></span> <span class='ocrx_word' id='word_1_625' title='bbox 452 4499 597 4543; x_wconf 72' lang='lat' dir='ltr'><strong>sexta</strong></span> <span class='ocrx_word' id='word_1_626' title='bbox 625 4489 821 4542; x_wconf 85' lang='lat' dir='ltr'><strong>sabbati</strong></span> <span class='ocrx_word' id='word_1_627' title='bbox 840 4488 1174 4559; x_wconf 86' lang='lat' dir='ltr'><strong>jejunemus;</strong></span> <span class='ocrx_word' id='word_1_628' title='bbox 1214 4489 1423 4542; x_wconf 87' lang='lat' dir='ltr'><strong>sabbato</strong></span> <span class='ocrx_word' id='word_1_629' title='bbox 1469 4508 1582 4543; x_wconf 81' lang='lat' dir='ltr'><strong>vero</strong></span> <span class='ocrx_word' id='word_1_630' title='bbox 1621 4497 1774 4545; x_wconf 84' lang='lat' dir='ltr'><strong>etiam</strong></span> 
     </span>
    </p>
   </div>
   <div class='ocr_carea' id='block_1_71' title="bbox 181 4559 1770 4631">
    <p class='ocr_par' dir='ltr' id='par_1_71' title="bbox 181 4559 1770 4631">
     <span class='ocr_line' id='line_1_71' title="bbox 181 4559 1770 4631; baseline 0.003 -19"><span class='ocrx_word' id='word_1_631' title='bbox 181 4562 368 4631; x_wconf 71' lang='lat' dir='ltr'><strong>uigilias</strong></span> <span class='ocrx_word' id='word_1_632' title='bbox 388 4562 708 4615; x_wconf 78' lang='lat' dir='ltr'><strong>celebremus</strong></span> <span class='ocrx_word' id='word_1_633' title='bbox 720 4562 860 4631; x_wconf 86' lang='lat' dir='ltr'><strong>apud</strong></span> <span class='ocrx_word' id='word_1_634' title='bbox 876 4559 1218 4613; x_wconf 86' lang='lat' dir='ltr'><strong>beatissimum</strong></span> <span class='ocrx_word' id='word_1_635' title='bbox 1234 4563 1522 4628; x_wconf 84' lang='lat' dir='ltr'><strong>apostolum</strong></span> <span class='ocrx_word' id='word_1_636' title='bbox 1541 4561 1770 4627; x_wconf 84' lang='lat' dir='ltr'><strong>Petrum,</strong></span> 
     </span>
    </p>
   </div>
   <div class='ocr_carea' id='block_1_72' title="bbox 180 4629 1776 4703">
    <p class='ocr_par' dir='ltr' id='par_1_72' title="bbox 180 4629 1776 4703">
     <span class='ocr_line' id='line_1_72' title="bbox 180 4629 1776 4703; baseline 0.004 -21"><span class='ocrx_word' id='word_1_637' title='bbox 180 4629 234 4683; x_wconf 78' lang='lat' dir='ltr'><strong>at</strong></span> <span class='ocrx_word' id='word_1_638' title='bbox 249 4636 461 4703; x_wconf 85' lang='lat' dir='ltr'><strong>piarum</strong></span> <span class='ocrx_word' id='word_1_639' title='bbox 491 4633 666 4685; x_wconf 86' lang='lat' dir='ltr'><strong>ovium</strong></span> <span class='ocrx_word' id='word_1_640' title='bbox 695 4629 1136 4703; x_wconf 69' lang='lat' dir='ltr'><strong>deprecationibus</strong></span> <span class='ocrx_word' id='word_1_641' title='bbox 1172 4632 1525 4701; x_wconf 83' lang='lat' dir='ltr'><strong>gloriosissimi</strong></span> <span class='ocrx_word' id='word_1_642' title='bbox 1556 4639 1776 4703; x_wconf 89' lang='lat' dir='ltr'><strong>pastoris</strong></span> 
     </span>
    </p>
   </div>
   <div class='ocr_carea' id='block_1_73' title="bbox 178 4700 1777 4773">
    <p class='ocr_par' dir='ltr' id='par_1_73' title="bbox 178 4700 1777 4773">
     <span class='ocr_line' id='line_1_73' title="bbox 178 4700 1777 4773; baseline 0.001 -17"><span class='ocrx_word' id='word_1_643' title='bbox 178 4700 522 4773; x_wconf 69' lang='lat' dir='ltr'><strong>patrocinatur</strong></span> <span class='ocrx_word' id='word_1_644' title='bbox 555 4704 737 4754; x_wconf 89' lang='lat' dir='ltr'><strong>oratio.</strong></span> <span class='ocrx_word' id='word_1_645' title='bbox 755 4700 878 4773; x_wconf 82' lang='lat' dir='ltr'><strong>_Per</strong></span> <span class='ocrx_word' id='word_1_646' title='bbox 906 4700 1185 4755; x_wconf 84' lang='lat' dir='ltr'><strong>Dominum</strong></span> <span class='ocrx_word' id='word_1_647' title='bbox 1216 4714 1446 4755; x_wconf 88' lang='lat' dir='ltr'><strong>nostrum</strong></span> <span class='ocrx_word' id='word_1_648' title='bbox 1481 4700 1777 4773; x_wconf 62' lang='lat' dir='ltr'><strong>regnantem</strong></span> 
     </span>
    </p>
   </div>
   <div class='ocr_carea' id='block_1_74' title="bbox 176 4770 1775 4839">
    <p class='ocr_par' dir='ltr' id='par_1_74' title="bbox 176 4770 1775 4839">
     <span class='ocr_line' id='line_1_74' title="bbox 176 4770 1775 4839; baseline 0.003 -13"><span class='ocrx_word' id='word_1_649' title='bbox 176 4770 285 4828; x_wconf 73' lang='lat' dir='ltr'><strong>cum</strong></span> <span class='ocrx_word' id='word_1_650' title='bbox 311 4773 500 4839; x_wconf 86' lang='lat' dir='ltr'><strong>Patre,</strong></span> <span class='ocrx_word' id='word_1_651' title='bbox 526 4782 577 4829; x_wconf 91' lang='lat' dir='ltr'><strong>et</strong></span> <span class='ocrx_word' id='word_1_652' title='bbox 597 4788 713 4826; x_wconf 87' lang='lat' dir='ltr'><strong>cum</strong></span> <span class='ocrx_word' id='word_1_653' title='bbox 742 4770 946 4839; x_wconf 87' lang='lat' dir='ltr'><strong>Spiritu</strong></span> <span class='ocrx_word' id='word_1_654' title='bbox 966 4784 1139 4826; x_wconf 88' lang='lat' dir='ltr'><strong>sancto</strong></span> <span class='ocrx_word' id='word_1_655' title='bbox 1164 4775 1214 4825; x_wconf 83' lang='lat' dir='ltr'><strong>iu</strong></span> <span class='ocrx_word' id='word_1_656' title='bbox 1235 4776 1426 4827; x_wconf 77' lang='lat' dir='ltr'><strong>strcula</strong></span> <span class='ocrx_word' id='word_1_657' title='bbox 1445 4770 1775 4832; x_wconf 51' lang='lat' dir='ltr'><strong>swc&#39;ulorum.</strong></span> 
     </span>
    </p>
   </div>
   <div class='ocr_carea' id='block_1_75' title="bbox 175 4841 1777 4915">
    <p class='ocr_par' dir='ltr' id='par_1_75' title="bbox 175 4841 1777 4915">
     <span class='ocr_line' id='line_1_75' title="bbox 175 4841 1777 4915; baseline 0.002 -18"><span class='ocrx_word' id='word_1_658' title='bbox 175 4846 351 4899; x_wconf 77' lang='lat' dir='ltr'><strong>Amen.</strong></span> <span class='ocrx_word' id='word_1_659' title='bbox 382 4847 543 4900; x_wconf 83' lang='lat' dir='ltr'><strong>Licet</strong></span> <span class='ocrx_word' id='word_1_660' title='bbox 576 4843 734 4911; x_wconf 90' lang='lat' dir='ltr'><strong>hujus</strong></span> <span class='ocrx_word' id='word_1_661' title='bbox 758 4841 1336 4915; x_wconf 71' lang='lat' dir='ltr'><strong>ltomaniLectioaarii</strong></span> <span class='ocrx_word' id='word_1_662' title='bbox 1361 4848 1651 4900; x_wconf 59' lang='lat' dir='ltr'><strong>auctoritas</strong></span> <span class='ocrx_word' id='word_1_663' title='bbox 1676 4894 1690 4915; x_wconf 82' lang='grc'>,</span> <span class='ocrx_word' id='word_1_664' title='bbox 1721 4860 1777 4903; x_wconf 91' lang='lat' dir='ltr'><strong>et</strong></span> 
     </span>
    </p>
   </div>
   <div class='ocr_carea' id='block_1_76' title="bbox 174 4912 1777 4987">
    <p class='ocr_par' dir='ltr' id='par_1_76' title="bbox 174 4912 1777 4987">
     <span class='ocr_line' id='line_1_76' title="bbox 174 4912 1777 4987; baseline 0.002 -18"><span class='ocrx_word' id='word_1_665' title='bbox 174 4919 340 4985; x_wconf 75' lang='lat' dir='ltr'><strong>stylus</strong></span> <span class='ocrx_word' id='word_1_666' title='bbox 374 4917 529 4970; x_wconf 87' lang='lat' dir='ltr'><strong>hunc</strong></span> <span class='ocrx_word' id='word_1_667' title='bbox 562 4914 721 4987; x_wconf 83' lang='lat' dir='ltr'><strong>tinem</strong></span> <span class='ocrx_word' id='word_1_668' title='bbox 754 4913 919 4987; x_wconf 86' lang='lat' dir='ltr'><strong>Leoni</strong></span> <span class='ocrx_word' id='word_1_669' title='bbox 953 4912 1289 4987; x_wconf 78' lang='lat' dir='ltr'><strong>tribuendum</strong></span> <span class='ocrx_word' id='word_1_670' title='bbox 1320 4917 1563 4981; x_wconf 86' lang='lat' dir='ltr'><strong>suadeat,</strong></span> <span class='ocrx_word' id='word_1_671' title='bbox 1596 4912 1777 4987; x_wconf 69' lang='lat' dir='ltr'><strong>vulga~</strong></span> 
     </span>
    </p>
   </div>
   <div class='ocr_carea' id='block_1_77' title="bbox 174 4984 1782 5059">
    <p class='ocr_par' dir='ltr' id='par_1_77' title="bbox 174 4984 1782 5059">
     <span class='ocr_line' id='line_1_77' title="bbox 174 4984 1782 5059; baseline 0.004 -21"><span class='ocrx_word' id='word_1_672' title='bbox 174 4984 275 5041; x_wconf 77' lang='lat' dir='ltr'><strong>tam</strong></span> <span class='ocrx_word' id='word_1_673' title='bbox 307 4986 675 5059; x_wconf 81' lang='lat' dir='ltr'><strong>nihilominus</strong></span> <span class='ocrx_word' id='word_1_674' title='bbox 703 4984 1013 5059; x_wconf 88' lang='lat' dir='ltr'><strong>lectionem,</strong></span> <span class='ocrx_word' id='word_1_675' title='bbox 1038 5000 1162 5059; x_wconf 69' lang='lat' dir='ltr'><strong>qua:</strong></span> <span class='ocrx_word' id='word_1_676' title='bbox 1186 4985 1419 5040; x_wconf 84' lang='lat' dir='ltr'><strong>Leonem</strong></span> <span class='ocrx_word' id='word_1_677' title='bbox 1444 4990 1644 5057; x_wconf 80' lang='lat' dir='ltr'><strong>pariter</strong></span> <span class='ocrx_word' id='word_1_678' title='bbox 1672 4984 1782 5059; x_wconf 53' lang='lat' dir='ltr'><strong>s&#39;pi-</strong></span> 
     </span>
    </p>
   </div>
   <div class='ocr_carea' id='block_1_78' title="bbox 170 5058 1781 5126">
    <p class='ocr_par' dir='ltr' id='par_1_78' title="bbox 170 5058 1781 5126">
     <span class='ocr_line' id='line_1_78' title="bbox 170 5058 1781 5126; baseline 0.002 -17"><span class='ocrx_word' id='word_1_679' title='bbox 170 5070 273 5117; x_wconf 81' lang='lat' dir='ltr'><strong>rat.</strong></span> <span class='ocrx_word' id='word_1_680' title='bbox 307 5068 365 5113; x_wconf 90' lang='lat' dir='ltr'><strong>et</strong></span> <span class='ocrx_word' id='word_1_681' title='bbox 396 5058 599 5126; x_wconf 84' lang='lat' dir='ltr'><strong>legitur</strong></span> <span class='ocrx_word' id='word_1_682' title='bbox 625 5059 677 5110; x_wconf 91' lang='lat' dir='ltr'><strong>in</strong></span> <span class='ocrx_word' id='word_1_683' title='bbox 709 5058 921 5110; x_wconf 70' lang='lat' dir='ltr'><strong>cmteris</strong></span> <span class='ocrx_word' id='word_1_684' title='bbox 950 5058 1222 5111; x_wconf 84' lang='lat' dir='ltr'><strong>eodtcibus</strong></span> <span class='ocrx_word' id='word_1_685' title='bbox 1260 5067 1421 5126; x_wconf 85' lang='lat' dir='ltr'><strong>atque</strong></span> <span class='ocrx_word' id='word_1_686' title='bbox 1462 5060 1513 5112; x_wconf 89' lang='lat' dir='ltr'><strong>iu</strong></span> <span class='ocrx_word' id='word_1_687' title='bbox 1565 5058 1781 5116; x_wconf 78' lang='lat' dir='ltr'><strong>Leotio-</strong></span> 
     </span>
    </p>
   </div>
   <div class='ocr_carea' id='block_1_79' title="bbox 172 5128 1780 5190">
    <p class='ocr_par' dir='ltr' id='par_1_79' title="bbox 172 5128 1780 5190">
     <span class='ocr_line' id='line_1_79' title="bbox 172 5128 1780 5190; baseline 0.004 -11"><span class='ocrx_word' id='word_1_688' title='bbox 172 5132 325 5183; x_wconf 86' lang='lat' dir='ltr'><strong>nario</strong></span> <span class='ocrx_word' id='word_1_689' title='bbox 365 5130 618 5190; x_wconf 77' lang='lat' dir='ltr'><strong>Veneto,</strong></span> <span class='ocrx_word' id='word_1_690' title='bbox 664 5128 934 5180; x_wconf 89' lang='lat' dir='ltr'><strong>noluimus</strong></span> <span class='ocrx_word' id='word_1_691' title='bbox 971 5130 1244 5182; x_wconf 87' lang='lat' dir='ltr'><strong>deserere.</strong></span> <span class='ocrx_word' id='word_1_692' title='bbox 1282 5130 1413 5181; x_wconf 82' lang='lat' dir='ltr'><strong>Cum</strong></span> <span class='ocrx_word' id='word_1_693' title='bbox 1466 5145 1592 5185; x_wconf 78' lang='lat' dir='ltr'><strong>vero</strong></span> <span class='ocrx_word' id='word_1_694' title='bbox 1639 5143 1780 5185; x_wconf 84' lang='lat' dir='ltr'><strong>tanta</strong></span> 
     </span>
    </p>
   </div>
   <div class='ocr_carea' id='block_1_80' title="bbox 170 5196 1786 5267">
    <p class='ocr_par' dir='ltr' id='par_1_80' title="bbox 170 5196 1786 5267">
     <span class='ocr_line' id='line_1_80' title="bbox 170 5196 1786 5267; baseline 0.004 -17"><span class='ocrx_word' id='word_1_695' title='bbox 170 5200 411 5255; x_wconf 75' lang='lat' dir='ltr'><strong>varietas</strong></span> <span class='ocrx_word' id='word_1_696' title='bbox 448 5198 653 5253; x_wconf 85' lang='lat' dir='ltr'><strong>Leonis</strong></span> <span class='ocrx_word' id='word_1_697' title='bbox 679 5198 877 5267; x_wconf 87' lang='lat' dir='ltr'><strong>stylum</strong></span> <span class='ocrx_word' id='word_1_698' title='bbox 907 5196 1164 5260; x_wconf 78' lang='lat' dir='ltr'><strong>referens,</strong></span> <span class='ocrx_word' id='word_1_699' title='bbox 1190 5201 1607 5256; x_wconf 84' lang='lat' dir='ltr'><strong>amanuensibus</strong></span> <span class='ocrx_word' id='word_1_700' title='bbox 1624 5202 1786 5257; x_wconf 91' lang='lat' dir='ltr'><strong>tribui</strong></span> 
     </span>
    </p>
   </div>
   <div class='ocr_carea' id='block_1_81' title="bbox 165 5268 1789 5340">
    <p class='ocr_par' dir='ltr' id='par_1_81' title="bbox 165 5268 1789 5340">
     <span class='ocr_line' id='line_1_81' title="bbox 165 5268 1789 5340; baseline -0.007 -14"><span class='ocrx_word' id='word_1_701' title='bbox 165 5282 436 5339; x_wconf 66' lang='lat' dir='ltr'><strong>nequeet,</strong></span> <span class='ocrx_word' id='word_1_702' title='bbox 476 5270 528 5322; x_wconf 89' lang='lat' dir='ltr'><strong>id</strong></span> <span class='ocrx_word' id='word_1_703' title='bbox 558 5283 725 5322; x_wconf 88' lang='lat' dir='ltr'><strong>unum</strong></span> <span class='ocrx_word' id='word_1_704' title='bbox 755 5268 882 5322; x_wconf 89' lang='lat' dir='ltr'><strong>hinc</strong></span> <span class='ocrx_word' id='word_1_705' title='bbox 910 5268 1084 5340; x_wconf 76' lang='lat' dir='ltr'><strong>colligi</strong></span> <span class='ocrx_word' id='word_1_706' title='bbox 1120 5284 1276 5335; x_wconf 84' lang='lat' dir='ltr'><strong>posse</strong></span> <span class='ocrx_word' id='word_1_707' title='bbox 1307 5272 1515 5325; x_wconf 86' lang='lat' dir='ltr'><strong>videtur</strong></span> <span class='ocrx_word' id='word_1_708' title='bbox 1554 5272 1614 5329; x_wconf 90' lang='lat' dir='ltr'><strong>S.</strong></span> <span class='ocrx_word' id='word_1_709' title='bbox 1656 5289 1789 5340; x_wconf 75' lang='grc' dir='ltr'><strong>ροη.</strong></span> 
     </span>
    </p>
   </div>
   <div class='ocr_carea' id='block_1_82' title="bbox 165 5338 1791 5406">
    <p class='ocr_par' dir='ltr' id='par_1_82' title="bbox 165 5338 1791 5406">
     <span class='ocr_line' id='line_1_82' title="bbox 165 5338 1791 5406; baseline 0.003 -11"><span class='ocrx_word' id='word_1_710' title='bbox 165 5338 375 5399; x_wconf 74' lang='lat' dir='ltr'><strong>tiﬁCem</strong></span> <span class='ocrx_word' id='word_1_711' title='bbox 416 5342 569 5394; x_wconf 84' lang='lat' dir='ltr'><strong>hunc</strong></span> <span class='ocrx_word' id='word_1_712' title='bbox 593 5354 902 5393; x_wconf 81' lang='lat' dir='ltr'><strong>Sermonem</strong></span> <span class='ocrx_word' id='word_1_713' title='bbox 932 5338 1017 5395; x_wconf 87' lang='lat' dir='ltr'><strong>bis</strong></span> <span class='ocrx_word' id='word_1_714' title='bbox 1041 5340 1329 5406; x_wconf 85' lang='lat' dir='ltr'><strong>recitasse,</strong></span> <span class='ocrx_word' id='word_1_715' title='bbox 1370 5343 1486 5395; x_wconf 89' lang='lat' dir='ltr'><strong>solo</strong></span> <span class='ocrx_word' id='word_1_716' title='bbox 1528 5343 1631 5399; x_wconf 84' lang='lat' dir='ltr'><strong>line</strong></span> <span class='ocrx_word' id='word_1_717' title='bbox 1658 5338 1791 5399; x_wconf 47' lang='lat' dir='ltr'><strong>&#39;mu-</strong></span> 
     </span>
    </p>
   </div>
   <div class='ocr_carea' id='block_1_83' title="bbox 163 5410 1788 5487">
    <p class='ocr_par' dir='ltr' id='par_1_83' title="bbox 163 5410 1788 5487">
     <span class='ocr_line' id='line_1_83' title="bbox 163 5410 1788 5487; baseline 0.004 -24"><span class='ocrx_word' id='word_1_718' title='bbox 163 5421 303 5487; x_wconf 77' lang='lat' dir='ltr'><strong>tato.</strong></span> <span class='ocrx_word' id='word_1_719' title='bbox 338 5411 578 5480; x_wconf 80' lang='lat' dir='ltr'><strong>Aliquid</strong></span> <span class='ocrx_word' id='word_1_720' title='bbox 609 5411 753 5466; x_wconf 88' lang='lat' dir='ltr'><strong>enim</strong></span> <span class='ocrx_word' id='word_1_721' title='bbox 785 5410 961 5487; x_wconf 77' lang='lat' dir='ltr'><strong>simile</strong></span> <span class='ocrx_word' id='word_1_722' title='bbox 998 5410 1117 5465; x_wconf 88' lang='lat' dir='ltr'><strong>aliis</strong></span> <span class='ocrx_word' id='word_1_723' title='bbox 1160 5411 1234 5487; x_wconf 81' lang='lat' dir='ltr'><strong>in_</strong></span> <span class='ocrx_word' id='word_1_724' title='bbox 1262 5413 1601 5487; x_wconf 75' lang='lat' dir='ltr'><strong>sertttouihus</strong></span> <span class='ocrx_word' id='word_1_725' title='bbox 1631 5457 1646 5479; x_wconf 91' lang='lat'><strong>,</strong></span> <span class='ocrx_word' id='word_1_726' title='bbox 1697 5417 1788 5487; x_wconf 89' lang='lat' dir='ltr'><strong>qui</strong></span> 
     </span>
    </p>
   </div>
   <div class='ocr_carea' id='block_1_84' title="bbox 159 5481 1789 5553">
    <p class='ocr_par' dir='ltr' id='par_1_84' title="bbox 159 5481 1789 5553">
     <span class='ocr_line' id='line_1_84' title="bbox 159 5481 1789 5553; baseline 0.002 -14"><span class='ocrx_word' id='word_1_727' title='bbox 159 5486 306 5540; x_wconf 81' lang='lat' dir='ltr'><strong>alias</strong></span> <span class='ocrx_word' id='word_1_728' title='bbox 331 5487 599 5553; x_wconf 66' lang='lat' dir='ltr'><strong>insignes</strong></span> <span class='ocrx_word' id='word_1_729' title='bbox 619 5482 945 5553; x_wconf 87' lang='lat' dir='ltr'><strong>mutationes</strong></span> <span class='ocrx_word' id='word_1_730' title='bbox 961 5481 1420 5551; x_wconf 76' lang='lat' dir='ltr'><strong>prmstantissimis</strong></span> <span class='ocrx_word' id='word_1_731' title='bbox 1439 5481 1789 5542; x_wconf 59' lang='lat' dir='ltr'><strong>Leotionar&#39;iis</strong></span> 
     </span>
    </p>
   </div>
   <div class='ocr_carea' id='block_1_85' title="bbox 157 5552 1789 5625">
    <p class='ocr_par' dir='ltr' id='par_1_85' title="bbox 157 5552 1789 5625">
     <span class='ocr_line' id='line_1_85' title="bbox 157 5552 1789 5625; baseline 0 -13"><span class='ocrx_word' id='word_1_732' title='bbox 157 5570 307 5612; x_wconf 82' lang='lat' dir='ltr'><strong>mss.</strong></span> <span class='ocrx_word' id='word_1_733' title='bbox 342 5552 620 5625; x_wconf 82' lang='lat' dir='ltr'><strong>probatas</strong></span> <span class='ocrx_word' id='word_1_734' title='bbox 645 5552 936 5625; x_wconf 71' lang='lat' dir='ltr'><strong>exhibent.</strong></span> <span class='ocrx_word' id='word_1_735' title='bbox 986 5553 1249 5608; x_wconf 88' lang='lat' dir='ltr'><strong>accidisse</strong></span> <span class='ocrx_word' id='word_1_736' title='bbox 1302 5556 1789 5624; x_wconf 75' lang='lat' dir='ltr'><strong>proliabtlissimum</strong></span> 
     </span>
    </p>
   </div>
   <div class='ocr_carea' id='block_1_86' title="bbox 154 5622 1788 5693">
    <p class='ocr_par' dir='ltr' id='par_1_86' title="bbox 154 5622 1788 5693">
     <span class='ocr_line' id='line_1_86' title="bbox 154 5622 1788 5693; baseline 0 -9"><span class='ocrx_word' id='word_1_737' title='bbox 154 5640 270 5684; x_wconf 72' lang='lat' dir='ltr'><strong>est.</strong></span> <span class='ocrx_word' id='word_1_738' title='bbox 305 5622 533 5683; x_wconf 68' lang='lat' dir='ltr'><strong>Confer</strong></span> <span class='ocrx_word' id='word_1_739' title='bbox 563 5639 729 5679; x_wconf 85' lang='lat' dir='ltr'><strong>serm.</strong></span> <span class='ocrx_word' id='word_1_740' title='bbox 755 5622 861 5689; x_wconf 71' lang='lat'><strong>‘22,</strong></span> <span class='ocrx_word' id='word_1_741' title='bbox 897 5626 947 5677; x_wconf 91' lang='lat' dir='ltr'><strong>in</strong></span> <span class='ocrx_word' id='word_1_742' title='bbox 988 5639 1094 5693; x_wconf 88' lang='lat' dir='ltr'><strong>quo</strong></span> <span class='ocrx_word' id='word_1_743' title='bbox 1136 5622 1527 5681; x_wconf 78' lang='lat' dir='ltr'><strong>Lectionariunt</strong></span> <span class='ocrx_word' id='word_1_744' title='bbox 1573 5628 1788 5684; x_wconf 76' lang='lat' dir='ltr'><strong>Vercel-</strong></span> 
     </span>
    </p>
   </div>
   <div class='ocr_carea' id='block_1_87' title="bbox 157 5695 1791 5769">
    <p class='ocr_par' dir='ltr' id='par_1_87' title="bbox 157 5695 1791 5769">
     <span class='ocr_line' id='line_1_87' title="bbox 157 5695 1791 5769; baseline 0.001 -14"><span class='ocrx_word' id='word_1_745' title='bbox 157 5698 328 5755; x_wconf 78' lang='lat' dir='ltr'><strong>lense</strong></span> <span class='ocrx_word' id='word_1_746' title='bbox 367 5708 437 5754; x_wconf 83' lang='lat' dir='ltr'><strong>et</strong></span> <span class='ocrx_word' id='word_1_747' title='bbox 483 5696 855 5769; x_wconf 76' lang='lat' dir='ltr'><strong>Homiliariutu</strong></span> <span class='ocrx_word' id='word_1_748' title='bbox 887 5695 1035 5769; x_wconf 87' lang='lat' dir='ltr'><strong>Pauli</strong></span> <span class='ocrx_word' id='word_1_749' title='bbox 1066 5697 1283 5751; x_wconf 86' lang='lat' dir='ltr'><strong>Diaconi</strong></span> <span class='ocrx_word' id='word_1_750' title='bbox 1314 5715 1418 5752; x_wconf 87' lang='lat' dir='ltr'><strong>non</strong></span> <span class='ocrx_word' id='word_1_751' title='bbox 1447 5702 1693 5769; x_wconf 84' lang='lat' dir='ltr'><strong>exiguam</strong></span> <span class='ocrx_word' id='word_1_752' title='bbox 1724 5704 1791 5757; x_wconf 90' lang='lat' dir='ltr'><strong>ab</strong></span> 
     </span>
    </p>
   </div>
   <div class='ocr_carea' id='block_1_88' title="bbox 157 5767 1793 5841">
    <p class='ocr_par' dir='ltr' id='par_1_88' title="bbox 157 5767 1793 5841">
     <span class='ocr_line' id='line_1_88' title="bbox 157 5767 1793 5841; baseline -0.001 -13"><span class='ocrx_word' id='word_1_753' title='bbox 157 5771 337 5827; x_wconf 78' lang='lat' dir='ltr'><strong>editis</strong></span> <span class='ocrx_word' id='word_1_754' title='bbox 363 5771 613 5841; x_wconf 83' lang='lat' dir='ltr'><strong>aliisque</strong></span> <span class='ocrx_word' id='word_1_755' title='bbox 630 5767 910 5824; x_wconf 86' lang='lat' dir='ltr'><strong>codicibus</strong></span> <span class='ocrx_word' id='word_1_756' title='bbox 931 5768 1243 5841; x_wconf 77' lang='lat' dir='ltr'><strong>varietatem</strong></span> <span class='ocrx_word' id='word_1_757' title='bbox 1274 5767 1582 5838; x_wconf 60' lang='lat' dir='ltr'><strong>praeierunt,</strong></span> <span class='ocrx_word' id='word_1_758' title='bbox 1607 5782 1667 5828; x_wconf 90' lang='lat' dir='ltr'><strong>ut</strong></span> <span class='ocrx_word' id='word_1_759' title='bbox 1692 5772 1793 5827; x_wconf 82' lang='lat' dir='ltr'><strong>ibi-</strong></span> 
     </span>
    </p>
   </div>
   <div class='ocr_carea' id='block_1_89' title="bbox 161 5839 1791 5913">
    <p class='ocr_par' dir='ltr' id='par_1_89' title="bbox 161 5839 1791 5913">
     <span class='ocr_line' id='line_1_89' title="bbox 161 5839 1791 5913; baseline -0.001 -13"><span class='ocrx_word' id='word_1_760' title='bbox 161 5842 301 5901; x_wconf 70' lang='lat' dir='ltr'><strong>lem</strong></span> <span class='ocrx_word' id='word_1_761' title='bbox 348 5839 780 5907; x_wconf 75' lang='lat' dir='ltr'><strong>observavimus</strong></span> <span class='ocrx_word' id='word_1_762' title='bbox 816 5848 1000 5896; x_wconf 91' lang='lat' dir='ltr'><strong>annot.</strong></span> <span class='ocrx_word' id='word_1_763' title='bbox 1041 5840 1092 5896; x_wconf 86' lang='grc'><strong>1.</strong></span> <span class='ocrx_word' id='word_1_764' title='bbox 1124 5839 1199 5896; x_wconf 87' lang='lat' dir='ltr'><strong>Ita</strong></span> <span class='ocrx_word' id='word_1_765' title='bbox 1230 5842 1391 5898; x_wconf 83' lang='lat' dir='ltr'><strong>etiam</strong></span> <span class='ocrx_word' id='word_1_766' title='bbox 1420 5857 1583 5900; x_wconf 86' lang='lat' dir='ltr'><strong>serm.</strong></span> <span class='ocrx_word' id='word_1_767' title='bbox 1613 5844 1703 5913; x_wconf 85' lang='lat'><strong>59,</strong></span> <span class='ocrx_word' id='word_1_768' title='bbox 1740 5861 1791 5901; x_wconf 91' lang='lat' dir='ltr'><strong>c.</strong></span> 
     </span>
    </p>
   </div>
   <div class='ocr_carea' id='block_1_90' title="bbox 1862 3711 3463 3783">
    <p class='ocr_par' dir='ltr' id='par_1_90' title="bbox 1862 3711 3463 3783">
     <span class='ocr_line' id='line_1_90' title="bbox 1862 3711 3463 3783; baseline 0 -20"><span class='ocrx_word' id='word_1_769' title='bbox 1862 3719 1917 3763; x_wconf 88' lang='lat' dir='ltr'><strong>et</strong></span> <span class='ocrx_word' id='word_1_770' title='bbox 1950 3712 2275 3783; x_wconf 73' lang='lat' dir='ltr'><strong>posteriores</strong></span> <span class='ocrx_word' id='word_1_771' title='bbox 2300 3713 2485 3777; x_wconf 86' lang='lat' dir='ltr'><strong>codd.,</strong></span> <span class='ocrx_word' id='word_1_772' title='bbox 2510 3712 2699 3783; x_wconf 83' lang='lat' dir='ltr'><strong>vigoris</strong></span> <span class='ocrx_word' id='word_1_773' title='bbox 2725 3722 2797 3765; x_wconf 85' lang='lat' dir='ltr'><strong>est</strong></span> <span class='ocrx_word' id='word_1_774' title='bbox 2820 3713 2981 3765; x_wconf 86' lang='lat' dir='ltr'><strong>nostri</strong></span> <span class='ocrx_word' id='word_1_775' title='bbox 3018 3711 3276 3781; x_wconf 81' lang='lat' dir='ltr'><strong>reparatio</strong></span> <span class='ocrx_word' id='word_1_776' title='bbox 3314 3711 3463 3783; x_wconf 68' lang='lat' dir='ltr'><strong>insti-</strong></span> 
     </span>
    </p>
   </div>
   <div class='ocr_carea' id='block_1_91' title="bbox 1863 3781 3462 3864">
    <p class='ocr_par' dir='ltr' id='par_1_91' title="bbox 1863 3781 3462 3864">
     <span class='ocr_line' id='line_1_91' title="bbox 1863 3781 3462 3864; baseline 0.004 -32"><span class='ocrx_word' id='word_1_777' title='bbox 1863 3789 1995 3864; x_wconf 74' lang='lat' dir='ltr'><strong>tuta.</strong></span> <span class='ocrx_word' id='word_1_778' title='bbox 2024 3781 2187 3852; x_wconf 83' lang='lat' dir='ltr'><strong>Magis</strong></span> <span class='ocrx_word' id='word_1_779' title='bbox 2213 3781 2450 3838; x_wconf 90' lang='lat' dir='ltr'><strong>Le0nina</strong></span> <span class='ocrx_word' id='word_1_780' title='bbox 2480 3781 2590 3836; x_wconf 82' lang='lat' dir='ltr'><strong>visa</strong></span> <span class='ocrx_word' id='word_1_781' title='bbox 2622 3792 2704 3838; x_wconf 87' lang='lat' dir='ltr'><strong>est</strong></span> <span class='ocrx_word' id='word_1_782' title='bbox 2730 3784 2976 3854; x_wconf 80' lang='lat' dir='ltr'><strong>syntaxis</strong></span> <span class='ocrx_word' id='word_1_783' title='bbox 3002 3783 3329 3839; x_wconf 84' lang='lat' dir='ltr'><strong>Lectionarii</strong></span> <span class='ocrx_word' id='word_1_784' title='bbox 3361 3781 3462 3838; x_wconf 82' lang='lat' dir='ltr'><strong>Ve-</strong></span> 
     </span>
    </p>
   </div>
   <div class='ocr_carea' id='block_1_92' title="bbox 1865 3867 1996 3908">
    <p class='ocr_par' dir='ltr' id='par_1_92' title="bbox 1865 3867 1996 3908">
     <span class='ocr_line' id='line_1_92' title="bbox 1865 3867 1996 3908; baseline 0 -1"><span class='ocrx_word' id='word_1_785' title='bbox 1865 3867 1996 3908; x_wconf 91' lang='lat' dir='ltr'><strong>neu.</strong></span> 
     </span>
    </p>
   </div>
   <div class='ocr_carea' id='block_1_93' title="bbox 1935 3923 2710 3992">
    <p class='ocr_par' dir='ltr' id='par_1_93' title="bbox 1935 3923 2710 3992">
     <span class='ocr_line' id='line_1_93' title="bbox 1935 3923 2710 3992; baseline 0 -14"><span class='ocrx_word' id='word_1_786' title='bbox 1935 3923 1963 3961; x_wconf 71' lang='grc' dir='ltr'><em>ά</em></span> <span class='ocrx_word' id='word_1_787' title='bbox 1995 3925 2173 3980; x_wconf 85' lang='lat' dir='ltr'><strong>Prima</strong></span> <span class='ocrx_word' id='word_1_788' title='bbox 2202 3926 2387 3989; x_wconf 88' lang='lat' dir='ltr'><strong>editio,</strong></span> <span class='ocrx_word' id='word_1_789' title='bbox 2421 3941 2710 3992; x_wconf 82' lang='lat' dir='ltr'><strong>reposcam.</strong></span> 
     </span>
    </p>
   </div>
   <div class='ocr_carea' id='block_1_94' title="bbox 1942 3996 3464 4067">
    <p class='ocr_par' dir='ltr' id='par_1_94' title="bbox 1942 3996 3464 4067">
     <span class='ocr_line' id='line_1_94' title="bbox 1942 3996 3464 4067; baseline 0.001 -16"><span class='ocrx_word' id='word_1_790' title='bbox 1942 4005 1965 4033; x_wconf 81' lang='lat'><strong><em>°</em></strong></span> <span class='ocrx_word' id='word_1_791' title='bbox 1998 3996 2307 4067; x_wconf 82' lang='lat' dir='ltr'><strong>Legendum</strong></span> <span class='ocrx_word' id='word_1_792' title='bbox 2342 3998 2501 4061; x_wconf 80' lang='lat' dir='ltr'><strong>forte,</strong></span> <span class='ocrx_word' id='word_1_793' title='bbox 2536 3998 2857 4067; x_wconf 83' lang='lat' dir='ltr'><strong>inopinatum</strong></span> <span class='ocrx_word' id='word_1_794' title='bbox 2879 4036 2894 4063; x_wconf 94' lang='lat'><strong>,</strong></span> <span class='ocrx_word' id='word_1_795' title='bbox 2927 4012 3033 4052; x_wconf 90' lang='lat' dir='ltr'><strong>non</strong></span> <span class='ocrx_word' id='word_1_796' title='bbox 3075 3997 3464 4066; x_wconf 86' lang='lat' dir='ltr'><strong>inordinatum,</strong></span> 
     </span>
    </p>
   </div>
   <div class='ocr_carea' id='block_1_95' title="bbox 1868 4068 3464 4137">
    <p class='ocr_par' dir='ltr' id='par_1_95' title="bbox 1868 4068 3464 4137">
     <span class='ocr_line' id='line_1_95' title="bbox 1868 4068 3464 4137; baseline 0.002 -16"><span class='ocrx_word' id='word_1_797' title='bbox 1868 4068 1993 4121; x_wconf 91' lang='lat' dir='ltr'><strong>olim</strong></span> <span class='ocrx_word' id='word_1_798' title='bbox 2026 4068 2409 4137; x_wconf 91' lang='lat' dir='ltr'><strong>conjectaram.</strong></span> <span class='ocrx_word' id='word_1_799' title='bbox 2437 4070 2507 4123; x_wconf 82' lang='lat' dir='ltr'><strong>At</strong></span> <span class='ocrx_word' id='word_1_800' title='bbox 2531 4069 2915 4135; x_wconf 87' lang='lat' dir='ltr'><strong>conjectationi</strong></span> <span class='ocrx_word' id='word_1_801' title='bbox 2948 4069 3110 4124; x_wconf 92' lang='lat' dir='ltr'><strong>modo</strong></span> <span class='ocrx_word' id='word_1_802' title='bbox 3142 4085 3249 4125; x_wconf 89' lang='lat' dir='ltr'><strong>non</strong></span> <span class='ocrx_word' id='word_1_803' title='bbox 3278 4085 3464 4137; x_wconf 87' lang='lat' dir='ltr'><strong>parum</strong></span> 
     </span>
    </p>
   </div>
   <div class='ocr_carea' id='block_1_96' title="bbox 1869 4138 3467 4210">
    <p class='ocr_par' dir='ltr' id='par_1_96' title="bbox 1869 4138 3467 4210">
     <span class='ocr_line' id='line_1_96' title="bbox 1869 4138 3467 4210; baseline 0.001 -18"><span class='ocrx_word' id='word_1_804' title='bbox 1869 4138 2134 4204; x_wconf 88' lang='lat' dir='ltr'><strong>detraho,</strong></span> <span class='ocrx_word' id='word_1_805' title='bbox 2170 4150 2278 4192; x_wconf 89' lang='lat' dir='ltr'><strong>tum</strong></span> <span class='ocrx_word' id='word_1_806' title='bbox 2319 4140 2464 4209; x_wconf 91' lang='lat' dir='ltr'><strong>quod</strong></span> <span class='ocrx_word' id='word_1_807' title='bbox 2509 4156 2611 4193; x_wconf 79' lang='lat' dir='ltr'><strong>vox</strong></span> <span class='ocrx_word' id='word_1_808' title='bbox 2655 4141 2753 4194; x_wconf 91' lang='lat' dir='ltr'><strong>ista</strong></span> <span class='ocrx_word' id='word_1_809' title='bbox 2781 4149 3162 4210; x_wconf 80' lang='lat' dir='ltr'><strong>congruentem</strong></span> <span class='ocrx_word' id='word_1_810' title='bbox 3197 4142 3317 4194; x_wconf 90' lang='lat' dir='ltr'><strong>huic</strong></span> <span class='ocrx_word' id='word_1_811' title='bbox 3345 4142 3467 4194; x_wconf 89' lang='lat' dir='ltr'><strong>loco</strong></span> 
     </span>
    </p>
   </div>
   <div class='ocr_carea' id='block_1_97' title="bbox 1872 4210 3468 4280">
    <p class='ocr_par' dir='ltr' id='par_1_97' title="bbox 1872 4210 3468 4280">
     <span class='ocr_line' id='line_1_97' title="bbox 1872 4210 3468 4280; baseline 0.001 -17"><span class='ocrx_word' id='word_1_812' title='bbox 1872 4225 1970 4278; x_wconf 88' lang='lat' dir='ltr'><strong>per</strong></span> <span class='ocrx_word' id='word_1_813' title='bbox 1998 4226 2058 4265; x_wconf 89' lang='lat' dir='ltr'><strong>se</strong></span> <span class='ocrx_word' id='word_1_814' title='bbox 2089 4212 2447 4278; x_wconf 82' lang='lat' dir='ltr'><strong>signiﬁcatum</strong></span> <span class='ocrx_word' id='word_1_815' title='bbox 2474 4210 2654 4274; x_wconf 88' lang='lat' dir='ltr'><strong>habet,</strong></span> <span class='ocrx_word' id='word_1_816' title='bbox 2692 4221 2802 4265; x_wconf 90' lang='lat' dir='ltr'><strong>tum</strong></span> <span class='ocrx_word' id='word_1_817' title='bbox 2844 4211 2986 4280; x_wconf 91' lang='lat' dir='ltr'><strong>quod</strong></span> <span class='ocrx_word' id='word_1_818' title='bbox 3016 4227 3074 4266; x_wconf 89' lang='lat' dir='ltr'><strong>se</strong></span> <span class='ocrx_word' id='word_1_819' title='bbox 3120 4211 3233 4279; x_wconf 90' lang='lat' dir='ltr'><strong>ipse</strong></span> <span class='ocrx_word' id='word_1_820' title='bbox 3276 4211 3468 4280; x_wconf 86' lang='lat' dir='ltr'><strong>doctor</strong></span> 
     </span>
    </p>
   </div>
   <div class='ocr_carea' id='block_1_98' title="bbox 1871 4279 3472 4351">
    <p class='ocr_par' dir='ltr' id='par_1_98' title="bbox 1871 4279 3472 4351">
     <span class='ocr_line' id='line_1_98' title="bbox 1871 4279 3472 4351; baseline 0.001 -16"><span class='ocrx_word' id='word_1_821' title='bbox 1871 4291 2057 4335; x_wconf 70' lang='lat' dir='ltr'><strong>noster</strong></span> <span class='ocrx_word' id='word_1_822' title='bbox 2082 4283 2315 4349; x_wconf 84' lang='lat' dir='ltr'><strong>explicat</strong></span> <span class='ocrx_word' id='word_1_823' title='bbox 2344 4283 2439 4335; x_wconf 89' lang='lat' dir='ltr'><strong>tib.</strong></span> <span class='ocrx_word' id='word_1_824' title='bbox 2472 4298 2509 4335; x_wconf 88' lang='lat' dir='ltr'><strong>ll</strong></span> <span class='ocrx_word' id='word_1_825' title='bbox 2540 4282 2607 4335; x_wconf 91' lang='lat' dir='ltr'><strong>de</strong></span> <span class='ocrx_word' id='word_1_826' title='bbox 2637 4281 2825 4336; x_wconf 80' lang='lat' dir='ltr'><strong>Vocat.</strong></span> <span class='ocrx_word' id='word_1_827' title='bbox 2861 4279 3099 4351; x_wconf 87' lang='lat' dir='ltr'><strong>gentium</strong></span> <span class='ocrx_word' id='word_1_828' title='bbox 3120 4295 3239 4347; x_wconf 89' lang='lat' dir='ltr'><strong>cap.</strong></span> <span class='ocrx_word' id='word_1_829' title='bbox 3268 4279 3360 4349; x_wconf 71' lang='lat' dir='ltr'><strong>2t,</strong></span> <span class='ocrx_word' id='word_1_830' title='bbox 3388 4281 3472 4336; x_wconf 90' lang='lat' dir='ltr'><strong>his</strong></span> 
     </span>
    </p>
   </div>
   <div class='ocr_carea' id='block_1_99' title="bbox 1873 4352 3472 4423">
    <p class='ocr_par' dir='ltr' id='par_1_99' title="bbox 1873 4352 3472 4423">
     <span class='ocr_line' id='line_1_99' title="bbox 1873 4352 3472 4423; baseline 0.001 -18"><span class='ocrx_word' id='word_1_831' title='bbox 1873 4352 1995 4405; x_wconf 91' lang='lat' dir='ltr'><strong>aliis</strong></span> <span class='ocrx_word' id='word_1_832' title='bbox 2028 4352 2204 4406; x_wconf 90' lang='lat' dir='ltr'><strong>verbis</strong></span> <span class='ocrx_word' id='word_1_833' title='bbox 2238 4354 2375 4405; x_wconf 79' lang='lat' dir='ltr'><strong>idem</strong></span> <span class='ocrx_word' id='word_1_834' title='bbox 2401 4355 2688 4422; x_wconf 84' lang='lat' dir='ltr'><strong>cogitatum</strong></span> <span class='ocrx_word' id='word_1_835' title='bbox 2733 4352 3127 4407; x_wconf 84' lang='lat' dir='ltr'><strong>referentibus:</strong></span> <span class='ocrx_word' id='word_1_836' title='bbox 3164 4352 3314 4418; x_wconf 84' lang='lat' dir='ltr'><strong>Quod</strong></span> <span class='ocrx_word' id='word_1_837' title='bbox 3352 4369 3472 4423; x_wconf 81' lang='lat' dir='ltr'><strong>ergo</strong></span> 
     </span>
    </p>
   </div>
   <div class='ocr_carea' id='block_1_100' title="bbox 1873 4423 3481 4492">
    <p class='ocr_par' dir='ltr' id='par_1_100' title="bbox 1873 4423 3481 4492">
     <span class='ocr_line' id='line_1_100' title="bbox 1873 4423 3481 4492; baseline -0.001 -16"><span class='ocrx_word' id='word_1_838' title='bbox 1873 4424 1937 4476; x_wconf 89' lang='lat' dir='ltr'><strong>ab</strong></span> <span class='ocrx_word' id='word_1_839' title='bbox 1968 4423 2116 4475; x_wconf 83' lang='lat' dir='ltr'><strong>initio</strong></span> <span class='ocrx_word' id='word_1_840' title='bbox 2148 4424 2363 4478; x_wconf 86' lang='lat' dir='ltr'><strong>mortale</strong></span> <span class='ocrx_word' id='word_1_841' title='bbox 2392 4433 2490 4490; x_wconf 88' lang='lat' dir='ltr'><strong>est,</strong></span> <span class='ocrx_word' id='word_1_842' title='bbox 2520 4424 2743 4492; x_wconf 87' lang='lat' dir='ltr'><strong>qualibet</strong></span> <span class='ocrx_word' id='word_1_843' title='bbox 2773 4424 2973 4477; x_wconf 88' lang='lat' dir='ltr'><strong>occidat</strong></span> <span class='ocrx_word' id='word_1_844' title='bbox 3004 4424 3119 4488; x_wconf 90' lang='lat' dir='ltr'><strong>die,</strong></span> <span class='ocrx_word' id='word_1_845' title='bbox 3153 4439 3255 4475; x_wconf 85' lang='lat' dir='ltr'><strong>non</strong></span> <span class='ocrx_word' id='word_1_846' title='bbox 3298 4437 3481 4477; x_wconf 85' lang='lat' dir='ltr'><strong>contra</strong></span> 
     </span>
    </p>
   </div>
   <div class='ocr_carea' id='block_1_101' title="bbox 1877 4494 3479 4565">
    <p class='ocr_par' dir='ltr' id='par_1_101' title="bbox 1877 4494 3479 4565">
     <span class='ocr_line' id='line_1_101' title="bbox 1877 4494 3479 4565; baseline 0.002 -19"><span class='ocrx_word' id='word_1_847' title='bbox 1877 4494 2037 4565; x_wconf 83' lang='lat' dir='ltr'><strong>legem</strong></span> <span class='ocrx_word' id='word_1_848' title='bbox 2066 4496 2392 4549; x_wconf 77' lang='lat' dir='ltr'><strong>mortalitatis</strong></span> <span class='ocrx_word' id='word_1_849' title='bbox 2422 4494 2689 4558; x_wconf 88' lang='lat' dir='ltr'><strong>occumbit,</strong></span> <span class='ocrx_word' id='word_1_850' title='bbox 2715 4511 2804 4548; x_wconf 83' lang='lat' dir='ltr'><strong>nec</strong></span> <span class='ocrx_word' id='word_1_851' title='bbox 2824 4511 3065 4563; x_wconf 79' lang='lat' dir='ltr'><strong>umquam</strong></span> <span class='ocrx_word' id='word_1_852' title='bbox 3095 4496 3140 4547; x_wconf 89' lang='lat' dir='ltr'><strong>ei</strong></span> <span class='ocrx_word' id='word_1_853' title='bbox 3166 4494 3381 4548; x_wconf 85' lang='lat' dir='ltr'><strong>vicinius</strong></span> <span class='ocrx_word' id='word_1_854' title='bbox 3404 4502 3479 4549; x_wconf 81' lang='lat' dir='ltr'><strong>est</strong></span> 
     </span>
    </p>
   </div>
   <div class='ocr_carea' id='block_1_102' title="bbox 1877 4564 3479 4635">
    <p class='ocr_par' dir='ltr' id='par_1_102' title="bbox 1877 4564 3479 4635">
     <span class='ocr_line' id='line_1_102' title="bbox 1877 4564 3479 4635; baseline 0.002 -17"><span class='ocrx_word' id='word_1_855' title='bbox 1877 4564 2025 4635; x_wconf 84' lang='lat' dir='ltr'><strong>posse</strong></span> <span class='ocrx_word' id='word_1_856' title='bbox 2054 4567 2230 4627; x_wconf 81' lang='lat' dir='ltr'><strong>vivere,</strong></span> <span class='ocrx_word' id='word_1_857' title='bbox 2266 4583 2418 4632; x_wconf 88' lang='lat' dir='ltr'><strong>quam</strong></span> <span class='ocrx_word' id='word_1_858' title='bbox 2454 4582 2599 4633; x_wconf 86' lang='lat' dir='ltr'><strong>posse</strong></span> <span class='ocrx_word' id='word_1_859' title='bbox 2642 4566 2874 4634; x_wconf 81' lang='lat' dir='ltr'><strong>deﬁcere.</strong></span> <span class='ocrx_word' id='word_1_860' title='bbox 2918 4565 3087 4633; x_wconf 84' lang='lat' dir='ltr'><strong>Quem</strong></span> <span class='ocrx_word' id='word_1_861' title='bbox 3129 4564 3272 4618; x_wconf 90' lang='lat' dir='ltr'><strong>cnim</strong></span> <span class='ocrx_word' id='word_1_862' title='bbox 3317 4565 3479 4621; x_wconf 88' lang='lat' dir='ltr'><strong>linem</strong></span> 
     </span>
    </p>
   </div>
   <div class='ocr_carea' id='block_1_103' title="bbox 1879 4635 3483 4706">
    <p class='ocr_par' dir='ltr' id='par_1_103' title="bbox 1879 4635 3483 4706">
     <span class='ocr_line' id='line_1_103' title="bbox 1879 4635 3483 4706; baseline 0 -15"><span class='ocrx_word' id='word_1_863' title='bbox 1879 4638 1931 4691; x_wconf 90' lang='lat' dir='ltr'><strong>in</strong></span> <span class='ocrx_word' id='word_1_864' title='bbox 1977 4638 2228 4706; x_wconf 74' lang='lat' dir='ltr'><strong>prmsenti</strong></span> <span class='ocrx_word' id='word_1_865' title='bbox 2270 4652 2519 4691; x_wconf 88' lang='lat' dir='ltr'><strong>sermone</strong></span> <span class='ocrx_word' id='word_1_866' title='bbox 2558 4637 2907 4689; x_wconf 85' lang='lat' dir='ltr'><strong>inordinatum</strong></span> <span class='ocrx_word' id='word_1_867' title='bbox 2944 4636 3108 4701; x_wconf 92' lang='lat' dir='ltr'><strong>dicit,</strong></span> <span class='ocrx_word' id='word_1_868' title='bbox 3152 4635 3263 4690; x_wconf 89' lang='lat' dir='ltr'><strong>illic</strong></span> <span class='ocrx_word' id='word_1_869' title='bbox 3302 4648 3483 4691; x_wconf 84' lang='lat' dir='ltr'><strong>contra</strong></span> 
     </span>
    </p>
   </div>
   <div class='ocr_carea' id='block_1_104' title="bbox 1883 4706 3482 4777">
    <p class='ocr_par' dir='ltr' id='par_1_104' title="bbox 1883 4706 3482 4777">
     <span class='ocr_line' id='line_1_104' title="bbox 1883 4706 3482 4777; baseline 0 -16"><span class='ocrx_word' id='word_1_870' title='bbox 1883 4708 2047 4777; x_wconf 85' lang='lat' dir='ltr'><strong>legem</strong></span> <span class='ocrx_word' id='word_1_871' title='bbox 2091 4710 2418 4761; x_wconf 85' lang='lat' dir='ltr'><strong>mortalitatis</strong></span> <span class='ocrx_word' id='word_1_872' title='bbox 2460 4707 2713 4775; x_wconf 82' lang='lat' dir='ltr'><strong>appellat.</strong></span> <span class='ocrx_word' id='word_1_873' title='bbox 2758 4707 3238 4777; x_wconf 38' lang='lat' dir='ltr'><strong>Quesuuwss—</strong></span> <span class='ocrx_word' id='word_1_874' title='bbox 3269 4706 3482 4761; x_wconf 83' lang='lat' dir='ltr'><strong>Putavit</strong></span> 
     </span>
    </p>
   </div>
   <div class='ocr_carea' id='block_1_105' title="bbox 1884 4776 3482 4849">
    <p class='ocr_par' dir='ltr' id='par_1_105' title="bbox 1884 4776 3482 4849">
     <span class='ocr_line' id='line_1_105' title="bbox 1884 4776 3482 4849; baseline 0.002 -19"><span class='ocrx_word' id='word_1_875' title='bbox 1884 4776 2206 4846; x_wconf 87' lang='lat' dir='ltr'><strong>Quesnellus</strong></span> <span class='ocrx_word' id='word_1_876' title='bbox 2236 4784 2284 4833; x_wconf 90' lang='lat' dir='ltr'><strong>in</strong></span> <span class='ocrx_word' id='word_1_877' title='bbox 2320 4780 2418 4834; x_wconf 91' lang='lat' dir='ltr'><strong>hac</strong></span> <span class='ocrx_word' id='word_1_878' title='bbox 2447 4779 2796 4833; x_wconf 89' lang='lat' dir='ltr'><strong>annotatioue</strong></span> <span class='ocrx_word' id='word_1_879' title='bbox 2826 4779 2991 4833; x_wconf 85' lang='lat' dir='ltr'><strong>libros</strong></span> <span class='ocrx_word' id='word_1_880' title='bbox 3020 4780 3087 4833; x_wconf 91' lang='lat' dir='ltr'><strong>de</strong></span> <span class='ocrx_word' id='word_1_881' title='bbox 3117 4776 3306 4832; x_wconf 75' lang='lat' dir='ltr'><strong>Vocat.</strong></span> <span class='ocrx_word' id='word_1_882' title='bbox 3348 4794 3482 4849; x_wconf 84' lang='lat' dir='ltr'><strong>gen-</strong></span> 
     </span>
    </p>
   </div>
   <div class='ocr_carea' id='block_1_106' title="bbox 1889 4849 3487 4915">
    <p class='ocr_par' dir='ltr' id='par_1_106' title="bbox 1889 4849 3487 4915">
     <span class='ocr_line' id='line_1_106' title="bbox 1889 4849 3487 4915; baseline 0.001 -13"><span class='ocrx_word' id='word_1_883' title='bbox 1889 4854 2019 4903; x_wconf 89' lang='lat' dir='ltr'><strong>tium</strong></span> <span class='ocrx_word' id='word_1_884' title='bbox 2047 4865 2167 4905; x_wconf 89' lang='lat' dir='ltr'><strong>esse</strong></span> <span class='ocrx_word' id='word_1_885' title='bbox 2195 4851 2411 4915; x_wconf 82' lang='lat' dir='ltr'><strong>Leonis,</strong></span> <span class='ocrx_word' id='word_1_886' title='bbox 2444 4864 2565 4903; x_wconf 88' lang='lat' dir='ltr'><strong>cum</strong></span> <span class='ocrx_word' id='word_1_887' title='bbox 2599 4858 2776 4903; x_wconf 88' lang='lat' dir='ltr'><strong>tamen</strong></span> <span class='ocrx_word' id='word_1_888' title='bbox 2818 4850 3042 4904; x_wconf 88' lang='lat' dir='ltr'><strong>alterius</strong></span> <span class='ocrx_word' id='word_1_889' title='bbox 3070 4849 3263 4904; x_wconf 90' lang='lat' dir='ltr'><strong>incerti</strong></span> <span class='ocrx_word' id='word_1_890' title='bbox 3301 4858 3487 4903; x_wconf 81' lang='lat' dir='ltr'><strong>aucto-</strong></span> 
     </span>
    </p>
   </div>
   <div class='ocr_carea' id='block_1_107' title="bbox 1888 4920 3485 4984">
    <p class='ocr_par' dir='ltr' id='par_1_107' title="bbox 1888 4920 3485 4984">
     <span class='ocr_line' id='line_1_107' title="bbox 1888 4920 3485 4984; baseline 0 -9"><span class='ocrx_word' id='word_1_891' title='bbox 1888 4922 1961 4975; x_wconf 90' lang='lat' dir='ltr'><strong>ris</strong></span> <span class='ocrx_word' id='word_1_892' title='bbox 1989 4923 2118 4984; x_wconf 87' lang='lat' dir='ltr'><strong>sint,</strong></span> <span class='ocrx_word' id='word_1_893' title='bbox 2151 4931 2210 4975; x_wconf 92' lang='lat' dir='ltr'><strong>ut</strong></span> <span class='ocrx_word' id='word_1_894' title='bbox 2236 4923 2360 4975; x_wconf 87' lang='lat' dir='ltr'><strong>alibi</strong></span> <span class='ocrx_word' id='word_1_895' title='bbox 2390 4920 2903 4975; x_wconf 85' lang='lat' dir='ltr'><strong>demonstrabimus.</strong></span> <span class='ocrx_word' id='word_1_896' title='bbox 2932 4921 3134 4975; x_wconf 87' lang='lat' dir='ltr'><strong>Omnes</strong></span> <span class='ocrx_word' id='word_1_897' title='bbox 3165 4928 3347 4976; x_wconf 89' lang='lat' dir='ltr'><strong>tamen</strong></span> <span class='ocrx_word' id='word_1_898' title='bbox 3386 4937 3485 4975; x_wconf 89' lang='lat' dir='ltr'><strong>no-</strong></span> 
     </span>
    </p>
   </div>
   <div class='ocr_carea' id='block_1_108' title="bbox 1888 4991 3196 5060">
    <p class='ocr_par' dir='ltr' id='par_1_108' title="bbox 1888 4991 3196 5060">
     <span class='ocr_line' id='line_1_108' title="bbox 1888 4991 3196 5060; baseline -0.002 -15"><span class='ocrx_word' id='word_1_899' title='bbox 1888 4992 1990 5046; x_wconf 88' lang='lat' dir='ltr'><strong>stri</strong></span> <span class='ocrx_word' id='word_1_900' title='bbox 2019 4993 2235 5046; x_wconf 92' lang='lat' dir='ltr'><strong>codices</strong></span> <span class='ocrx_word' id='word_1_901' title='bbox 2264 4992 2530 5060; x_wconf 86' lang='lat' dir='ltr'><strong>vulgatam</strong></span> <span class='ocrx_word' id='word_1_902' title='bbox 2565 4992 2847 5046; x_wconf 87' lang='lat' dir='ltr'><strong>lectionem</strong></span> <span class='ocrx_word' id='word_1_903' title='bbox 2883 4991 3196 5060; x_wconf 84' lang='lat' dir='ltr'><strong>praeferunt.</strong></span> 
     </span>
    </p>
   </div>
   <div class='ocr_carea' id='block_1_109' title="bbox 1965 5061 3487 5133">
    <p class='ocr_par' dir='ltr' id='par_1_109' title="bbox 1965 5061 3487 5133">
     <span class='ocr_line' id='line_1_109' title="bbox 1965 5061 3487 5133; baseline 0 -17"><span class='ocrx_word' id='word_1_904' title='bbox 1965 5061 1986 5101; x_wconf 73' lang='grc' dir='ltr'>ί</span> <span class='ocrx_word' id='word_1_905' title='bbox 2020 5063 2195 5116; x_wconf 87' lang='lat' dir='ltr'><strong>Prima</strong></span> <span class='ocrx_word' id='word_1_906' title='bbox 2225 5063 2389 5117; x_wconf 90' lang='lat' dir='ltr'><strong>editio</strong></span> <span class='ocrx_word' id='word_1_907' title='bbox 2414 5078 2533 5117; x_wconf 90' lang='lat' dir='ltr'><strong>cum</strong></span> <span class='ocrx_word' id='word_1_908' title='bbox 2563 5077 2696 5117; x_wconf 89' lang='lat' dir='ltr'><strong>mss.</strong></span> <span class='ocrx_word' id='word_1_909' title='bbox 2721 5061 2932 5116; x_wconf 85' lang='lat' dir='ltr'><strong>collect.</strong></span> <span class='ocrx_word' id='word_1_910' title='bbox 2960 5066 3015 5129; x_wconf 80' lang='lat'><strong>3,</strong></span> <span class='ocrx_word' id='word_1_911' title='bbox 3040 5072 3092 5117; x_wconf 91' lang='lat' dir='ltr'><strong>et</strong></span> <span class='ocrx_word' id='word_1_912' title='bbox 3114 5061 3169 5121; x_wconf 77' lang='grc'><strong>4,</strong></span> <span class='ocrx_word' id='word_1_913' title='bbox 3200 5062 3348 5128; x_wconf 84' lang='lat' dir='ltr'><strong>Quod</strong></span> <span class='ocrx_word' id='word_1_914' title='bbox 3367 5078 3487 5133; x_wconf 86' lang='lat' dir='ltr'><strong>ergo</strong></span> 
     </span>
    </p>
   </div>
   <div class='ocr_carea' id='block_1_110' title="bbox 1893 5133 3489 5203">
    <p class='ocr_par' dir='ltr' id='par_1_110' title="bbox 1893 5133 3489 5203">
     <span class='ocr_line' id='line_1_110' title="bbox 1893 5133 3489 5203; baseline 0 -16"><span class='ocrx_word' id='word_1_915' title='bbox 1893 5142 1959 5187; x_wconf 90' lang='lat' dir='ltr'><strong>et.</strong></span> <span class='ocrx_word' id='word_1_916' title='bbox 1986 5134 2213 5188; x_wconf 70' lang='lat' dir='ltr'><strong>Codices</strong></span> <span class='ocrx_word' id='word_1_917' title='bbox 2234 5136 2447 5189; x_wconf 91' lang='lat' dir='ltr'><strong>collect.</strong></span> <span class='ocrx_word' id='word_1_918' title='bbox 2472 5134 2525 5197; x_wconf 85' lang='lat'><strong>5,</strong></span> <span class='ocrx_word' id='word_1_919' title='bbox 2552 5133 2703 5197; x_wconf 83' lang='lat' dir='ltr'><strong>Quod</strong></span> <span class='ocrx_word' id='word_1_920' title='bbox 2725 5134 2895 5203; x_wconf 85' lang='lat' dir='ltr'><strong>itaque</strong></span> <span class='ocrx_word' id='word_1_921' title='bbox 2915 5142 2989 5187; x_wconf 89' lang='lat' dir='ltr'><strong>ut.</strong></span> <span class='ocrx_word' id='word_1_922' title='bbox 3018 5134 3294 5189; x_wconf 83' lang='lat' dir='ltr'><strong>Editiones</strong></span> <span class='ocrx_word' id='word_1_923' title='bbox 3317 5133 3489 5200; x_wconf 80' lang='lat' dir='ltr'><strong>Ques-</strong></span> 
     </span>
    </p>
   </div>
   <div class='ocr_carea' id='block_1_111' title="bbox 1894 5204 3487 5275">
    <p class='ocr_par' dir='ltr' id='par_1_111' title="bbox 1894 5204 3487 5275">
     <span class='ocr_line' id='line_1_111' title="bbox 1894 5204 3487 5275; baseline -0.001 -16"><span class='ocrx_word' id='word_1_924' title='bbox 1894 5204 2036 5259; x_wconf 87' lang='lat' dir='ltr'><strong>nello</strong></span> <span class='ocrx_word' id='word_1_925' title='bbox 2081 5206 2418 5259; x_wconf 83' lang='lat' dir='ltr'><strong>anteriores:</strong></span> <span class='ocrx_word' id='word_1_926' title='bbox 2474 5204 2625 5270; x_wconf 84' lang='lat' dir='ltr'><strong>Quod</strong></span> <span class='ocrx_word' id='word_1_927' title='bbox 2671 5205 2842 5273; x_wconf 84' lang='lat' dir='ltr'><strong>itaque</strong></span> <span class='ocrx_word' id='word_1_928' title='bbox 2882 5215 2935 5258; x_wconf 88' lang='lat' dir='ltr'><strong>ut</strong></span> <span class='ocrx_word' id='word_1_929' title='bbox 2981 5214 3027 5259; x_wconf 89' lang='lat' dir='ltr'><strong>et</strong></span> <span class='ocrx_word' id='word_1_930' title='bbox 3069 5204 3487 5275; x_wconf 71' lang='lat' dir='ltr'><strong>sattctiﬁcationi.</strong></span> 
     </span>
    </p>
   </div>
   <div class='ocr_carea' id='block_1_112' title="bbox 1894 5274 3485 5347">
    <p class='ocr_par' dir='ltr' id='par_1_112' title="bbox 1894 5274 3485 5347">
     <span class='ocr_line' id='line_1_112' title="bbox 1894 5274 3485 5347; baseline 0.001 -20"><span class='ocrx_word' id='word_1_931' title='bbox 1894 5275 2170 5341; x_wconf 89' lang='lat' dir='ltr'><strong>Quesnelli</strong></span> <span class='ocrx_word' id='word_1_932' title='bbox 2198 5277 2483 5332; x_wconf 89' lang='lat' dir='ltr'><strong>lectionem</strong></span> <span class='ocrx_word' id='word_1_933' title='bbox 2514 5291 2543 5331; x_wconf 88' lang='lat' dir='ltr'><strong>a</strong></span> <span class='ocrx_word' id='word_1_934' title='bbox 2570 5276 2725 5331; x_wconf 88' lang='lat' dir='ltr'><strong>nobis</strong></span> <span class='ocrx_word' id='word_1_935' title='bbox 2755 5286 3027 5347; x_wconf 91' lang='lat' dir='ltr'><strong>receptam</strong></span> <span class='ocrx_word' id='word_1_936' title='bbox 3051 5276 3218 5333; x_wconf 82' lang='lat' dir='ltr'><strong>codex</strong></span> <span class='ocrx_word' id='word_1_937' title='bbox 3240 5274 3485 5329; x_wconf 76' lang='lat' dir='ltr'><strong>Venetus</strong></span> 
     </span>
    </p>
   </div>
   <div class='ocr_carea' id='block_1_113' title="bbox 1894 5350 2197 5402">
    <p class='ocr_par' dir='ltr' id='par_1_113' title="bbox 1894 5350 2197 5402">
     <span class='ocr_line' id='line_1_113' title="bbox 1894 5350 2197 5402; baseline 0 0"><span class='ocrx_word' id='word_1_938' title='bbox 1894 5350 2197 5402; x_wconf 85' lang='lat' dir='ltr'><strong>contirmat.</strong></span> 
     </span>
    </p>
   </div>
   <div class='ocr_carea' id='block_1_114' title="bbox 1970 5416 3493 5491">
    <p class='ocr_par' dir='ltr' id='par_1_114' title="bbox 1970 5416 3493 5491">
     <span class='ocr_line' id='line_1_114' title="bbox 1970 5416 3493 5491; baseline -0.001 -20"><span class='ocrx_word' id='word_1_939' title='bbox 1970 5428 1995 5466; x_wconf 72' lang='grc' dir='ltr'>ε</span> <span class='ocrx_word' id='word_1_940' title='bbox 2028 5419 2126 5491; x_wconf 82' lang='lat' dir='ltr'><strong>Ms.</strong></span> <span class='ocrx_word' id='word_1_941' title='bbox 2168 5419 2377 5485; x_wconf 89' lang='lat' dir='ltr'><strong>Venet.,</strong></span> <span class='ocrx_word' id='word_1_942' title='bbox 2408 5420 2477 5473; x_wconf 88' lang='lat' dir='ltr'><strong>ad</strong></span> <span class='ocrx_word' id='word_1_943' title='bbox 2507 5418 2892 5486; x_wconf 86' lang='lat' dir='ltr'><strong>beatissimum;</strong></span> <span class='ocrx_word' id='word_1_944' title='bbox 2918 5426 2974 5476; x_wconf 90' lang='lat' dir='ltr'><strong>et</strong></span> <span class='ocrx_word' id='word_1_945' title='bbox 3000 5418 3159 5491; x_wconf 87' lang='lat' dir='ltr'><strong>paulo</strong></span> <span class='ocrx_word' id='word_1_946' title='bbox 3182 5425 3340 5488; x_wconf 89' lang='lat' dir='ltr'><strong>post,</strong></span> <span class='ocrx_word' id='word_1_947' title='bbox 3367 5416 3493 5471; x_wconf 79' lang='lat' dir='ltr'><strong>bra-</strong></span> 
     </span>
    </p>
   </div>
   <div class='ocr_carea' id='block_1_115' title="bbox 1897 5490 2642 5563">
    <p class='ocr_par' dir='ltr' id='par_1_115' title="bbox 1897 5490 2642 5563">
     <span class='ocr_line' id='line_1_115' title="bbox 1897 5490 2642 5563; baseline 0.003 -20"><span class='ocrx_word' id='word_1_948' title='bbox 1897 5490 2118 5563; x_wconf 75' lang='lat' dir='ltr'><strong>tiouibus</strong></span> <span class='ocrx_word' id='word_1_949' title='bbox 2146 5491 2308 5559; x_wconf 87' lang='lat' dir='ltr'><strong>ipsius</strong></span> <span class='ocrx_word' id='word_1_950' title='bbox 2335 5491 2642 5563; x_wconf 86' lang='lat' dir='ltr'><strong>adjuvaitdi.</strong></span> 
     </span>
    </p>
   </div>
   <div class='ocr_carea' id='block_1_116' title="bbox 1969 5560 3269 5638">
    <p class='ocr_par' dir='ltr' id='par_1_116' title="bbox 1969 5560 3269 5638">
     <span class='ocr_line' id='line_1_116' title="bbox 1969 5560 3269 5638; baseline 0.002 -24"><span class='ocrx_word' id='word_1_951' title='bbox 1969 5560 1996 5638; x_wconf 59' lang='grc' dir='ltr'><strong>εξ</strong></span> <span class='ocrx_word' id='word_1_952' title='bbox 2024 5562 2311 5638; x_wconf 73' lang='lat' dir='ltr'><strong>§equemia</strong></span> <span class='ocrx_word' id='word_1_953' title='bbox 2342 5560 2413 5617; x_wconf 71' lang='lat' dir='ltr'><strong>ei</strong></span> <span class='ocrx_word' id='word_1_954' title='bbox 2433 5564 2639 5638; x_wconf 66' lang='lat' dir='ltr'><strong>eodem</strong></span> <span class='ocrx_word' id='word_1_955' title='bbox 2672 5562 2859 5638; x_wconf 83' lang='lat' dir='ltr'><strong>codice</strong></span> <span class='ocrx_word' id='word_1_956' title='bbox 2881 5560 3269 5632; x_wconf 88' lang='lat' dir='ltr'><strong>supplevimus.</strong></span> 
     </span>
    </p>
   </div>
   <div class='ocr_carea' id='block_1_117' title="bbox 1976 5632 2919 5709">
    <p class='ocr_par' dir='ltr' id='par_1_117' title="bbox 1976 5632 2919 5709">
     <span class='ocr_line' id='line_1_117' title="bbox 1976 5632 2919 5709; baseline 0.006 -28"><span class='ocrx_word' id='word_1_957' title='bbox 1976 5632 1993 5709; x_wconf 61' lang='grc' dir='ltr'>ξ</span> <span class='ocrx_word' id='word_1_958' title='bbox 2030 5632 2187 5709; x_wconf 81' lang='lat' dir='ltr'><strong>_Snlus</strong></span> <span class='ocrx_word' id='word_1_959' title='bbox 2213 5633 2555 5709; x_wconf 78' lang='lat' dir='ltr'><strong>Quesnellus,</strong></span> <span class='ocrx_word' id='word_1_960' title='bbox 2585 5635 2919 5709; x_wconf 66' lang='lat' dir='ltr'><strong>famulentur.</strong></span> 
     </span>
    </p>
   </div>
   <div class='ocr_carea' id='block_1_118' title="bbox 1976 5702 3496 5775">
    <p class='ocr_par' dir='ltr' id='par_1_118' title="bbox 1976 5702 3496 5775">
     <span class='ocr_line' id='line_1_118' title="bbox 1976 5702 3496 5775; baseline 0.009 -23"><span class='ocrx_word' id='word_1_961' title='bbox 1976 5702 1991 5752; x_wconf 87' lang='lat' dir='ltr'><strong>i</strong></span> <span class='ocrx_word' id='word_1_962' title='bbox 2034 5702 2109 5756; x_wconf 86' lang='lat' dir='ltr'><strong>Ita</strong></span> <span class='ocrx_word' id='word_1_963' title='bbox 2139 5719 2207 5759; x_wconf 81' lang='lat' dir='ltr'><strong>ex</strong></span> <span class='ocrx_word' id='word_1_964' title='bbox 2236 5705 2445 5760; x_wconf 89' lang='lat' dir='ltr'><strong>duobus</strong></span> <span class='ocrx_word' id='word_1_965' title='bbox 2476 5706 2624 5760; x_wconf 87' lang='lat' dir='ltr'><strong>Lect.</strong></span> <span class='ocrx_word' id='word_1_966' title='bbox 2655 5720 2785 5759; x_wconf 90' lang='lat' dir='ltr'><strong>mss.</strong></span> <span class='ocrx_word' id='word_1_967' title='bbox 2814 5704 3059 5775; x_wconf 66' lang='lat' dir='ltr'><strong>bergom.</strong></span> <span class='ocrx_word' id='word_1_968' title='bbox 3096 5714 3151 5761; x_wconf 88' lang='lat' dir='ltr'><strong>et</strong></span> <span class='ocrx_word' id='word_1_969' title='bbox 3184 5704 3396 5763; x_wconf 79' lang='lat' dir='ltr'><strong>Veneto</strong></span> <span class='ocrx_word' id='word_1_970' title='bbox 3429 5702 3496 5767; x_wconf 85' lang='lat' dir='ltr'><strong>S.</strong></span> 
     </span>
    </p>
   </div>
   <div class='ocr_carea' id='block_1_119' title="bbox 1902 5774 3501 5900">
    <p class='ocr_par' dir='ltr' id='par_1_119' title="bbox 1902 5774 3501 5900">
     <span class='ocr_line' id='line_1_119' title="bbox 1902 5774 3501 5851; baseline 0.006 -23"><span class='ocrx_word' id='word_1_971' title='bbox 1902 5774 2089 5831; x_wconf 87' lang='lat' dir='ltr'><strong>Marci.</strong></span> <span class='ocrx_word' id='word_1_972' title='bbox 2123 5776 2231 5840; x_wconf 77' lang='lat' dir='ltr'><strong>AL,</strong></span> <span class='ocrx_word' id='word_1_973' title='bbox 2262 5779 2585 5849; x_wconf 75' lang='lat' dir='ltr'><strong>experiendo.</strong></span> <span class='ocrx_word' id='word_1_974' title='bbox 2636 5777 2801 5834; x_wconf 83' lang='lat' dir='ltr'><strong>Paulo</strong></span> <span class='ocrx_word' id='word_1_975' title='bbox 2839 5774 2963 5848; x_wconf 77' lang='lat' dir='ltr'><strong>post</strong></span> <span class='ocrx_word' id='word_1_976' title='bbox 3001 5776 3163 5835; x_wconf 89' lang='lat' dir='ltr'><strong>iidem</strong></span> <span class='ocrx_word' id='word_1_977' title='bbox 3205 5778 3363 5837; x_wconf 93' lang='lat' dir='ltr'><strong>codd.</strong></span> <span class='ocrx_word' id='word_1_978' title='bbox 3393 5822 3409 5851; x_wconf 93' lang='lat'><strong>,</strong></span> <span class='ocrx_word' id='word_1_979' title='bbox 3448 5786 3501 5837; x_wconf 84' lang='lat' dir='ltr'><strong>et</strong></span> 
     </span>
     <span class='ocr_line' id='line_1_120' title="bbox 1904 5848 2280 5900; baseline 0 0"><span class='ocrx_word' id='word_1_980' title='bbox 1904 5862 2018 5900; x_wconf 88' lang='lat' dir='ltr'><strong>cum</strong></span> <span class='ocrx_word' id='word_1_981' title='bbox 2046 5863 2081 5900; x_wconf 90' lang='lat' dir='ltr'><strong>a</strong></span> <span class='ocrx_word' id='word_1_982' title='bbox 2108 5848 2280 5900; x_wconf 85' lang='lat' dir='ltr'><strong>licitis.</strong></span> 
     </span>
    </p>
   </div>
   <div class='ocr_carea' id='block_1_120' title="bbox 1904 5859 2280 5904">
    <p class='ocr_par' dir='ltr' id='par_1_120' title="bbox 1904 5859 2280 5904">
     <span class='ocr_line' id='line_1_121' title="bbox 1904 5859 2280 5904; baseline 0.008 -3"><span class='ocrx_word' id='word_1_983' title='bbox 1904 5862 2018 5903; x_wconf 83' lang='lat' dir='ltr'><strong>cum</strong></span> <span class='ocrx_word' id='word_1_984' title='bbox 2046 5863 2081 5900; x_wconf 90' lang='lat' dir='ltr'><strong>a</strong></span> <span class='ocrx_word' id='word_1_985' title='bbox 2108 5859 2280 5904; x_wconf 75' lang='grc' dir='ltr'><strong>ιιαηδ.</strong></span> 
     </span>
    </p>
   </div>
  </div>
