3980 6352
540 438 649 499 ιὸὃ

1665 424 1725 481 S.
1764 417 2015 478 LEOle
2052 416 2267 475 MAGNI
2308 414 2691 473 SERMONES.

3727 399 3835 460 456

540 554 663 628 pius
690 557 747 608 et
773 554 953 605 castus
983 545 1195 603 animus
1226 542 1296 597 ita
1319 538 1516 612 gaudet
1544 537 1780 608 impleri,
1811 535 2034 591 utnulla
2065 541 2125 589 re
2152 535 2207 595 Α
2232 532 2543 602 adjuvante,
2573 529 2825 628 quivivit
2853 538 2908 628 et
2949 508 3138 604 regnat
3164 548 3286 592 cum
3314 532 3474 596 Patre
3513 548 3570 597 et
3607 540 3813 614 Spiritu

543 657 694 704 extra
743 642 917 713 ipsum
955 637 1138 708 cupiat
1177 632 1456 689 delectari.
1500 628 1853 686 Verissimum
1898 639 2130 695 namque

543 751 626 798 est
655 736 796 806 quod
839 732 969 788 dicit
1002 728 1298 784 Dominus:
1332 723 1433 781 Ubi
1472 732 1545 779 est
1579 722 1846 777 thesaurus
1871 730 2013 784 tuus,
2060 717 2132 772 ibi

543 835 638 889 erit
658 841 706 887 et
727 845 814 884 cor
839 836 981 881 tuum
1012 821 1229 899 (Matth.
1266 836 1342 889 γι,
1374 817 1489 892 21).
1520 816 1653 885 Quis
1695 826 1875 870 autem
1896 822 1985 870 est
2011 814 2135 868 tlte-

545 940 735 981 saurus
766 922 1021 989 hominis,
1056 921 1157 975 nisi
1189 916 1434 989 quasdam
1472 915 1739 969 fructuum
1764 912 1882 981 ejus
1902 924 2131 980 congre-

545 1014 690 1089 gatio
732 1015 1087 1082 laborumque
1112 1009 1400 1067 collectio?
1431 1006 1581 1074 Quod
1608 1006 1744 1060 enim
1768 1004 1885 1074 quis
1912 1002 2134 1056 semina—

547 1113 693 1178 verit,
722 1111 817 1165 hoc
847 1119 893 1164 et
932 1119 1079 1163 metet
1111 1106 1312 1180 (Galat.
1342 1119 1416 1175 vt,
1449 1102 1546 1174 8),
1590 1113 1645 1159 et
1674 1101 1833 1172 quale
1873 1100 2134 1168 cujusque

546 1219 707 1274 opus,
740 1201 865 1257 talis
895 1211 980 1257 est
1004 1209 1061 1255 et
1095 1206 1364 1269 qutestus;
1389 1205 1444 1252 et
1471 1195 1561 1249 tibi
1603 1192 1891 1249 oblectatio
1920 1188 2133 1244 fruendi

548 1292 917 1359 constituitur,
942 1291 1016 1345 ibi
1046 1305 1173 1345 cura
1212 1286 1391 1344 cordis
1421 1294 1448 1323 ι
1472 1284 1846 1353 obstringitur.
1878 1280 1985 1336 Sed
2012 1294 2133 1334 cum

545 1386 713 1442 multa
743 1387 854 1441 sint
892 1397 1087 1453 genera
1116 1380 1443 1444 divitiarum,
1472 1374 1500 1416 δ
1532 1375 1929 1444 dissimilesque
1966 1382 2138 1427 mate-

547 1480 645 1536 ria:
670 1477 1019 1549 gaudiorum,
1042 1472 1356 1528 Tuasaunus
1386 1483 1583 1532 cunque
1611 1476 1695 1522 est
1734 1482 1843 1520 sua:
1869 1463 2136 1534 cupidita-

551 1574 619 1628 tis
649 1583 671 1612 °
705 1570 953 1635 affectus,
984 1568 1075 1638 qui
1097 1568 1140 1620 si
1164 1567 1230 1620 de
1260 1568 1501 1634 appetitu
1529 1570 1613 1617 est
1633 1570 1992 1623 terrenorum,
2026 1572 2135 1612 non

557 1665 746 1719 beatos
776 1662 905 1717 facit
930 1659 1013 1714 sui
1041 1656 1468 1729 participatione.
1503 1652 1596 1707 sed
1635 1652 1881 1706 miseros.
1914 1649 1977 1704 lli
2005 1664 2135 1703 vero

547 1757 641 1828 qui
665 1772 726 1811 ea
757 1772 877 1825 quin
901 1768 1113 1810 sursum
1142 1760 1268 1807 sunt
1297 1748 1538 1818 sapiunt,
1564 1761 1672 1800 non
1698 1759 1817 1815 quae
1840 1757 2003 1813 super
2028 1751 2135 1797 ter-

550 1864 665 1906 ram
708 1847 928 1916 (Coloss.
963 1862 1057 1911 ιιι,
1080 1847 1161 1913 1).
1206 1858 1305 1900 nec
1346 1841 1597 1913 perituris
1626 1840 1817 1894 intenti
1849 1850 1991 1902 sunt,
2036 1835 2131 1891 sed

2232 638 2418 684 sancto
2439 627 2491 682 in
2523 626 2719 683 stecula
2747 627 3085 683 saeculorum.
3115 628 3309 686 Amen.

2613 761 2848 819 SERMO
2884 761 3046 820 xcm
3104 763 3223 838 [Αι.
3263 764 3428 839 XCI].

2498 856 2579 913 De
2628 856 2843 928 Jejunio
2895 858 3097 928 septimi
3152 859 3336 913 mensis
3385 857 3554 913 VIII.

2232 951 2618 1023 Smorsrs—l.
2640 948 2827 1004 Finem
2847 950 2973 1021 legis
2986 965 3091 1023 esse
3112 952 3301 1023 amoris
3320 952 3447 1023 recti
3459 951 3524 1023 de
3542 968 3697 1023 pravo
3712 954 3818 1007 vic-

2319 1024 2521 1076 toriam.
2559 1021 2634 1075 De
2664 1020 2921 1095 voluntate
2938 1020 3072 1073 mala
3104 1021 3473 1095 etbona.—|l.
3495 1020 3671 1095 Longe
3696 1026 3819 1095 plus

2314 1094 2565 1165 delectare
2610 1093 2871 1165 justitiam
2929 1092 3479 1165 quantﬂiniquitalem,
3526 1092 3705 1163 cuius
3734 1097 3820 1149 lea:

2305 1163 2401 1218 Dei
2424 1164 2532 1238 lege
2551 1162 2864 1238 superanda.
2889 1192 2954 1203 —
2976 1162 3065 1217 Ill.
3087 1162 3349 1238 Quantum
3372 1166 3532 1231 prosit
3550 1162 3819 1238 jejunium

2305 1237 2505 1303 septimi
2543 1235 2729 1289 mensis
2753 1251 2785 1286 a
2814 1237 2923 1303 lege
2951 1244 2999 1287 et
3028 1235 3276 1302 apostolis
3296 1235 3601 1291 institutum.

2305 1367 2436 1426 Car.
2462 1370 2503 1426 l.
2524 1369 2825 1435 —0mnis,
2850 1369 3210 1435 dilectissimi.
3244 1370 3551 1428 divinorum
3581 1372 3822 1429 eruditio

2236 1473 2627 1532 praeceptorum
2663 1462 2767 1517 hoc
2795 1462 3033 1518 maxime
3070 1463 3180 1531 agit
3206 1463 3349 1531 apud
3386 1464 3552 1519 corda
3581 1464 3819 1520 creden-

2235 1556 2392 1624 tium,
2424 1565 2484 1610 ut
2533 1570 2687 1611 amor
2734 1570 2935 1626 pravus
2970 1564 3121 1610 recto
3163 1571 3348 1611 amore
3376 1567 3681 1627 superetur,
3713 1567 3771 1613 et
3799 1555 3819 1594 ί

2236 1649 2604 1705 delectatione
2621 1649 2848 1719 justitice
2878 1649 3137 1718 peccandi
3177 1650 3443 1719 cupiditas
3472 1652 3820 1717 deStruatur,

2241 1741 2456 1797 dicente
2507 1742 2786 1811 Scriptura
2820 1740 2985 1796 :Post
3036 1743 3473 1815 concupiscentias
3519 1744 3674 1798 tuasi
3717 1761 3827 1798 non

2237 1851 2346 1899 eas,
2371 1844 2421 1888 et
2450 1851 2483 1888 a
2503 1835 2767 1889 uoluntate
2796 1844 2887 1889 tua
2917 1844 3140 1889 avertere
3157 1834 3349 1908 (Eccli.
3371 1852 3519 1905 mn,
3551 1837 3663 1908 30).
3682 1837 3826 1893 Cum

550 1942 789 2005 aternis,
821 1942 873 1993 in
902 1939 997 1993 illo
1027 1938 1228 1992 habent
1258 1932 1692 2004 incorruptibiles
1722 1930 2024 1987 reconditas
2054 1928 2131 1983 fa-
2162 1920 2209 1980 B
2241 1935 2421 1981 autem
2452 1928 2562 1982 sint
2587 1928 2641 1982 in
2687 1928 2883 1982 animis
2914 1928 3193 1983 hominum
3224 1930 3403 1986 multa:
3432 1930 3587 1986 bona:
3614 1947 3823 1986 concu-

550 2034 796 2098 cullates,
829 2032 897 2087 de
948 2047 1053 2100 quo
1093 2030 1222 2084 dicit
1256 2028 1515 2099 prOpIieta
1550 2044 1563 2079 :
1596 2025 1887 2079 Thesaurus
1918 2028 1963 2077 et
1993 2023 2135 2078 salus

554 2140 730 2184 nostra
755 2126 978 2191 advenit,
1006 2123 1261 2197 sapientia
1284 2133 1334 2177 et
1372 2122 1649 2194 disciplina
1692 2129 1740 2174 et
1778 2119 1937 2190 pietas
1965 2135 1999 2172 a
2022 2116 2136 2171 Do-

552 2220 808 2277 mino:hi
842 2228 959 2274 sunt
1004 2217 1232 2272 thesauri
1250 2216 1471 2287 justitite
1515 2215 1671 2288 (Isai.
1716 2229 1906 2281 sunt,
1935 2211 2001 2283 .6,
2031 2227 2133 2266 sec.

553 2315 861 2387 LXX):per
880 2329 1040 2385 quos,
1070 2312 1366 2369 auxiliante
1398 2311 1493 2366 Dei
1522 2310 1714 2380 gratia,
1738 2310 1896 2363 etiam
1926 2319 2139 2363 terrena

554 2408 693 2465 bona
735 2405 787 2461 in
830 2404 1069 2462 celestia
1098 2403 1518 2471 transferuntur,
1560 2403 1685 2456 dum
1729 2401 1881 2455 multi
1910 2399 2137 2467 divitiis,

554 2509 649 2557 aut
670 2500 817 2571 juste
849 2498 954 2554 sibi
984 2498 1189 2553 relictis
1214 2505 1309 2552 aut
1332 2497 1492 2552 aliter
1518 2495 1817 2566 acquisitis,
1846 2496 1911 2549 ad
1940 2495 2142 2549 instru-

555 2602 793 2650 mentum
822 2592 851 2629 α
882 2592 1091 2662 pietatis
1122 2600 1366 2645 utuntur.
1399 2589 1651 2661 ‘Cumque
1678 2589 1745 2643 ad
1791 2588 2141 2644 sustentatio-

554 2702 677 2744 nem
708 2700 1023 2757 pauperum,
1059 2700 1179 2756 quze
1210 2691 1437 2755 possunt
1463 2685 1764 2739 exuberare
1790 2682 2141 2749 distribuunt,

554 2786 883 2852 congregant
918 2778 1019 2834 sibi
1053 2777 1435 2833 inamiSsibiles
1479 2777 1761 2833 facultates
1792 2795 1807 2832 :
1836 2785 1898 2832 ut
1939 2776 2083 2848 quod
2117 2786 2141 2813 ε

554 2872 877 2929 abdiderunt
905 2870 1288 2941 eleemosynis,
1339 2868 1503 2923 nullis
1542 2868 1714 2939 possit
1751 2869 2034 2937 subjacere
2062 2868 2144 2923 di-

555 2964 825 3035 spendiis;
856 2971 912 3017 et
950 2961 1111 3034 digne
1142 2962 1215 3016 ibi
1244 2961 1478 3017 habeant
1524 2975 1640 3028 cor,
1682 2960 1773 3016 ubi
1803 2960 2001 3016 habent
2029 2960 2147 3017 the-

554 3072 771 3113 saurum
826 3072 981 3111 suum
1029 3052 1248 3123 (Matth.
1289 3069 1363 3121 vr,
1411 3054 1507 3123 2i)
1538 3070 1552 3107 :
1580 3053 1705 3123 quia
1748 3052 1885 3107 tales
1933 3051 2147 3107 divitias

556 3163 682 3204 suas
714 3147 735 3187 τ
769 3148 1138 3204 beatissimum
1161 3156 1243 3203 est
1269 3160 1525 3203 exercere
1573 3156 1631 3201 ut
1658 3154 1925 3214 crescant,
1954 3154 2010 3202 et
2036 3161 2141 3200 non

558 3243 749 3298 timere
776 3256 844 3297 ne
873 3250 1114 3310 pereant.

626 3396 756 3452 Car.
802 3396 991 3453 IV.—-
1024 3396 1308 3469 Operantes
1362 3398 1545 3468 igitur,
1593 3398 1952 3465 dilectissimi,
2008 3400 2144 3467 quod

555 3488 741 3542 bonum
769 3498 843 3543 est
868 3489 936 3541 ad
966 3505 1157 3556 omnes,
1192 3489 1414 3543 maxime
1438 3500 1609 3544 autem
1652 3491 1721 3545 ad
1749 3490 2051 3545 domesticos
2082 3491 2148 3558 ﬁ-

557 3580 637 3634 dei
662 3577 859 3653 (Galat.
894 3596 967 3648 vr,
1003 3580 1113 3650 10),
1145 3581 1433 3649 septimum
1466 3598 1705 3637 mensem
1744 3583 1813 3637 ab
1843 3583 1995 3638 initio
2024 3598 2143 3654 my-

556 3672 750 3727 sticum
804 3682 1027 3743 pr0pter
1078 3673 1445 3743 septilormem
1494 3674 1776 3744 Spiritum,
1822 3685 1878 3730 et
1904 3676 2019 3744 ipso
2064 3676 2145 3730 sui

556 3764 765 3820 ordinis
794 3781 1022 3820 numero
1052 3774 1450 3832 consecratum,
1491 3767 1840 3822 continentia:
1882 3768 2145 3824 fructibus

556 3854 903 3927 deputantes,
937 3868 962 3905 ε
991 3866 1182 3928 quarta
1227 3867 1279 3912 et
1307 3866 1457 3913 sexta
1484 3858 1694 3915 sabbati
1723 3861 2037 3915 solemniter
2061 3861 2146 3931 je-

540 3950 846 4019 ‘junemus;
892 3952 1114 4008 sabbato
1138 3961 1315 4007 autem
1350 3954 1490 4024 apud
1520 3955 1733 4010 beatum
1765 3956 1980 4012 Petrum
2011 3958 2148 4027 vigi-

560 4044 660 4099 lias
681 4045 840 4117 361
873 4045 1211 4101 celebremus
1246 4063 1260 4100 :
1286 4047 1439 4117 cujus
1468 4049 1627 4104 nobis
1656 4057 1710 4104 et
1738 4052 2012 4107 orationes
2034 4051 2146 4107 suf-

555 4136 905 4207 fragabuntur
935 4148 989 4194 et
1011 4140 1225 4206 merita,
1253 4135 1282 4175 ¹ι
1306 4149 1364 4195 ut
1391 4152 1652 4210 quantum
1685 4144 1880 4215 cuique
1904 4146 2141 4201 ﬁdelium

555 4230 810 4285 tribuitur
840 4230 1039 4285 bonum
1062 4230 1219 4297 velle,
1244 4240 1447 4288 tantum
1473 4232 1703 4292 donetur
1732 4245 1788 4292 et
1816 4254 1997 4311 posse,
2025 4242 2142 4312 ipso

552 4391 683 4470 lect.
714 4408 728 4444 :
765 4388 924 4470 Quod
965 4389 1138 4470 utique
1168 4391 1284 4459 pius
1328 4400 1568 4470 etcastus
1598 4399 1903 4470 itaigoudet
1942 4403 2144 4458 animus

552 4463 879 4535 implere,_ut
906 4462 959 4515 in
991 4463 1136 4535 nullo
1158 4474 1301 4517 extra
1324 4463 1491 4530 illum,
1516 4478 1619 4523 etc.
1652 4462 1796 4524 Urius
1828 4472 1973 4535 Vat.,
2001 4486 2146 4527 extra

556 4534 751 4600 ipsum.
784 4533 1054 4599 Quesuelli
1078 4534 1388 4590 emendatio
1416 4538 1758 4594 Lectionario
1789 4533 1994 4596 Veneto
2016 4559 2145 4599 con-

556 4604 763 4674 lirmata
786 4604 1114 4671 praeferenda
1150 4606 1247 4657 fuit
1274 4622 1338 4659 ex
1370 4620 1647 4674 centenu,
1697 4627 1818 4664 cum
1860 4614 2143 4671 relativum

559 4673 695 4753 Quo,
729 4690 833 4727 non
865 4684 1045 4753 autem
1094 4675 1255 4753 Quod
1273 4676 1439 4732 Deum
1486 4673 1706 4753 iudicet,
1740 4683 1803 4735 ad
1836 4699 1994 4753 quem
2022 4702 2148 4753 pro-

557 4743 703 4799 fecto
733 4745 1033 4808 sequentia,
1056 4760 1203 4799 extra
1238 4748 1427 4812 ipsum,
1476 4752 1663 4806 referri
1690 4743 1903 4807 deben't.
1938 4743 2054 4809 Mo'x
2090 4760 2139 4812 in

556 4815 747 4870 eodem
790 4815 913 4869 cod.
946 4815 1149 4870 Veneto
1178 4834 1192 4868 :

556 4885 853 4959 Dominus:
887 4885 986 4959 Ubi
1043 4888 1138 4959 (rit
1194 4888 1460 4944 thesaurus
1518 4903 1653 4959 tuus,
1681 4885 1775 4947 'ibi
1822 4885 1918 4951 erii
1961 4908 2008 4951 et
2051 4916 2138 4954 cor

556 4964 722 5039 tuttur.
752 4956 807 5039 in
837 4958 1048 5039 duobus
1072 4958 1191 5012 Vat.
1221 4962 1434 5039 collect.
1455 4963 1501 5039 d
1527 4975 1581 5018 et
1610 4956 1649 5039 5:
1675 4968 1873 5029 pariter
1899 4969 2132 5039 legitur:

561 5026 659 5082 Ubi
689 5028 784 5081 erit
823 5028 1092 5099 thesaurus
1133 5040 1265 5084 tuus.
1296 5031 1354 5086 lu
1388 5036 1557 5099 prima
1582 5026 1856 5094 editione:
1894 5026 1993 5095 Ubi
2023 5042 2137 5097 tlte-

555 5114 745 5152 saurus
775 5106 914 5165 tuus,
951 5098 1018 5150 ibi
1044 5109 1088 5151 et
1114 5115 1200 5153 cor
1226 5110 1388 5157 tuum.

632 5176 659 5245 ξι
691 5169 786 5245 με.
825 5168 1504 5245 Venetus,constringitur.

629 5238 975 5321 liliaunostnri
1015 5241 1182 5321 codd.
1206 5255 1277 5321 _et
1318 5238 1446 5300 editi
1491 5249 1790 5321 anteriores
1830 5248 2143 5321 Quesnello,

557 5313 649 5384 qui
677 5310 811 5386 nihil
837 5312 1082 5366 iudicans
1102 5312 1289 5381 edidit,
1313 5326 1570 5386 tamquam
1592 5310 1875 5375 dissimile;
1891 5310 2139 5381 materiis:

633 5382 882 5462 sQuesu.
916 5385 968 5437 in
1020 5386 1295 5462 margine:
1328 5382 1440 5455 AL,
1484 5388 1728 5457 effectus;
1761 5394 1903 5462 quod
1953 5412 2050 5449 nec
2090 5399 2143 5452 in

559 5456 907 5579 edititiuibus,
938 5469 1072 5525 quas
1103 5457 1353 5527 vidimus,
1384 5474 1483 5515 nec
1517 5464 1570 5517 in
1603 5456 1805 5518 nostris
1835 5481 1966 5521 mss.
1998 5469 2147 5523 inve-

559 5543 678 5579 mre
734 5536 880 5579 ιευιι.

559 5529 678 5583 nire
710 5529 880 5581 licuit.

628 5596 656 5636 τι
683 5598 1005 5661 Quesuellus
1032 5598 1295 5656 Rainandi
1312 5601 1603 5659 editionem
1625 5614 1843 5662 secutus
1861 5624 1981 5663 cum
2002 5626 2133 5667 mss.

558 5669 795 5748 collect._
832 5670 1237 5748 5._impietatis,
1293 5683 1349 5729 et
1396 5677 1454 5748 _in
1504 5680 1743 5745 margine
1781 5695 1791 5733 :
1829 5679 2134 5748 Lugendum

560 5740 719 5820 forte,
744 5741 964 5820 pietatis.
990 5743 1045 5796 ld
1070 5753 1245 5820 autem
1277 5746 1567 5820 praeferunt
1586 5740 1848 5804 editiones
1874 5740 1981 5806 tres
2005 5767 2138 5820 quas

558 5812 814 5891 vidimus,
840 5812 1484 5891 prima_,_et_Coloi_iiensis
1517 5835 1606 5875 an.
1645 5821 1806 5889 1547,
1840 5833 2001 5891 atque
2023 5812 2137 5879 Ἀη-

562 5884 884 5947 tuerniensis
903 5884 1169 5948 “.1585.
1196 5898 1251 5944 et
1270 5889 1378 5946 duo
1402 5901 1587 5948 nostra
1614 5906 1745 5949 mss.
1773 5884 2131 5953 Lectionaria.

1276 4820 1565 4874 erissimum
1594 4823 1765 4892 itaque
1796 4835 1868 4879 est
1895 4831 2030 4892 quod
2068 4832 2141 4883 ait
2168 4815 2219 4875 Ῐ)

2244 2018 2520 2089 piscentias
2561 2030 2616 2074 et
2662 2020 2963 2075 laudabiles
3012 2021 3340 2087 voluntates,
3382 2022 3509 2092 quid
3548 2033 3634 2077 est
3676 2024 3829 2093 quod

2235 2111 2464 2181 jubetur
2495 2121 2553 2165 ut
2584 2114 2785 2168 nostris
2814 2129 2918 2167 non
2950 2116 3354 2169 consentiamus
3379 2115 3679 2183 affectibus,
3718 2116 3829 2171 nisi

2240 2203 2383 2273 quod
2410 2206 2477 2257 ab
2529 2204 2621 2257 illa
2659 2205 3103 2275 concupiscentia
3149 2206 3518 2277 prohibemur,
3552 2218 3608 2265 et
3634 2208 3705 2263 ab
3736 2210 3831 2265 illa

2241 2298 2520 2353 voluntate
2546 2313 2892 2366 revocamur,
2939 2300 3095 2369 cujus
3129 2310 3279 2357 ortus
3320 2318 3386 2358 ex
3427 2302 3582 2373 nobis
3626 2311 3733 2367 est,
3771 2312 3835 2359 et

2241 2390 2368 2445 ideo
2394 2392 2533 2445 mala
2563 2393 2964 2461 pronuntiatur,
2995 2394 3121 2465 quia
3170 2404 3357 2450 nostra
3388 2411 3508 2451 esse
3542 2398 3835 2453 convinci-

2243 2484 2363 2538 tur?
2391 2483 2474 2539 Ad
2498 2484 2900 2542 distinctionem
2927 2486 3093 2558 igitur
3120 2490 3679 2559 concupiscentiarum
3705 2509 3839 2564 qua

2242 2587 2369 2631 sunt
2407 2593 2474 2632 ex
2510 2579 2621 2633 Deo
2661 2580 2801 2635 bene
2843 2580 3048 2635 homini
3084 2582 3291 2638 dictum
3322 2594 3446 2639 est:
3483 2584 3606 2640 Post
3636 2602 3841 2641 concu-

2246 2671 2525 2739 piscentias
2547 2679 2663 2727 tuas
2704 2690 2807 2727 non
2840 2691 2947 2740 eas,
2979 2685 3038 2730 ut
3066 2691 3200 2746 quas
3228 2680 3540 2747 cognoverit
3582 2681 3843 2750 proprias

2245 2764 2381 2819 sciat
2418 2778 2542 2819 esse
2567 2764 2842 2820 vitandas.
2878 2767 3074 2823 Merito
3120 2784 3249 2839 ergo
3279 2770 3557 2837 Dominus,
3600 2772 3651 2825 in
3705 2786 3845 2826 ora-

2245 2853 2393 2909 tione
2423 2870 2586 2923 quam
2637 2857 2878 2921 tradidit,
2926 2859 3102 2913 noluit
3144 2875 3243 2915 nos
3284 2861 3349 2916 ad
3390 2862 3557 2917 Deum
3601 2862 3841 2919 dicere:

2246 2944 2370 2998 Fiat
2398 2946 2633 3003 voluntas
2662 2962 2863 3019 nostra,
2895 2950 2989 3006 sed
3019 2951 3113 3021 ﬁat
3134 2954 3368 3010 voluntas
3397 2963 3485 3009 tua
3510 2954 3729 3028 (Matth.
3758 2972 3843 3022 vr,

2248 3039 2340 3110 l0)
2374 3056 2388 3093 :
2420 3040 2524 3095 hoc
2551 3049 2658 3109 est,
2687 3058 2796 3099 non
2826 3044 2917 3099 illa
2943 3062 3103 3116 quam
3142 3062 3269 3102 caro
3300 3048 3512 3119 incitat,
3542 3052 3636 3105 sed
3664 3065 3844 3121 quam

2248 3132 2486 3201 Spiritus
2516 3145 2738 3191 sanctus
2785 3138 3035 3207 inspirat.
3066 3138 3217 3195 Unde
3247 3154 3430 3196 autem
3472 3145 3572 3198 hoc
3616 3142 3846 3199 deside-

2247 3224 2390 3278 rium
2426 3238 2753 3296 conceptum
2794 3230 2885 3295 sit,
2913 3233 2999 3286 cui
3046 3247 3262 3303 semper
3286 3234 3487 3291 debeat
3516 3239 3849 3307 repugnari,

2252 3332 2358 3370 non
2390 3317 2688 3375 difliculter
2719 3320 3025 3392 intelligunt
3056 3326 3145 3394 qui
3172 3340 3232 3380 se
3253 3326 3382 3381 Adm-
3413 3327 3551 3382 ﬁlios
3588 3343 3712 3384 esse
3742 3346 3849 3383 uo-

2261 3422 2477 3481 verunt,
2513 3424 2570 3469 et
2599 3427 2857 3483 peccante
2904 3418 3123 3474 humani
3164 3423 3378 3492 generis
3404 3436 3558 3493 patre
3598 3440 3706 3479 non
3740 3425 3852 3480 du-

2255 3505 2435 3562 bitant
2458 3509 2511 3561 in
2542 3511 2839 3581 propagine
2865 3511 3109 3567 vitiatum
3142 3529 3263 3570 esse
3288 3518 3429 3585 quod
3458 3528 3540 3572 est
3568 3518 3619 3573 in
3653 3519 3853 3575 radice

2252 3606 2592 3666 corruptum.
2611 3600 2868 3667 Quamvis
2882 3612 3057 3658 autem
3071 3604 3232 3677 362
3261 3621 3356 3676 per
3373 3610 3595 3678 gratiam
3623 3610 3855 3670 Domitii

2250 3688 2427 3743 nostri
2476 3689 2609 3744 Jesu
2657 3692 2862 3748 Christi
2912 3694 2965 3749 in
3020 3711 3212 3751 novam
3252 3713 3562 3755 creaturam
3609 3704 3856 3759 transite-

2255 3782 2426 3837 rimus
2455 3799 2520 3839 ex
2545 3788 2746 3854 veteri,
2774 3785 2800 3824 ¹ι
2831 3798 2886 3843 et
2938 3791 3169 3861 imagine
3211 3808 3310 3847 nos
3362 3797 3557 3850 terreni
3604 3797 3859 3854 hominis

2254 3875 2420 3933 homo
2452 3879 2695 3936 caelestis
2745 3884 2994 3951 exuerit;
3036 3885 3209 3941 donec
3256 3898 3435 3944 tamen
3464 3904 3661 3960 corpus
3696 3907 3860 3947 mor-

2254 3970 2359 4026 tale
2385 3983 2684 4043 gestamus,
2719 3991 2941 4033 uecesse
2971 3987 3053 4034 est
3088 3991 3143 4033 ut
3175 3990 3362 4035 contra
3400 3984 3585 4037 carnis
3623 3984 3862 4041 deside-

2261 4064 2343 4117 ria
2374 4064 2719 4122 dimicemus.
2745 4070 2951 4126 Bonum
2978 4080 3064 4126 est
3084 4073 3226 4127 enim
3250 4075 3447 4129 animo:
3479 4075 3587 4131 Deo
3608 4076 3860 4133 subditas

2251 4156 2448 4213 timere
2481 4154 2502 4196 ι
2540 4175 2609 4216 ne
2639 4161 2825 4231 cadat,
2857 4172 2913 4219 et
2947 4164 3150 4220 habere
3176 4168 3316 4235 quod
3347 4168 3544 4236 vincat,
3578 4172 3860 4239 quoniam

2250 4243 2415 4303 virtus
2448 4251 2503 4304 in
2548 4252 2853 4323 inﬁrmitate
2898 4256 3191 4325 perﬁcitur;
3221 4267 3275 4314 et
3304 4261 3447 4329 quod
3488 4278 3586 4316 nos
3616 4271 3861 4319 exercet

2318 4418 2353 4490 ι·
2384 4408 2459 4463 Ita
2488 4411 2689 4494 vulgati
2723 4416 3071 4494 ante_Qt_iesn.
3102 4428 3156 4474 et
3181 4423 3349 4494 nostri
3380 4424 3615 4479 codices.
3646 4423 3857 4485 Solum

2249 4481 2637 4607 Ezzmiergld‘i’tio
2665 4494 2719 4539 et
2757 4481 3193 4558 cod.’Bergom.,
3234 4493 3569 4549 addiderunt.
3601 4481 3855 4567 Queen:

2325 4618 2345 4658 ί
2382 4622 2655 4706 Editiones
2698 4636 2825 4683 ante
2863 4630 3064 4706 Quesn.
3112 4632 3337 4699 addunt,
3366 4636 3578 4706 dignum
3615 4646 3684 4704 et,
3727 4656 3859 4697 non

2250 4701 2428 4747 tamen
2461 4694 2701 4764 plerique
2730 4694 2897 4754 nostri
2924 4702 3161 4757 Codices.

2327 4773 2352 4810 ε
2390 4765 2602 4853 Είξιιάθιιι
2646 4769 2931 4853 editiones,
2970 4784 3155 4843 quarta
3199 4786 3249 4831 et
3290 4788 3434 4832 sexta
3461 4779 3590 4847 feria
3623 4781 3861 4853 jejune-

2248 4851 2379 4888 mus.
2414 4836 2588 4890 Nostri
2620 4839 2777 4893 codd.
2810 4851 2867 4895 ut
2894 4842 2945 4895 iu
2976 4836 3142 4899 textu.

2318 4902 2607 4987 §.Vulgati,
2640 4920 2698 4987 ut
2719 4923 3186 4987 quantumcumque
3207 4918 3464 4987 fidelibus.
3487 4922 3860 4981 Praetulimus

2246 4975 2536 5056 lectionem
2592 4982 2947 5056 antiquissimi
2997 4975 3321 5043 Lec'tiodarii
3376 4988 3490 5047 Vat.
3531 4975 3859 5056 3836,";

2244 5062 2352 5137 quo
2402 5050 2952 5137 clausulatu’pariter
3004 5060 3476 5137 recepin1us_,ipso
3529 5050 3854 5137 adjuvanle,

2247 5130 2381 5194 etc.,
2413 5135 2533 5194 cum
2581 5134 2741 5177 antea
2789 5127 3097 5194 legeretur:
3127 5126 3228 5183 Per
3278 5130 3555 5187 Dominum
3591 5126 3857 5189 'nostruni

2244 5185 2281 5241 J
2286 5206 2425 5242 esum
2451 5191 2729 5267 Christum.
2755 5185 2978 5262 quivcum
3006 5197 3162 5253 Patre
3192 5211 3238 5254 et
3262 5185 3468 5267 Spiritu
3493 5185 3860 5263 sanctohbiui

2248 5270 2295 5313 et
2324 5273 2501 5333 regnat
2527 5265 2579 5317 in
2606 5268 2794 5319 swcula
2826 5270 3150 5324 saeculorum.
3183 5265 3366 5328 Amen.

2328 5331 2345 5370 ί
2381 5331 2517 5386 Cod.
2554 5335 2810 5401 Venetus,
2843 5354 2874 5391 a
2898 5338 3189 5395 dilectione.

2323 5404 2339 5483 μ
2377 5403 2521 5458 Idem
2553 5421 2655 5460 ms.
2694 5407 2857 5483 Vern,
2884 5426 2945 5483 ne
2971 5428 3054 5466 eas
3088 5428 3107 5466 :
3135 5411 3286 5470 Unus
3319 5415 3460 5483 Vat.,
3494 5434 3557 5471 ne
3584 5436 3695 5481 eas,
3722 5432 3773 5475 et
3813 5442 3862 5477 α

2246 5474 2505 5552 uoluntate
2534 5488 2798 5536 revertere.
2833 5480 3010 5536 Prima
3067 5486 3254 5552 editio,
3284 5498 3334 5539 et
3361 5506 3393 5540 a
3433 5474 3693 5544 uoluntate
3732 5474 3865 5549 tu;

2246 5546 2385 5597 mala
2412 5558 2652 5599 avertere.

2318 5614 2345 5697 ξ
2368 5614 2543 5700 Prima
2564 5620 2748 5689 editio,
2765 5630 2809 5675 et
2825 5623 3092 5703 imaginem
3116 5629 3302 5703 terreni
3324 5629 3561 5703 hominis.
3585 5632 3859 5703 Caetera,

2245 5695 2291 5740 et
2322 5695 2597 5758 imaginem
2615 5709 2703 5744 nos
2721 5697 2904 5747 terreni
2927 5697 3167 5751 hominis.
3190 5700 3369 5753 Nostri
3397 5704 3611 5757 codicws
3643 5695 3865 5762 lentio;

2244 5771 2637 5840 nem_te‘xtus_a
2657 5764 2958 5840 _Ques_i_iello
2989 5768 3262 5823 inductam
3290 5774 3610 5840 approbant.

2320 5826 2339 5865 ι
2369 5829 2543 5912 Editiq
2574 5826 2864 5912 Raitiaudi,
2899 5841 3153 5912 negcedat.
3209 5826 3339 5896 Post.
3365 5826 3867 5912 immanem-

2246 5900 2321 5955 tia
2348 5915 2446 5968 pro
2472 5902 2541 5958 ad
2569 5900 2938 5963 continentiam
2967 5909 3019 5966 in
3058 5912 3206 5981 vulg.
3248 5900 3376 5970 ante
3403 5900 3607 5982 Quesn.
