3980 6352
236 368 306 423 ιδτ
1574 349 1759 437 ξΕΒΜ

1881 346 2035 405 [ριν.
3323 350 3431 413 458

234 483 282 539 ad
303 468 660 536 continentiam,
696 466 801 523 hoc
844 463 1094 537 perducit
1130 463 1196 519 ad
1245 464 1474 534 gloriam
1507 463 1587 536 (ll
1614 462 1735 519 Cor.
1769 470 1819 529 Α

234 590 300 643 ιη,
324 570 394 642 9).

278 666 380 723 CAP.
414 659 470 717 ll.
499 655 986 714 ——Abstinendum
1018 663 1101 710 est
1141 654 1345 724 itaque,
1368 652 1735 720 dilectissimi,

231 760 359 818 abhis
382 768 485 826 qua:
521 750 678 807 nobis
722 750 887 805 noxie
916 747 1291 814 blandiuntur,
1327 756 1381 802 et
1410 746 1495 801 lex
1528 745 1739 815 peccati

230 868 313 927 quae
332 849 470 908 estin
496 841 756 901 membris
778 842 984 899 nostris
1014 842 1193 913 (Rom.
1223 856 1321 909 vn,
1348 838 1467 912 25),
1494 840 1589 894 Dei
1622 839 1740 909 lege

231 941 461 1017 superanda
494 947 577 995 est
609 956 623 993 :
655 947 716 993 ut
743 937 875 993 licet
905 952 1002 1007 per
1032 950 1224 992 omnes
1261 949 1458 991 sensus
1492 933 1740 1003 corporis

229 1040 361 1098 multa:
378 1032 677 1090 insidientur
706 1030 1005 1099 illecebrae,
1039 1028 1219 1084 anima
1242 1039 1445 1093 tamen,
1472 1027 1558 1083 cui
1591 1040 1743 1081 sum—

230 1146 330 1187 ntum
362 1130 537 1183 bonum
564 1133 618 1181 et
652 1140 843 1180 verum
881 1123 1136 1196 gaudium
1166 1123 1311 1178 Deus
1342 1132 1444 1189 est,
1478 1122 1621 1177 inter
1646 1136 1741 1176 ca-

228 1236 305 1280 stas
324 1218 678 1290 spiritalesque
719 1216 943 1271 delicias
972 1217 1024 1270 in
1056 1214 1341 1285 sapientiae
1370 1212 1658 1268 latitudine
1689 1220 1743 1268 et

228 1317 263 1369 in
282 1310 483 1367 veritatis
508 1309 632 1363 luce
660 1315 932 1363 versetur.
977 1307 1034 1364 Si
1061 1307 1205 1362 enim
1237 1306 1481 1375 seipsum
1512 1304 1618 1360 sibi
1653 1318 1743 1359 ra-

226 1406 383 1462 tionalis
411 1404 563 1457 homo
589 1410 888 1471 comparet,
920 1413 1224 1469 omnesque
1267 1412 1490 1453 suorum
1522 1406 1741 1452 actuum

228 1499 445 1571 qualitates
472 1509 597 1549 vera
636 1495 975 1564 inspectione
1005 1491 1288 1563 dijudicet,
1334 1489 1599 1560 numquid
1631 1498 1657 1526 ι
1688 1491 1740 1543 iu

224 1593 371 1649 intimis
404 1588 748 1645 conscientia:
794 1602 910 1643 suae
945 1587 1048 1643 hoc
1086 1585 1463 1642 delectationis
1496 1585 1742 1639 inveniet

2242 462 2478 520 SERMO
2506 461 2663 519 xctv
2698 464 2820 536 [Αι.
2858 464 2991 519 xcu
3014 462 3046 532 ι.

2170 579 2246 632 De
2297 578 2508 648 Jejunio
2559 580 2766 646 septimi
2809 581 2998 635 mensis
3038 577 3141 635 1X.

1844 692 2113 748 SYNOPSIS.
2135 723 2205 732 —
2222 692 2261 746 l.
2294 693 2463 763 Magis
2485 695 2772 767 curandum
2802 712 2909 750 esse
2923 697 3182 767 jejunium
3205 699 3435 767 spiritale

1918 781 2072 839 quam
2097 767 2385 833 corporale.
2411 796 2481 839 -έ
2603 765 2668 819 In
2694 783 2793 839 quo
2835 765 3066 839 spiritale
3084 765 3347 839 jejunium
3367 773 3434 825 sit

1916 835 2162 905 positum,
2177 845 2340 906 etquo
2352 837 2549 910 auxilio
2562 835 3199 910 implendum—111.13%
3212 852 3435 910 quatuor

1922 918 2211 979 temporum
2240 909 2501 979 jejunium
2546 908 2706 976 fuerit
2720 910 3025 963 institutum.
3054 941 3114 952 -
3146 908 3235 966 Vl.
3268 911 3435 967 Deum

1918 977 2093 1049 diligi,
2131 977 2253 1032 cum
2271 977 2540 1049 proximus
2571 980 2808 1050 diligitur
2830 990 2878 1033 et
2899 983 3129 1052 juvatur.

1916 1134 2044 1189 CAP.
2088 1135 2233 1190 1.-
2260 1135 2385 1191 Scio
2434 1135 2690 1207 quidem,
2740 1136 3113 1203 dilectissimi,
3172 1139 3438 1207 plurimos

1848 1238 2086 1284 vestrum
2121 1229 2192 1283 ita
2221 1228 2276 1283 in
2309 1230 2375 1283 iis
2418 1244 2539 1300 qua:
2574 1225 2605 1266 ιι
2640 1228 2707 1283 ad
2739 1229 3143 1285 observantiam
3174 1230 3439 1285 Christia-

1846 1336 1970 1375 nam
2014 1321 2286 1391 pertinent
2315 1335 2438 1377 esse
2478 1322 2727 1387 devotos,
2773 1330 2834 1377 ut
2874 1322 3075 1376 nostris
3111 1320 3439 1376 cohortatio.

1846 1413 2007 1467 nibus
2038 1428 2145 1468 non
2197 1413 2473 1484 indigeant
2502 1414 2808 1469 admoneri.
2842 1413 2995 1481 Quod
3042 1414 3187 1469 enim
3234 1412 3439 1470 dudum

1847 1517 1901 1563 et
1926 1507 2140 1562 traditio
2168 1508 2434 1573 decrevit,
2465 1516 2522 1563 et
2541 1508 2879 1564 consuetudo
2908 1509 3166 1574 lirmavit,
3194 1522 3296 1563 nec
3317 1523 3441 1563 eru-

1848 1599 1979 1654 ditio
2031 1600 2281 1669 ignorat,
2332 1615 2430 1655 nec
2477 1600 2651 1669 pietas
2702 1602 3088 1669 praetermittit.
3149 1600 3258 1656 Sed
3312 1600 3441 1669 quia

224 1687 270 1741 de
297 1683 535 1754 iniquiia“?
584 1680 899 1743 commissa,
931 1678 1077 1751 (ιυοά
1105 1680 1171 1735 de
1198 1680 1453 1750 εείιυῖιειιθ
1482 1677 1742 1733 Servata?
1847 1689 2203 1745 sacerdotalis
2224 1690 2387 1745 ofﬁcii
2408 1700 2496 1746 est
2524 1706 2656 1761 erga
2677 1706 2868 1746 omnes
2898 1693 3154 1747 Ecclesiae
3185 1693 3325 1747 filios
3346 1707 3443 1746 cu~

221 1787 284 1833 aut
304 1786 473 1830 tantum
504 1774 557 1829 ei
578 1772 940 1843 jucunditatis
975 1772 1211 1827 carnalis
1258 1772 1535 1841 voluptas,
1570 1785 1743 1841 quan-
1849 1799 1964 1838 ram
1997 1785 2195 1839 habere
2223 1799 2590 1848 communem,
2620 1786 2675 1839 in
2710 1784 2762 1839 id
2791 1786 2937 1855 quod
2969 1794 3023 1841 ει
3062 1787 3285 1841 rudibus
3313 1801 3444 1856 pro.

223 1883 298 1928 tum
338 1870 575 1943 spiritalis
606 1870 780 1939 pariet
823 1868 1130 1939 appetitus?
1173 1866 1319 1921 Nihil
1352 1880 1578 1937 prorsus
1608 1863 1636 1903 δ
1671 1864 1739 1919 de
1771 1867 1820 1928 B
1847 1877 1917 1932 sit
1944 1887 2001 1934 et
2039 1878 2237 1945 doctis,
2275 1894 2411 1948 quos
2454 1879 2615 1934 simul
2656 1879 2949 1950 diligimus,
2991 1883 3196 1949 pariter
3253 1882 3445 1936 incita-

220 1967 411 2021 virtutum
457 1964 622 2019 bonis
664 1964 858 2033 attigit,
902 1962 1041 2017 nihil
1086 1962 1156 2018 de
1206 1962 1427 2031 pietatis
1472 1959 1744 2015 suavitate
1853 1988 1977 2027 mus
2018 1990 2031 2027 ε
2083 1980 2141 2027 ιιι
2195 1972 2464 2041 jejunium
2525 1973 2669 2043 quod
2729 1973 2884 2028 nobis
2951 1975 3170 2041 septimi
3239 1976 3445 2031 mensis

218 2058 411 2129 gustavit,
441 2054 530 2126 qui
570 2055 743 2125 magis
770 2054 884 2109 vult
920 2055 973 2107 in
1007 2053 1094 2107 his
1140 2053 1457 2109 sordescere
1487 2066 1610 2122 qua:
1638 2052 1744 2106 im-

218 2150 365 2205 munda
389 2156 524 2215 sunt,
564 2164 724 2218 quam
747 2148 803 2202 in
830 2148 896 2201 iis
920 2146 1211 2216 splendere
1232 2161 1350 2215 qua:
1380 2154 1565 2200 sancta
1595 2154 1743 2199 sunt.

222 2243 305 2298 Non
324 2243 433 2298 sinit
459 2241 604 2297 ratio
634 2250 692 2295 ut
722 2239 978 2295 cordibus
1016 2254 1123 2296 non
1154 2253 1543 2308 usquequaque
1568 2236 1742 2307 capti-

218 2337 347 2390 visita
376 2335 579 2404 placeat
607 2333 797 2388 satiata
840 2332 942 2399 ira,
973 2339 1034 2386 ut
1076 2331 1306 2386 remissa
1347 2328 1616 2397 vindicta;
1646 2341 1741 2383 aut

215 2438 366 2482 tantum
384 2434 645 2497 generent
672 2424 927 2497 gaudittm
955 2434 977 2462 ε
1022 2423 1165 2477 male
1188 2421 1413 2493 quaesita
1445 2422 1512 2477 de
1542 2421 1745 2489 alieno,

214 2530 413 2592 quantum
440 2520 585 2576 bene
618 2532 858 2589 expensa
888 2516 958 2573 de
988 2518 1232 2587 prOprio.
1266 2515 1501 2571 Felicior
1528 2529 1749 2585 semper

215 2621 271 2667 est
291 2627 425 2682 parca
459 2621 573 2668 tem
587 2612 831 2681 perantia
860 2624 1020 2681 quam
1053 2609 1275 2680 profusa
1303 2609 1555 2676 luxuria;
1582 2606 1611 2645 ἀ
1637 2623 1750 2662 ma-

213 2703 273 2775 jor
291 2706 476 2775 requies
521 2704 831 2758 humilibus
858 2717 1021 2772 quam
1049 2700 1332 2773 superbis;
1360 2709 1417 2756 et
1458 2700 1750 2756 sublimior

213 2809 325 2850 mens
346 2811 451 2865 quae
482 2796 633 2850 inter
658 2795 927 2865 prohibita
954 2805 1116 2866 atque
1147 2794 1413 2865 permissa
1439 2794 1641 2849 certius
1659 2794 1754 2848 ha-

213 2889 276 2945 bet
294 2905 481 2959 sperare
510 2888 793 2957 coelestia,
833 2904 991 2959 quam
1042 2903 1229 2944 amare
1271 2896 1509 2943 terrena.
1540 2888 1613 2945 Ut
1651 2904 1749 2943 au-

213 2991 286 3037 tem
311 2984 355 3037 in
379 2983 473 3038 hoc
514 2991 786 3054 provectu
838 2984 1050 3037 animus
1092 2982 1379 3053 religiosus
1420 2981 1655 3037 excellat
1698 2990 1755 3035 et

210 3074 273 3144 jus
299 3092 392 3131 sua:
422 3075 824 3132 dominationis
853 3076 1115 3141 obtineat,
1148 3086 1171 3113 θ
1201 3075 1504 3146 subigendo
1534 3075 1754 3145 corpori

211 3168 437 3240 castigatio
461 3180 547 3226 est
586 3168 896 3224 adhibenda
935 3168 1147 3239 jejunii.
1172 3168 1325 3236 Quod
1357 3168 1483 3223 licet
1509 3167 1753 3239 generali

1853 2079 2109 2120 recursus
2134 2064 2344 2131 indicit,
2376 2064 2484 2121 ﬁde
2512 2066 2677 2121 alacri
2710 2080 2806 2135 per
2836 2068 3250 2136 castigationem
3278 2068 3448 2123 animi

1855 2167 1911 2211 et
1957 2158 2203 2226 corporis
2257 2158 2618 2213 celebremus.
2653 2159 2912 2224 Quamvis
2963 2160 3106 2215 enim
3165 2160 3448 2217 diminutio

1858 2249 1966 2305 cibi
2014 2264 2230 2305 carnem
2263 2251 2483 2319 proprie
2531 2249 2778 2305 videatur
2817 2251 3053 2317 allicere,
3090 2251 3227 2306 nihil
3269 2262 3450 2307 tamen

1856 2343 2137 2412 corporeis
2167 2342 2419 2398 sensibus
2444 2343 2532 2397 vel
2560 2343 2881 2398 conceditur
2906 2343 2990 2398 vel
3021 2353 3268 2413 negatur,
3301 2344 3451 2414 quod

1856 2449 1965 2489 non
1992 2435 2131 2489 sicut
2174 2434 2242 2489 ad
2272 2434 2625 2501 servientem,
2655 2436 2727 2489 ita
2758 2437 3026 2506 pertineat
3050 2436 3115 2491 ad
3144 2436 3450 2506 iubentem.

1856 2527 1991 2583 Cum
2033 2529 2217 2598 itaque
2264 2528 2639 2599 unusquisque
2675 2528 2836 2584 homo
2877 2530 3148 2600 duplicem
3195 2530 3249 2585 in
3289 2546 3349 2585 se
3376 2530 3452 2586 le~

1857 2634 1977 2690 gem
2010 2618 2208 2675 habeat
2237 2621 2613 2689 continentiae,
2646 2621 2889 2691 nihilque
2918 2625 3197 2676 actionum
3231 2630 3453 2677 nostra-

1859 2729 1982 2769 rum
2027 2714 2096 2768 ad
2122 2714 2299 2769 solum
2345 2730 2565 2785 corpus,
2596 2716 2763 2770 multa
2792 2722 2976 2771 autem
3006 2716 3071 2770 ad
3114 2716 3290 2770 solum
3312 2714 3455 2770 refe-

1859 2808 2029 2864 renda
2078 2809 2186 2863 sint
2236 2809 2498 2878 animum,
2534 2809 2832 2879 prudenter
2866 2809 3128 2864 debemus
3169 2810 3457 2866 advertere

1861 2916 2025 2973 quam
2052 2902 2311 2958 indecens
2343 2918 2615 2974 quamque
2636 2904 2896 2972 injustum
2929 2905 3021 2972 sit,
3051 2905 3097 2957 si
3136 2903 3280 2975 quod
3303 2919 3333 2957 a
3363 2920 3459 2960 su-

1861 2996 2085 3065 periore
2123 2994 2384 3050 indicitur
2421 2996 2488 3050 ab
2520 2996 2777 3050 inferiore
2820 2996 3138 3066 negligatur.
3173 2996 3244 3051 Ut
3272 3006 3455 3051 autem

1864 3102 2022 3141 mens
2059 3086 2341 3141 rationalis
2386 3087 2675 3142 salubriter
2711 3086 2875 3159 36A.
2907 3088 3176 3142 exteriora
3205 3088 3454 3158 castiget,

1868 3178 2031 3234 debet
2060 3179 2222 3233 etiam
2256 3180 2470 3249 propria
2503 3194 2756 3235 exercere
2795 3178 3005 3248 jejunia
3034 3197 3049 3233 :
3074 3179 3195 3250 quia
3226 3194 3331 3233 non
3372 3193 3461 3234 so-

211 3261 380 3317 nomine
403 3263 465 3318 ad
486 3278 717 3318 omnem
752 3262 1139 3318 continentiam
1173 3263 1452 3333 pertinere
1483 3262 1755 3327 videatur,

1881 3273 1983 3327 lum
2013 3272 2195 3327 carnis
2224 3270 2535 3339 desideriis,
2563 3272 2658 3327 sed
2698 3272 2860 3327 etiam
2885 3272 3048 3327 animi
3071 3272 3461 3351 cupiditatibus

209 3355 378 3423 proprie
402 3364 587 3412 tamen
622 3356 691 3410 ad
716 3355 915 3411 edendi
943 3355 1361 3411 diminutionem
1394 3355 1629 3410 refertur
1656 3372 1669 3407 :
1699 3364 1761 3409 ut

212 3452 339 3519 prosit
370 3470 507 3509 nunc
535 3454 831 3509 voluntate
876 3467 985 3509 non
1028 3466 1268 3519 sumere,
1318 3450 1459 3522 quod
1492 3450 1562 3505 ab
1609 3449 1761 3505 initio

1867 3366 2126 3420 convenit
2155 3381 2478 3436 repugnare,
2511 3366 2728 3421 dicente
2752 3365 3034 3436 Scriptura
3064 3385 3076 3419 :
3112 3366 3241 3422 Post
3272 3383 3460 3423 concu-

1869 3458 2147 3528 piscentias
2187 3467 2303 3513 tuas
2332 3476 2436 3513 non
2477 3476 2587 3527 eas,
2620 3468 2668 3513 et
2690 3475 2723 3512 α
2751 3458 3009 3514 voluntate
3062 3471 3154 3514 tua
3192 3459 3207 3496 ί
3238 3470 3462 3516 avertere

1870 3552 2064 3625 (Eccli.
2090 3568 2244 3621 xvm,
2276 3551 2391 3623 30).
2416 3553 2676 3623 Jejunans
2716 3568 2848 3623 ergo
2879 3554 2948 3608 ab
2987 3554 3050 3608 iis
3076 3570 3199 3624 quae
3224 3570 3353 3610 caro
3375 3569 3465 3625 ap-

1870 3644 2029 3713 petit,
2058 3644 2268 3715 jejunet
2291 3654 2344 3699 et
2373 3644 2439 3700 ab
2468 3645 2535 3701 iis
2562 3661 2685 3716 quas
2715 3646 2856 3700 male
2884 3645 3115 3701 interior
3155 3646 3467 3703 substantia

1872 3738 2228 3807 concupiscit.
2260 3737 2520 3792 Passurus
2573 3737 2719 3792 enim
2761 3737 2954 3793 animae
2996 3738 3148 3793 cibus
3195 3748 3298 3807 est,
3324 3739 3468 3795 velle

1871 3829 2016 3899 quod
2048 3845 2153 3884 non
2185 3829 2337 3894 licet;
2370 3838 2425 3885 et
2458 3829 2626 3884 noxia
2656 3827 2839 3884 cordis
2870 3829 3164 3885 delectatio
3206 3840 3314 3897 est,
3346 3845 3469 3899 quae

1872 3932 1969 3977 aut
1994 3923 2136 3992 turpi
2170 3922 2319 3977 lucro
2346 3922 2605 3991 pascitur,
2632 3930 2724 3975 aut
2754 3921 3004 3991 superbia
3045 3921 3342 3987 extollitur,
3374 3931 3470 3977 aut

1881 4013 1895 4063 i
1939 4014 2146 4068 ultione
2184 4013 2416 4067 laetatur.
2445 4012 2703 4079 Quamvis
2743 4014 2885 4067 enim
2916 4012 2999 4067 liis
3045 4012 3324 4068 affectibus
3355 4026 3470 4068 mo-

1876 4116 1962 4160 ttts
2012 4121 2225 4175 quoque
2268 4105 2514 4174 corporis
2565 4106 2826 4171 serviant,
2857 4105 2924 4159 ad
2972 4104 3239 4174 originem
3288 4114 3473 4160 tamen

1875 4216 2031 4255 suam
2072 4200 2639 4268 cunctairespiciunt,
2689 4208 2743 4253 et
2796 4199 2868 4252 ibi
2923 4209 3181 4252 censetur
3236 4198 3466 4268 qualitas

1876 4293 2125 4359 actionis,
2144 4293 2233 4348 ubi
2261 4293 2530 4348 invenitur
2559 4291 2770 4346 initium
2794 4290 3283 4362 voluntatis,quam
3314 4308 3473 4349 revo-

1877 4400 2006 4441 care
2038 4400 2070 4440 a
2094 4384 2276 4455 pravis
2304 4383 2596 4440 desideriis
2633 4383 2897 4454 optimum
2942 4385 3347 4453 maximumque
3386 4384 3473 4456 je-

206 4488 498 4551 syua,atque
526 4481 770 4552 jejunio,
801 4482 1147 4549 praestabitur
1178 4483 1335 4537 nobis
1367 4498 1397 4535 a
1423 4479 1769 4536 misericordi
1874 4481 2087 4550 juniunt
2134 4488 2238 4544 est,
2294 4479 2417 4550 quia
2456 4488 2585 4534 tunc
2614 4488 2697 4533 est
2747 4478 2941 4533 edendi
2992 4478 3320 4533 abstinentia
3362 4476 3478 4533 fru-

207 4567 290 4622 Deo
314 4584 359 4625 et
381 4573 653 4627 cohibitio
694 4574 1072 4642 cupiditatum,
1114 4583 1166 4627 et
1202 4572 1482 4628 exauditio
1513 4585 1766 4642 precum,
1808 4641 1826 4644 _
1884 4583 2074 4629 ctuosa
2099 4573 2314 4644 quando
2346 4572 2585 4628 exterior
2613 4571 2849 4641 parcitas
2891 4585 2921 4623 a
2952 4571 3310 4640 temperantia
3342 4570 3478 4628 inte-

206 4670 245 4713 et
281 4665 515 4720 remissio
573 4675 928 4735 peccatorum
965 4683 977 4718 :
1030 4681 1125 4735 per
1178 4666 1460 4719 Dominum
1526 4673 1776 4719 nostrum
1804 4641 1860 4702 Ῑ)
1890 4670 2034 4725 riore
2067 4666 2334 4738 procedit.

209 3558 351 3603 contra
376 3550 609 3605 vetitum
643 3549 827 3604 nocuit
852 3562 1145 3619 usurpasse
1174 3565 1187 3601 :
1220 3555 1282 3601 ut
1317 3544 1459 3600 sicut
1496 3544 1604 3600 illic
1630 3558 1762 3601 con-

211 3641 482 3710 cupiscentia
542 3642 564 3682 τ
612 3643 711 3698 luit
755 3642 999 3710 vulneri,
1053 3644 1127 3697 ita
1176 3640 1267 3697 hic
1313 3640 1637 3695 abstinentia
1691 3639 1763 3694 sit

208 3735 347 3792 saluti.

258 3829 364 3884 Civ.
392 3832 480 3888 ill.
511 3863 590 3873 —
617 3832 715 3888 Cui
746 3833 1052 3902 medicinae,
1087 3831 1450 3901 dilectissimi,
1473 3832 1603 3887 licet
1634 3840 1765 3887 tem-

207 3932 281 3987 pus
304 3922 448 3995 363
476 3940 651 3980 omne
682 3924 753 3979 sit
787 3939 1110 3994 congruum,
1143 3923 1248 3978 hoc
1280 3932 1464 3979 tamen
1497 3922 1764 3978 habemus

210 4013 516 4082 aptissimum,
548 4017 703 4086 quod
736 4025 792 4072 et
820 4017 1133 4085 apostolicis
1162 4024 1219 4071 et
1253 4016 1517 4086 legalibus
1546 4015 1768 4070 institu-

207 4105 256 4159 tis
279 4108 504 4163 videmus
536 4109 803 4175 electum,
835 4120 892 4162 ut
924 4110 1062 4164 sicut
1094 4110 1145 4163 in
1193 4108 1314 4163 aliis
1369 4108 1497 4162 anni
1550 4108 1763 4175 diebus,

210 4195 319 4250 ilain
332 4216 509 4255 mense
534 4204 776 4270 septimo
798 4199 1133 4269 spiritalibus
1160 4216 1260 4255 nos
1294 4200 1766 4271 puriﬁcationibus

208 4293 542 4349 emundemus.
579 4293 1051 4349 Convenientibus
1082 4295 1225 4350 enim
1260 4295 1314 4349 in
1358 4310 1525 4349 unum
1564 4308 1766 4363 propo-

208 4382 333 4438 situm
378 4388 554 4442 tribus
614 4387 831 4453 studiis,
882 4390 1130 4441 oratione
1176 4387 1407 4453 scilicet,
1439 4394 1494 4442 et
1533 4386 1769 4441 eleemo-

207 4752 351 4809 Iesum
375 4757 684 4824 Christum,
733 4768 759 4805 8
793 4759 882 4828 qui
913 4759 1049 4813 vivit
1076 4767 1130 4814 et
1161 4767 1349 4829 regnat
1376 4772 1499 4812 cum
1530 4755 1692 4813 Patre
1723 4768 1779 4814 et

207 4843 369 4916 Spiritu
400 4863 598 4908 sancto
627 4854 681 4908 in
716 4853 919 4908 saecula
944 4853 1293 4909 saeculorum.
1324 4854 1523 4908 Amen.

262 5036 398 5108 ibis.
424 5037 710 5108 Bergom.,
742 5037 797 5090 in
822 5038 960 5091 imis.

258 5103 280 5141 δ
307 5107 375 5179 ita
409 5124 479 5163 ex
515 5103 762 5179 (iuinque
803 5123 932 5163 mss.
970 5108 1093 5163 Vat.
1135 5121 1189 5167 et
1232 5108 1445 5165 duobus
1476 5108 1771 5167 Lectiona-

207 5177 283 5229 riis
308 5177 555 5248 Bergom'.
586 5190 642 5233 et
672 5177 903 5234 Veneto.
930 5180 1072 5234 Editi
1102 5191 1225 5238 ante
1259 5182 1488 5250 Quesn.,
1517 5182 1581 5234 de
1615 5184 1777 5236 virtu-

206 5256 289 5325 tum
313 5251 597 5325 splendore
634 5251 879 5325 attingit,
911 5260 966 5306 et
1002 5252 1149 5321 dein,
1182 5264 1377 5325 gustat.
1434 5252 1666 5325 Quesn.,
1713 5256 1779 5308 de

205 5320 423 5406 virtutum
447 5323 732 5406 splendore
768 5324 1004 5406 attinget,
1051 5334 1098 5378 et
1136 5320 1405 5397 gustabit;
1455 5334 1509 5379 at
1550 5324 1602 5379 in
1632 5339 1779 5379 mar-

234 5407 335 5446 lllei
364 5407 477 5447 ΑΙ..
510 5407 582 5446 ae
614 5407 858 5447 virtutum
886 5407 1048 5447 Doms.

206 5394 335 5459 gine:
364 5394 477 5459 AL,
510 5394 582 5446 de
614 5394 858 5447 virtutum
886 5395 1048 5448 bonis.
1148 5394 1162 5397 ⁷

261 5473 279 5499 ε
308 5463 446 5519 Editi
491 5476 637 5539 ante,
670 5467 893 5539 Questu,
929 5466 1068 5519 mala
1090 5469 1325 5539 quaesita,
1358 5476 1412 5523 et
1450 5465 1598 5531 dein,
1642 5467 1777 5521 bona

205 5549 413 5609 gzpcnsa.
449 5537 640 5604 Aliqui
671 5536 831 5609 codd.
857 5536 1059 5594 habent
1092 5536 1321 5605 tantum,
1356 5539 1488 5593 bona
1525 5554 1771 5609 expensa.

204 5602 296 5659 Duo
322 5619 505 5663 nostra
550 5602 894 5663 Lectionaria
934 5618 1113 5665 textus
1156 5602 1445 5666 lectionem
1496 5602 1779 5665 exhibent.

256 5676 368 5753 “Alta
400 5695 529 5734 cum
562 5680 861 5753 Quesnello
892 5696 994 5735 ms.
1029 5681 1310 5753 Bergom.,
1354 5690 1409 5737 et
1454 5696 1644 5753 parum
1688 5683 1781 5735 ab-

203 5746 422 5831 similiter
470 5751 657 5805 codex
700 5750 965 5819 Venetus,
1015 5746 1193 5831 _maj5r
1248 5746 1413 5831 quies.
1454 5746 1784 5831 'Anteriores

201 5819 442 5898 editiones
472 5836 628 5898 cu_t_t_t_
662 5836 790 5879 mss.
824 5819 1195 5893 posteriorum
1238 5819 1481 5895 collect.,
1511 5828 1784 5898 majorque

200 5901 261 5943 est
288 5894 373 5947 lux
400 5892 716 5949 humilibus.

454 5991 743 6083 Panos.
764 5986 949 6089 .

1962 4761 2090 4816 Car.
2118 4760 2185 4815 ll.
2215 4788 2287 4800 -—
2314 4758 2647 4815 Celebraturi
2688 4757 2869 4828 igitur,
2895 4757 3257 4824 dileCtissimi,
3292 4772 3481 4814 verum

1890 4864 1945 4912 et
1973 4853 2220 4925 spiritale
2237 4851 2527 4922 jejunium,
2561 4850 2706 4922 quod
2735 4860 2790 4905 et
2817 4864 3019 4921 corpus
3049 4857 3104 4904 et
3136 4850 3377 4906 animum
3398 4849 3482 4905 sui

1969 5048 1993 5075 °
2023 5037 2113 5094 Sic
2156 5052 2223 5092 ex
2254 5035 2457 5090 nostris
2508 5048 2643 5088 mss.
2693 5042 2747 5089 et
2786 5033 2970 5100 editis,
2996 5041 3225 5103 excepto
3254 5033 3481 5099 Quesn.,

1969 5109 2031 5156 nd
2063 5122 2243 5156 auem.
2270 5104 2612 5156 subiiciendo.

1886 5109 2033 5181 apud
2063 5122 2243 5179 quem,
2270 5107 2612 5179 subjicienda.

1973 5180 1992 5220 ί
2011 5179 2341 5255 Quesnellus
2345 5176 2574 5240 addidit,
2594 5177 2712 5255 fuit,
2730 5175 2805 5230 uti
2820 5175 3080 5255 legitur
3093 5175 3281 5255 codice
3292 5174 3486 5255 Venet.

1967 5262 1993 5300 ε
2029 5246 2108 5306 Ex
2133 5265 2267 5305 mss.
2299 5249 2506 5304 Veneto
2534 5257 2588 5302 et
2615 5246 2739 5302 Vat.
2762 5247 2982 5303 collect.
3016 5249 3071 5315 5,
3096 5246 3486 5318 supplevimus,

1888 5341 2011 5379 cum
2045 5322 2203 5376 Patre
2231 5330 2277 5375 et
2305 5320 2510 5391 Spiritu
2542 5328 2743 5391 sancto.

1965 5394 1996 5433 ιι
2027 5394 2167 5448 Editi
2198 5403 2325 5448 ante
2351 5388 2610 5458 'Quesn.,
2663 5389 2731 5443 ad
2778 5388 3151 5445 observantiam
3192 5389 3487 5443 christiana:

1891 5467 2041 5539 ﬁdei,
2071 5480 2193 5539 cum
2219 5462 2377 5539 codd.
2404 5462 2613 5539 collect.
2640 5462 2754 5539 5Aet
2774 5461 2827 5515 4.
2860 5460 3050 5539 caeteri
3075 5461 3243 5539 nostri
3272 5459 3488 5539 codices

1891 5530 1948 5594 et
1977 5530 2112 5593 mss.
2154 5533 2317 5591 Corb.
2363 5548 2427 5589 ac
2470 5533 2612 5588 Vict.
2661 5532 2933 5599 Quesnelli
2988 5539 3165 5586 textus
3203 5530 3490 5587 lectionem
3576 5598 3579 5601 _

1890 5610 2221 5680 praeferunt.

1968 5680 1986 5719 ί
2029 5678 2435 5735 Lectionarium
2458 5675 2748 5737 Venetam,
2781 5682 2970 5728 vetare.

1972 5754 1989 5804 i
2031 5754 2123 5807 Sic
2162 5749 2643 5819 Quosnelluscumr
2669 5754 2856 5819 nostro
2884 5745 3489 5819 LectionarioVeneto.

1897 5815 2208 5882 Concinunt
2256 5835 2390 5876 mss.
2438 5815 2773 5887 collectionis
2815 5816 2873 5885 2,
2915 5818 2967 5871 in
3016 5816 3213 5887 quibus
3242 5817 3492 5885 habetur,

1898 5899 2149 5956 vindicta.
2173 5893 2368 5952 Cteteri
2397 5885 2547 5957 editi,
2574 5887 2898 5943 adulatione.

2941 5965 3019 6032 15
