3980 6352
506 390 613 448 459

1633 383 1692 439 S.
1732 379 1977 437 LEONIS
2017 377 2232 436 MAGNI
2273 375 2658 435 SERMONES.

3689 374 3794 433 ωο

511 513 745 581 puritate
776 508 1098 570 sanctificet,
1132 504 1310 559 cordis
1358 502 1530 556 nostri
1563 508 1769 555 secreta
1805 500 2087 566 rimentur,
2123 503 2171 560 Α
2201 504 2259 552 ιιι
2289 505 2592 567 peccatum,
2636 494 2776 564 quod
2810 494 3100 565 fragilitate
3137 496 3316 551 carnis
3354 506 3407 551 et
3442 495 3796 565 cupiditatum

512 615 567 661 et
612 606 806 676 quibus
862 602 1019 657 rebus
1070 606 1161 651 aut
1211 594 1599 651 contristentur
1656 600 1751 648 aut
1801 590 2094 663 gaudeant,

509 701 657 770 justo
680 696 1032 752 discutiamus
1079 690 1349 746 examine.
1382 687 1462 744 Ac
1493 688 1537 741 si
1583 687 1704 755 quis
1750 701 1903 740 amor
1944 698 2098 739 vanas

514 794 722 862 gloriae,
755 790 929 859 siqua
974 786 1129 841 radix
1180 783 1440 844 avaritia.
1496 781 1542 837 si
1572 780 1711 851 quod
1761 781 1903 835 inest
1948 778 2097 833 virus

515 884 749 947 invidiae,
782 878 913 933 nihil
942 878 1126 931 talium
1156 876 1335 930 anima
1371 884 1545 927 sumat
1575 888 1845 940 escarum,
1875 872 1971 927 sed
2000 871 2100 925 vir-

515 990 682 1033 tutum
712 977 913 1029 intenta
945 972 1173 1040 deliciis,
1205 971 1455 1025 caelestes
1484 970 1671 1039 epulas
1700 978 1935 1024 terrente
1962 980 2099 1037 prte-

517 1070 651 1124 ferat
679 1065 962 1135 voluptati.
997 1064 1265 1133 Agnoscat
1296 1062 1459 1116 homo
1489 1062 1571 1114 sui
1600 1060 1815 1129 generis
1862 1058 2098 1127 dignita-

517 1174 644 1226 tem,
671 1160 980 1229 factumque
1010 1172 1070 1212 se
1094 1156 1157 1210 ad
1189 1155 1475 1224 imaginem
1500 1162 1553 1207 et
1575 1152 1991 1208 similitudinem
2017 1150 2101 1205 sui

512 1254 786 1310 Creatoris
812 1252 1104 1321 intelligat;
1138 1264 1237 1303 nec
1259 1251 1331 1302 ita
1359 1248 1426 1302 de
1456 1245 1689 1301 miseriis
1711 1260 1843 1316 quas
1863 1260 1957 1313 per
1981 1258 2103 1311 pec-

515 1360 691 1405 catum
731 1346 861 1402 illud
902 1347 1194 1401 maximum
1236 1350 1291 1396 et
1327 1354 1616 1394 commune
1658 1338 1843 1391 incidit
1871 1350 2101 1405 expave-

516 1452 651 1507 scat,
686 1450 740 1495 ut
771 1454 877 1494 non
918 1453 975 1493 se
1009 1436 1073 1489 ad
1117 1430 1541 1487 misericordiam
1591 1429 1671 1483 sui
1706 1437 1731 1465 ι
1759 1427 2101 1497 Bepziratoris

516 1537 747 1593 attollat.
787 1534 907 1602 Ipse
944 1532 1085 1585 enim
1124 1527 1294 1583 dicit:
1325 1524 1506 1581 Sancti
1535 1533 1711 1589 estote,
1743 1523 1985 1593 quoniam
2010 1538 2101 1593 ego

516 1636 721 1683 sanctus
762 1640 875 1678 sum
907 1620 1090 1693 (Leuit.
1121 1635 1232 1685 XIX,
1265 1616 1323 1689 2)
1358 1634 1372 1671 :
1407 1616 1510 1671 hoc
1554 1624 1657 1681 est,
1701 1630 1785 1669 me
1815 1614 2016 1684 eligite,
2051 1622 2105 1667 ct

516 1725 585 1779 ab
616 1723 679 1777 iis
728 1735 846 1790 qua:
898 1718 1027 1771 mihi
1064 1714 1352 1783 displicent
1399 1711 1685 1790 abstinete.
1722 1707 1908 1764 Facite
1958 1706 2101 1777 quod

517 1829 661 1880 amo,
693 1788 871 1867 amate
900 1809 1042 1880 quod
1074 1808 1231 1862 facio.
1255 1807 1317 1861 Et
1347 1788 1710 1859 cnm'videtur
1738 1818 1860 1858 esse
1882 1802 2103 1857 difficile

2204 589 2501 660 pollutione
2542 586 2903 654 contrahitur,
2955 586 3173 659 jejuniis
3220 594 3387 657 atque
3429 586 3799 657 eleemosynis

2201 682 2463 738 deleatur.

2272 772 2402 829 Car.
2429 771 2517 828 ιγ.
2553 802 2625 813 -
2670 771 2983 827 Esuriamus
3014 769 3311 841 paululum,
3345 769 3707 833 dilectissimi,
3739 778 3799 824 et

2202 865 2594 937 aliquantulum
2631 863 2777 936 quod
2806 862 3058 934 juvandis
3090 863 3258 933 possit
3293 862 3555 933 prodesse
3598 876 3799 933 paupe-

2208 959 2380 1026 ribus,
2412 968 2612 1014 nostra:
2639 956 3019 1013 consuetudini
3050 956 3455 1011 subtrahamus.
3489 955 3802 1012 Delectetur

2204 1052 2539 1109 conscientia
2559 1051 2913 1121 benignorum
2939 1048 3201 1105 fructibus
3223 1048 3519 1119 largitatis;
3548 1058 3572 1095 8
3601 1056 3657 1103 et
3677 1062 3801 1103 cum

2204 1146 2401 1217 gaudio
2428 1146 2691 1210 tribuens,
2725 1159 2833 1214 quo
2855 1158 2913 1199 es
2949 1142 3321 1209 laetificandus,
3362 1142 3623 1210 accipies.
3654 1138 3803 1196 Dile-

2206 1240 2313 1294 ctio
2341 1238 2569 1308 proximi
2600 1237 2817 1292 dilectio
2850 1237 2944 1291 Dei
2975 1244 3091 1301 est,
3125 1234 3214 1305 qui
3259 1233 3644 1304 plenitudinem
3668 1232 3804 1303 legis

2206 1341 2259 1388 et
2304 1330 2687 1402 prophetarum
2742 1333 2792 1383 in
2844 1330 2943 1384 hac
2981 1326 3210 1399 geminas
3264 1328 3543 1383 cliaritatis
3589 1327 3803 1383 unitate

2206 1427 2485 1484 constituit
2515 1424 2729 1496 (Matth.
2762 1439 2897 1490 xm,
2919 1421 3050 1494 40);
3085 1432 3141 1476 ut
3170 1436 3331 1477 nemo
3362 1422 3662 1491 ambigeret
3685 1419 3802 1473 Deo

2208 1536 2268 1576 se
2297 1519 2494 1575 offerre
2531 1518 2673 1589 quod
2706 1517 2905 1571 homini
2950 1517 3290 1580 contulisset,
3318 1516 3531 1571 dicente
3566 1514 3801 1570 Domino

2208 1613 2511 1677 Salvatore,
2561 1626 2681 1665 cum
2723 1612 2789 1665 de
2818 1610 3027 1665 alendis
3065 1608 3428 1678 juvandisque
3475 1607 3801 1678 pauperibus

2210 1706 2569 1773 loqueretur:
2604 1702 2754 1767 Quod
2805 1703 2893 1756 uni
2941 1716 3117 1756 eorum
3162 1702 3376 1772 fecistis,
3429 1699 3554 1754 mihi
3607 1700 3803 1767 fecistis

2210 1796 2424 1869 (Matth.
2452 1811 2581 1863 xxv,
2606 1793 2720 1865 40).
2750 1795 2949 1862 Quarta
2992 1793 3153 1862 igitur
3182 1802 3237 1847 et
3264 1788 3291 1829 ιι
3323 1803 3473 1847 sexta
3504 1792 3636 1847 feria
3662 1791 3803 1860 jeju-

517 1911 659 1982 quod
686 1906 870 1980 jubeo,
902 1906 967 1959 ad
994 1904 1272 1974 jubentem
1322 1900 1616 1965 accurrite;
1652 1908 1709 1953 ut
1752 1898 1894 1953 unde
1940 1898 2099 1951 datur
2132 1896 2178 1956 B
2208 1905 2434 1953 nemus;
2460 1889 2681 1943 sabbato
2702 1904 2829 1941 vero
2851 1886 2991 1955 apud
3008 1887 3225 1942 beatum
3251 1886 3469 1942 Petrum
3493 1886 3802 1955 apostolum

521 2013 866 2073 prmceptum,
888 2006 1177 2070 praestetur
1203 1994 1460 2049 auxilium
1483 2009 1497 2058 ;
1520 1989 1548 2030 δ
1573 2007 1678 2046 non
1703 1991 1911 2061 negabo
1940 2005 2097 2059 opem

516 2095 605 2163 qui
651 2091 813 2147 tribui
853 2089 1211 2146 voluntatem.
1246 2085 1493 2155 Jejunate
1523 2084 1591 2137 ab
1620 2083 1883 2149 adversis,
1938 2080 2102 2136 absti-

518 2197 639 2243 nete
670 2201 698 2239 a
730 2181 1035 2241 contrariis.
1072 2181 1182 2249 Ego
1231 2193 1349 2233 sum
1394 2179 1547 2232 cibus
1585 2185 1766 2231 vester
1808 2183 1862 2230 et
1894 2183 2051 2243 potus
2084 2191 2097 2227 :

517 2295 676 2336 nemo
706 2293 824 2348 qua:
852 2289 971 2331 mea
1015 2282 1141 2327 sunt
1166 2270 1521 2325 inefficaciter
1552 2279 1573 2306 ο
1606 2267 1975 2336 concupiscit;
2009 2266 2101 2335 qui

516 2374 656 2427 enim
690 2370 753 2425 ad
799 2383 885 2425 me
914 2366 1088 2423 tendit
1124 2379 1194 2422 ex
1234 2364 1341 2420 mei
1372 2361 1784 2433 participatione
1836 2376 1919 2414 me
1952 2374 2103 2430 quae-

521 2466 612 2523 rit.

586 2555 719 2612 Car.
753 2551 1063 2618 [IL—His,
1090 2548 1450 2615 dilectissimi,
1484 2542 2105 2613 cohortationibus,qui-

520 2650 617 2704 bus
648 2660 747 2702 nos
778 2646 843 2700 ad
872 2644 1013 2700 bona
1043 2640 1501 2697 incommutabilia
1532 2646 1588 2693 et
1611 2638 1676 2692 ad
1696 2636 1891 2709 gaudia
1918 2635 2107 2691 invitat

519 2750 742 2807 aeterna,
783 2738 956 2803 plena:
986 2744 1111 2791 sunt
1140 2747 1329 2788 omnes
1360 2732 1658 2786 divinarum
1707 2731 1914 2799 pagime
1961 2730 2105 2782 litte-

520 2850 699 2890 rarum
723 2849 736 2897 ;
770 2841 825 2887 et
848 2830 872 2867 ά
895 2831 995 2884 hoc
1024 2828 1299 2882 nobiscum
1324 2825 1433 2895 agit
1461 2825 1796 2881 Testamenti
1826 2824 2105 2892 utriusque

522 2928 791 2993 doctrina,
824 2934 881 2980 ut
911 2925 1268 2979 inltaareamus
1294 2920 1439 2975 veris
1468 2928 1522 2973 et
1542 2917 1917 2973 contineamus
1946 2932 1976 2970 a
2007 2932 2102 2971 va-

525 3020 759 3078 nis.Non
790 3020 933 3075 enim
960 3016 1292 3087 apprehendi
1324 3025 1503 3085 potest
1523 3012 1683 3085 365
1713 3012 1855 3085 quod
1880 3013 2104 3082 promit-

522 3114 651 3168 titur
672 3110 773 3165 nisi
786 3108 1113 3164 custoditum
1130 3107 1289 3163 fuerit
1312 3106 1450 3177 quod
1464 3105 1707 3174 jubelur.
1728 3104 1867 3171 Quid
1890 3114 1911 3141 °
1928 3116 2104 3158 autem

520 3206 713 3277 justius
742 3220 903 3275 quam
950 3212 1011 3257 ut
1048 3202 1231 3269 homo,
1280 3200 1433 3270 cujus
1463 3198 1567 3254 fert
1604 3197 1913 3269 imaginem,
1950 3199 2105 3254 faciat

524 3302 871 3362 voluntatem,
906 3306 961 3353 et
987 3311 1084 3366 per
1128 3294 1505 3349 abstinentiam
1546 3293 1651 3348 cibi
1688 3294 1897 3364 jejunet
1928 3310 1955 3347 a
1988 3293 2107 3364 lege
2136 3283 2182 3346 C

525 3392 766 3462 peccati?
793 3389 918 3446 Ideo
942 3389 1087 3445 enim
1106 3388 1222 3458 ipsa
1246 3386 1595 3442 continentiae
1615 3385 1957 3442 observantia
1977 3403 2107 3458 qua-

522 3493 649 3540 tuor
674 3494 755 3539 est
786 3483 1053 3553 assignata
1098 3480 1452 3549 temporibus,
1487 3487 1545 3533 ut
1574 3478 1627 3533 in
1666 3478 1898 3549 idipsum
1945 3480 2107 3536 totius

523 3579 649 3633 anni
700 3578 957 3633 redeunte
1006 3575 1263 3636 decursu,
1297 3588 1747 3643 cognosceremus
1778 3589 1876 3629 nos
1906 3574 2107 3631 indesi-

524 3680 717 3726 nenter
748 3666 1209 3740 purificationibus
1240 3664 1501 3735 indigere,
1530 3680 1853 3737 semperque
1875 3682 1998 3723 esse
2026 3670 2107 3722 ni-

526 3764 765 3831 tendum,
800 3762 928 3819 dum
964 3761 984 3801 τ
1018 3762 1072 3817 in
1127 3759 1286 3829 hujus
1342 3758 1467 3812 vitae
1523 3758 1781 3816 varietate
1816 3761 2105 3830 jactamur,

598 3929 625 3958 ι
658 3920 772 3975 Duo
810 3934 939 3974 mss.
984 3918 1132 3982 Vat.,
1172 3918 1462 3981 Creatoris;
1494 3917 1633 3970 alius
1664 3916 1779 3970 Vat.
1832 3927 1884 3971 et
1933 3918 2103 3984 prima

527 3990 712 4054 editio,
746 3991 1001 4045 Auctoris.
1056 3989 1178 4046 Mox
1211 4005 1312 4043 ms.
1354 3988 1571 4059 Venet.,
1603 3989 1723 4055 quia
1763 4005 1853 4059 ego
1904 3999 2105 4043 sanctus

528 4078 657 4116 sum.
698 4062 817 4116 Mox
858 4061 1074 4130 vulgati,
1118 4076 1195 4114 me
1235 4060 1453 4130 diligite.
1488 4058 1725 4114 Plurium
1757 4069 1811 4113 et
1839 4060 2107 4129 potiorum

528 4141 836 4187 nostrorum
882 4132 1270 4198 exemplarium
1323 4132 1609 4185 lectionem
1669 4131 1839 4185 secuti
1899 4146 2104 4185 sumus.

531 4205 687 4275 Dein,
710 4204 776 4257 ad
796 4203 1063 4275 jubentem
1084 4203 1331 4256 recurrite
1353 4203 1402 4275 in
1434 4201 1707 4275 nonnullis
1734 4216 1862 4275 mss.
1894 4202 2105 4273 legitur.

598 4274 626 4313 ι’
658 4273 808 4347 ϐοά(
833 4275 1085 4338 Venetus,
1118 4290 1219 4328 non
1240 4274 1456 4345 negabat
1480 4273 1633 4347 (lege
1662 4274 1894 4344 negabit)
1934 4290 2107 4344 apem,

529 4349 615 4418 qui
649 4346 825 4418 tribuit
849 4347 1178 4418 voluntatem.

605 4428 627 4455 ¢
662 4416 805 4471 ldem
836 4433 934 4469 ms.
972 4416 1128 4480 Ven.,
1164 4417 1501 4486 concupiscet.

602 4486 627 4525 ἀ
660 4488 836 4541 Prima
868 4488 1038 4542 editio
1063 4498 1117 4541 et
1139 4488 1245 4541 duo
1268 4502 1395 4541 mss.
1427 4486 1567 4550 Vat.,
1594 4487 1655 4539 ab
1684 4487 1799 4539 hoc.

600 4558 981 4683 signiculam
1011 4569 1179 4612 autem
1209 4559 1533 4612 inseruimus
1561 4574 1625 4611 ex
1654 4559 1893 4627 quinque
1916 4556 2115 4610 nostris

638 4644 701 4682 ιρι
747 4645 827 4683 us.

532 4642 827 4683 COOICIDUS.

607 4696 627 4735 τ
662 4698 740 4780 Ex
786 4698 982 4754 nostris
1028 4698 1386 4754 Lectionariis
1428 4698 1727 4754 addidimus
1780 4697 2117 4768 praepositio-

534 4785 655 4824 nem
688 4786 762 4822 τη.

606 4838 839 4924 εὲνυιετε
874 4840 1157 4924 tit-gaudio.
1190 4841 1368 4921 Prima
1392 4842 1557 4924 editio
1579 4856 1867 4924 _cum__mss.
1888 4842 2109 4924 collect.

535 4913 591 4977 '5,
608 4919 653 4963 et
683 4912 895 4983 gaudio.
918 4910 1334 4983 Emendavimus
1363 4927 1430 4967 ex
1453 4911 1615 4967 codd.
1635 4914 1845 4967 collect.
1874 4913 2114 4980 2.Ques-

535 4980 708 5035 uellus
750 4980 889 5035 hanc
936 4980 1247 5048 periodum,
1292 4983 1602 5047 Delectetur,
1650 5000 1817 5052 usque
1868 4984 1935 5038 ad
1976 4986 2111 5037 acci-

535 5054 663 5121 pies,
696 5053 955 5121 expunxit
994 5054 1305 5109 auctoritate
1343 5068 1473 5108 mss.
1506 5055 1667 5110 Corb.
1698 5063 1753 5108 et
1780 5054 1916 5108 Vict.
1954 5056 2112 5109 Deest

534 5125 694 5178 etiam
725 5126 776 5178 in
806 5132 990 5179 nostro
1014 5125 1137 5179 cod.
1167 5123 1285 5179 Vat.
1312 5125 1417 5180 544
1443 5127 1655 5181 collect.
1681 5127 1714 5182 5
1742 5126 1901 5179 simili
1937 5127 2111 5179 Victo-

534 5194 654 5249 rino
680 5212 695 5260 ;
728 5195 822 5250 sed
851 5195 903 5247 in
930 5196 1048 5249 aliis
1078 5210 1205 5248 mss.
1234 5197 1444 5264 legitur,
1465 5213 1527 5251 ac
1547 5197 1706 5252 ctiam
1732 5198 1783 5251 in
1811 5196 1931 5251 cod.
1959 5197 2106 5251 Lcct.

538 5264 762 5347 Veneto,
960 5265 1079 5347 Ἐκ.
1112 5265 1268 5347 ῗξ856.
1294 5267 1722 5347 ξοςιμοηηιιῌεξ,
1748 5269 1994 5339 quidquid
2017 5268 2109 5323 lio-

534 5338 659 5408 mini
677 5338 1001 5408 contulisset,
1024 5348 1104 5391 est
1135 5341 1187 5391 in
1218 5338 1537 5408 quibusdam
1565 5339 1725 5395 codd.

606 5405 634 5443 δ
658 5406 790 5462 Cod.
827 5408 1041 5472 Venet.,
1062 5422 1205 5461 sexta
1228 5405 1439 5463 sabbati.

610 5477 627 5556 ξ
660 5480 803 5556 idem
835 5482 1024 5556 codex,
1048 5482 1240 5554 jejunii
1264 5483 1423 5534 nostri
1450 5482 1737 5556 devotione.

608 5551 621 5600 i
662 5551 837 5606 Prima
873 5552 1038 5606 editio
1071 5551 1126 5605 et
1158 5561 1267 5607 tres
1303 5567 1431 5607 mss.
1463 5551 1609 5619 Vat.,
1649 5568 1748 5608 nec
1788 5568 1890 5607 non
1931 5553 2106 5607 tabula

534 5637 638 5677 ms.
664 5623 1042 5678 Casanatensis
1073 5624 1207 5677 hanc
1235 5626 1639 5692 inscriptionem
1683 5625 2009 5693 praeferunt:
2043 5623 2107 5677 In

534 5694 683 5762 festo,
722 5710 817 5750 seu
857 5693 925 5749 In
966 5696 1232 5766 festivitate
1272 5698 1499 5749 omnium
1536 5705 1854 5753 sanctorum.
1901 5694 1964 5749 In
2014 5695 2109 5749 illo

537 5772 761 5832 tempore
794 5764 973 5821 uidens
1004 5764 1157 5821 Iesus
1197 5768 1393 5833 turbas,
1425 5776 1529 5823 etc.
1569 5766 1708 5823 Nihil
1756 5768 2105 5823 dubitandum

533 5843 618 5910 9st
673 5839 798 5910 quin
840 5838 1025 5893 titulus
1066 5838 1133 5892 In
1156 5844 1283 5910 festo
1324 5842 1548 5893 omnium
1594 5848 1911 5900 sanctorum,
1963 5841 2107 5909 quod

531 5902 730 5964 Iasonis
757 5917 996 5977 tempore
1025 5902 1259 5967 nondum
1291 5922 1406 5968 erat
1436 5913 1728 5978 inductum,
1753 5926 1819 5966 ex
1843 5902 2106 5985 posterio-

1698 6037 1739 6047 .-
1798 6044 1805 6045 κ

2143 4744 2194 4803 D

2207 1981 2417 2052 vigilias
2447 1980 2808 2041 celebremus,
2840 1979 2994 2049 cujus
3024 1994 3122 2034 nos
3151 1979 3360 2034 meritis
3378 1986 3437 2035 et
3456 1976 3797 2033 orationibus

2207 2074 2477 2130 credimus
2522 2071 2877 2142 adjuvandos,
2924 2082 2980 2126 ut
3024 2071 3358 2127 misericordi
3389 2068 3548 2126 Deoi
3589 2069 3803 2139 jejunio

2208 2180 2397 2225 nostro
2428 2176 2481 2221 ct
2512 2166 2799 2221 devotione
2854 2165 3181 2234 placeamus,
3239 2180 3333 2234 per
3382 2164 3667 2219 Dominum
3702 2177 3807 2218 no-

2208 2270 2382 2318 strum
2443 2262 2627 2316 Jesum
2666 2257 2962 2326 Christum,
3010 2259 3102 2329 qui
3154 2273 3275 2314 cum
3321 2257 3479 2315 Patre
3506 2266 3563 2313 et
3594 2255 3804 2326 Spiritu

2208 2361 2397 2409 sancto
2425 2351 2554 2407 vivit
2601 2360 2655 2407 et
2694 2360 2885 2421 regnat
2916 2351 3059 2406 Deus
3103 2350 3161 2407 in
3204 2350 3403 2407 stecula
3456 2352 3805 2405 saeculorum.

2210 2446 2407 2501 Amen.

2698 2557 2863 2630 aee
2888 2555 3121 2613 SERMO
3149 2554 3308 2622 xcv,

2213 2696 2331 2753 Sive
2360 2693 2573 2749 homilia
2589 2692 2651 2747 de
2678 2691 2922 2761 gradibus
2961 2688 3273 2743 ascensionis
3311 2688 3379 2740 ad
3410 2687 3798 2741 beatitudinem.

2286 2826 2300 2879 i
2338 2827 2417 2882 De
2443 2843 2501 2881 eo
2530 2825 2666 2895 quod
2701 2826 2949 2890 scriptum
2979 2832 3093 2877 est:
3144 2820 3344 2895 Yidens
3390 2820 3544 2876 Jesus
3584 2821 3798 2895 turbas,

2213 2898 2453 2955 ascendit
2482 2892 2826 2960 in'montcm;
2861 2902 3053 2948 etcum
3084 2892 3331 2955 sedisset,
3358 2901 3707 2947 accesserunt
3731 2892 3803 2948 ad

2213 2986 2336 3026 eum
2369 2965 2614 3037 discipuli
2644 2966 2781 3035 ejus,
2811 2975 2906 3019 etc.
2938 2962 3155 3037 (Matth.
3186 2980 3240 3029 v,
3266 2960 3513 3034 Μαίη).

2213 3130 2484 3187 Smoms.
2506 3151 2578 3163 -—
2604 3122 2645 3177 Ι.
2670 3120 2934 3176 Christum
2956 3136 3044 3190 per
3067 3121 3341 3174 exteriores
3363 3120 3582 3172 medelas
3603 3118 3807 3173 animos

2286 3197 2352 3249 ad
2376 3196 2638 3249 interiores
2674 3189 3017 3262 prteparasse,
3048 3208 3162 3262 qua
3199 3207 3288 3261 per
3327 3190 3584 3243 lenitatem
3623 3189 3812 3262 gratia:

2288 3212 2352 3249 aa
2376 3212 2638 3249 interiores
2712 3212 3017 3262 rteparasse,
3048 3212 3162 3262 quis
3199 3212 3288 3261 per
3327 3212 3584 3243 renitatem
3623 3212 3807 3262 grant:

2288 3268 2439 3336 ﬁunt.
2466 3294 2537 3305 -—
2560 3266 2623 3320 ll.
2658 3212 3039 3325 ﬁumilitatem,
3070 3277 3185 3336 qua:
3213 3263 3437 3336 omnium
3476 3278 3586 3336 esse
3615 3270 3807 3336 potest,

2292 3331 2513 3408 primum
2539 3353 2646 3391 esse
2676 3336 2890 3406 gradum
2914 3336 2979 3387 ad
3011 3331 3391 3408 beatitudinem.
3424 3333 3617 3408 —_|ll.‘
3642 3331 3813 3408 Ditis-

2288 3402 2472 3463 simam
2518 3402 3020 3477 poteniissiittamque
3046 3404 3420 3477 apostolorum,
3452 3402 3717 3477 (Patrique
3756 3404 3812 3477 in

2290 3481 2469 3552 primis
2498 3480 2656 3550 fuisse
2679 3474 3053 3552 paupertatem.
3078 3506 3149 3517 -——
3168 3475 3257 3541 IV.
3282 3474 3409 3541 Quis
3441 3476 3603 3552 tactus
3628 3479 3725 3528 iter
3744 3476 3815 3528 ad

2294 3546 2695 3604 beatitudinem?
2734 3577 2806 3589 —
2843 3548 2905 3603 V.
2961 3548 3209 3616 Quaenam
3254 3558 3389 3616 terra
3432 3546 3635 3599 mitibus
3688 3561 3817 3615 pro-

2288 3624 2485 3676 missa?
2510 3649 2581 3662 —-
2607 3620 2694 3676 Vl.
2722 3620 2883 3691 Sitimﬁ
2907 3614 3123 3691 justitia:
3158 3614 3312 3691 (aliud,
3338 3616 3467 3691 nini!
3506 3633 3613 3691 esse
3655 3614 3816 3691 qu_am

2291 3693 2390 3748 Dei
2420 3707 2670 3747 amorem.
2719 3720 2792 3734 —
2824 3686 2931 3743 νιιῖ
2989 3687 3346 3743 Misericordia
3394 3687 3648 3740 hominem
3699 3686 3816 3739 Deo

2291 3762 2510 3819 similem
2546 3763 2691 3835 efﬁci.
2720 3790 2791 3803 —
2815 3760 2954 3817 Vlll.
2990 3759 3173 3816 Cordis
3206 3759 3411 3812 oculum
3452 3758 3815 3815 mandandum

2214 3920 2364 3975 ribus
2395 3918 2751 3976 Lectionariis
2794 3917 3054 3985 dimanet,
3102 3919 3152 3972 in
3179 3918 3371 3987 quibus
3414 3915 3502 3987 hic
3543 3930 3725 3970 sermo
3757 3916 3815 3971 in

2215 3991 2403 4046 eadem
2438 3991 2728 4046 festivitate
2759 3988 3021 4059 legendus
3064 3986 3403 4058 proponitur.
3428 3986 3817 4059 rlnfvetustiori

2216 4064 2432 4187 quidem
2460 4062 2799 4117 Lectionario
2823 4059 2943 4143 vat.
2970 4059 3110 4114 1272
3132 4063 3244 4115 haec
3278 4058 3553 4140 inscriptio
3578 4060 3811 4127 legitur:

2255 4144 2414 4187 nctmt
2440 4150 2605 4187 sermo
2634 4133 2697 4187 S.
2730 4131 2917 4187 Leonis
2955 4148 3104 4187 nonat
3144 4138 3197 4185 in
3230 4130 3415 4186 Natali
3456 4132 3811 4187 apostolorum

2255 4136 2414 4202 ncipit
2440 4150 2605 4188 sermo
2634 4133 2697 4189 S.
2730 4131 2917 4204 Leonis
2955 4148 3104 4204 popae
3134 4138 3197 4204 _tn
3230 4130 3415 4204 Natali
3456 4132 3817 4204 apostolorum

2222 4206 2284 4259 de
2312 4216 2423 4259 octo
2452 4206 2870 4259 beatitudinibus.
2899 4202 2964 4257 In?
2985 4202 3087 4259 ms.
3120 4202 3397 4259 Casinensi
3421 4203 3605 4270 prima:
3638 4202 3816 4257 colico

2223 4278 2417 4331 ctionis
2469 4278 2583 4330 hare
2624 4283 2829 4329 tantum
2869 4274 3148 4342 inscriptio
3194 4274 3486 4343 praefigitur
3519 4289 3532 4325 :
3580 4271 3656 4325 De
3696 4282 3815 4326 octo

2220 4348 2657 4412 beatitudinibus;
2690 4347 2783 4401 sed
2827 4360 2925 4415 per
2966 4360 3205 4401 errorem
3251 4356 3363 4399 aeto
3401 4345 3659 4413 scriptum
3697 4352 3813 4411 est,

2221 4434 2343 4474 cum
2376 4420 2443 4474 de
2472 4430 2677 4486 septem
2709 4428 2912 4472 tantum
2944 4416 3365 4471 beatitudinibus
3391 4415 3593 4470 Auctor
3622 4415 3819 4484 loqua-

2222 4498 2329 4543 tur.
2364 4490 2532 4559 Hujus
2566 4490 2774 4544 muneri
2798 4490 3061 4543 rationem
3089 4487 3245 4543 aﬂ‘ert
3272 4486 3595 4559 Quesnellus
3628 4486 3680 4539 in
3711 4503 3817 4542 uo-

2221 4563 2425 4614 tatione
2451 4557 2536 4614 bis
2563 4561 2778 4614 verbis:
2825 4578 2843 4611 ‹
2875 4559 3135 4613 Obscrvat
3168 4559 3250 4613 vir
3290 4557 3530 4613 eruditus
3572 4557 3819 4613 Joannes

2223 4629 2525 4687 Cotelerius
2569 4633 2620 4685 in
2665 4631 2784 4686 Not.
2834 4642 2966 4685 tom.
3028 4630 3226 4686 lMon.
3275 4630 3449 4685 Graec.
3509 4643 3627 4698 pag.
3674 4627 3814 4695 808,

2224 4702 2460 4758 Leonem
2488 4711 2729 4759 nostrum
2770 4710 2974 4771 septem
3010 4708 3214 4757 tantum
3254 4700 3612 4757 beatitudines
3648 4714 3820 4755 enar-

2223 4789 2373 4829 rare:
2403 4775 2547 4843 quia,
2588 4783 2647 4828 ut
2672 4774 3000 4842 Augustinus
3041 4774 3092 4827 in
3129 4787 3293 4827 serm.
3344 4773 3499 4843 Dom.
3538 4772 3591 4825 in
3624 4782 3820 4843 monte

2223 4842 2474 4913 explicat,
2508 4854 2712 4914 septem
2750 4844 2825 4898 illi
2858 4854 2979 4898 sunt
3018 4844 3218 4913 gradus
3262 4842 3601 4912 perlicientes
3635 4842 3821 4897 homi-

2221 4932 2364 4981 nem,
2424 4927 2608 4970 octava
2646 4929 2775 4970 vero
2813 4915 3093 4969 beatitudo
3137 4916 3368 4968 hominis
3410 4924 3491 4967 est
3531 4915 3640 4983 jam
3690 4928 3821 4975 per-

2220 4987 2368 5042 fecti.
2400 5006 2419 5039 ι
2469 4986 2696 5041 Faustus
2726 4987 2944 5057 quidem
2997 4986 3323 5057 Manichaaus
3358 4983 3505 5057 apud
3554 4985 3820 5057 AuguSti-

2221 5075 2348 5113 num
2373 5059 2465 5113 lib.
2494 5073 2526 5112 v
2547 5070 2732 5113 contra
2745 5054 2998 5113 eumdem
3022 5056 3299 5126 Faustum,
3322 5056 3428 5111 alio
3453 5056 3578 5112 licet
3595 5054 3821 5119 ordine,

2219 5140 2425 5197 septem
2459 5139 2663 5195 tantum
2696 5128 3054 5185 beatitudines
3083 5143 3114 5182 a
3141 5128 3323 5184 Leone
3362 5134 3694 5182 memoratas
3725 5139 3822 5197 re-

2223 5196 2426 5255 censet.
2458 5202 2787 5270 Augustinus
2820 5214 2948 5256 vero
2972 5214 3138 5255 serm.
3165 5198 3257 5264 55,
3302 5199 3376 5253 al.
3408 5199 3500 5261 14,
3529 5196 3824 5270 interad-

2222 5271 2361 5326 ditos
2402 5288 2431 5325 a
2472 5267 2865 5337 Parisiensibus
2892 5272 2959 5326 de
2988 5285 3083 5325 sex
3132 5279 3337 5325 tantum
3382 5267 3821 5324 beatitudinibus

2221 5340 2339 5398 fuse
2367 5342 2603 5399 disserit.
2632 5342 2801 5398 Porro
2844 5342 2931 5396 hic
2970 5356 3150 5397 sermo
3192 5344 3244 5395 in
3272 5339 3433 5396 editis
3477 5354 3585 5394 non
3626 5338 3819 5393 solum

2222 5424 2341 5480 post
2372 5424 2686 5483 sequentem
2720 5413 3063 5478 describitur,
3092 5427 3277 5467 verum
3304 5414 3465 5483 etiam
3492 5421 3611 5483 post
3642 5409 3821 5464 alium

2219 5479 2535 5541 Sermonem
2586 5487 2637 5539 in
2677 5485 3011 5555 evangelium
3054 5484 3341 5554 Assumpsit
3380 5479 3535 5555 Iesus
3570 5479 3823 5555 Petrum,

2221 5566 2348 5620 etc.,
2375 5572 2533 5627 quem
2567 5571 2665 5609 nos
2696 5550 2843 5627 num;
2878 5555 2938 5609 5i
2973 5556 3042 5611 ob
3073 5550 3344 5610 momenta
3392 5554 3595 5627 ibidem,
3623 5550 3828 5627 allata

2222 5637 2346 5681 ante
2385 5622 2663 5682 sermones
2708 5624 2773 5679 de
2814 5625 3070 5681 Passione
3102 5628 3406 5695 ponendum
3453 5622 3823 5695 credidimus.

2218 5699 2475 5753 Ordinem
2503 5713 2631 5751 vero
2664 5698 2849 5766 prima:
2879 5694 3128 5752 editionis
3152 5705 3205 5753 et
3236 5696 3483 5752 codicum
3531 5694 3829 5751 collccn'o-

2219 5786 2347 5824 num
2376 5771 2430 5839 5,
2461 5769 2496 5839 ι
2524 5778 2577 5823 et
2606 5769 2640 5825 5
2673 5770 2843 5824 secuti
2869 5784 3075 5835 sumus,
3100 5769 3151 5822 in
3183 5768 3381 5839 quibus
3412 5767 3501 5821 hic
3536 5766 3831 5839 sermoni-

2162 5900 2163 5903 η
2219 5840 2317 5897 bus
2348 5836 2660 5911 de’Jejunio
2686 5840 2904 5911 septimi
2923 5840 3126 5899 mensis
3155 5836 3471 5899 inimediate
3498 5836 3825 5908 subjicitur.
