1990 3176
100 191 140 221 ιω
777 187 892 218 SERMO
910 188 986 219 XCV.

1649 189 1701 217 ιθς

125 254 173 282 ate.
184 254 211 277 ut
224 249 295 277 Deus
309 249 432 276 videatur.
445 262 481 269 —
495 248 540 276 lx.
558 248 681 281 Quantam
695 249 726 275 sit
741 257 798 275 vero
809 254 860 283 pax
872 247 901 277 Δ
911 247 1001 282 gentia
1021 247 1187 275 facultatum.
1206 248 1325 275 Dubitari
1346 251 1435 275 autem
1450 254 1503 274 non
1523 251 1610 281 potest
1632 248 1702 282 quod

125 294 169 321 qua
180 286 305 313 herilium
315 284 364 312 Dei
377 285 460 319 ﬁlium
471 284 557 319 efﬁcit.

124 343 174 371 Cn.
188 342 208 370 Ι.
221 357 258 363 --
273 342 450 375 Prmdicante,
467 342 646 375 dilectissimi,
662 341 777 370 Domino
787 346 800 360 ι
815 349 863 382 ηοτ

95 396 140 418 suo
151 390 207 417 Jesn
221 389 331 416 Christo
346 388 519 423 Evangelium
532 388 620 423 regni,
637 392 663 415 et
678 388 802 415 diversos
813 394 863 421 per

95 441 159 463 totum
171 435 306 463 Galilaeam
314 438 426 462 curante
438 435 592 468 Ianguores,
605 434 633 461 in
646 441 752 461 omnem
769 441 797 460 se
811 432 863 468 Sy-

94 482 145 508 riam
153 483 277 508 virtutum
291 480 350 514 ejus
362 480 432 507 fama
445 479 604 512 diffuderat;
615 483 642 506 et
656 479 745 506 multa:
758 486 791 506 ex
803 479 863 505 uni-

92 534 154 555 versa
166 527 255 556 Judzea
274 527 361 554 turbae
380 526 412 553 ad
432 526 571 554 caelestem
589 525 724 553 medicum
743 524 861 552 cunilue-

93 577 150 603 bant.
164 575 228 608 Quia
245 574 316 602 enim
330 573 406 601 tarda
420 577 462 601 est
478 573 602 600 humanm
616 572 775 608 ignorantiae
796 571 861 600 fides

92 622 117 648 ad
128 620 252 647 credenda
265 626 325 654 quae
340 627 393 646 non
402 619 488 652 videt,
501 622 528 646 et
537 618 671 654 speranda
686 625 748 653 quae
763 618 859 651 nescit,

91 666 210 701 oportebat
224 666 316 693 divina
331 665 484 693 eruditione
500 664 646 692 firmandos
661 664 798 699 corporeis
814 665 862 692 be-

90 712 175 740 neficiis
185 716 212 740 et
225 711 376 739 visibilibus
389 711 527 739 miraculis
540 711 663 738 incitari:
679 714 707 738 ut
718 710 795 745 cujus
806 715 860 738 tam

90 759 210 793 benignam
224 757 437 791 experiebantur
445 757 604 792 potentiam,
619 756 699 792 36⁸1
712 764 764 784 non
776 757 860 784 ambi-

88 809 164 840 gerem
176 804 323 831 salutarem
334 811 395 831 esse
404 803 566 831 doctrinam.
582 802 617 831 Ut
627 810 691 838 ergo
711 803 860 830 exteriores

90 850 191 877 medelas
201 849 332 876 Dominus
344 848 378 876 ad
393 849 511 877 remedia
536 849 662 876 interiora
687 848 858 883 transferret,

87 900 172 930 etpost
185 894 198 914 δ
214 895 344 922 sanitates
366 902 509 930 corpon
533 895 686 922 curationes
701 899 860 929 operaretur

914 293 1072 321 humilitatis
1088 295 1164 322 istius
1177 295 1276 322 bonum
1299 294 1403 321 facilius
1419 301 1549 328 pauperes
1568 300 1647 328 quam
1660 293 1702 320 di-
1735 316 1737 318 .

913 340 980 367 vites
990 345 1182 375 assequamur:
1199 340 1262 368 dum
1278 344 1305 368 et
1316 340 1405 368 illisin
1424 340 1554 367 tenuitate
1564 340 1650 367 amica
1661 344 1702 368 est
1731 337 1734 341 ’

914 387 1101 419 mansuetudo,
1118 392 1145 414 et
1155 387 1213 414 istis
1224 387 1249 414 in
1263 387 1364 414 divitiis
1382 387 1521 414 familiaris
1542 387 1631 414 elatio.
1651 387 1702 414 Ve-

913 438 1063 461 rumtamen
1078 438 1105 462 et
1118 434 1144 461 in
1156 434 1291 469 plerisque
1302 434 1429 461 divitibus
1441 434 1573 461 invenitur
1589 433 1631 461 hic
1643 434 1701 460 ani-

913 488 973 507 mus
982 481 1026 515 qui
1038 480 1200 508 abundantia
1208 488 1256 507 sua
1268 480 1349 517 368
1357 488 1408 507 non
1421 480 1453 507 ad
1464 485 1595 507 tumorem
1607 488 1702 515 super-

912 525 974 560 biat,
995 526 1044 554 sed
1063 526 1097 553 ad
1112 533 1194 562 opera
1214 526 1385 561 benignitatis
1404 530 1416 545 ε
1432 531 1528 558 utatur,
1552 526 1632 561 idque
1654 533 1702 558 pro

912 573 993 601 lucris
1010 573 1134 601 maximis
1149 577 1270 601 numeret
1281 573 1350 608 quod
1364 572 1375 592 τ
1390 573 1421 600 ad
1438 572 1608 600 relevandam
1620 572 1702 600 mise-

911 620 978 647 riam
994 619 1075 647 alieni
1095 618 1195 647 laboris
1216 619 1389 653 impenderit.
1411 617 1489 646 Omni
1510 617 1604 652 generi
1622 622 1702 652 atque

911 665 999 693 ordini
1027 665 1163 693 hominum
1184 665 1262 692 datur
1280 666 1307 692 in
1332 664 1382 692 hac
1401 664 1500 691 virtute
1523 663 1701 697 consortium,

912 711 972 745 quia
987 716 1100 747 possunt
1113 718 1173 739 esse
1185 711 1323 745 proposito
1336 717 1425 746 pares,
1438 714 1464 738 et
1477 710 1596 744 impares
1603 716 1702 743 censu;

911 766 962 786 nec
974 759 1084 786 interest
1097 763 1225 793 quantum
1239 758 1294 786 sint
1312 758 1338 785 in
1353 757 1482 785 facultate
1501 761 1609 785 terrena
1622 757 1701 784 dissi-

912 805 1000 836 miles,
1017 804 1063 840 qui
1076 807 1101 831 in
1116 805 1282 839 Spiritalibus
1292 805 1371 833 bonis
1385 805 1557 832 inveniuntur
1571 805 1700 840 aequales.

912 851 994 878 Beata
1010 851 1089 885 igitur
1101 851 1145 878 illa
1161 854 1313 885 paupertas,
1331 858 1392 885 quae
1406 857 1497 878 rerum
1515 849 1701 885 temporalium

912 904 1003 924 amore
1020 905 1072 924 non
1087 897 1203 931 capitur,
1217 904 1265 924 nec
1280 896 1371 923 mundi
1382 895 1478 931 opibus
1486 897 1578 931 augeri
1588 896 1701 931 appetit,

88 943 231 974 animarum,
248 947 406 977 segregatus
421 949 435 968 a
448 942 685 969 circumstantibus
706 942 801 974 turbis,
815 949 859 969 se-
875 932 902 962 Β
913 943 960 971 sed
973 943 1126 970 coelestibus
1141 943 1218 970 bonis
1233 941 1366 970 ditescere
1377 942 1557 977 concupiscit.

86 995 175 1014 meum
187 987 269 1015 vicini
292 988 393 1015 montis
410 987 542 1022 ascendit,
562 987 699 1015 advocatis
721 988 861 1022 apOStolis,

86 1041 141 1068 quos
149 1033 353 1061 sublimioribus
370 1033 498 1061 institutis
510 1034 544 1060 ab
556 1034 629 1061 edito
644 1034 774 1069 mysticae,
790 1033 863 1061 sedis

86 1082 212 1114 imbueret,
229 1089 265 1108 ex
279 1081 336 1115 ipsa
352 1080 404 1108 loci
419 1085 499 1116 atque
514 1081 605 1116 operis
618 1081 745 1116 qualitate
761 1081 862 1116 signiﬁ-

84 1133 138 1154 cans
151 1134 179 1154 se
192 1134 255 1154 esse
266 1127 312 1161 qui
320 1127 410 1154 Mosen
421 1127 553 1161 quondam
569 1134 618 1154 suo
628 1126 725 1154 fuisset
737 1128 863 1163 dignatus

84 1172 204 1207 alloquio:
217 1172 274 1199 illic
289 1172 397 1207 quidem
413 1173 575 1200 terribiliora
587 1173 700 1207 justitia,
714 1173 758 1201 hic
772 1178 862 1201 autem

83 1219 216 1245 saeratiore
243 1218 399 1251 clementia,
426 1223 455 1246 ut
487 1219 646 1254 impleretur
668 1220 739 1254 quod
764 1220 862 1254 fuerat,

85 1269 92 1282 ε
105 1264 229 1299 propheta
245 1264 363 1292 Jeremia
381 1264 496 1299 dicente,
520 1266 700 1300 promissum:
724 1265 792 1293 Ecce
810 1267 864 1294 dies

83 1311 182 1349 «uiuat,
196 1310 260 1337 dicit
275 1310 413 1344 Dominus,
429 1317 454 1338 et
468 1313 648 1339 consummatio
662 1321 738 1347 super
760 1314 865 1340 domum

83 1346 155 1382 ιεὲαἴι
165 1362 187 1383 et
202 1364 281 1391 super
292 1356 395 1383 domum
405 1355 476 1383 Iuda
492 1361 667 1384 testamentum
681 1346 784 1385 novum.
801 1358 866 1386 Post

82 1403 127 1428 dies
137 1403 203 1434 illos,
215 1403 280 1429 dicit
293 1402 428 1436 Dominus,
440 1404 507 1431 dabo
518 1404 585 1439 leges
595 1412 665 1431 meas
675 1406 702 1431 in
712 1412 787 1432 sensu
795 1406 866 1441 ipso-

83 1456 140 1478 nun,
152 1452 174 1474 et
182 1448 210 1475 in
220 1448 298 1475 corde
306 1449 422 1482 ipsorum
434 1450 543 1476 scribam
555 1458 598 1478 eas
613 1450 719 1486 (larem.
733 1458 806 1484 xxxi,
820 1451 865 1485 δίς

83 1492 154 1520 Hebr.
168 1502 224 1527 vui,
241 1494 282 1529 8).
298 1494 350 1528 Qui
363 1503 427 1531 ergo
442 1497 547 1524 locutus
571 1497 659 1526 fuerat
681 1498 747 1526 Mosi
760 1498 867 1526 locutus

82 1545 151 1568 estet
170 1542 314 1576 apostolis,
333 1547 359 1570 et
373 1543 402 1570 in
421 1543 548 1571 cordibus
568 1544 762 1581 discipulorum
789 1547 866 1574 velox

82 1586 216 1613 scribentis
228 1586 311 1614 Verbi
327 1595 422 1615 manus
436 1590 496 1616 novi
505 1589 671 1618 Testamenti
683 1591 794 1619 decreta
803 1600 868 1620 con-

949 989 1013 1016 Car.
1028 988 1073 1016 lli.
1089 1003 1124 1008 —
1144 988 1229 1024 Hujus
1247 988 1324 1016 nobis
1345 988 1521 1023 magnanimae
1540 988 1704 1023 paupertatis

914 1035 1066 1070 exemplum
1080 1039 1093 1058 ε
1109 1034 1187 1069 primi
1208 1039 1269 1069 post
1289 1033 1432 1062 Dominum
1451 1034 1566 1069 apostoli
1583 1035 1706 1068 praebue-

914 1087 987 1113 runt,
1014 1081 1058 1115 qui
1081 1081 1171 1108 omnia
1192 1087 1241 1108 sua
1263 1080 1323 1108 sine
1343 1079 1495 1108 diﬂ’erentia
1511 1079 1704 1115 relinquentes,

914 1127 948 1154 ad
970 1134 1062 1155 vocem
1084 1127 1205 1155 caelestis
1226 1126 1358 1162 magistri,
1373 1134 1389 1154 a
1411 1131 1521 1161 captura
1544 1125 1655 1161 piscium
1678 1126 1705 1153 in

914 1173 1063 1208 piscatores
1075 1174 1212 1200 hominum
1228 1172 1311 1200 alacri
1330 1173 1508 1200 conversione
1531 1172 1626 1199 mutati
1646 1177 1707 1199 sunt

917 1220 1024 1257 (Matth.
1040 1229 1076 1253 ιν,
1091 1220 1148 1256 l9),
1162 1225 1188 1248 et
1202 1221 1300 1247 multos
1311 1220 1352 1248 sui
1365 1220 1466 1247 similes
1480 1219 1542 1247 ﬁdei
1552 1227 1608 1247 suae
1620 1219 1707 1246 imita-

916 1266 989 1294 tione
1016 1266 1148 1301 icccrunt,
1169 1266 1277 1301 quando
1295 1265 1309 1285 1³
1335 1266 1388 1293 illis
1413 1266 1557 1301 primitivis
1578 1265 1707 1293 Ecclesiae

916 1313 978 1340 ﬁliis
990 1320 1070 1340 unum
1083 1320 1130 1340 cor
1141 1312 1259 1340 omnium
1271 1319 1297 1339 et
1310 1313 1398 1339 anima
1411 1317 1468 1339 erat
1480 1320 1530 1339 una
1539 1311 1706 1339 credentium

917 1359 986 1395 (Act.
1006 1367 1041 1392 Iv,
1053 1358 1116 1395 52);
1133 1359 1177 1394 qui
1198 1358 1329 1386 universis
1349 1358 1405 1385 suis
1424 1358 1504 1385 rebus
1527 1357 1706 1393 possessioni-

917 1405 1020 1439 busque
1047 1404 1193 1438 distractis,
1217 1412 1264 1439 per
1294 1404 1495 1432 devotissimam
1523 1407 1708 1439 paupertatem

918 1452 996 1480 bonis
1009 1451 1163 1479 ditabantur
1182 1450 1301 1484 aeternis,
1317 1456 1344 1478 et
1360 1458 1394 1478 ex
1408 1450 1554 1485 apostolica
1576 1449 1708 1485 praedica-

919 1498 992 1526 tione
1006 1498 1158 1533 gaudebant
1177 1497 1244 1524 nihil
1265 1497 1366 1525 habere
1379 1497 1413 1525 de
1432 1497 1544 1530 mundo,
1568 1501 1595 1524 et
1618 1497 1709 1524 omnia

922 1543 932 1562 ί
948 1544 1087 1579 possidere
1099 1551 1159 1571 cum
1174 1543 1292 1571 Christo.
1308 1544 1375 1571 Hinc
1386 1543 1479 1571 beatus
1494 1543 1590 1571 Petrus
1603 1547 1711 1578 aposto-

920 1592 974 1625 lus,
988 1600 1049 1619 cum
1062 1592 1212 1620 ascendens
1227 1592 1254 1619 in
1266 1591 1395 1627 templum
1411 1599 1425 1619 a
1434 1591 1530 1619 claudo
1542 1591 1711 1626 cleemosyna

83 1632 170 1665 debat;
186 1632 265 1660 nulla
279 1638 308 1660 ut
321 1634 454 1669 quondam
467 1636 629 1664 circumfusa
644 1638 752 1665 nubium
768 1639 867 1666 crassi-
883 1624 906 1657 (ἶ
921 1644 1089 1675 posceretur,
1116 1639 1269 1673 Argentum,
1299 1624 1401 1673 inquit,
1427 1643 1453 1665 et
1483 1646 1576 1665 aurum
1603 1624 1713 1665 non—est

84 1678 175 1712 tudine,
189 1686 281 1714 neque
295 1687 343 1714 per
357 1681 491 1709 terribiles
504 1689 585 1710 sonos
595 1687 675 1718 atque
688 1683 806 1720 fulgores
821 1692 869 1719 po-

84 1725 137 1759 pqu
155 1724 193 1752 ab
209 1733 324 1753 accessu
339 1728 438 1754 montis
456 1728 612 1763 absterrito,
631 1729 678 1757 sed
702 1735 811 1764 patente
836 1731 870 1759 ad

83 1778 153 1799 aures
165 1772 401 1800 circumstantium
417 1774 610 1809 tranquillitate
623 1775 749 1811 colloquii
761 1784 768 1804 :
782 1781 811 1804 ut
825 1785 872 1811 per

83 1817 168 1851 gratia
182 1817 322 1845 lenitatem
338 1824 522 1847 removeretur
538 1820 605 1855 legis
614 1821 759 1856 asperitas,
775 1826 802 1850 et
814 1822 871 1857 spi-

84 1864 145 1890 ritus
156 1863 312 1898 adoptionis
326 1864 446 1893 auferret
458 1866 629 1895 formidinem
640 1867 789 1897 servitutis.

113 1909 177 1937 Car.
190 1910 225 1937 ll.
240 1924 278 1930 —
289 1910 382 1944 Qualis
396 1912 477 1946 igitur
488 1912 611 1941 doctrina
621 1914 656 1941 sit
670 1912 772 1942 Christi
788 1920 873 1942 sacrm

86 1956 161 1990 ipsius
184 1957 328 1983 sententia:
357 1962 539 1991 protestantur
554 1968 560 1986 :
575 1964 604 1986 ut
631 1960 675 1994 qui
691 1960 725 1987 ad
743 1964 873 1988 aeternam

87 2002 279 2030 beatitudinem
293 2004 433 2038 per'venire
449 2004 613 2038 desiderant,
636 2006 736 2041 gradus
753 2007 875 2035 felicissi-

89 2054 133 2074 mze
149 2048 319 2076 ascensionis
341 2055 497 2084 agnoscant.
524 2051 609 2085 Beati,
629 2053 725 2087 inquit,
749 2062 877 2089 pauperes

89 2095 184 2129 spiritu,
201 2096 327 2130 quoniam
338 2096 453 2132 ipsorum
463 2102 500 2124 est
509 2105 616 2133 regnum
630 2100 751 2126 calorum
766 2100 875 2136 (Matth.

89 2148 112 2172 v,
130 2140 166 2175 3).
183 2139 198 2159 *ί
225 2141 264 2170 De
286 2142 383 2177 quibus
406 2143 568 2178 pauperibus
592 2144 697 2173 Veritas
723 2147 879 2182 loqueretur

90 2185 153 2215 forte
165 2193 243 2216 esset
258 2188 425 2224 ambiguum.
441 2191 463 2217 si
477 2190 579 2225 dicens,
594 2190 667 2219 Beati
686 2200 820 2228 pauperet,
835 2194 879 2221 ni-

90 2230 122 2259 hil
140 2232 255 2261 adderet
273 2233 308 2261 de
332 2234 504 2269 intelligenda
521 2243 669 2271 pauperum
686 2239 833 2273 qualitate;
853 2243 881 2267 et

90 2277 210 2306 sufﬁcere
223 2279 360 2307 videretur
370 2280 403 2308 ad
411 2282 618 2316 promerendum
627 2291 737 2318 regnum
750 2286 879 2312 ccelorum

923 1684 1019 1717 imi/ti,
1041 1683 1109 1719 quod
1133 1689 1217 1711 autem
1236 1683 1327 1716 habeo,
1353 1683 1401 1710 hoc
1419 1683 1465 1710 tibi
1482 1684 1514 1710 do
1527 1691 1537 1710 :
1558 1682 1592 1710 In
1611 1684 1713 1710 nomine

921 1731 984 1759 Iesu
1000 1730 1095 1759 Christi
1117 1728 1247 1757 Nazareni
1268 1738 1343 1766 surge
1359 1733 1383 1757 et
1403 1729 1508 1756 ambula
1526 1729 1592 1766 (Act.
1614 1737 1651 1763 Ill,
1673 1729 1712 1764 ϐ).

922 1778 992 1813 Quid
1008 1778 1057 1805 hac
1069 1777 1221 1805 humilitate
1236 1776 1395 1804 sublimius?
1405 1776 1469 1812 quid
1490 1777 1540 1804 hac
1558 1779 1715 1811 paupertate

923 1824 1102 1859 locupletius?
1117 1823 1175 1851 Non
1189 1822 1268 1850 habet
1282 1822 1406 1857 praesidia
1421 1822 1553 1857 pecuniae,
1573 1822 1620 1850 sed
1633 1821 1715 1849 habet

924 1869 994 1898 dona
1011 1875 1123 1897 naturae.
1138 1869 1223 1903 Quem
1235 1868 1352 1896 debilem
1370 1867 1454 1896 edidit
1469 1872 1554 1896 mater
1574 1875 1609 1895 ex
1627 1872 1713 1900 utero,

925 1922 1019 1943 sanum
1031 1915 1093 1943 fecit
1106 1915 1203 1943 Petrus
1217 1922 1250 1942 ex
1263 1914 1364 1947 verbo;
1378 1918 1404 1941 et
1416 1914 1461 1949 qui
1474 1913 1616 1948 imaginem
1628 1912 1716 1940 Ctesa-

925 1962 965 1989 ris
978 1961 1003 1988 in
1019 1969 1129 1988 nummo
1143 1960 1291 1993 non‘dedit,
1308 1961 1450 1996 imaginem
1459 1960 1561 1988 Christi
1571 1960 1596 1987 in
1610 1959 1717 1987 homine

928 2007 1094 2035 reformavit.
1110 2006 1195 2041 Hujus
1209 2010 1298 2034 autem
1316 2006 1434 2034 thesauri
1450 2006 1547 2040 opibus
1562 2013 1616 2033 non
1629 2006 1716 2032 solum

927 2055 975 2083 ille
986 2054 1094 2088 adjutus
1107 2059 1148 2081 est
1163 2053 1205 2081 cui
1223 2060 1333 2088 gressus
1351 2057 1393 2080 est
1414 2052 1543 2085 redditus,
1566 2052 1615 2079 sed
1635 2051 1717 2079 etiam

928 2102 1049 2137 quinque
1063 2100 1147 2128 millia
1163 2101 1292 2132 virorum,
1311 2100 1355 2134 qui
1369 2103 1430 2127 tunc
1450 2098 1482 2126 ad
1502 2097 1717 2126 exhortationem

930 2147 1051 2182 Apostoli
1067 2146 1102 2174 ob
1122 2145 1242 2180 ejusdem
1259 2145 1405 2173 curationis
1424 2145 1582 2171 miraculum
1596 2143 1719 2171 credide-

930 2198 994 2222 runt
1005 2193 1072 2229 (Act.
1084 2200 1121 2225 tv,
1133 2193 1172 2227 ι).
1187 2192 1220 2219 Ει
1233 2191 1279 2219 ille
1289 2198 1391 2225 pauper
1401 2190 1447 2225 qui
1457 2198 1511 2217 non
1523 2190 1639 2217 habebat
1649 2190 1720 2224 quod

930 2239 1032 2274 petenti
1043 2239 1130 2271 daret,
1147 2242 1246 2265 tantam
1260 2236 1335 2264 dedit
1345 2236 1444 2264 divinae
1454 2235 1547 2271 gratiae
1558 2234 1719 2270 largitatem,

933 2290 963 2312 ut
976 2284 1201 2320 quemadmodum
1221 2291 1302 2310 unum
1325 2282 1461 2310 hominem
1482 2281 1677 2317 redintegrarat
1695 2280 1721 2308 in

90 2329 116 2349 ea
128 2325 184 2352 sola
199 2325 294 2360 inopia
308 2334 387 2361 quam
409 2328 485 2354 multi
500 2328 549 2355 sub
562 2329 636 2363 gravi
653 2316 680 2357 et
693 2330 760 2358 dura
785 2339 881 2359 neces—
893 2316 921 2347 Β
934 2316 1056 2367 pedibus,
1073 2331 1113 2358 sic
1128 2334 1168 2358 tot
1181 2330 1265 2358 millia
1279 2329 1447 2357 credentium
1467 2333 1576 2356 sanaret
1592 2316 1619 2355 in
1632 2327 1722 2355 cordi-

89 2369 165 2398 siute
177 2372 328 2406 patiuntur.
350 2373 406 2401 Sed
418 2381 479 2401 cum
493 2374 570 2408 dicit,
591 2373 664 2403 Beati
684 2384 810 2411 pauperes
827 2378 882 2413 spi-

89 2416 148 2449 ritu,
164 2418 288 2445 ostendit
300 2418 339 2446 eis
351 2425 462 2454 regnum
482 2420 611 2448 caelorum
628 2421 797 2450 tribuendum
815 2430 885 2458 quos

90 2460 225 2491 humilitas
242 2466 416 2493 commendat
438 2465 589 2495 animorum
610 2468 697 2503 magis
714 2476 794 2504 quam
813 2469 884 2497 indi-

121 2546 133 2578 _'
148 2542 213 2578 _Tria
228 2543 399 2578 Lectionaria
414 2545 553 2578 omittunt,
570 2552 664 2573 nostra.

87 2575 211 2639 “:00
230 2577 401 2606 Lectionaria
418 2580 477 2607 Vat.
500 2575 567 2608 1272
589 2586 615 2608 et
639 2582 797 2617 Padiliron.,
814 2586 883 2611 saui-

111 2650 133 2689 ,ε
148 2647 308 2690 Τι’ῑίιυιιιεςιἶ
323 2649 509 2690 Lectionaria:
528 2650 665 2690 Propheta:
684 2653 803 2681 Jemuia:
827 2664 882 2690 pro-

209 2684 337 2722 digentia:
353 2684 420 2722 E_cce
439 2686 493 2722 dies
507 2684 616 2718 veniunt,
634 2689 695 2715 dicit
710 2684 845 2722 Dominus,
863 2696 886 2717 (ἰ

84 2719 227 2754 disponam
239 2721 346 2752 domum
357 2719 450 2748 Israel.
466 2721 523 2748 Duo
542 2730 574 2749 ex
591 2723 631 2749 his
648 2730 776 2753 tiru‘lct‘cu
798 2719 888 2752 delent

194 2760 224 2782 ει
242 2760 320 2791 super
330 2756 434 2782 domum
450 2755 519 2782 Jlldtl
539 2762 711 2786 leuamentum
733 2770 834 2791 Itni'mn'
858 2769 887 2787 ac

82 2788 146 2816 dein
162 2788 283 2829 habent,
298 2792 324 2817 in
334 2799 410 2818 sensu
423 2799 521 2829 eorum.
533 2793 627 2821 Postea
638 2802 686 2829 pro
702 2788 888 2829 discipulorum

156 2812 536 2865 ᾢιῐ.“ἰῖει’ίῖζῖὶῥ“ρῖᾔρὶζσῗὶλῑὶιέ

117 2857 134 2899 ἕ
154 2860 310 2899 Exemplar
321 2857 396 2899 Eat-ili
409 2863 528 2894 Diaconi.
547 2863 583 2892 De
597 2865 686 2898 quibus
708 2867 831 2893 Dominus
848 2868 884 2893 lu-

83 2894 222 2929 qléfetii'.
239 2894 308 2925 Cod.
325 2896 471 2924 Padiliron.
489 2899 567 2926 habit
583 2894 657 2932 item,
671 2900 803 2928 Dominus.

121 2936 137 2950 ο
152 2932 238 2968 Apud
258 2933 387 2961 eumdem
405 2933 516 2962 Paulum
533 2935 618 2969 Diac.,
635 2942 749 2971 utuntur,
774 2942 800 2965 et
815 2938 888 2971 dein,

933 2380 994 2412 bus,
1012 2380 1166 2413 faceretque
1185 2385 1232 2405 eos
1247 2377 1274 2404 in
1288 2376 1397 2404 Christo
1412 2376 1525 2410 alacres,
1547 2382 1615 2411 quos
1632 2375 1660 2402 in
1677 2374 1722 2401 Ju-

935 2425 1011 2453 daica
1025 2424 1136 2460 perfidia
1147 2425 1286 2451 invenerat
1299 2422 1491 2451 claudicantes.

971 2471 1036 2498 Car.
1054 2469 1099 2498 IV.
1113 2484 1149 2490 —
1163 2469 1229 2497 Post
1241 2468 1460 2504 praedicationem
1474 2468 1553 2502 huius
1565 2466 1725 2495 felicissimis

934 2554 1076 2582 numerent,
1088 2555 1120 2575 ac
1135 2551 1237 2581 postea,
1252 2546 1431 2579 impenderim.

974 2584 983 2603 ί
1001 2584 1112 2616 Ibidem,
1126 2582 1160 2609 ad
1170 2581 1351 2609 redimendam.

972 2624 985 2643 8
1002 2619 1047 2648 Sic
1059 2626 1092 2647 ex
1107 2624 1159 2645 ms.
1175 2617 1334 2650 Padiliron.,
1355 2617 1439 2644 tribus
1456 2616 1515 2644 Vat.
1532 2621 1559 2643 et
1579 2624 1631 2643 uno
1647 2616 1726 2643 Βοιιμ

938 2662 987 2683 nec
1001 2662 1054 2682 non
1069 2662 1102 2682 ex
1113 2654 1199 2689 prima
1215 2652 1332 2681 editione
1342 2656 1370 2680 et
1384 2652 1482 2680 Homil.
1497 2652 1570 2679 Pauli
1586 2652 1658 2679 Diac.
1673 2653 1726 2681 AL.

938 2699 1199 2761 Prgmggmaieditio,
1212 2725 1265 2751 illis
1276 2724 1411 2761 primitiis;
1428 2723 1525 2761 Paulus
1541 2723 1623 2754 Diac.,
1637 2722 1667 2761 _in_
1676 2720 1729 2748 illis

942 2761 1085 2796 primitivis.
1099 2760 1267 2797 Retinuimus
1277 2757 1424 2797 lectionem
1441 2759 1584 2797 vulgatam,
1597 2757 1729 2797 sedtiusc-

942 2793 1044 2824 ruimus
1058 2802 1152 2824 vocem
1170 2795 1243 2830 ﬁliis,
1259 2803 1316 2829 quin
1336 2793 1550 2830 desiderabatur,
1569 2793 1730 2820 auctoritate

942 2832 1042 2871 antiqui
1057 2829 1350 2872 Lectiouarii_Vaticani
1369 2829 1445 2856 1272.

982 2872 990 2885 ι
1005 2867 1146 2894 Exetnnlar
1161 2867 1234 2893 Pauli
1251 2867 1334 2894 [)1ac..
1349 2865 1445 2890 habere.

1027 2873 1146 2897 xemplar
1161 2873 1234 2893 Υὲιυὶι
1251 2873 1334 2897 t)1ac.,
1349 2873 1448 2890 ﬂauere.

983 2875 990 2885 ¹
1005 2875 1146 2902 nxemptar
1161 2875 1234 2893 rauu
1251 2875 1334 2897 tnac.,
1349 2875 1448 2890 ﬂauere.

980 2902 987 2927 i
1010 2903 1099 2937 Vulg..
1113 2911 1220 2929 mecum.
1240 2902 1330 2928 Set-uti
1354 2906 1454 2927 sumus=
1468 2907 1518 2928 ms.
1535 2899 1682 2928 Padiliron.
1708 2905 1733 2930 et

944 2938 1012 2966 idem
1028 2939 1163 2971 exemplar
1179 2938 1251 2964 l’auli
1267 2938 1330 2964 Diac
