3980 6352
535 381 636 436 463

1661 372 1719 427 S.
1758 369 2002 427 LEONIS
2040 369 2252 428 MAGNI
2294 370 2678 429 SERMONES.

3702 368 3803 431 184

534 492 887 564 paupertatis,
920 488 1084 561 369
1114 484 1319 541 addidit
1352 483 1629 548 Dominus,
1661 483 1881 539 dicens:
1910 494 1936 521 ιι
1967 483 2115 539 Beati
2146 492 2195 547 Α
2220 486 2658 542 immortalitatem
2679 482 2849 556 (lCor.
2881 496 2977 548 xv,
3003 475 3097 554 53)
3116 460 3134 537 ’τ
3162 487 3218 538 ut
3245 481 3544 553 periculum
3564 490 3807 542 vertatur

533 590 619 659 qui
646 586 841 657 lugent,
868 584 1110 655 quoniam
1144 580 1246 652 ipsi
1280 576 1677 632 consolabuntur
1714 577 1932 648 (Matth.
1964 595 2016 646 v,
2040 579 2119 649 5).

534 682 732 737 Luctus
764 679 872 743 hic,
914 673 1275 739 dilectissimi,
1303 673 1390 727 cui
1420 671 1720 727 consolatio
1762 681 1962 726 aeterna
1998 686 2123 741 pro-

534 779 786 840 mittitur,
814 788 919 827 non
941 781 1026 826 est
1052 784 1173 823 cum
1204 766 1389 822 mundi
1411 766 1572 836 hujus
1600 765 1625 804 δ
1657 765 1951 821 afﬂictione
1977 779 2124 820 com-

535 870 748 933 munis;
777 880 878 921 nec
908 864 1122 919 beatum
1150 875 1474 931 quemquam
1522 858 1724 914 faciunt
1754 857 1857 913 ista
1888 858 2123 912 lamenta

531 978 651 1033 quae
681 963 843 1016 totius
875 958 1092 1013 humani
1128 954 1343 1025 generis
1385 954 1758 1024 deploratione
1805 952 2119 1007 funduntur.

533 1055 651 1108 Alia
687 1053 827 1108 ratio
866 1059 950 1106 est
993 1057 1302 1105 sanctorum
1339 1045 1660 1115 gemituum,
1697 1044 1799 1099 alia
1846 1044 2121 1099 beatarum

530 1163 692 1203 causa
726 1147 1109 1217 lacrymarum.
1153 1141 1448 1197 RELIGIOSA
1490 1139 1711 1195 tristitia
1754 1148 1844 1193 aut
1884 1139 2121 1193 alienum

530 1251 810 1313 peccatum
839 1242 984 1309 luget
1007 1248 1102 1294 aut
1129 1236 1439 1307 proprium;
1470 1249 1569 1289 nec
1590 1233 1656 1289 de
1678 1232 1781 1288 hoc
1807 1232 1956 1287 dolet
1980 1232 2123 1302 quod

531 1337 713 1392 divina
740 1333 947 1405 justitia
974 1332 1169 1401 agitur,
1208 1329 1300 1383 sed
1329 1330 1397 1383 de
1424 1342 1488 1382 eo
1512 1336 1706 1383 maeret
1724 1325 1867 1396 quod
1890 1326 2123 1380 humana

532 1432 815 1501 iniquitate
862 1428 1242 1490 committitur;
1293 1425 1386 1479 ubi
1435 1424 1605 1494 magis
1668 1422 2001 1493 plangendus
2042 1432 2124 1478 est

532 1523 737 1577 iaciens
764 1519 999 1588 maligna
1026 1534 1183 1588 quam
1218 1517 1449 1585 patiens,
1478 1517 1603 1586 quia
1634 1514 1891 1585 injustum
1918 1514 2120 1569 malitia

530 1628 627 1669 sua
672 1611 935 1679 demergit
970 1608 1038 1663 ad
1081 1624 1317 1677 poenam,
1362 1607 1566 1677 justum
1615 1617 1796 1662 autem
1839 1605 2121 1661 tolerantia

530 1706 681 1762 ducit
708 1705 773 1758 ad
795 1704 1049 1774 gloriam.

604 1800 734 1855 CAP.
770 1798 835 1851 ν.
858 1828 927 1836 ——
946 1794 1150 1849 Deinde
1178 1795 1251 1848 ait
1281 1793 1576 1848 Dominus:
1610 1792 1756 1846 Beati
1785 1793 1953 1858 mites,
1995 1809 2121 1860 quo-

2229 580 2281 633 in
2327 579 2607 647 praemium
2634 622 2648 647 ,
2682 586 2737 632 et
2782 574 2924 646 quod
2950 575 3045 630 luit
3087 575 3236 631 oneri
3284 576 3356 630 sit
3382 575 3595 631 honori.

2295 669 2425 727 CAP.
2474 670 2561 725 Vl.
2604 698 2674 709 —-
2706 668 2835 723 Post
2883 668 2998 723 htec
3028 667 3176 722 addit
3226 668 3487 723 Dominus
3530 677 3583 723 et
3638 669 3801 725 dicit:
3880 658 3883 663 λ

2223 762 2373 817 Beati
2392 764 2480 833 qui
2502 764 2735 817 esuriant
2760 770 2805 816 et
2826 763 3003 817 sitiunt
3021 763 3307 834 justitiam,
3330 764 3573 833 quoniam
3600 764 3702 833 ipsi
3722 782 3808 819 sa-

2225 859 2533 913 turabuntur
2559 858 2774 932 (Matth.
2804 873 2862 926 v,
2886 858 2967 929 6).
3008 856 3155 912 Nihil
3200 858 3319 913 haec
3366 858 3594 914 esuritio
3620 873 3811 929 corpo-

2224 964 2397 1021 reum,
2430 950 2566 1005 nihil
2595 951 2802 1019 expetit
2829 950 2948 1005 sitis
2994 951 3095 1005 ista
3126 960 3432 1017 terrenum;
3470 954 3565 1007 sed
3588 952 3808 1023 justitia:

2225 1045 2367 1100 bono
2407 1045 2678 1101 desiderat
2707 1046 2937 1101 saturari
2964 1088 2978 1112 ,
3010 1052 3067 1101 et
3105 1045 3159 1100 in
3189 1046 3429 1101 omnium
3474 1046 3811 1102 occultorum

2226 1139 2529 1194 introducta
2570 1149 2838 1194 secretum
2865 1180 2880 1205 ,
2930 1139 3050 1208 ipso
3099 1138 3330 1194 Domino
3370 1148 3521 1208 optat
3573 1138 3805 1209 impleri.

2225 1232 2379 1287 Felix
2404 1246 2555 1287 mens
2577 1247 2696 1302 qua:
2720 1232 2863 1286 hunc
2888 1232 3226 1302 concupiscit
3248 1232 3450 1298 cibum,
3472 1240 3529 1287 ct
3547 1231 3615 1286 ad
3646 1231 3807 1285 talem

2226 1334 2418 1380 testuat
2447 1335 2668 1395 potum;
2700 1340 2863 1395 quem
2892 1324 3076 1395 utique
3103 1341 3212 1381 non
3244 1332 3561 1395 expeteret,
3608 1323 3657 1378 si
3677 1322 3813 1378 nihil

2226 1418 2294 1474 de
2334 1419 2451 1489 ejus
2479 1420 2743 1474 suavitate
2787 1428 3077 1488 gustasset.
3106 1429 3129 1457 ε
3153 1419 3393 1475 Audiens
3435 1428 3613 1475 autem
3635 1419 3816 1475 dicen-

2227 1524 2331 1570 tem
2364 1515 2467 1569 sibi
2507 1514 2882 1584 propheticum
2923 1515 3207 1584 spiritum:
3261 1512 3475 1569 Gustate
3512 1524 3563 1569 et
3603 1514 3813 1581 videte,

2223 1606 2469 1676 quoniam
2492 1606 2662 1660 suavis
2689 1615 2765 1660 est
2795 1605 3049 1660 Dominus
3094 1604 3213 1677 (Ps.
3262 1621 3452 1673 χχχιιι,
3497 1603 3576 1676 9),
3604 1606 3819 1675 accepit

2225 1698 2510 1766 quamdam
2556 1712 2807 1768 supernas
2860 1697 3167 1754 dulcedinis
3198 1696 3219 1736 ί
3263 1700 3598 1768 portionem,
3648 1708 3706 1754 et
3760 1699 3815 1753 in

2230 1807 2472 1848 amorem
2496 1792 2815 1848 castissima:
2840 1792 3132 1862 voluptatis
3147 1792 3368 1858 exarsit,
3401 1800 3460 1847 ut
3487 1793 3679 1863 spretis
3702 1805 3819 1846 om-

533 1893 674 1945 niam
700 1890 800 1960 ipsi
832 1887 1130 1942 hwreditate
1158 1886 1487 1954 possidebunt
1512 1894 1699 1939 terram
1724 1883 1942 1955 (Matth.
1967 1900 2018 1949 v,
2040 1883 2116 1955 4).
2150 1894 2198 1953 Β
2234 1885 2391 1940 nibus
2415 1884 2827 1954 temporalibus,
2851 1885 2917 1939 ad
2949 1884 3212 1940 edendam
3241 1884 3635 1954 bibendumque
3650 1883 3820 1954 justi-

531 1983 747 2039 Mitibus
776 1991 937 2050 atque
968 1979 1288 2043 mansuetis,
1324 1977 1617 2032 humilibus
1645 1990 1708 2030 ac
1733 1976 2015 2043 modestis,
2066 1985 2121 2029 et

530 2077 598 2131 ad
630 2076 869 2130 omnium
901 2072 1217 2142 injuriarum
1275 2070 1615 2125 tolerantiam
1646 2066 1963 2138 praeparatis
1992 2082 2117 2137 pos-

530 2168 754 2225 sidenda
781 2178 921 2221 terra
952 2164 1305 2234 promittitur.
1350 2163 1458 2218 Nec
1503 2177 1664 2231 parva
1694 2160 2011 2218 aestimanda
2038 2168 2123 2215 est

529 2263 648 2316 haec
674 2270 767 2315 aut
796 2259 917 2314 vilis
957 2257 1265 2324 haereditas,
1300 2265 1573 2326 tamquam
1603 2272 1633 2310 a
1673 2255 1885 2311 caelesti
1913 2254 2121 2309 habita-

530 2356 676 2410 tione
714 2353 951 2409 discreta
988 2351 1080 2417 sit,
1124 2365 1243 2405 cum
1287 2364 1513 2420 regnum
1554 2348 1819 2404 ctelorum
1873 2362 1981 2403 non
2029 2347 2121 2401 alii

528 2449 896 2519 intelligantur
933 2446 1156 2499 intrare.
1207 2443 1372 2498 Terra
1407 2458 1534 2513 ergo
1562 2445 1828 2512 promissa
1875 2440 2117 2508 mitibus,

529 2549 583 2594 et
606 2541 658 2594 in
692 2537 1091 2608 possessionem
1117 2535 1292 2589 danda
1320 2532 1637 2601 mansuetis,
1664 2547 1791 2588 caro
1812 2542 2117 2587 sanctorum

527 2639 632 2695 est,
662 2646 783 2701 qua:
814 2629 884 2683 ob
911 2628 1228 2683 humilitatis
1258 2626 1508 2682 tneritum
1541 2625 1688 2681 felici
1721 2626 2119 2681 resurrectione

525 2723 822 2777 mutabitur
850 2731 905 2776 et
926 2719 1348 2775 immortalitatis
1369 2719 1540 2789 gloria
1569 2719 1861 2785 vestietur,
1890 2722 1943 2774 in
1972 2720 2119 2775 nullo

524 2816 632 2882 jam
666 2813 877 2881 spiritui
910 2813 1086 2866 futura
1115 2810 1413 2877 contraria,
1444 2821 1499 2865 et
1526 2824 1649 2865 cum
1687 2812 1960 2866 voluntate
2002 2811 2120 2865 ani-

526 2906 598 2959 mi
626 2906 879 2975 perfectie
902 2904 1127 2959 unitatis
1154 2903 1399 2958 habitura
1422 2917 1771 2959 consensum.
1798 2904 1953 2959 Tunc
1972 2903 2116 2958 enim

525 2996 765 3052 exterior
796 2997 961 3051 homo
986 2994 1262 3050 interioris
1290 2994 1531 3051 hominis
1556 2995 1658 3050 erit
1683 2996 1861 3066 quieta
1892 3004 1949 3050 et
1975 2995 2117 3051 inte-

526 3102 729 3145 merata
772 3090 1082 3161 possessio;
1134 3100 1259 3143 tunc
1290 3104 1443 3143 mens
1485 3089 1719 3146 videndo
1768 3090 1878 3145 Deo
1911 3090 2117 3145 intenta

527 3181 693 3235 nullis
727 3193 747 3219 ο
782 3194 1060 3250 corporeae
1083 3179 1415 3233 inﬁrmitatis
1445 3180 1768 3249 impedietur
1794 3180 2115 3247 obstaculis,

2234 1978 2362 2033 tiam
2393 1984 2507 2032 toto
2534 1977 2930 2033 accenderetur
2955 1976 3171 2043 affectu,
3202 1985 3257 2032 et
3295 1975 3438 2031 illius
3469 1976 3625 2047 primi
3657 1990 3823 2030 man-

2228 2070 2338 2126 dati
2377 2071 2816 2141 apprehenderet
2854 2072 3135 2127 veritatem
3180 2070 3449 2126 dicentis:
3476 2071 3670 2141 Diliges
3703 2070 3821 2123 Do-

2224 2164 2418 2217 minum
2439 2162 2604 2217 Deum
2631 2172 2775 2217 tuum
2804 2180 2867 2217 ea:
2888 2170 2992 2218 toto
3020 2162 3178 2218 corde
3198 2171 3309 2229 tuo,
3340 2171 3387 2217 et
3418 2178 3481 2217 ex
3508 2171 3615 2216 tota
3646 2169 3821 2216 mente

2226 2264 2337 2319 tua,
2362 2264 2409 2309 et
2440 2271 2503 2309 ea:
2532 2263 2640 2309 tota
2678 2256 2866 2310 virtute
2899 2266 2987 2309 tua
3018 2254 3195 2327 (Deut.
3227 2259 3301 2322 vi,
3347 2256 3412 2321 5;
3459 2254 3648 2310 Matth.
3680 2271 3821 2323 xxxi,

2225 2347 2324 2412 '57;
2356 2344 2524 2400 Marc.
2549 2362 2647 2412 xu,
2674 2348 2773 2412 50;
2804 2347 2936 2403 Luc.
2959 2364 3016 2415 ι,
3052 2347 3145 2419 27)
3174 2365 3188 2402 :
3215 2348 3471 2419 quoniam
3498 2348 3631 2402 nihil
3670 2347 3827 2402 aliud

2228 2446 2312 2493 est
2339 2439 2566 2509 diligere
2609 2440 2776 2494 Deum
2807 2455 2969 2510 quam
3012 2455 3199 2496 amare
3233 2440 3521 2511 justitiam.
3571 2441 3831 2511 Denique

2224 2535 2361 2590 sicut
2392 2544 2417 2582 Β
2443 2534 2518 2589 illi
2549 2534 2829 2590 dilectioni
2858 2535 2982 2601 Dei,
3020 2535 3254 2605 proximi
3288 2550 3415 2591 cura
3449 2534 3827 2605 subiungitur,

2225 2626 2301 2681 ita
2323 2637 2377 2682 et
2402 2627 2525 2683 huic
2554 2626 2827 2683 desiderio
2847 2627 3070 2698 iustitia:
3107 2629 3278 2685 virtus
3306 2627 3524 2684 miseric
3549 2626 3702 2682 .rdiaa
3730 2641 3833 2683 co-

2225 2721 2461 2791 pulatur,
2494 2730 2550 2776 et
2585 2721 2784 2776 dicitur
2808 2739 2820 2775 :

2295 2811 2424 2867 Car.
2456 2812 2563 2868 Vll.
2597 2842 2667 2854 —-
2687 2811 2716 2851 ιι
2740 2811 2889 2867 Beati
2914 2813 3289 2883 misericordes,
3318 2813 3560 2885 quoniam
3586 2813 3836 2883 ipsorum

2224 2904 2546 2959 miserebitur
2570 2902 2715 2959 Deus
2743 2904 2956 2976 (Matth.
2987 2922 3044 2971 ν,
3069 2905 3147 2975 7).
3180 2906 3449 2976 Agnosce,
3481 2905 3833 2973 ChriStiane,

2224 3006 2329 3051 tuac
2360 2996 2641 3067 sapientiae
2671 2996 3011 3066 dignitatem,
3042 3005 3097 3052 et
3136 2995 3376 3067 qualium
3407 2997 3839 3065 disciplinarum

2224 3089 2429 3145 artibus
2459 3090 2527 3145 ad
2555 3105 2676 3161 quae
2707 3090 2928 3160 praemia
2961 3090 3169 3147 voceris
3206 3090 3466 3162 intellige.
3502 3091 3837 3147 Misericor-

2224 3181 2347 3236 dem
2378 3190 2431 3237 te
2459 3182 2854 3247 misericordia,
2894 3182 3097 3253 justum
3126 3183 3245 3238 vult
3277 3188 3477 3240 te'esse
3492 3183 3737 3254 justitia,
3778 3192 3845 3240 ut

527 3288 627 3327 nec
655 3274 764 3342 jam
794 3272 900 3327 dici
932 3286 1156 3327 necesse
1186 3272 1330 3326 erit:
1373 3271 1571 3340 Corpus
1607 3275 1744 3341 quod
1772 3274 2120 3345 corrumpitur
2149 3292 2195 3355 ρ
2226 3272 2281 3327 in
2319 3281 2571 3329 creatura
2606 3272 2623 3311 ί
2656 3289 2751 3329 sua
2796 3273 3027 3330 Creator
3067 3284 3344 3345 appareat,
3388 3285 3445 3331 et
3490 3277 3542 3330 in
3594 3276 3845 3346 speculo

527 3375 771 3438 aggravat
802 3366 1048 3432 animam,
1093 3373 1143 3417 et
1179 3373 1379 3419 terrena
1403 3363 1709 3418 inhabitatio
1741 3363 1983 3434 deprimit
2008 3382 2124 3420 sen-

528 3474 641 3511 sum
669 3456 830 3510 multa
855 3457 1162 3527 cogitantem
1188 3455 1345 3529 (Sap.
1370 3472 1445 3521 ιχ,
1478 3455 1567 3526 15)
1591 3474 1603 3509 :
1635 3458 1891 3526 quoniam
1914 3457 2125 3513 habita-

530 3544 758 3606 tori'suo
796 3564 902 3603 non
932 3548 1287 3604 reluctabitur
1335 3558 1513 3613 terra,
1560 3564 1659 3604 nec
1705 3550 2121 3606 immoderatum

525 3641 728 3710 aliquid
754 3650 942 3695 contra
976 3641 1263 3710 imperium
1293 3641 1375 3694 sui
1411 3641 1641 3695 rectoris
1669 3642 1910 3698 audebit.
1940 3643 2124 3699 Possi-

529 3734 731 3789 dcbunt
750 3734 890 3787 cnim
910 3733 1058 3787 illam
1077 3733 1237 3787 mites
1259 3733 1425 3803 370
1445 3747 1579 3802 pace
1601 3742 1881 3803 perpetua,
1909 3744 1964 3790 et
1986 3736 2120 3791 nihil

527 3841 781 3896 umquam
810 3824 877 3879 de
908 3840 1092 3879 eorum
1122 3826 1244 3894 jure
1285 3825 1578 3889 minuetur,
1631 3841 1746 3880 cum
1792 3828 2125 3898 corruptibile

526 3926 621 3973 hoc
647 3919 867 3971 induerit
892 3919 1353 3985 incorruptionem,
1386 3915 1413 3954 ἀ
1436 3928 1484 3972 et
1515 3920 1731 3973 mortale
1770 3921 1867 3975 hoc
1895 3922 2123 3976 induerit

599 4062 623 4088 α
654 4058 709 4110 ln
739 4056 931 4110 eodem
956 4054 1107 4108 Pauli
1134 4054 1283 4107 Diae.
1310 4054 1561 4123 exemplo
1580 4068 1813 4124 sequens
1833 4055 2111 4111 beatitudo

526 4128 729 4181 mitium
750 4143 870 4181 cum
906 4134 1017 4179 toto
1047 4124 1222 4194 capite
1274 4126 1519 4193 sequenti
1568 4126 1653 4180 hic
1681 4128 1933 4195 ponitur:
1967 4127 2114 4182 Beati

524 4202 693 4262 mites,
716 4207 822 4253 etc.
853 4197 1053 4250 Deinde
1076 4194 1358 4268 subjicitur
1383 4196 1655 4268 beatitudo
1682 4194 1966 4268 lugentium
1991 4214 2112 4253 cum

524 4280 640 4323 toto
666 4270 769 4324 hoc
798 4268 973 4334 capite
996 4268 1107 4321 sic:
1142 4265 1270 4320 Post
1299 4268 1406 4321 hate
1448 4267 1705 4322 Dominus
1734 4265 1824 4333 ait,
1876 4279 1921 4322 et
1949 4270 2113 4323 dicit:

523 4339 673 4395 Beati
700 4342 786 4404 qui
815 4338 1009 4410 lugent,
1043 4349 1147 4393 etc.
1182 4338 1370 4392 Postea
1402 4349 1561 4408 caput
1590 4350 1800 4395 sextum
1832 4342 2112 4409 prosequi-

525 4423 614 4465 tur
643 4412 743 4465 boc
789 4409 979 4464 initio:
1013 4409 1212 4463 Deinde
1259 4410 1510 4462 Dominus
1540 4411 1655 4464 ait:
1701 4410 1849 4463 Beati
1878 4413 1966 4480 qui
2004 4427 2116 4465 esu-

526 4485 689 4545 riunt,
742 4493 845 4535 etc.
882 4482 955 4534 lta
983 4496 1112 4550 ergo
1139 4480 1412 4533 beatitudo
1452 4481 1651 4534 mitium
1684 4482 1737 4534 in
1769 4483 1990 4550 antiquo
2017 4496 2111 4536 co-

2226 3363 2407 3420 cordis
2436 3363 2656 3420 humani
2689 3381 2784 3434 per
2832 3366 3007 3422 lineas
3053 3366 3373 3422 imitationis
3420 3380 3680 3438 expressa
3735 3367 3847 3423 Dei

2224 3457 2405 3528 imago
2429 3458 2797 3528 resplendeat.
2818 3458 3020 3515 Secura
3052 3469 3137 3515 est
3169 3460 3513 3530 operantium
3543 3458 3712 3524 ﬁdes,
3746 3460 3849 3513 ad-

2229 3561 2390 3606 erunt
2423 3551 2521 3607 tibi
2551 3550 2819 3607 desideria
2862 3561 2983 3617 tua,
3015 3560 3069 3606 et
3116 3551 3185 3607 iis
3211 3566 3331 3623 qua:
3365 3565 3517 3606 amas
3564 3551 3691 3606 sine
3724 3550 3851 3606 ﬁne

2229 3645 2473 3713 potieris.
2523 3646 2593 3700 Et
2618 3646 2872 3716 quoniam
2922 3644 3082 3716 371
3129 3644 3224 3699 tibi
3269 3659 3365 3714 per
3413 3643 3852 3713 eleemosynam

2228 3738 2410 3793 omnia
2435 3737 2636 3793 munda
2665 3746 2810 3807 sunt,
2846 3737 2912 3792 ad
2939 3752 3059 3793 eam
3095 3736 3110 3787 i
3144 3751 3359 3808 quoque
3402 3735 3849 3803 beatitudinem,

2228 3846 2349 3900 qua:
2374 3840 2774 3901 consequenter
2809 3839 2893 3887 est
2939 3829 3226 3900 promissa,
3260 3828 3564 3899 pervenies,
3598 3826 3857 3885 dicente

2227 3924 2459 3981 Domino
2490 3944 2501 3979 :

2275 4056 2316 4183 ἐξ
2348 4058 2406 4113 In
2427 4058 2620 4113 eodem
2663 4057 2942 4129 exemplo,
2973 4066 3021 4112 et
3052 4056 3270 4111 mortale
3296 4054 3574 4127 sumpserit
3598 4056 3858 4111 immor-

2294 4139 2488 4183 statem.

2220 4138 2488 4183 talitatem.

2295 4203 2319 4232 ⁸
2350 4200 2623 4254 Audienda
2651 4208 2821 4271 autem
2859 4200 3110 4271 dicentem
3138 4200 3237 4254 sibi
3262 4198 3545 4271 prophetiae
3574 4197 3864 4271 spiritum

2219 4272 2631 4395 sigptcildleumdem
2659 4270 2885 4326 Paulum
2906 4270 3057 4326 Diac.
3101 4268 3271 4339 Item,
3305 4268 3565 4324 audiendo
3607 4268 3668 4322 iu
3730 4286 3862 4326 ms.

2264 4359 2291 4396 a
2337 4359 2516 4397 nron.

2297 4412 2316 4451 ί
2346 4413 2472 4468 Mss.
2507 4412 2628 4468 Vat.
2662 4422 2773 4468 tres
2804 4422 2859 4467 et
2888 4413 3061 4479 prima
3089 4412 3275 4480 editio,
3301 4412 3578 4481 pationem.
3610 4410 3765 4466 Mox
3796 4413 3864 4467 in

2217 4484 2405 4539 eadem
2438 4484 2698 4551 editione,
2731 4500 2988 4555 supernas,
3014 4498 3114 4553 pro
3137 4484 3457 4538 castissimus.
3492 4481 3623 4537 Post
3651 4498 3869 4551 pauca

528 4553 647 4629 ilice
670 4595 683 4616 ,
713 4569 845 4629 _qno
902 4551 1416 4629 Paulus_Diaconus_
1446 4566 1576 4629 usus
1626 4560 1709 4606 est
1734 4594 1767 4629 ,.
1794 4552 2111 4629 beatitudini
2147 4571 2192 4629 ι)
2218 4555 2339 4609 cod.
2376 4555 2697 4618 Padiliron.,
2731 4551 2802 4609 ex'
2842 4563 2949 4609 toto
2982 4551 3135 4609 corde
3161 4564 3280 4619 tuo,
3310 4564 3357 4607 et
3398 4571 3461 4629 ea;
3491 4564 3596 4607 tota
3640 4555 3874 4611 anima

526 4624 815 4693 lugentium
842 4622 1293 4693 prteponebatur:
1342 4622 1417 4674 uti
1450 4622 1639 4675 eodem
1681 4623 1897 4693 quidem
1925 4623 2113 4678 ordine

533 4695 613 4746 lue
658 4694 778 4747 dure
826 4692 1182 4763 beatitudines
1225 4702 1280 4746 et
1330 4702 1684 4763 recensentur
1726 4692 1779 4746 in
1820 4694 2113 4763 Evangelio

535 4764 778 4831 Vulgata,
815 4772 868 4817 et
902 4764 967 4817 ab
999 4762 1223 4831 Hilario,
1252 4764 1551 4832 Augustino
1590 4762 1821 4833 aliisque
1862 4762 2112 4822 Patribus

531 4838 892 4900 explicantur.
943 4833 1085 4887 Nihil
1120 4841 1299 4887 tamen
1350 4835 1739 4888 immutandum
1778 4836 2110 4903 censuimus,

530 4920 635 4957 non
678 4906 848 4957 solum
880 4906 1006 4972 quia
1052 4903 1296 4957 ordinem
1330 4906 1381 4957 in
1417 4914 1568 4959 textu
1617 4904 1817 4959 editum
1856 4906 2113 4963 exhibent

531 4989 719 5028 omnes
765 4976 1141 5029 collectionum
1186 4975 1402 5029 codices
1436 4990 1569 5043 quos
1620 4976 1849 5032 vidimus
1874 5019 1888 5040 ,
1922 4994 2112 5035 verum

526 5046 686 5099 etiam
712 5044 833 5115 quia
859 5048 943 5099 hic
966 5046 1106 5099 idem
1132 5047 1266 5099 ordo
1288 5056 1535 5101 servatur
1557 5048 1608 5100 in
1634 5048 1828 5102 Graeco
1858 5058 2029 5113 textu,
2060 5061 2115 5107 et

528 5115 595 5167 ab
614 5129 836 5171 auctore
856 5118 1015 5171 ctiam
1034 5118 1255 5187 antiquo
1276 5117 1468 5187 Operis
1484 5118 1702 5187 imperi.
1725 5119 1777 5172 in
1804 5118 2110 5176 Matthteum

530 5187 781 5260 homil.9
812 5188 1134 5260 adhibetur:
1183 5189 1323 5244 unde
1353 5189 1405 5242 in
1449 5189 1650 5260 aliquot
1693 5190 1853 5244 etiam
1906 5192 2112 5249 Latinis

528 5259 931 5328 exemplaribus
962 5259 1029 5314 ab
1055 5260 1244 5314 eodem
1276 5262 1524 5315 inventus
1545 5259 1673 5316 luit.
1709 5261 1997 5317 Enimvero
2024 5264 2113 5319 hic

530 5329 665 5402 ordo
683 5330 964 5402 exhibetur
989 5330 1039 5383 in
1063 5330 1272 5402 duobus
1297 5332 1678 5387 vetustissimis
1703 5334 2111 5402 Evangeliorum

528 5400 703 5474 libris,
736 5400 1035 5455 Vcronensi
1063 5410 1118 5455 et
1141 5401 1419 5474 Brixiano,
1453 5418 1586 5472 quos
1618 5404 1679 5457 P.
1719 5400 1923 5474 Ioseph
1953 5406 2114 5461 Blan-

528 5470 741 5549 chinius
768 5474 1059 5549 novissime
1089 5473 1257 5549 edidit
1286 5470 1532 5549 ingopere
1570 5470 2115 5549 inscripto,_Evange-

528 5543 653 5616 lium
672 5544 1017 5616 quadruplex,
1051 5553 1089 5598 t.
1121 5544 1321 5616 l,_pag.
1349 5544 1442 5599 25.

601 5612 628 5651 ι’
666 5615 829 5689 Editi,
849 5612 1135 5682 a’ﬁ'ectione.
1162 5612 1482 5689 Quesnellus
1515 5619 1568 5672 in
1600 5620 1843 5689 margine
1872 5620 2110 5675 notavit:

529 5683 710 5760 forte,
748 5688 1038 5757 aﬂlictione,
1081 5688 1225 5757 quod
1262 5690 1580 5746 auctoritate
1606 5683 1929 5760 exemplaris
1959 5691 2112 5747 Pauli

529 5752 678 5810 Diae.
701 5752 1047 5815 inseruimus.

604 5838 624 5863 ε
672 5828 1213 5903 ldem_Pau|_iﬂDiac.
1263 5831 1572 5901 exemplar,
1623 5850 1883 5903 corporea:
1938 5838 2108 5891 molis.

533 5896 722 5955 Postea
752 5900 873 5955 cod.
900 5900 1214 5970 Padiliron.,
1245 5896 1724 5974 contra-imperium
1760 5908 1839 5960 sui
1861 5911 2103 5962 auctoris.

2219 4636 2337 4692 tua,
2368 4636 2413 4679 et
2447 4643 2509 4680 ea:
2550 4636 2655 4681 tota
2684 4636 2850 4681 mente
2895 4636 2985 4679 tua
3009 4670 3023 4693 ,
3054 4634 3105 4679 et
3136 4641 3197 4680 ea:
3228 4635 3334 4680 tota
3380 4626 3646 4679 voluntate
3708 4634 3875 4682 tua:

2217 4698 2483 4765 quoniam,
2515 4705 2625 4752 etc.
3456 4740 3459 4745 .

2292 4778 2316 4815 8
2350 4771 2423 4822 Ita
2451 4769 2641 4822 melius
2664 4785 2731 4822 ex
2758 4769 2960 4824 nostris
2986 4781 3145 4834 mss.,
3175 4781 3293 4822 cum
3323 4766 3405 4820 illi
3434 4766 3728 4827 dilectioni
3770 4784 3882 4824 re-

2218 4840 2481 4908 spondeat
2505 4838 2623 4892 huic
2652 4840 2928 4894 desiderio.
2962 4838 3130 4904 Editi,
3178 4838 3286 4892 illic
3316 4838 3605 4908 dilectioni.
3635 4836 3882 4897 Prima

2220 4906 2399 4965 tamen
2423 4910 2610 4975 editio,
2643 4925 2763 4980 quae
2793 4912 2904 4965 illic
2943 4910 3209 4964 dilectioni
3253 4908 3494 4980 praefert,
3522 4906 3879 4980 cohaeren-

2219 4980 2492 5107 ἓιιέῚᾴθίη
2523 4978 2717 5049 habet,
2753 4983 2839 5036 hic
2879 4982 3163 5047 desiderio,
3198 4978 3336 5035 sicut
3373 4979 3536 5034 etiam
3584 4978 3641 5033 in
3708 4984 3883 5038 cod.

2263 5066 2292 5106 a
2335 5068 2516 5106 lll‘Oll.

2263 5052 2516 5107 adiliron.

2289 5120 2317 5160 ιι
2340 5124 2495 5193 Apud
2529 5123 2753 5193 Paulum
2785 5123 2966 5181 Diac.:
3003 5123 3151 5178 Beati
3174 5120 3533 5177 misericordes
3559 5125 3886 5191 quoniam

2216 5196 2319 5267 ipsi
2346 5196 2757 5250 misericordiam
2802 5205 3192 5267 consequentur.
3242 5196 3472 5267 Agnosco
3508 5194 3893 5263 dignitatem

2262 5267 2526 5321 hristianaz
2554 5267 2853 5337 sapientiae;
2894 5265 2973 5319 ad
2999 5266 3176 5337 quales
3219 5265 3627 5337 disciplinafum
3650 5278 3848 5322 artes
3877 5310 3899 5335 ,

2218 5337 2285 5410 ad
2312 5354 2423 5408 qua:
2465 5334 2679 5410 prtemia
2704 5338 2896 5410 voceris
2920 5384 2934 5407 ,
2964 5334 3211 5408 intellige.
3256 5337 3311 5410 in
3346 5350 3448 5410 ins.
3479 5334 3845 5395 Padiliron.
3881 5334 3898 5395 ἑ

2218 5407 2801 5481 Agnosce'dignitatem,
2828 5407 3144 5471 Christiane,
3166 5408 3449 5481 sapientite.
3582 5476 3595 5481 _
3626 5477 3639 5481 Α
3947 5426 3959 5481 ξ

2295 5480 2311 5516 ί
2353 5476 2677 5535 Vocabulum
2702 5495 2848 5533 suaa
2879 5481 3168 5547 Quesnello
3212 5477 3495 5544 omissum,
3519 5476 3597 5531 uti
3623 5477 3701 5533 in
3748 5497 3894 5536 no-
3956 5478 3959 5483 ’

2216 5560 2331 5607 stro
2354 5552 2650 5607 Padiliron.
2676 5551 2848 5617 deest,
2894 5553 3235 5609 restituimus
3272 5565 3339 5603 ex
3367 5547 3587 5603 caeteris
3624 5551 3907 5610 editio-

2217 5622 2378 5678 nibus
2403 5624 2709 5692 nostrisque
2735 5623 2895 5678 codd.
2924 5632 2979 5679 et
3006 5623 3207 5677 Homil.
3243 5620 3391 5692 Pauli
3421 5618 3572 5692 Diae.

2291 5694 2305 5745 i
2345 5689 2671 5766 Particulam
2702 5710 2930 5766 quoque,
2982 5695 3034 5749 in
3064 5691 3339 5766 Quesnelli
3387 5689 3521 5745 edit.
3572 5703 3905 5759 praeter—

2291 5710 2305 5745 ι
2345 5710 2671 5750 rarucutam
2738 5710 2930 5766 uoque,
2982 5710 3034 5749 in
3064 5710 3339 5760 Quesneur
3387 5710 3521 5745 cuit.
3572 5710 3905 5759 prseter—

2216 5767 2477 5849 missam,
2508 5780 2577 5821 ex
2620 5710 2812 5822 iisdem
2839 5764 3000 5823 editis
3040 5775 3096 5822 et
3122 5761 3373 5822 Omnibus
3399 5773 3533 5819 mss.
3577 5775 3907 5826 revoca-

2215 5852 2415 5894 VlmllS.
