3980 6352
224 366 314 425 ωε
1602 350 1839 425 SERMO

1883 353 2065 411 XCVI.
3387 367 3492 424 466

280 474 551 536 Camilli].
574 503 634 515 —
652 471 801 529 Beati
823 474 1019 528 mundo
1038 472 1218 538 corde,
1244 471 1489 543 quoniam
1504 471 1602 543 ipsi
1616 468 1786 524 Deum
1815 472 1868 531 Α
1894 470 1999 526 hoc
2027 474 2323 530 merebitur
2366 476 2587 533 dilectio
2615 478 2711 534 Dei
2742 488 2800 536 et
2831 477 2853 518 ί
2877 480 3099 536 dilectio
3140 481 3403 551 proximi,
3433 494 3492 540 ut

224 573 431 631 ridebunt
459 568 680 645 (Matth.
704 584 760 633 v,
787 566 866 637 8).
901 566 1090 637 Magna
1131 565 1388 631 felicitas,
1419 564 1782 633 dilectissimi,

223 671 292 725 cui
320 675 518 719 tantum
554 662 843 734 praemium
870 670 1226 732 praeparatur.
1259 660 1399 727 Quid
1426 675 1559 731 ergo
1587 669 1672 717 est
1692 660 1789 716 ha-

222 764 327 818 bere
369 771 461 812 cor
490 754 776 822 mundum,
826 754 930 810 nisi
982 753 1061 809 eis
1094 769 1215 824 qua:
1261 768 1425 824 supra
1456 753 1614 809 dictae
1661 764 1787 809 sunt

223 850 410 909 studere
431 847 764 902 virtutibus?
794 846 989 901 Videre
1029 854 1211 902 autem
1258 846 1426 902 Deum
1468 856 1685 917 quantae
1715 846 1786 903 sit

222 939 566 1006 beatitudinis,
596 955 717 1010 quae
738 954 892 995 mens
914 940 1226 1010 concipere,
1256 955 1375 1011 quae
1397 940 1577 1011 lingua
1606 941 1785 998 valeat

221 1030 496 1103 explicare?
526 1029 601 1085 Et
621 1041 803 1085 tamen
832 1030 936 1086 hoc
958 1040 1346 1102 consequetur,
1383 1042 1409 1070 α
1438 1048 1563 1089 cum
1600 1043 1781 1090 trans-

221 1125 504 1182 formabitur
535 1122 774 1178 humana
816 1131 1007 1179 natura
1030 1165 1046 1191 ,
1078 1133 1135 1179 ut
1166 1140 1274 1179 non
1314 1124 1425 1194 jam
1459 1140 1554 1195 per
1579 1140 1777 1196 specu-

220 1220 324 1283 lum,
346 1229 518 1285 neque
549 1215 605 1269 in
636 1215 942 1285 aenigmate,
975 1214 1071 1272 sed
1100 1216 1239 1271 facie
1265 1216 1334 1272 ad
1357 1217 1548 1274 faciem
1576 1218 1621 1290 (Ι
1650 1219 1771 1275 Cor.

218 1324 309 1376 nu,
336 1305 438 1376 l2),
465 1305 644 1374 ipsam
677 1322 838 1376 quam
864 1305 1047 1362 nullus
1069 1306 1350 1363 hominum
1383 1310 1571 1366 videre
1606 1314 1780 1381 potuit

219 1400 421 1475 (1οαη.ι,
455 1398 555 1465 l8;
590 1399 613 1453 Ι
646 1398 782 1454 Tim.
813 1414 893 1466 vr,
925 1397 1042 1470 i6),
1067 1400 1228 1457 sicuti
1256 1410 1362 1469 est,
1395 1403 1779 1461 videatDeita-

218 1508 335 1551 tem:
364 1500 415 1547 et
440 1491 585 1561 quod
617 1489 798 1545 oculus
835 1508 939 1547 non
962 1492 1109 1557 uidit,
1142 1510 1234 1548 nec
1266 1495 1407 1549 auris
1435 1496 1653 1561 audivit,
1688 1514 1777 1553 nec

216 1591 256 1642 in
278 1604 352 1640 cor
366 1584 589 1640 hominis
623 1585 850 1639 ascendit
875 1584 976 1656 (Is.
1014 1601 1160 1655 utv,
1187 1586 1255 1655 ις
1284 1588 1308 1643 Ι
1334 1587 1454 1644 Cor.
1486 1605 1548 1655 ιι,
1572 1590 1652 1662 9),
1682 1607 1777 1660 per

216 1677 447 1736 iaeﬁabile
475 1676 742 1747 gaudium
766 1684 984 1733 aeternae
1006 1679 1484 1750 contemplationis
1510 1682 1772 1737 obtineat.

219 1771 374 1827 Merito
419 1768 536 1824 haec
591 1769 873 1824 beatitudo
914 1771 1099 1826 cordis
1148 1772 1483 1841 promittitur
1527 1775 1770 1843 puritati.

1893 564 2073 620 nullas
2097 567 2207 636 jam
2239 568 2594 626 adversitates
2623 573 2844 639 sentiat,
2889 575 3040 629 nulla
3085 576 3334 631 scandala
3362 594 3484 647 per-

1891 657 2170 725 timescat;
2207 658 2302 715 sed
2326 660 2479 716 ﬁnito
2507 665 2748 719 omnium
2777 665 3132 721 tentationum
3163 670 3483 738 certamine,

1887 750 1941 806 in
1964 753 2411 823 tranquillissima
2457 755 2557 811 Dei
2593 772 2725 827 pace
2766 760 3091 829 requiescat,
3127 770 3151 808 ε
3179 776 3276 831 per
3304 762 3488 817 Domi-

1888 858 2016 899 num
2039 854 2311 912 nostrum,
2344 846 2435 915 qui
2465 862 2588 902 cum
2618 848 2781 904 Patre
2809 860 2865 906 et
2886 851 3092 921 Spiritu
3135 862 3323 908 sancto
3350 853 3487 909 vivit

1890 943 1947 991 et
1972 946 2164 1007 regnat
2184 937 2241 993 in
2269 940 2465 993 saecula
2496 940 2844 996 saeculorum.
2875 944 3067 999 Amen.

2284 1071 2514 1127 saeuo
2552 1072 2713 1129 xcvr
2743 1073 2851 1148 [Αι.
2879 1074 3085 1147 XCIII],

1886 1160 2008 1217 Sive
2046 1158 2077 1200 ¹³
2121 1170 2369 1240 mactatus
2416 1175 2594 1240 contra
2645 1168 2878 1221 hwresim
2926 1168 3224 1240 Eutychis;
3276 1170 3480 1227 habitus

2133 1234 2317 1290 Romte
2344 1236 2398 1289 in
2430 1236 2646 1291 basilica
2683 1248 2878 1293 sancta:
2906 1234 3216 1296 Anastasiaz.

1882 1324 2159 1382 SYNOPSIS.
2193 1357 2265 1369 —
2293 1328 2339 1383 Ι.
2372 1327 2551 1404 Monet
2582 1341 2639 1384 ut
2677 1331 2904 1401 symbolo
2930 1334 3279 1404 apostolorum
3308 1337 3477 1390 inhae-

1963 1410 2131 1474 rentes
2147 1408 2361 1474 caveant
2380 1400 2443 1453 ab
2468 1400 2834 1474 Alexandrinis
2852 1400 3248 1474 negotiatoribus
3274 1408 3479 1460 unicam

1957 1469 2011 1522 in
2033 1469 2237 1543 Christo
2271 1480 2514 1543 naturam
2542 1472 2721 1527 Romae
2751 1469 3161 1543 defendentibus.
3184 1506 3257 1516 —
3277 1477 3341 1531 ll.
3367 1476 3480 1532 Eu-

1954 1539 2157 1611 tychem
2190 1543 2314 1597 olim
2349 1543 2403 1595 in
2433 1542 2553 1597 aliis
2584 1539 2836 1599 hwreticis
2865 1562 2972 1599 esse
3000 1546 3319 1602 damnatum.
3354 1548 3475 1602 Dis-

1952 1614 2265 1687 cernendum
2296 1630 2404 1667 esse
2432 1616 2487 1667 in
2509 1614 2719 1687 libristo
2755 1619 2878 1680 quid
2903 1634 2968 1671 ea:
3002 1619 3190 1672 deitate
3223 1621 3311 1684 sit,
3349 1620 3476 1687 quid

1951 1698 2016 1737 ea:
2037 1682 2382 1738 humanitate.
2414 1715 2485 1726 —
2508 1685 2594 1739 lll.
2631 1686 2759 1740 Cum
2787 1689 3044 1742 damnatis
3090 1682 3339 1745 hwreticis
3361 1682 3473 1745 non

1951 1770 2061 1807 esse
2088 1757 2593 1821 communicandum.
2624 1757 2873 1813 Romana:
2902 1761 3023 1827 ﬁdei
3050 1760 3184 1814 laus.

214 1863 571 1936 l>Splendorem
596 1865 743 1919 enim
766 1864 883 1919 veri
908 1864 1131 1920 luminis
1157 1865 1390 1922 sordens
1410 1868 1556 1923 acies
1580 1867 1767 1925 videre
1798 1860 1844 1919 B
1944 1868 2073 1925 CAP.
2116 1869 2156 1922 l.
2188 1900 2260 1910 —
2286 1870 2436 1925 Sicut
2465 1872 2759 1939 peritorum
2780 1912 2795 1937 ,
2828 1872 3191 1939 dilectissimi,
3227 1876 3469 1944 pruden-

218 1976 299 2016 nnn
323 1958 549 2029 poterit;
584 1968 644 2012 et
686 1958 831 2028 quod
860 1958 967 2013 erit
988 1957 1299 2027 jucunditas
1341 1960 1618 2015 mentibus
1647 1962 1775 2017 niti-

214 2054 293 2118 dis,
316 2051 406 2105 hoc
424 2049 529 2105 erit
556 2064 725 2119 paena
756 2051 1069 2105 maculosis.
1105 2050 1453 2107 Declinentur
1479 2053 1639 2124 igitur
1661 2062 1774 2109 ter-

214 2158 420 2200 renarum
451 2141 725 2212 caligines
772 2141 1103 2211 vanitatum,
1133 2153 1189 2199 et
1220 2145 1289 2200 ab
1330 2147 1477 2201 omni
1518 2147 1773 2217 squalore

214 2235 468 2306 iniquitatis
498 2235 652 2290 oculi
699 2240 978 2305 tergantur
1026 2236 1335 2303 interiores,
1388 2248 1411 2276 ο
1444 2248 1499 2293 ιιι
1546 2253 1771 2295 serenus

213 2329 397 2385 intuitus
422 2336 580 2382 tanta
632 2328 726 2383 Dei
775 2328 983 2383 visione
1022 2338 1290 2398 pascatur.
1342 2328 1425 2385 Ad
1477 2330 1579 2385 hoc
1621 2333 1767 2388 enim

213 2419 604 2491 promerendum
642 2419 775 2476 illud
819 2421 1167 2492 intelligimus
1210 2424 1483 2493 pertinere
1513 2426 1658 2495 quod
1682 2441 1770 2482 se-

215 2516 359 2585 quitur
383 2532 394 2567 :

261 2606 370 2662 (ἶιι).
401 2605 488 2661 IX.
528 2636 608 2645 —
641 2605 792 2660 Beati
816 2607 1040 2676 pacifici,
1070 2609 1314 2679 quoniam
1352 2610 1451 2679 ﬁlii
1494 2610 1589 2665 Dei
1618 2628 1768 2667 voca-

212 2700 359 2753 bantur
378 2696 600 2771 (Matth.
631 2714 684 2767 v,
709 2698 787 2767 9).
812 2698 1096 2755 Beatitudo
1119 2701 1238 2768 ista,
1260 2701 1620 2770 dilectissimi,
1656 2720 1765 2760 non

210 2791 446 2863 cujuslibet
467 2791 878 2859 consensionis,
911 2790 939 2828 ἀ
974 2807 1074 2848 nec
1101 2794 1510 2867 qualiscumque
1539 2812 1768 2853 concor-

213 2888 405 2957 dieest,
452 2888 548 2944 sed
608 2888 755 2945 illius
781 2889 849 2944 de
875 2904 983 2960 qua
1031 2889 1165 2945 dicit
1214 2892 1543 2961 Apostolus:
1574 2892 1767 2949 Pacem

213 2981 353 3036 habete
378 2982 442 3035 ad
470 2982 649 3037 Deum
695 2982 873 3056 (Rom.
903 2999 955 3050 v,
989 2984 1051 3050 1;
1082 2981 1128 3038 ll
1152 2982 1273 3038 Cor.
1317 3000 1431 3049 xm,
1462 2984 1579 3056 ll):
1613 2996 1666 3040 et
1698 2986 1765 3043 de

211 3090 287 3147 qua
330 3075 447 3131 dicit
482 3077 757 3147 propheta
807 3076 975 3132 David
1011 3092 1025 3131 :
1058 3075 1177 3131 Pax
1222 3077 1388 3130 multa
1437 3077 1763 3150 diligentibus

213 3169 337 3237 legem
362 3178 535 3235 tuam,
570 3179 626 3222 et
656 3185 757 3222 non
794 3178 868 3223 est
912 3169 1018 3223 illis
1065 3169 1368 3223 scandalum
1412 3168 1530 3241 (Ps.
1561 3185 1722 3225 cxwu
1745 3212 1760 3237 ,

214 3259 296 3332 16).
324 3262 459 3317 Hanc
484 3276 683 3332 pacem
711 3262 873 3317 etiam
906 3262 1211 3318 arctissima
1258 3264 1617 3318 amicitiarum
1651 3265 1765 3320 vin-
1793 3244 1836 3304 Ο

212 3355 316 3420 cula,
336 3365 385 3410 et
412 3355 731 3411 indiscreta:
772 3355 1164 3411 similitudines
1209 3357 1510 3411 animorum
1538 3371 1647 3412 non
1675 3372 1767 3413 ve-

212 3451 366 3503 raciter
392 3450 492 3504 sibi
524 3450 835 3517 vindicant,
861 3451 904 3505 si
931 3467 1038 3505 non
1068 3468 1195 3507 cum
1220 3453 1318 3507 Dei
1344 3452 1615 3508 voluntate
1632 3468 1764 3509 con-

212 3542 410 3597 cordant.
443 3542 619 3598 Extra
651 3543 967 3613 dignitatem
1014 3543 1177 3614 hujus
1218 3546 1369 3615 pacis
1409 3555 1533 3602 sunt
1563 3547 1765 3618 impro-

212 3635 358 3691 barum
405 3640 717 3708 parilitates
757 3641 1130 3711 cupiditatum,
1164 3640 1369 3695 foedera
1418 3641 1681 3696 scelerum
1712 3651 1765 3697 et

213 3742 328 3799 pacta
350 3734 630 3788 vitiorum.
662 3734 830 3789 Amor
877 3734 1065 3790 mundi
1112 3749 1234 3789 cum
1282 3732 1377 3790 Dei
1422 3749 1607 3789 amore
1654 3749 1762 3790 non

211 3824 430 3893 congruit,
462 3842 567 3881 nec
602 3826 669 3881 ad
700 3828 1016 3884 societatem
1046 3827 1276 3882 ﬁliorum
1312 3837 1335 3864 ο
1365 3828 1457 3882 Dei
1494 3829 1759 3897 pervenit,

211 3916 279 3986 qui
301 3932 352 3972 se
378 3933 405 3971 a
434 3918 650 3973 carnali
676 3920 1029 3988 generatione
1059 3935 1166 3973 non
1199 3918 1411 3973 dividit.
1446 3918 1545 3985 Qui
1579 3930 1758 3977 autem

210 4021 376 4079 semper
394 4025 512 4066 cum
539 4010 660 4065 Deo
688 4021 868 4066 mente
891 4020 1019 4065 sunt
1046 4010 1256 4064 solliciti
1282 4027 1482 4065 servare
1512 4011 1761 4065 unitatem

209 4103 375 4171 spiritus
399 4105 454 4158 in
484 4104 700 4158 vinculo
746 4105 886 4175 pacis
922 4104 1142 4175 (Ephes.
1183 4119 1257 4169 tv,
1286 4104 1366 4173 2),
1400 4104 1562 4176 372
1598 4120 1756 4159 num-

209 4210 328 4264 quam
354 4198 417 4253 ab
438 4210 650 4254 aeterna
680 4199 800 4268 lege
837 4197 1185 4265 dissentiunt,
1217 4197 1361 4253 fideli
1384 4198 1630 4253 oratione
1668 4198 1753 4253 di-

207 4301 379 4347 centes:
407 4290 530 4347 Fiat
576 4293 817 4347 uoluntas
868 4301 957 4347 tua
992 4293 1122 4346 sicut
1168 4294 1222 4346 in
1266 4292 1391 4347 caelo
1431 4301 1477 4345 et
1521 4293 1573 4346 in
1619 4303 1755 4347 terra

208 4380 375 4450 (Matth.
426 4401 498 4451 vr,
536 4382 657 4454 10).
682 4385 748 4439 Hi
774 4393 898 4439 sunt
939 4383 1167 4455 paciﬁci,
1199 4384 1252 4439 hi
1280 4384 1419 4440 bene
1449 4385 1749 4449 unanimes,

208 4486 449 4547 sancteque
477 4476 813 4543 concordes,
868 4475 1097 4531 vocandi
1128 4483 1335 4531 aeterno
1386 4477 1609 4532 nomine
1653 4478 1751 4545 ﬁlii
1778 4460 1830 4519 D

207 4565 292 4636 Dei,
318 4571 597 4626 cohwredes
627 4579 798 4625 autem
840 4566 1032 4624 Christi
1082 4567 1257 4639 (Rom.
1308 4585 1421 4635 vm,
1457 4571 1581 4639 l7):
1624 4571 1750 4640 quia

256 4730 413 4788 ‘Cod.
442 4733 762 4800 Padiliron.,
794 4746 914 4786 cum
937 4729 1389 4802 transformabitttr
1415 4746 1535 4783 caro
1566 4729 1751 4783 huma-

206 4818 271 4865 na,
296 4814 361 4865 ut,
383 4814 488 4860 etc.

257 4847 279 4911 ί
304 4847 694 4932 ΡίίιῧΞ-εᾶίιὶοε
732 4874 1073 4943 Splendorem
1096 4875 1207 4944 ejus
1234 4872 1335 4925 reri
1359 4871 1595 4944 luminis.
1628 4871 1749 4927 Mox

207 4946 374 4999 sordida
397 4950 533 5002 acies
562 4948 611 5000 in
653 4942 851 5001 llomil.
875 4945 1026 4999 Pauli
1063 4942 1208 4997 Diac.
1240 4954 1294 4998 et
1324 4958 1424 4997 ms.
1450 4942 1746 4997 Padiliron.

258 5027 276 5053 ε
297 5016 360 5072 Ita
381 5035 445 5074 ex
470 5018 633 5073 codd.
663 5018 944 5072 Casineusi
969 5024 1024 5069 ct
1048 5013 1365 5081 Padiliron.,
1386 5014 1580 5082 quibus
1607 5014 1750 5069 lavet

206 5090 434 5157 exemplar
461 5089 613 5144 Pauli
647 5089 821 5156 Diac.,
869 5088 926 5142 in
974 5101 1082 5156 quo
1132 5086 1323 5156 legitur
1345 5103 1367 5157 τί
1411 5082 1477 5139 Ut
1531 5086 1747 5139 intuitus

207 5166 320 5231 tanta
336 5156 525 5215 uisione
552 5170 812 5231 pascdtur.
846 5158 1080 5231 V_ulgati,
1118 5165 1313 5231 tantum
1339 5156 1671 5231 Qeit‘isione.

259 5227 278 5266 ά
305 5228 371 5283 Ita
390 5226 664 5300 exemplar
689 5229 841 5285 Pauli
874 5226 1051 5295 Diae,
1084 5238 1139 5282 et
1178 5229 1299 5281 cod.
1343 5226 1666 5289 Padiliron.,
1695 5236 1750 5284 et

207 5298 286 5354 duo
324 5298 650 5358 Lectionaria
704 5301 860 5371 Vat.,
895 5315 1123 5370 quorum
1174 5314 1367 5363 unum,
1417 5314 1515 5365 pro
1552 5300 1748 5371 qualis-

207 5383 397 5451 cumque,
426 5374 592 5451 habet
618 5368 863 5451 alicujus.
892 5368 1057 5437 Editi,
1078 5380 1167 5425 aut
1188 5368 1595 5451 qualiscumque.
1619 5368 1749 5426 Post

208 5440 418 5562 gannitus
464 5440 795 5517 diligentibus
839 5459 1024 5498 nomen
1071 5440 1215 5496 tuum
1262 5441 1315 5496 in
1364 5440 1554 5495 iisdem
1611 5455 1745 5496 mss.

242 5523 299 5562 at.

242 5523 299 5567 ll.

301 5587 419 5642 Cod.
449 5588 670 5643 Padilir.
701 5587 845 5642 delet
868 5584 989 5653 Dei,
1018 5596 1075 5642 et
1106 5585 1264 5656 paulo
1301 5593 1441 5656 post,
1474 5594 1661 5639 mente.

266 5654 281 5692 ί
302 5658 487 5714 Vocem
510 5662 711 5714 dilectio
735 5659 1083 5728 repetivimus
1104 5654 1169 5712 ex
1195 5656 1365 5711 tribus
1390 5655 1746 5711 Lectionariis

208 5729 350 5783 etalio
374 5732 493 5784 cod.
531 5734 647 5787 Vat.

263 5805 281 5843 ε
305 5800 467 5855 Prima
497 5802 677 5865 editio,
705 5796 807 5856 Per
830 5802 1102 5855 Dominum
1132 5809 1357 5853 nostrum
1385 5792 1562 5851 Iesum
1592 5798 1744 5851 Chri~

210 5874 311 5919 um
342 5865 519 5927 Filium
554 5882 709 5937 tuttur,
751 5873 836 5935 qui
868 5878 1029 5927 tccum
1074 5869 1211 5929 civit.
1255 5880 1299 5921 et
1334 5876 1512 5936 manat
1542 5869 1593 5923 in
1622 5868 1741 5922 tmte

1880 1958 2121 2030 tiumque
2165 1961 2497 2016 medicorum
2529 1972 2646 2028 est,
2682 1964 2961 2033 passiones
3006 1964 3333 2021 infirmitatis
3373 1969 3472 2023 hu-

1878 2067 2053 2108 manae
2080 2053 2336 2109 remediis
2375 2055 2713 2125 praevenire,
2746 2066 2800 2111 et
2826 2057 3279 2127 quemadmodum
3311 2060 3469 2117 saluti

1876 2149 2146 2202 contraria
2176 2148 2514 2205 declinentur
2540 2152 2851 2218 ostendere,
2885 2152 2959 2207 ita
2995 2153 3281 2222 pastoralis
3302 2153 3468 2210 ofﬁcii

1874 2252 1979 2309 est,
2023 2259 2091 2299 ne
2119 2244 2400 2301 Dominico
2427 2248 2575 2317 gregi
2618 2248 2873 2302 hmretica
2896 2247 3203 2317 malignitas
3234 2256 3462 2315 noceat,

1872 2338 2161 2407 providere
2181 2379 2196 2405 ,
2227 2348 2278 2393 et
2324 2340 2557 2409 qualiter
2605 2340 2851 2410 luporum
2884 2348 2939 2395 et
2967 2340 3237 2393 latronum
3266 2339 3469 2408 impro-

1876 2428 2018 2483 bitas
2044 2430 2112 2483 sit
2132 2431 2371 2485 cavenda
2394 2431 2807 2487 demonstrare:
2834 2432 2959 2502 quia
2982 2447 3275 2502 numquam
3296 2432 3469 2502 potuit

1872 2520 2132 2577 haeretica
2176 2523 2425 2593 impietas
2456 2526 2534 2579 sic
2565 2525 2738 2580 latere
2768 2534 2826 2579 ut
2856 2542 2961 2579 non
2994 2541 3023 2579 a
3052 2528 3254 2580 sanctis
3302 2526 3467 2594 patri-

1879 2612 1980 2668 bus
2005 2615 2207 2669 nostris
2238 2624 2291 2669 et
2328 2630 2543 2685 semper
2571 2616 2908 2687 deprehensa
2950 2617 3021 2671 sit
3061 2626 3115 2671 et
3161 2617 3283 2685 jure
3313 2616 3464 2671 dam-

1872 2712 2019 2757 nata.
2041 2704 2472 2761 Sollicitudinem
2508 2707 2688 2777 itaque
2711 2716 2969 2771 nostram,
2999 2723 3157 2778 quam
3188 2707 3464 2763 dilectioni

1870 2804 2069 2851 vestra:
2126 2798 2526 2868 impendimus,
2575 2799 2741 2854 latere
2789 2816 2895 2856 non
2936 2800 3152 2869 potuit,
3202 2799 3462 2869 quosdam

1870 2889 2175 2961 Aigyptios,
2207 2891 2476 2959 praecipue
2505 2891 2866 2961 negotiatores
2888 2890 2952 2945 ad
2981 2891 3178 2947 Urbem
3211 2890 3459 2956 venisse,

1869 2996 2040 3053 eaque
2082 2998 2201 3053 quae
2229 2982 2575 3038 Alexandriae
2615 2982 2847 3039 sceleste
2877 2984 2946 3038 ab
2987 2984 3255 3039 haereticis
3299 2984 3462 3056 373

1875 3074 1888 3112 ί
1920 3084 2047 3130 sunt
2075 3075 2334 3145 admissa,
2370 3075 2684 3145 defendere,
2719 3086 3023 3131 asserentes
3053 3076 3222 3131 solam
3246 3076 3464 3132 deitatis

1870 3168 1924 3223 in
1944 3169 2161 3225 Christo
2179 3168 2345 3224 fuisse
2369 3179 2636 3239 naturam,
2670 3186 2768 3225 nec
2789 3170 2972 3225 carnis
2999 3170 3269 3239 humanae,
3300 3184 3462 3241 quam

1870 3263 2103 3333 sumpsit
2148 3278 2214 3318 ex
2260 3264 2413 3317 beata
2445 3263 2608 3317 Maria
2660 3263 2910 3333 Virgine,
2961 3263 3214 3319 habuisse
3244 3262 3463 3333 penitus

1868 3358 2151 3414 veritatem
2179 3373 2194 3411 :
2243 3372 2361 3427 quae
2410 3358 2657 3425 impietas
2682 3398 2697 3423 ,
2730 3371 2785 3412 et
2816 3358 3012 3412 falsum
3061 3357 3334 3414 hominem
3359 3399 3374 3426 ,
3408 3371 3463 3415 et

1868 3452 2039 3508 Deum
2078 3451 2211 3507 dicit
2248 3467 2371 3507 esse
2400 3451 2733 3521 passibilem.
2759 3451 2911 3519 Quod
2946 3467 3051 3521 quo
3081 3450 3315 3507 audeant
3343 3452 3462 3506 ani-

1868 3562 1957 3601 mo
2005 3560 2181 3617 quove
2236 3546 2464 3601 consilio
2520 3546 2766 3601 dubitare
2816 3561 2920 3601 non
2972 3560 3301 3616 possumus:
3335 3545 3459 3616 quia

1867 3640 2013 3695 enim
2060 3639 2161 3707 ipsi
2191 3655 2222 3693 a
2245 3640 2473 3695 veritate
2511 3639 2794 3709 Evangelii
2843 3649 3187 3695 recesserunt
3213 3649 3268 3693 et
3308 3654 3459 3694 men-

1868 3732 2021 3788 dacia
2053 3732 2255 3788 diaboli
2285 3742 2409 3787 sunt
2432 3733 2628 3799 secuti,
2658 3733 2793 3786 alios
2821 3748 3033 3801 quoque
3062 3732 3249 3786 volunt
3278 3732 3456 3787 socios

1867 3844 1979 3884 suae
2007 3828 2325 3898 perditionis
2351 3829 2598 3893 efﬁcere;
2630 3838 2685 3883 et
2724 3827 2847 3882 ideo
2896 3838 3116 3897 paterna
3144 3840 3241 3880 vos
3271 3834 3325 3880 et
3350 3826 3455 3879 fra-

1868 3929 2022 3976 terna
2051 3918 2416 3975 sollicitudine
2456 3932 2865 3973 commonemus
2899 3928 2955 3971 ut
2987 3917 3229 3972 inimicos
3268 3915 3453 3970 catho-

1868 4012 1983 4068 lica:
2016 4011 2163 4078 ﬁdei,
2195 4010 2378 4067 hostes
2425 4010 2701 4075 Ecclesiae,
2733 4009 3120 4065 incarnationis
3159 4008 3456 4063 Dominicte

1867 4112 2150 4174 negatores
2172 4145 2187 4171 ,
2221 4113 2276 4159 et
2306 4103 2556 4158 instituto
2586 4118 2613 4156 a
2644 4102 2845 4159 sanctis
2890 4101 3150 4172 apostolis
3191 4100 3454 4172 Symbolo

1859 4208 2226 4269 repugnantes
2244 4238 2259 4264 ,
2292 4198 2346 4252 in
2392 4198 2595 4253 nullum
2619 4197 2893 4265 recipiatis
2918 4196 3297 4252 consensionis
3318 4195 3449 4250 afl'e-

1860 4302 2003 4347 ctum
2030 4333 2044 4358 ,
2074 4292 2289 4348 dicente
2336 4291 2597 4360 Apostolo
2633 4308 2647 4344 :
2684 4290 2998 4345 ereticum
3049 4290 3307 4343 hominem
3336 4300 3448 4361 pos:

1860 4402 2017 4440 unam
2045 4394 2093 4439 et
2113 4385 2393 4440 secundam
2415 4384 2791 4455 correptioncm
2818 4384 3007 4450 devita,
3026 4385 3189 4438 sciens
3214 4384 3336 4454 quia
3357 4385 3447 4453 qui

1857 4476 2157 4544 huiusmodi
2185 4486 2285 4544 est,
2326 4477 2595 4532 subversas
2633 4484 2730 4543 est,
2764 4486 2812 4530 et
2838 4476 3086 4547 delinquit
3115 4476 3325 4548 proprio
3347 4478 3445 4548 ju-

1858 4570 1997 4625 dicio
2028 4570 2398 4624 condemnatus
2433 4568 2561 4638 (Tit.
2594 4585 2673 4635 ιιι,
2707 4568 2794 4634 10,
2828 4568 2939 4637 Η).

1857 4737 1963 4782 tate
1992 4728 2221 4800 Spiritus
2241 4727 2576 4793 sanctiDeus,
2592 4744 2682 4799 per
2704 4727 2876 4780 omnia
2892 4726 3085 4780 sa’cula
3111 4725 3440 4787 swculorum,

1856 4800 2037 4853 Amen.

1928 4868 1957 4908 ιι
1996 4870 2150 4925 Hunc
2183 4876 2467 4925 tractatum
2502 4870 2554 4924 in
2607 4882 2739 4924 mss.
2773 4868 3150 4923 collectionum
3183 4869 3236 4931 '5,
3267 4869 3300 4921 4
3328 4878 3381 4922 et
3410 4864 3427 4920 ξ

1858 4952 2063 4997 tantum
2094 4943 2416 5009 reperimus.
2448 4942 2504 4995 ln
2535 4940 2812 4995 codicibus
2834 4950 3011 4994 autem
3041 4937 3306 4994 collect.4
3337 4950 3390 4994 et
3413 4942 3445 4995 5

1854 5014 2059 5069 nomini
2088 5025 2283 5067 sancta:
2314 5013 2599 5066 Anastasiw
2622 5012 2835 5065 additur
2874 5011 3101 5081 uirginis.
3140 5009 3447 5067 Observan-

1854 5086 1980 5139 dum
2011 5095 2275 5154 praaterea
2304 5094 2386 5138 est
2414 5086 2467 5137 in
2496 5084 2747 5138 omnibus
2789 5097 2920 5154 mss.
2967 5090 3215 5149 tractatus
3247 5098 3441 5154 nomen

1856 5156 1980 5210 huic
2010 5150 2099 5209 uni
2132 5157 2366 5210 sermoni
2391 5169 2511 5209 esse
2535 5157 2835 5223 praeﬁxum.
2869 5152 2925 5207 Id
2966 5154 3239 5221 antiquam
3279 5150 3443 5221 origi-

1856 5244 1981 5282 nen.
2026 5227 2225 5297 prodit.
2262 5226 2554 5295 Sermones
2596 5225 2667 5293 al)
2695 5224 2928 5297 antiquis
2958 5227 3252 5293 appellatos
3276 5223 3441 5297 fuisse
3472 5264 3478 5270 .

1854 5294 2129 5365 tractatus,
2164 5313 2227 5351 ex
2257 5294 2511 5365 Zenonis,
2544 5296 2828 5366 Augustini
2852 5296 3191 5365 aliorumque
3225 5294 3435 5363 prisco-

1854 5386 1971 5445 rum
1998 5371 2219 5445 Patrum
2244 5372 2518 5445 cxpmplis
2542 5370 2725 5445 liquet.
2796 5439 2807 5445 _
2847 5439 2857 5445 _
2905 5438 2915 5445 _
3016 5437 3028 5445 _
3169 5435 3226 5445 __
3313 5390 3326 5398 -
3358 5436 3370 5445 .

1933 5440 1947 5478 ί
1983 5442 2074 5495 -Βθ
2104 5441 2251 5495 cmde
2294 5435 2520 5495 Proierii
2570 5438 2917 5494 Alexandrini
2945 5436 3183 5507 episcopi
3213 5435 3329 5507 haec
3356 5436 3440 5489 in-

1848 5498 2144 5582 ielligenda
2187 5527 2307 5567 esse
2337 5514 2537 5581 optime
2568 5506 2622 5565 in
2663 5510 2946 5582 marginali
2980 5498 3439 5582 'postilla__obser-

1854 5578 2000 5638 vavii
2042 5578 2387 5651 Quesnellus.
2422 5585 2535 5638 Etsi
2566 5584 2706 5637 enim
2739 5582 2901 5635 variis
2934 5581 2983 5651 in
3020 5578 3153 5632 locis
3182 5578 3284 5651 alia
3321 5594 3438 5633 sce-

1852 5656 1986 5710 leste
2014 5649 2081 5711 ab
2107 5655 2460 5726 Eutychianis
2480 5664 2631 5725 gesta
2651 5650 3015 5726 fue_rint,_sola
3042 5658 3229 5726 tamen
3247 5649 3435 5726 Protef

1852 5728 1916 5781 rii
1948 5728 2123 5783 caedes
2146 5719 2715 5795 Alexattdrivaatrata
2735 5721 2899 5793 (quod
2925 5720 3188 5791 sciamus)
3209 5719 3434 5777 iudicari

1852 5804 2044 5867 potuit.
