3980 6352
282 261 380 320 ιεθ
1710 250 1854 307 ΡΒᾹ

1983 249 2097 307 ΙῚΟ.
3448 244 3555 303 471)

352 388 372 421 ι
418 367 601 423 Primo
649 366 771 422 loco
820 366 1038 437 ponitur
1091 380 1269 421 sermo
1315 365 1369 419 in
1420 362 1596 418 Natali
1645 362 1701 419 8.
1755 364 2021 419 Vincentii
2073 371 2359 437 martyris,
2418 377 2577 435 quem
2629 360 2697 417 ad
2747 358 3110 431 Lugdunense
3158 356 3557 413 Lectionarium

278 475 376 515 ms.
412 459 466 512 in
498 457 830 513 bibliotheca
858 456 1116 512 Thuanea
1146 466 1509 519 asservatum,
1542 464 1597 510 et
1624 456 1689 510 ad
1715 453 2065 523 Corbciense,
2093 459 2186 527 qui
2213 472 2359 513 nunc
2378 467 2461 512 est
2491 455 2756 511 Asceterii
2801 454 2858 509 S.
2891 451 3144 508 Germani
3171 465 3198 503 a
3231 449 3437 518 Pratis,
3474 464 3560 504 re-

278 554 400 622 legi.
428 552 486 608 S.
522 552 818 621 Augustino
851 551 1099 604 .ribuitur
1128 548 1184 604 in
1213 548 1375 605 Corb.
1410 548 1623 603 Nullius
1652 550 1889 604 auctoris
1915 564 2113 604 nomen
2146 550 2308 604 habet
2337 549 2588 622 Lugdun.
2617 547 2814 604 Leonis
2843 562 2964 602 esse
3003 547 3276 617 plerasque
3323 545 3555 616 Operum

276 649 390 718 ejus
420 645 689 701 editiones
713 652 995 698 testantur.
1019 642 1123 699 Sed
1150 657 1251 697 nec
1272 643 1441 697 Leoni
1475 658 1573 696 nec
1600 644 1901 713 Augustino
1930 656 2049 697 esse
2083 641 2421 699 tribuendum
2450 645 2529 698 vel
2559 644 2673 712 ipse
2704 640 2873 712 stylus
2895 640 3250 694 demonsuat.
3277 636 3437 694 Certe
3458 654 3559 694 nec
3626 700 3627 703 η

276 740 561 799 Alricanus
583 755 684 794 nec
704 738 873 794 Italus
905 738 1003 792 luit
1028 746 1233 804 auctor,
1267 738 1355 807 qui
1391 738 1566 807 potius
1608 737 1903 806 Hispanum
1933 750 1993 792 se
2021 737 2219 806 prodit,
2245 743 2360 791 tum
2393 737 2445 790 in
2484 736 2601 805 ipso
2631 734 2899 790 sermonis
2929 734 3084 789 initio
3110 775 3123 799 ,
3160 742 3269 787 tum
3317 734 3558 789 maxime

277 834 358 891 his
383 834 569 889 verbis
597 832 791 901 capitis
823 832 849 886 1
884 854 897 888 :
926 830 1081 885 Hunc
1111 847 1229 902 ergo
1258 832 1482 903 amplius
1522 833 1733 903 propria
1760 840 2083 899 venerentur,
2102 846 2252 902 quem
2284 832 2435 884 etiam
2465 829 2731 901 peregrina
2761 829 3052 889 mirantur;
3079 844 3139 882 ex
3173 827 3363 895 quibus
3388 829 3559 883 mani-

276 928 471 983 festum
504 934 591 982 est
618 926 727 981 illic
755 924 1027 981 laudatum
1060 924 1226 978 fuisse
1253 923 1359 978 hoc
1383 939 1634 978 sermone
1660 922 1995 980 Vincentium
2030 934 2345 995 martyrem,
2376 920 2467 976 ubi
2497 936 2721 991 agonem
2776 921 3051 991 sanguinis
3095 919 3358 975 effusione
3404 936 3555 976 corn-

282 1017 542 1084 pleverat.
576 1016 799 1072 Accedit
852 1016 973 1069 huic
1021 1024 1339 1083 argumento
1384 1015 1611 1068 alterum
1672 1029 1737 1069 ex
1788 1014 2150 1069 Ecclesiarum
2200 1014 2565 1082 Romanasque
2602 1014 2657 1068 in
2703 1012 2889 1083 primis
2948 1012 3341 1069 consuetudine
3373 1058 3387 1083 ,
3439 1028 3560 1083 quas

285 1114 630 1182 propriorum
675 1113 911 1183 regionis
954 1128 1064 1166 suae
1095 1122 1389 1181 martyrum
1423 1113 1733 1166 memoriam
1775 1127 1951 1167 annua
1990 1112 2337 1173 solemnitate
2391 1111 2642 1167 venerari
2690 1116 2958 1165 contentae
2985 1150 3000 1175 ,
3056 1117 3344 1162 extraneos
3393 1106 3557 1162 simili

277 1204 567 1260 festivitate
607 1221 636 1258 a
668 1204 780 1260 suis
810 1204 1155 1259 honorandos
1180 1203 1583 1273 relinquebant.
1633 1207 1699 1261 Et
1739 1220 1932 1261 revera
1958 1205 2006 1260 si
2037 1205 2396 1269 Machabasos,
2426 1205 2518 1275 qui
2555 1212 2707 1258 extra
2758 1200 3005 1257 ordinem
3062 1209 3224 1266 sunt,
3277 1202 3514 1272 excipias
3538 1243 3551 1267 ,

277 1296 479 1349 nullum
512 1296 755 1351 laudavit
780 1298 1042 1351 concione
1072 1296 1286 1365 publica
1315 1295 1425 1350 Leo
1457 1305 1662 1363 noster,
1695 1299 1795 1352 nisi
1826 1312 1985 1368 quem
2017 1301 2136 1353 sinu
2166 1314 2264 1353 suo
2286 1298 2494 1353 foverat
2526 1296 2767 1352 Romana
2801 1293 3046 1350 Ecclesia
3078 1308 3092 1358 ;
3123 1293 3215 1348 sed
3250 1309 3346 1348 nec
3379 1296 3553 1365 ipsum

275 1394 730 1459 protomart'yrem
763 1389 1120 1460 Stephanum,
1158 1401 1233 1448 tot
1262 1392 1389 1448 licet
1419 1392 1724 1446 nominibus
1750 1393 2021 1447 universae
2052 1390 2254 1446 Christi
2283 1389 2541 1447 Ecclesiae
2572 1387 2957 1444 venerandum.
2992 1387 3146 1442 Alius
3179 1387 3338 1457 igitur
3366 1397 3557 1443 auctor

276 1484 561 1539 sermonis.
600 1485 660 1539 S.
684 1485 990 1540 Leandrum
1016 1487 1388 1557 Hispalensem
1419 1488 1730 1557 episcopum
1753 1503 1857 1540 non
1881 1487 2001 1542 sine
2030 1486 2299 1556 probabili
2340 1486 2548 1541 ratione
2582 1482 2899 1553 conjeceris.
2933 1480 3127 1535 Primae
3158 1482 3435 1551 utriusque
3461 1497 3556 1536 no-

277 1577 432 1631 minis
462 1578 691 1647 syllaba:
718 1579 1012 1635 similitudo
1042 1580 1278 1635 Leonem
1325 1596 1422 1649 pro
1453 1580 1702 1635 Leandro
1730 1580 2066 1649 supponendi
2099 1580 2443 1635 occasionem
2474 1576 2710 1633 fortasse
2747 1575 2999 1646 praebuit,
3031 1574 3158 1629 dum
3190 1574 3301 1630 sola
3350 1575 3403 1629 in
3449 1589 3551 1629 ms.

272 1668 455 1725 codice
482 1669 780 1734 remansit,
813 1672 1023 1726 caeteris
1053 1673 1293 1739 apicibus
1324 1681 1589 1729 vetustate
1619 1673 1814 1728 exesis.

346 1779 366 1811 ‹
411 1760 547 1815 Huic
576 1762 815 1815 sermoni
846 1763 981 1816 alios
1011 1762 1146 1816 duos
1177 1763 1524 1833 subjecimus,
1559 1769 1785 1818 alterum
1819 1761 1887 1817 de
1913 1760 2201 1817 Nativitate
2241 1759 2479 1829 Domini,
2512 1759 2742 1814 alterum
2769 1757 2838 1813 de
2866 1756 3196 1813 Ascensione
3216 1798 3231 1825 ,
3258 1764 3547 1827 utrumque

271 1868 337 1909 ex
361 1855 553 1913 codice
589 1857 906 1912 Corbeiensi
936 1858 1279 1913 bibliotheca:
1309 1858 1370 1912 S.
1401 1856 1657 1912 Germani
1684 1871 1713 1909 a
1747 1856 1945 1911 Pratis.
1977 1854 2177 1910 Leonis
2207 1868 2405 1909 nomen
2438 1852 2491 1906 in
2519 1850 2701 1907 fronte
2726 1848 2961 1916 habent;
2989 1848 3186 1905 Leonis
3212 1859 3391 1905 tamen
3433 1862 3555 1904 esse

272 1950 601 2017 persuadere
633 1950 765 2004 mihi
796 1968 898 2004 non
929 1952 1095 2019 potui.
1124 1952 1181 2007 S.
1213 1951 1479 2021 Fulgentii
1511 1951 1707 2021 stylum
1741 1950 1912 2019 magis
1938 1948 2069 2003 mihi
2101 1947 2319 2017 sapiunt
2342 1961 2502 2017 quam
2531 1942 2769 2010 Leonis;
2806 1957 2966 2013 quem
3001 1942 3052 1995 in
3096 1942 3255 2010 primi
3283 1942 3553 1996 sermonis

270 2042 491 2097 exordio
522 2044 766 2099 imitatus
796 2053 878 2100 est
902 2055 1091 2100 auctor
1116 2062 1130 2109 ;
1178 2047 1232 2101 in
1260 2048 1435 2115 primo
1462 2047 1606 2100 enim
1632 2046 1698 2101 de
1727 2044 2017 2100 Nativitate
2045 2059 2298 2100 sermone
2327 2042 2525 2098 similia
2559 2040 2809 2111 leguntur
2834 2037 2972 2110 apud
3002 2037 3261 2094 Leonem.

351 2152 372 2186 ο
423 2135 666 2203 Denique
712 2152 810 2192 nec
855 2137 924 2192 ab
968 2137 1203 2193 editione
1253 2148 1436 2194 nostra
1487 2140 1775 2210 rejecimus
1816 2138 2087 2208 geminum
2122 2146 2404 2193 centonem
2449 2152 2515 2191 ex
2553 2135 2753 2190 Leonis
2788 2134 2959 2189 nostri
2999 2132 3215 2202 scriptis
3243 2141 3551 2188 conantum.

271 2228 479 2284 Primus
502 2240 588 2285 est
613 2245 791 2285 sermo
822 2233 911 2301 qui
944 2233 1209 2287 secundus
1232 2242 1385 2287 antea
1409 2246 1525 2288 erat
1552 2233 1606 2291 in
1624 2233 1797 2287 Natali
1821 2232 2183 2302 apostolorum
2205 2231 2351 2287 Petri
2378 2238 2433 2286 et
2453 2229 2627 2296 Pauli,
2652 2229 2721 2285 de
2741 2243 2847 2299 quo
2872 2227 2995 2283 vide
3024 2226 3286 2282 monitum
3312 2225 3553 2292 sermoni

270 2326 442 2397 primo
472 2327 527 2379 in
560 2325 751 2379 eodem
786 2325 921 2380 lesto
951 2326 1274 2396 subjectum.
1307 2327 1461 2382 Alter
1492 2336 1578 2382 est
1608 2336 1851 2381 tractatus
1882 2324 1943 2381 S.
1977 2324 2164 2379 Leonis
2196 2324 2341 2395 PP.,
2373 2332 2434 2380 ut
2471 2323 2574 2379 fert
2603 2324 2812 2391 titulus,
2867 2324 3109 2378 adversus
3162 2338 3358 2379 errores
3387 2321 3554 2378 Euth-

271 2418 426 2471 cltetis
448 2427 495 2472 et
523 2418 745 2472 aliorum
774 2417 1163 2486 haereticorum;
1191 2436 1347 2488 quem
1380 2436 1446 2475 ex
1475 2430 1687 2476 vetuSto
1719 2420 1903 2474 codice
1933 2433 2033 2472 ms.
2066 2418 2411 2473 bibliotheca:
2432 2418 2701 2473 Vaticana:
2728 2415 3060 2485 descriptum
3097 2418 3247 2471 aiunt
3273 2418 3361 2487 qui
3396 2417 3553 2486 primi

269 2508 483 2566 illumS.
516 2511 714 2566 Leonis
734 2512 998 2582 Operihus
1025 2512 1325 2570 inseruere.
1351 2514 1429 2569 Ex
1457 2530 1562 2585 quo
1590 2515 1815 2585 quisque
1845 2528 2053 2584 pannus
2083 2515 2202 2567 loco
2229 2522 2537 2582 assumptus
2565 2514 2657 2581 sit,
2686 2511 2843 2567 facile
2872 2511 3042 2566 lector
3069 2519 3361 2582 cognoscet
3388 2527 3452 2567 ex
3486 2513 3552 2567 iis

270 2618 388 2674 quae
417 2605 481 2659 ad
516 2606 815 2676 marginem
855 2607 1253 2662 annotavitnus.
1294 2626 1313 2661 ι

340 2698 396 2751 5.
431 2698 703 2754 Hactenus
741 2700 1060 2765 Quesnellus
1090 2716 1105 2753 :
1140 2701 1230 2770 qui
1259 2701 1459 2768 Optime
1490 2701 1705 2771 quidem
1747 2700 1814 2755 de
1846 2701 2015 2756 tribus
2044 2700 2232 2770 primis
2262 2698 2634 2764 sermonibus,
2665 2697 2733 2754 de
2773 2699 2962 2768 quinto
2988 2699 3150 2754 etiam
3184 2714 3289 2752 non
3330 2700 3550 2753 omnino

281 2791 438 2847 male.
473 2792 544 2847 At
574 2793 641 2847 de
671 2808 922 2847 sermone
950 2794 1003 2845 in
1033 2792 1216 2848 Natali
1240 2794 1297 2848 S.
1327 2792 1473 2847 Petri
1502 2796 1744 2864 apostoli,
1778 2795 1866 2864 qtti
1898 2795 2085 2865 incipit
2111 2792 2441 2849 Exsultemus
2467 2794 2520 2846 in
2550 2791 2793 2858 Domino,
2814 2792 3067 2847 assentiri
3096 2807 3201 2845 non
3232 2807 3548 2861 possumus:

276 2884 416 2939 hunc
445 2884 587 2937 enim
622 2883 911 2952 genuinum
941 2883 1138 2939 Leonis
1172 2884 1336 2939 letum
1364 2900 1485 2940 esse
1515 2886 1857 2956 probavimus
1886 2886 1940 2941 in
1966 2886 2333 2941 admonitione
2363 2885 2641 2954 praemissa
2667 2884 2907 2939 sermoni
2940 2885 3031 2951 83,
3074 2884 3163 2939 ubi
3209 2899 3330 2939 eum
3380 2885 3551 2939 collo-

276 2975 529 3028 cavimus.
573 2974 761 3030 Putius
800 2977 940 3030 inter
984 2977 1291 3048 apocrypha
1328 2980 1529 3033 rel'erre
1557 2980 1785 3033 debebat
1813 2994 2118 3034 sermonem
2164 2980 2218 3032 in
2262 2976 2518 3033 Cathedra
2548 2974 2610 3031 S.
2644 2974 2807 3040 Petri,
2842 2991 3001 3046 quem
3034 2976 3124 3031 ille
3154 2977 3227 3030 uti
3276 2976 3547 3032 sincerum

280 3067 419 3124 dedit
441 3083 606 3123 serm.
640 3069 729 3136 96,
762 3086 861 3123 nos
892 3078 1070 3125 autem
1105 3073 1267 3126 veluti
1295 3079 1447 3126 certo
1471 3073 1870 3139 supposititium
1897 3073 1949 3127 in
1981 3074 2081 3127 hac
2111 3073 2412 3143 appendice
2441 3070 2764 3127 recudemus
2796 3085 2964 3129 serm.
2999 3069 3086 3134 M.
3119 3070 3186 3125 de
3213 3086 3317 3140 quo
3349 3072 3546 3127 ibidem

283 3161 443 3232 plura.
476 3162 657 3217 Alium
684 3180 896 3236 quoque
924 3181 1229 3221 sermonem
1262 3165 1325 3218 de
1355 3164 1700 3232 Machabwis,
1731 3167 1818 3235 qui
1850 3167 1904 3221 in
1936 3167 2186 3222 omnibus
2215 3166 2544 3222 editionibus
2574 3165 2771 3222 Leonis
2799 3166 2931 3220 citra
2962 3165 3351 3220 dubitationem
3384 3165 3548 3221 habe-

282 3266 379 3321 tur,
406 3259 729 3328 Augustino,
759 3276 864 3314 non
899 3270 1078 3315 autem
1114 3258 1281 3313 Leoni
1314 3259 1729 3328 adjudicandum
1766 3259 1981 3316 invictis
2011 3260 2343 3331 argumentis
2385 3258 2724 3331 detegemus.
2770 3258 2898 3314 Haec
2942 3257 3120 3329 quoad
3164 3272 3446 3313 sermones
3489 3257 3542 3311 in

282 3347 464 3403 Leonis
501 3349 830 3407 editionibus
860 3350 1121 3406 hactenus
1151 3351 1419 3421 vulgatos.

342 3441 392 3495 4.
422 3441 611 3497 Plures
638 3458 767 3499 vero
798 3444 935 3499 alios
964 3460 1243 3501 sermones
1277 3456 1463 3502 nostro
1496 3447 1716 3501 Auctori
1749 3446 1958 3503 alﬁctos
1986 3447 2040 3502 in
2075 3462 2206 3503 mss.
2241 3445 2598 3502 Lectionariis
2648 3452 2705 3501 et
2751 3444 3166 3501 collectionibus
3218 3442 3541 3499 deteximus.

279 3528 403 3585 Tres
424 3546 491 3585 ex
519 3529 602 3587 his
638 3532 691 3586 in
717 3537 959 3587 veterum
987 3531 1090 3589 PP.
1128 3535 1441 3590 Latinorum
1474 3538 1747 3605 opusculis
1777 3546 1908 3592 tom.
1939 3536 2004 3603 il,
2039 3546 2178 3605 part.
2225 3552 2264 3606 t,
2309 3539 2601 3593 novissime
2630 3534 2799 3591 edidit
2828 3536 2894 3591 V.
2922 3536 2984 3590 C.
3022 3535 3065 3591 P
3117 3535 3284 3591 abbas
3306 3534 3544 3590 Joannes

282 3624 681 3695 Chrysostomus
705 3624 1085 3693 Tromhellius,
1114 3644 1179 3683 ex
1206 3628 1400 3699 quibus
1423 3629 1558 3684 duos
1584 3631 1911 3698 subdititios,
1947 3646 2112 3685 unum
2140 3631 2433 3701 genuinum
2475 3638 2648 3701 putat.
2683 3629 2914 3685 Eosdem
2942 3642 3041 3685 nos
3067 3643 3278 3698 quoque
3323 3643 3544 3697 repere-

286 3731 465 3783 ramus,
507 3727 561 3773 et
590 3718 724 3772 alios
753 3719 962 3787 plures,
993 3720 1060 3774 de
1093 3720 1290 3789 quibus
1317 3737 1441 3775 mox
1458 3723 1734 3789 dicemus;
1764 3722 1857 3776 sed
1898 3739 1966 3778 ne
2005 3738 2171 3777 unum
2203 3722 2419 3792 quidem
2461 3738 2590 3778 vere
2619 3722 2918 3777 Leoninum
2948 3720 3293 3777 arbitramur.
3336 3720 3452 3788 Qua
3487 3722 3541 3776 in

286 3823 339 3863 re
364 3819 414 3862 ut
442 3809 655 3863 interim
682 3811 993 3864 omittamus
1019 3810 1212 3865 indicia
1241 3811 1486 3880 quaedam
1518 3814 1806 3881 peculiaria
1834 3813 1947 3867 suis
1985 3813 2119 3867 locis
2146 3811 2402 3879 notanda,
2433 3827 2553 3883 quae
2581 3811 2874 3867 nonnullos
2915 3825 2983 3866 ex
3031 3810 3373 3865 sermonibus
3414 3824 3539 3864 mox

288 3903 608 3959 recensendis
632 3919 661 3957 a
693 3903 873 3959 Leone
899 3904 1231 3975 abjudicaut,
1256 3906 1484 3976 aliisque
1512 3921 1654 3961 nunc
1685 3908 1852 3963 certis
1879 3922 2021 3962 nunc
2045 3907 2272 3962 incertis
2298 3906 2613 3961 auctoribus
2651 3904 2966 3962 tribuendos
2996 3904 3247 3959 evincunt
3273 3919 3288 3967 ;
3334 3904 3400 3958 ad
3427 3904 3538 3959 dis-

289 3998 583 4067 tinguendos
612 4009 859 4065 caeteros,
885 4000 977 4069 qui
1009 3999 1209 4054 nullam
1238 4000 1562 4069 peculiarem
1596 4001 1858 4070 ejusmodi
1886 4012 2068 4057 notam
2100 4000 2414 4071 przelerunt,
2439 4000 2492 4055 hi
2514 3999 2620 4055 duo
2646 4001 2986 4054 characteres
3006 3996 3296 4053 sufficient.
3323 3996 3537 4055 Primus

290 4102 445 4162 aperta
484 4093 609 4164 styli
646 4106 709 4147 ac
736 4093 977 4164 syntaxis
1002 4092 1410 4161 dissimilitudo,
1439 4110 1558 4164 quae
1585 4096 1880 4151 Leoninum
1911 4095 2186 4150 scribendi
2215 4097 2478 4150 rationem
2509 4094 2832 4149 callentibus
2859 4095 2913 4148 in
2935 4093 3122 4148 oculos
3149 4094 3329 4147 statim
3358 4093 3536 4149 incur-

291 4194 372 4239 ret.
415 4184 696 4240 Secundus
734 4184 979 4239 formula:
1022 4184 1075 4239 in
1118 4185 1452 4255 appellandis
1492 4188 1826 4243 auditoribus
1867 4197 2136 4257 usurpatae
2183 4191 2389 4258 fratres,
2427 4195 2523 4241 aut
2571 4187 2670 4257 filii
2709 4187 3039 4256 eharissimi,
3078 4194 3136 4242 et
3167 4186 3251 4240 his
3293 4187 3530 4255 similes,

291 4289 387 4342 quae
412 4290 438 4329 a
466 4275 648 4330 Leone
678 4275 1025 4331 alienissimae
1055 4286 1180 4331 sunt
1209 4293 1224 4330 :
1259 4277 1345 4332 hic
1374 4278 1518 4332 enim
1544 4279 1659 4333 solo
1690 4277 1975 4349 adjective,
2006 4278 2347 4345 dilectissimi,
2372 4286 2685 4333 constanter
2704 4278 2893 4345 utitur,
2932 4287 2990 4334 ut
3029 4294 3221 4335 omnes
3249 4295 3534 4338 sermones

296 4365 391 4434 ejus
412 4369 777 4424 evolventibus
809 4370 982 4439 palam
1006 4369 1117 4424 ﬁet.
1144 4368 1482 4427 Alterutrum
1525 4374 1656 4427 satis
1681 4383 1803 4429 est:
1833 4374 2001 4429 multo
2031 4372 2199 4443 magis
2228 4374 2274 4429 si
2308 4382 2598 4445 utrumque
2623 4374 2678 4429 in
2708 4372 3050 4431 sermonibus
3070 4372 3292 4444 jamjam
3325 4390 3532 4430 memo-

288 4459 443 4513 randis
483 4460 749 4514 invenias.

340 4553 388 4608 5.
417 4552 524 4609 Hac
552 4555 607 4608 in
634 4551 934 4623 appendice
964 4553 1000 4609 ii
1031 4568 1311 4610 sermones
1343 4556 1623 4611 omittendi
1654 4572 1760 4612 non
1789 4557 2006 4613 fuerunt
2046 4558 2137 4629 qui
2182 4559 2236 4614 in
2277 4558 2554 4627 Quesnelli
2598 4559 2840 4615 editione
2870 4559 3141 4630 prodiere.
3173 4560 3273 4626 Qui
3304 4575 3433 4616 vero
3475 4561 3530 4617 in

285 4642 363 4698 hac
409 4645 641 4700 editione
689 4643 926 4699 nondum
973 4643 1189 4699 luerunt
1223 4646 1409 4701 inserti
1452 4648 1506 4701 in
1549 4647 1685 4701 duas
1718 4649 1923 4704 classes
1963 4648 2327 4720 distinguendi
2363 4661 2507 4706 sunt.
2549 4650 2654 4707 Alii
2690 4653 2831 4707 enim
2871 4653 3015 4708 inter
3049 4654 3277 4707 aliorum
3306 4653 3525 4708 Patrum

284 4734 426 4803 Opera
457 4736 730 4806 prodiere,
765 4736 853 4789 alii
879 4751 1010 4791 vero
1057 4752 1275 4806 prorsus
1326 4738 1511 4792 inediti
1562 4749 1707 4795 sunt.
1740 4741 1928 4809 Quoad
1970 4743 2093 4798 illos
2128 4744 2217 4811 qui
2250 4744 2301 4797 in
2340 4745 2462 4799 aliis
2492 4744 2741 4801 Patribus
2781 4746 2983 4817 vulgati
3019 4748 3364 4803 inveniuntur
3400 4751 3529 4819 (uno

280 4836 419 4882 term.
448 4828 500 4893 8,
530 4829 601 4881 ob
628 4826 957 4897 peculiarem
988 4829 1254 4883 rationem
1280 4829 1333 4883 in
1362 4828 1728 4887 admonitione
1756 4833 2119 4903 indicandam,
2143 4831 2416 4904 excepto),
2444 4835 2582 4890 satis
2600 4837 2704 4891 erit
2724 4851 2912 4893 eorum
2936 4839 3242 4910 catalogum
3274 4840 3359 4895 hic
3388 4844 3527 4895 inse-

278 4933 399 4990 rere,
431 4932 483 4977 et
511 4921 778 4976 editiones
819 4921 873 4975 in
902 4920 1097 4991 quibus
1124 4930 1368 4991 prostant
1395 4924 1655 4980 indicare.
1685 4924 1822 4980 Sunt
1858 4935 2038 4981 autem
2068 4942 2347 4983 sermones
2373 4936 2694 4998 sequentes:

488 5020 505 5040 ⁸
1692 5035 1759 5073 DE
1798 5034 2071 5075 ADVENTU.

234 5100 237 5101 ⁷
334 5106 371 5162 Ι.
400 5107 645 5164 Sanctam
664 5114 713 5161 et
740 5106 1148 5173 desiderabilem,
1182 5106 1463 5178 gloriosam
1486 5127 1546 5163 ac
1574 5112 1892 5183 singularem
1920 5114 2313 5177 solemnitatem,
2345 5122 2477 5179 etc.,
2507 5113 2583 5167 uti
2612 5128 2777 5169 serm.
2814 5116 2916 5172 116
2944 5117 3175 5189 append.
3202 5117 3518 5171 Sermonum

273 5199 320 5255 S.
344 5200 615 5270 Augustini
653 5207 787 5256 tom.
816 5199 855 5252 V
884 5200 1193 5255 novissimae
1224 5201 1497 5257 editionis.
1531 5203 1702 5257 Leoni
1748 5213 1925 5259 autem
1969 5205 2281 5260 inscribitur
2320 5206 2372 5260 in
2423 5220 2554 5260 mss.
2601 5206 2659 5261 S.
2702 5207 2847 5261 Petri
2873 5208 2995 5273 106,
3041 5202 3244 5263 Veneto
3270 5210 3325 5265 S.
3359 5210 3518 5264 Marci

271 5289 379 5358 l55,
424 5290 744 5347 Tridentino
786 5304 852 5346 ac
888 5290 1098 5346 duobus
1151 5291 1575 5349 Veronensibus.
1631 5294 1737 5350 Sed
1781 5296 1841 5350 S.
1873 5296 2166 5351 Caesarium
2208 5297 2409 5354 habere
2444 5309 2724 5355 auctorem
2780 5301 2883 5355 PP.
2941 5302 3163 5357 Maurini
3207 5302 3259 5357 in
3304 5302 3516 5359 laudata

270 5385 544 5455 appendice
570 5382 948 5439 observarunt.

1658 5474 1726 5516 DE
1754 5474 2100 5516 NA'I'IVI'I'A'I'I.

325 5549 382 5604 Il.
421 5552 693 5619 Cupientes
718 5551 917 5619 aliquid
941 5552 1005 5607 de
1032 5551 1190 5621 huius
1219 5555 1323 5609 diei
1342 5552 1679 5621 solemnitate,
1707 5566 1811 5611 etc.
1838 5558 1998 5613 Certo
2025 5556 2223 5611 Leonis
2256 5558 2493 5614 sermoni
2523 5559 2807 5630 subjicitur
2851 5561 2904 5614 in
2932 5574 3030 5614 ms.
3057 5560 3402 5615 Vallicellano
3424 5562 3513 5628 26,

264 5660 370 5699 cum
410 5645 704 5714 epigrapbe
760 5643 908 5700 Unde
954 5663 1133 5718 supra,
1164 5664 1282 5717 quae
1338 5650 1496 5712 huius
1550 5660 1602 5702 et
1654 5652 1942 5706 amarioris
1988 5654 2252 5706 sermonis
2295 5654 2544 5708 eumdem
2582 5663 2856 5707 auctorem
2906 5668 3025 5707 esse
3070 5654 3118 5705 in
3162 5652 3514 5711 Lectionariis

266 5738 533 5802 signiﬁcat.
571 5740 662 5793 Est
692 5754 872 5795 sermo
903 5740 957 5793 S.
990 5740 1256 5809 Fulgentii
1290 5760 1338 5809 p.
1372 5745 1476 5797 52:3
1521 5746 1768 5801 editionis
1798 5747 2113 5802 Parisicusis
2149 5749 2305 5803 16⁸11.
