3980 6352
402 1224 411 1261 ι

453 342 555 399 ,η
1039 318 1385 378 APPENDIX
1421 317 1514 373 At)
1555 312 1818 372 PRIMAM
1856 307 2143 369 murem
2182 304 2465 363 orsnuu
2502 305 2561 361 s.
2604 299 2845 358 morus
2884 296 3118 355 suam.
3633 294 3743 350 47s

525 438 615 495 III.
668 434 922 491 Dominus
968 442 1018 488 et
1061 431 1306 490 Salvator
1353 436 1547 494 noster,
1594 434 1700 482 etc.
1749 423 1947 479 Leonis
1976 421 2197 476 nomine
2230 426 2565 489 praenotatur
2592 417 2646 471 in
2676 430 2780 471 ms.
2834 414 3096 471 Patavino
3143 408 3578 466 Eremitanorum
3610 407 3739 464 II2.

456 531 680 600 Legitur
710 537 891 585 autem
925 530 978 584 in
1006 539 1128 594 app.
1158 519 1445 591 Augustini
1472 533 1636 574 serm.
1668 515 1793 581 141,
1818 525 1872 571 et
1894 515 1953 571 S.
1985 512 2223 570 Caesario
2251 512 2523 566 tribuitur.

524 595 611 679 IV.
639 621 953 685 Justissime,
986 620 1191 689 fratres,
1216 613 1503 684 festivitatis
1530 612 1795 681 prasentis
1826 610 1953 676 diei,
1987 618 2091 663 etc.
2128 607 2463 661 Recensetur
2494 606 2633 659 inter
2664 603 2862 659 Leonis
2918 602 3212 659 Sermones
3240 598 3296 653 in
3328 613 3432 653 ms.
3457 595 3746 654 Casinensi

451 716 665 771 collect.
695 718 747 781 I,
781 714 874 769 sed
905 721 989 767 est
1016 710 1073 765 S.
1106 708 1322 764 Maximi
1356 705 1729 773 Taurinensis,
1756 715 1812 760 et
1840 712 2053 776 prostat
2085 704 2227 757 inter
2259 700 2502 771 ejusdem
2533 699 2709 770 Opera
2733 698 2881 753 hom.
2912 699 2947 752 2
2978 698 3045 752 de
3073 695 3383 751 Nativitate.

523 807 587 861 V.
626 806 962 859 Nativitatem
1017 800 1228 856 Domini
1273 801 1435 855 nostri
1483 800 1611 857 Jesu
1659 798 1851 855 Christi
1875 796 2162 852 secundum
2212 811 2449 861 carnem,
2500 804 2632 862 etc.,
2684 792 2855 849 Leoni
2912 806 3194 863 perperam
3237 789 3503 858 ascriptus
3553 788 3609 843 in
3636 800 3747 843 ms.

449 896 722 953 Vallicell.
750 896 841 952 26.
874 894 1096 965 Legitur
1128 897 1183 949 in
1206 894 1441 965 append.
1466 892 1758 965 Augustini
1786 910 1954 949 serm.
1994 892 2123 948 I25.

523 990 612 1045 VI.
674 988 933 1044 Natiuilas
955 987 1163 1044 Domini
1194 988 1356 1043 nostri
1376 988 1503 1042 Jesu
1529 985 1722 1041 Christi
1750 995 1916 1041 totum
1944 984 2219 1051 mundum,
2245 991 2352 1040 etc.
2406 984 2465 1039 In
2509 982 2705 1039 eodem
2745 980 3012 1038 Vallicell.
3051 980 3123 1037 26
3145 980 3345 1037 Leonis
3365 992 3566 1036 nomen
3596 976 3738 1034 falso

454 1084 693 1155 praefert.
720 1082 914 1140 Editus
940 1092 1023 1140 est
1051 1083 1105 1139 in
1136 1098 1263 1155 app.
1292 1081 1577 1153 Augustini
1610 1096 1771 1138 serm.
1813 1080 1937 1136 I25.

872 1190 875 1191 ⁷
1068 1192 1076 1197 ’
1889 1190 1959 1229 ΒΕ
1999 1188 2284 1229 IPIPHANIA
2296 1212 2309 1228 ι

522 1270 631 1327 VII.
673 1270 739 1326 In
786 1271 905 1339 hac,
936 1271 1272 1337 dilectissimi,
1318 1270 1627 1325 celebritate.
1666 1268 1765 1324 Est
1802 1266 1954 1321 hom.
1990 1266 2017 1320 1
2051 1266 2109 1320 8.
2160 1264 2383 1320 Maximi
2430 1263 2501 1320 de
2544 1261 2881 1335 Epiphania;
2934 1275 3221 1333 perperam
3264 1268 3449 1319 autem
3490 1260 3751 1318 tribuitur

453 1364 511 1422 S.
544 1364 713 1420 Leoni
746 1366 800 1421 in
824 1380 928 1420 ms.
967 1365 1089 1420 Vat.
1122 1364 1283 1419 I267.

523 1457 659 1512 VIII.
718 1458 959 1525 Plerique
1000 1459 1055 1510 in
1104 1456 1201 1510 hac
1242 1465 1421 1510 sancta
1462 1454 1786 1523 Epiphania,
1842 1463 1948 1507 etc.
1996 1450 2057 1509 S.
2114 1451 2284 1506 Leoni
2322 1450 2612 1507 ascribitur
2664 1451 2720 1507 in
2759 1465 2866 1507 ms.
2898 1449 3109 1507 Veneto
3148 1450 3275 1507 155.
3306 1450 3497 1506 Exstat
3526 1454 3664 1505 tom.
3704 1446 3755 1505 II

454 1550 727 1608 Ambrosii
753 1550 1059 1605 novissima:
1089 1548 1361 1615 editionis,
1394 1548 1449 1601 in
1475 1546 1773 1617 appendice
1798 1560 1961 1601 serm.
1999 1544 2063 1599 10
2096 1543 2163 1599 tle
2190 1544 2492 1614 Epiphania
2520 1543 2576 1599 5.

1845 1673 1913 1713 ως
1943 1672 2375 1723 ρυλωιλςεειιι.

524 1752 618 1808 ΙΧ.
652 1750 930 1823 Conﬂictus
960 1750 1055 1807 iste
1084 1750 1358 1817 mirabilis,
1393 1758 1522 1819 etc.,
1566 1748 1708 1805 falso
1733 1749 1792 1806 8.
1820 1748 1990 1805 Leoni
2034 1750 2329 1821 inscriptus
2365 1749 2421 1805 in
2452 1762 2588 1807 mss.
2616 1747 2889 1805 Vallicell.
2936 1749 2997 1817 u‘,
3029 1755 3085 1805 et
3128 1748 3391 1805 Patavino
3433 1748 3493 1806 S.
3526 1747 3755 1807 Antonii

457 1846 587 1915 408,
618 1862 740 1902 cum
772 1846 841 1901 sit
869 1846 1019 1899 hom.
1048 1844 1083 1898 2
1110 1845 1177 1900 de
1207 1844 1503 1914 Quadrag.,
1534 1844 1707 1899 sancti
1734 1844 1972 1898 Maximi.

526 1940 596 1995 X.
641 1939 788 2013 Rogo
828 1955 914 1993 vos
960 1947 1009 1992 et
1050 1938 1321 2003 admoneo,
1352 1938 1541 2007 fratres
1573 1936 1885 2002 charissimi,
1919 1946 2052 2005 etc.,
2086 1936 2285 1992 Leonis
2329 1934 2549 1991 nomine
2592 1936 2645 1991 in
2684 1934 2806 1992 cod.
2856 1935 3209 2007 Bergomensi
3247 1936 3309 1993 S.
3350 1936 3641 1993 Alexandri
3686 1935 3745 1991 in

457 2035 740 2092 Columna.
775 2034 871 2089 Est
899 2031 1149 2100 Caesarii,
1184 2041 1241 2088 et
1269 2033 1464 2102 legitur
1510 2032 1563 2087 in
1594 2046 1718 2102 app.
1748 2032 2033 2102 Augustini
2066 2032 2245 2088 Serm.
2270 2028 2396 2085 142.

530 2132 621 2186 XI.
653 2132 851 2199 Jejunii
878 2139 1128 2197 tempora,
1154 2129 1435 2183 secundum
1465 2128 1790 2196 Scripturas,
1817 2136 1950 2193 etc.,
1973 2128 2117 2182 inter
2149 2128 2444 2182 Sermones
2468 2126 2527 2181 S.
2548 2125 2746 2181 Leonis
2773 2134 3088 2182 recensetur
3111 2127 3163 2180 in
3184 2140 3315 2181 mss.
3341 2126 3761 2182 collectionibus

458 2225 485 2278 I
514 2223 643 2287 et2,
671 2231 724 2276 at
756 2222 807 2274 in
835 2220 1187 2275 Lectionariis
1218 2220 1453 2276 basilicae
1484 2219 1543 2274 S.
1569 2218 1713 2275 Petri
1749 2218 1851 2274 I05
1878 2229 1933 2274 et
1976 2218 2100 2288 I07,
2146 2220 2264 2274 sine
2304 2219 2414 2273 ullo
2442 2218 2679 2273 auctoris
2704 2219 2941 2274 nomine.
2992 2218 3294 2289 Excerptus
3332 2219 3434 2275 fuit
3482 2235 3549 2275 ex
3597 2220 3751 2277 libro

456 2317 636 2388 primo
663 2316 730 2370 de
753 2315 1140 2371 ecclesiasticis
1169 2314 1367 2370 ofﬁciis
1397 2314 1454 2371 S.
1484 2312 1673 2370 Isidori
1704 2312 2028 2383 llispalensis

1173 2314 1367 2370 ofﬁciis
1397 2314 1454 2371 S.
1484 2312 1673 2370 Isidori
1704 2312 2039 2383 IIispalensis
2085 2328 2203 2385 cap.
2233 2316 2324 2379 57,
2358 2316 2451 2378 58,
2485 2314 2559 2371 59
2581 2323 2635 2370 et
2656 2315 2745 2372 40.

530 2407 642 2464 XII.
692 2408 808 2463 Hos
846 2408 1501 2480 sanctwﬂuadragesimte
1537 2406 1673 2473 dies,
1713 2415 1848 2473 etc.,
1878 2407 1931 2461 in
1976 2422 2101 2478 app.
2133 2408 2420 2477 Augustini
2470 2423 2638 2463 serm.
2664 2406 2787 2477 145,
2836 2408 3037 2466 Leonis
3070 2410 3291 2467 nomine
3319 2412 3376 2466 in
3413 2426 3517 2466 ms.
3549 2410 3741 2466 Patav.

459 2499 685 2555 Eremit.
733 2501 856 2555 Il2.

532 2591 672 2647 XIII.
706 2590 900 2645 Mirum
927 2608 1029 2645 non
1055 2607 1162 2645 esse
1186 2590 1329 2645 debet
1350 2606 1382 2644 a
1407 2588 1516 2644 Deo
1546 2593 1738 2659 factum
1764 2590 2091 2659 miraculum,
2118 2600 2224 2647 etc.
2251 2591 2308 2646 In
2333 2592 2593 2663 Evangel.
2615 2592 2842 2649 Joannis
2870 2609 2933 2649 v:
2958 2593 3088 2649 Erat
3110 2594 3219 2651 dies
3246 2597 3403 2667 festus
3424 2597 3760 2664 Judteorum,

460 2686 604 2757 quod
634 2688 831 2757 legitur
854 2686 991 2742 feria
1018 2685 1052 2741 6
1083 2694 1314 2754 quatuor
1347 2694 1653 2754 temporum
1681 2684 2122 2755 Quadragesimae
2154 2685 2349 2741 Leonis
2384 2686 2604 2743 nomine
2633 2688 2907 2759 profertur
2937 2689 2993 2745 in
3019 2690 3143 2746 cod.
3168 2689 3333 2748 Basil.
3359 2690 3478 2747 Vat.
3506 2691 3562 2749 8.
3597 2692 3753 2749 Petri

460 2780 584 2837 106.
612 2781 708 2837 Est
734 2790 915 2838 autem
947 2788 1208 2837 tractatus
1238 2781 1304 2835 17
1330 2779 1391 2836 8.
1432 2781 1716 2851 Augustini
1746 2782 1798 2834 in
1827 2780 2113 2836 Joannem.

1753 2913 1821 2951 DE
1859 2912 2183 2953 TRADITIONE
2223 2913 2468 2955 SHBOLI.

533 2990 674 3046 XIV.
706 2991 832 3045 Cum
858 2991 999 3061 apud
1025 2988 1211 3046 Patres
1237 3000 1457 3056 nostros,
1482 2992 1614 3045 sicut
1645 2990 1770 3046 liber
1798 2988 2049 3045 Iudicum
2080 2993 2258 3063 refert,
2289 3002 2423 3060 etc.,
2450 3007 2633 3049 sermo
2662 2993 2722 3050 8.
2750 2992 2951 3051 Leonis
2973 2995 3028 3051 in
3059 3009 3164 3050 ms.
3197 2994 3548 3054 Vallicellano
3577 2997 3634 3052 2.
3660 2999 3763 3056 Est

467 3095 655 3141 autem
684 3084 741 3141 8.
776 3085 989 3140 Maximi
1019 3085 1207 3141 homil.
1244 3088 1267 3140 I
1301 3087 1369 3142 de
1398 3087 1657 3142 Diversis.

443 3208 450 3214 -
538 3177 659 3233 XV.
690 3174 758 3230 In
778 3176 1084 3233 hodiernum
1113 3180 1401 3233 convivium
1432 3180 1522 3250 qui
1550 3181 1769 3235 solemni
1792 3182 2099 3252 frequentia,
2136 3191 2241 3237 etc.
2267 3182 2435 3239 Leoni
2471 3183 2722 3239 tribuitur
2748 3184 2804 3241 in
2829 3200 2936 3241 ms.
2964 3185 3220 3243 Patavine
3268 3187 3327 3245 S.
3360 3186 3582 3243 Antonii
3626 3188 3764 3245 408.

463 3276 744 3333 Invenitur
770 3284 949 3333 autem
984 3277 1128 3333 inter
1150 3276 1529 3349 Chrysostomi
1569 3278 1745 3349 Opera
1778 3288 1913 3335 tom.
1946 3278 2014 3335 Ill
2037 3279 2291 3336 editionis
2333 3280 2648 3338 Nivelliana:
2676 3297 2799 3354 pag.
2833 3280 2960 3350 745,
3010 3282 3105 3339 sed
3145 3291 3229 3339 est
3270 3281 3463 3338 incerti
3514 3282 3763 3338 auctoris

466 3370 670 3429 Latini.

1768 3486 1835 3524 DE
1875 3483 2047 3525 CRUGE
2086 3486 2157 3525 ΕΤ
2197 3485 2460 3527 LATRONE.

538 3562 681 3619 XVI.
724 3562 794 3617 Et
812 3564 1024 3636 quando
1051 3566 1116 3621 de
1138 3582 1285 3621 cruce
1313 3575 1488 3622 nostra
1509 3569 1754 3640 processit
1782 3569 1967 3635 oratio,
1994 3578 2126 3635 etc.,
2156 3570 2213 3624 in
2238 3586 2341 3626 ms.
2369 3570 2649 3628 Casinensi
2672 3570 2998 3626 Sermonum
3031 3570 3091 3627 S.
3113 3570 3313 3628 Leonis
3338 3570 3677 3628 collectionis
3702 3572 3761 3627 I.

469 3657 668 3714 Incerti
696 3658 903 3728 antiqui
931 3659 1109 3716 Latini
1157 3660 1397 3717 auctoris
1437 3672 1520 3718 est
1560 3663 1701 3719 inter
1725 3661 2106 3735 Chrysostomi
2132 3665 2311 3734 Opera
2348 3674 2479 3720 tom.
2513 3664 2581 3719 III
2606 3663 2861 3723 editionis
2888 3664 3218 3723 Basileensis
3270 3666 3631 3737 Heruagianas
3657 3681 3759 3722 an.

466 3750 629 3823 1559,
662 3767 784 3824 pag.
816 3751 943 3808 567.

1943 3866 2011 3905 DE
2050 3866 2271 3907 PASCIA.

541 3934 706 3992 XVII.
736 3936 940 3991 Retinet
962 3938 1208 3992 sanctitas
1234 3946 1419 4005 vestra,
1447 3947 1577 4007 etc.,
1612 3940 1664 3993 in
1694 3953 1825 3995 mss.
1856 3940 2107 3997 Basilica:
2136 3942 2256 3997 Vat.
2292 3942 2393 3998 106
2420 3950 2474 3998 et
2500 3942 2849 4010 Tridentino;
2878 3943 3077 4016 legitur
3102 3953 3282 4002 autem
3313 3946 3367 4001 in
3411 3960 3537 4016 app.
3562 3944 3761 4018 Augu-

468 4030 704 4087 stiniana
741 4044 993 4086 sermone
1017 4029 1144 4086 I62.

1900 4143 1969 4183 DE
1999 4142 2341 4184 ASCENSIONE.

540 4218 729 4275 XVIII.
761 4218 975 4275 Fratres
1020 4219 1341 4286 charissimi,
1380 4218 1706 4275 Ascensionis
1749 4220 2035 4275 Dominicte
2076 4219 2327 4289 inclytum
2361 4226 2410 4273 el
2448 4218 2618 4290 regale
2670 4218 2992 4289 mysterium,
3036 4224 3169 4281 etc.,
3221 4216 3426 4273 Leonis
3456 4218 3681 4274 nomine
3704 4217 3763 4275 in

467 4312 733 4371 Vallicell.
763 4316 825 4381 A,
853 4314 908 4380 7,
934 4322 988 4369 et
1017 4315 1158 4369 inter
1185 4314 1382 4369 Leonis
1412 4314 1707 4370 Sermones
1746 4315 1799 4369 in
1828 4315 2010 4370 Casin.
2044 4314 2260 4369 collect.
2294 4313 2343 4366 I.
2378 4313 2621 4369 Ilabetur
2648 4313 2701 4367 in
2732 4327 2854 4383 app.
2890 4312 3179 4383 Augustini
3208 4328 3459 4369 sermone
3490 4313 3616 4369 I79.

541 4406 689 4463 XIX.
731 4406 1056 4478 Gloriﬁcatio
1089 4410 1297 4464 Domini
1323 4410 1485 4464 nostri
1511 4409 1637 4464 Jesu
1673 4410 1866 4465 Christi
1894 4408 2207 4478 resurgendo
2237 4418 2283 4462 et
2319 4408 2643 4463 ascendendo
2687 4408 2938 4477 completa
2966 4416 3060 4473 est,
3091 4416 3223 4473 etc.,
3251 4422 3535 4478 perperam
3575 4414 3768 4463 nostro

471 4500 695 4556 Auctcri
723 4501 973 4555 tribuitur
1000 4501 1051 4556 in
1080 4517 1208 4556 mss.
1245 4501 1512 4557 Vallicell.
1543 4502 1609 4569 A,
1643 4502 1701 4571 9,
1726 4511 1781 4556 et
1811 4516 1936 4566 xxv,
1971 4514 2073 4553 nec
2096 4515 2201 4554 non
2233 4500 2286 4554 in
2318 4500 2582 4571 Cltigiano
2613 4500 2667 4567 5,
2698 4515 2820 4555 cum
2851 4501 2920 4555 sit
2945 4514 3126 4555 sermo
3152 4500 3259 4556 265
3289 4501 3349 4557 8.
3374 4500 3693 4572 Augustini.

544 4593 665 4648 XX.
698 4592 968 4649 Hodierna
1018 4594 1099 4649 die
1146 4595 1506 4649 Ascensionem
1536 4596 1590 4648 in
1624 4593 1808 4649 caelum
1855 4594 2185 4660 celebramus,
2219 4602 2325 4649 etc.
2374 4593 2601 4650 Nomine
2636 4593 2835 4649 Leonis
2884 4603 3214 4664 praenotatur
3254 4597 3304 4650 in
3329 4609 3461 4651 mss.
3494 4595 3759 4652 Patavino

469 4693 529 4744 S.
559 4689 781 4744 Iustinae
812 4697 866 4743 et
895 4689 945 4742 in
988 4687 1251 4742 Vallicell.
1300 4688 1368 4754 A,
1402 4688 1454 4741 7.
1489 4686 1678 4741 Editus
1728 4696 1811 4742 est
1856 4700 1886 4739 a
1917 4684 2176 4740 Maurinis
2198 4701 2262 4741 ex
2295 4687 2668 4742 vetustissimo
2693 4686 2879 4742 codice
2922 4688 3263 4757 Remigiano,
3310 4700 3471 4759 atque
3522 4689 3767 4747 tributus

469 4783 528 4842 S.
561 4783 864 4853 Augustino
897 4783 947 4835 in
979 4782 1086 4837 fine
1114 4784 1461 4847 Sermonum,
1493 4797 1659 4836 serm.
1693 4779 1823 4835 595.

542 4876 687 4933 XXI.
721 4876 930 4941 Omnia,
958 4874 1269 4939 charissimi,
1300 4892 1415 4947 quia
1446 4875 1697 4929 Dominus
1722 4875 1875 4930 Jesus
1906 4873 2143 4929 Christus
2168 4876 2220 4928 in
2246 4875 2343 4929 hoc
2371 4875 2585 4941 mundo,
2615 4882 2718 4929 etc.
2749 4873 2804 4927 In
2836 4888 2966 4928 mss.
2998 4874 3368 4932 Vallicellanis
3400 4878 3464 4944 A,
3492 4876 3529 4934 9
3556 4886 3612 4933 et
3630 4893 3763 4945 xxv,

472 4983 633 5041 atque
666 4972 717 5026 in
747 4971 1009 5043 Chigiano
1029 4970 1083 5037 5,
1108 4972 1303 5042 legitur
1333 4972 1557 5041 prtefixo
1579 4972 1777 5027 Leonis
1804 4972 2043 5027 nomine.
2079 4972 2176 5027 Est
2198 4980 2379 5025 autem
2408 4971 2460 5024 in
2488 4985 2612 5041 app.
2644 4971 2932 5040 Augustini
2964 4988 3132 5029 serm.
3168 4972 3293 5029 176.
3328 5027 3341 5041 ,

539 5065 707 5123 XXII.
751 5066 992 5122 Salvator
1013 5074 1205 5132 noster,
1238 5066 1577 5134 dilectissimi,
1608 5068 1838 5121 ascendit
1868 5067 1922 5120 in
1952 5066 2160 5134 caelum,
2189 5074 2295 5120 etc.
2324 5063 2524 5119 Leonis
2554 5063 2683 5119 item
2715 5064 2935 5120 nomine
2964 5065 3017 5120 in
3049 5064 3242 5120 iisdem
3281 5063 3452 5121 tribus
3474 5065 3662 5123 codd..
3691 5083 3750 5124 ιιι

473 5175 598 5232 app.
626 5176 754 5215 vero
781 5160 1065 5231 Augustini
1096 5175 1262 5216 serm.
1292 5161 1415 5215 177.

1886 5271 1951 5309 os
1983 5248 2350 5308 peur’iacos'rs.

546 5349 739 5407 XXIII.
783 5350 1113 5406 Discessurus
1142 5369 1167 5406 e
1192 5353 1379 5405 mundo
1405 5352 1523 5418 isto,
1557 5361 1603 5403 et
1635 5366 1939 5404 ascensurus
1966 5351 2018 5401 in
2044 5347 2224 5402 cretum
2253 5345 2525 5413 Dominus,
2559 5354 2691 5415 etc.,
2734 5356 2819 5401 est
2850 5361 3031 5402 sermo
3066 5346 3117 5401 in
3149 5361 3273 5417 app.
3308 5346 3445 5417 Aug.
3478 5349 3601 5402 184.
3645 5348 3771 5404 Νοη

476 5447 651 5502 solum
683 5448 734 5500 in
765 5462 894 5501 mss.
948 5446 1260 5501 Fossatensi
1293 5457 1346 5501 et
1389 5446 1742 5501 Germanensi
1792 5444 1931 5513 apud
1989 5443 2286 5508 Maurinos,
2326 5440 2421 5495 sed
2452 5442 2614 5494 etiam
2645 5440 2696 5495 in
2734 5440 2859 5498 cod.
2904 5441 3114 5497 Veneto
3165 5442 3287 5503 154.
3341 5440 3398 5496 8.
3432 5440 3599 5497 Leoni
3626 5443 3773 5498 falso

477 5540 757 5605 tribuitur;
789 5539 981 5609 legitur
1008 5548 1185 5593 autem
1212 5538 1329 5594 sine
1350 5538 1461 5592 ullo
1490 5538 1725 5592 auctoris
1757 5536 1975 5591 nomine
2007 5536 2059 5589 in
2108 5532 2467 5589 Lectionariis
2496 5531 2794 5586 Veronensi
2833 5545 2897 5586 ac
2921 5530 3192 5586 Vallicell.
3224 5531 3291 5597 A,
3325 5532 3377 5587 9.

547 5633 736 5688 XXIV.
786 5632 909 5687 Post
941 5633 1084 5687 illam
1114 5633 1427 5702 singularem
1455 5633 1803 5703 insignemque
1834 5631 2118 5695 victoriam,
2149 5638 2280 5693 etc.,
2316 5636 2398 5681 est
2436 5640 2615 5680 sermo
2661 5625 2764 5681 I82
2809 5641 2933 5695 app.
2962 5624 3269 5695 Augustini.
3305 5626 3360 5679 In
3397 5624 3774 5685 Vallicullanis

478 5741 605 5790 xxv,
637 5734 688 5779 et
717 5726 781 5790 A,
814 5726 867 5791 0,
900 5725 1044 5781 nullo
1074 5725 1289 5783 nomine
1321 5736 1685 5797 praenotatur:
1724 5726 1815 5783 sed
1855 5728 1908 5784 in
1932 5724 2215 5795 Chlgiano,
2268 5725 2319 5779 in
2365 5721 2626 5779 Patavina
2666 5723 2721 5781 8.
2750 5722 2975 5781 Iustinae
3017 5723 3147 5781 etin
3178 5722 3387 5781 Veneto
3419 5722 3541 5787 154,
3595 5722 3774 5781 Leoni

478 5826 759 5886 perperam
798 5818 1106 5874 ascribitur.
