3980 6352
252 324 340 383 475
1650 317 2039 377 PIUEFA'I‘IO.
3382 334 3494 392 ιη

307 438 455 495 XXV.
486 435 725 507 Perpetui
747 437 968 491 muneris
999 437 1204 507 refulsit
1234 438 1390 493 hodie
1419 447 1795 505 ornamentum,
1846 448 1974 505 etc.,
2024 440 2221 497 Leonis
2252 442 2473 499 nomine
2522 442 2577 498 in
2620 456 2755 499 mss.
2797 442 3081 512 Patavina,
3133 444 3490 517 Bergomensi

248 535 296 591 S.
322 530 593 588 Alexandri
629 544 693 584 ac
724 529 955 598 Veneto,
1006 530 1214 602 absque
1242 530 1479 587 auctoris
1509 534 1730 588 nomine
1758 532 1813 587 in
1843 531 2113 589 Vallicell.
2149 549 2280 589 xxv.
2318 534 2541 606 Legitur
2585 543 2772 592 autem
2825 536 2879 591 in
2921 535 3153 607 append.
3200 538 3491 611 Augustini

247 646 380 689 serm.
414 627 535 683 186.
3367 676 3375 683 .

298 718 471 775 XXVI.
502 717 771 773 Sanctitati
808 727 1014 787 vestras,
1053 718 1381 789 charissimi,
1420 730 1653 778 votorum
1682 726 1801 797 jam
1832 731 1955 778 nota
1989 722 2133 780 debet
2180 740 2287 778 esse
2321 724 2605 793 festivitas,
2632 726 2786 796 {etc.,
2819 732 2903 782 est
2937 739 3121 783 sermo
3148 725 3253 783 185
3280 726 3333 782 in
3359 741 3490 799 app.

245 813 614 886 Augustiniana,
630 815 785 885 cujus
810 815 925 885 lege
945 815 1382 872 observationem
1407 817 1703 888 prrelixam.
1718 818 1776 874 In
1791 818 1999 875 Veneto
2021 828 2199 875 autem
2224 819 2345 876 cod.
2366 819 2470 875 154
2487 834 2551 876 ac
2571 819 2625 876 in
2652 818 2915 878 Vallicell.
2942 836 3051 878 xxv
3064 821 3265 881 Leonis
3287 837 3489 881 nomen

244 912 351 968 falso
374 908 613 980 pratfert;
645 911 702 966 in
734 909 996 967 Vallicell.
1028 926 1157 967 vero
1189 912 1253 981 Λ,
1284 911 1337 982 9,
1364 912 1572 984 absque
1599 913 1709 969 ullo
1734 915 1970 969 auctoris
2003 914 2244 971 nomine.

1452 1066 1521 1107 DE
1548 1066 1758 1108 ιυῠκιο
1782 1067 1963 1108 DECIII
1997 1065 2205 1107 HENSIS.

293 1165 485 1222 XXVII.
521 1164 764 1236 Legimus
798 1165 861 1223 S.
899 1163 1134 1237 Moysem
1176 1164 1370 1237 populo
1404 1163 1501 1219 Dei
1533 1174 1787 1238 praecepta
1812 1167 2043 1234 dantem,
2073 1173 2205 1233 etc.,
2238 1172 2322 1219 est
2355 1178 2498 1221 serm
2526 1162 2635 1219 285
2664 1163 2805 1219 inter
2839 1164 3142 1236 Augustino
3164 1164 3297 1222 olim
3328 1164 3491 1222 tribu-

240 1270 325 1325 tos;
350 1267 397 1314 et
424 1260 601 1328 reipsa
626 1260 681 1311 in
711 1273 815 1313 ms.
848 1257 972 1313 Bas.
1010 1256 1183 1313 Vatic.
1218 1257 1343 1325 170,
1376 1258 1523 1314 inter
1550 1259 1811 1330 opuscula
1835 1258 1999 1330 hujus
2027 1258 2199 1314 sancti
2228 1264 2548 1315 recensetur
2578 1257 2680 1315 hac
2706 1258 3101 1330 inscriptione:
3134 1257 3271 1315 Item
3294 1259 3358 1316 de
3385 1259 3489 1333 ﬁde

238 1353 448 1407 catholica
472 1352 535 1408 S.
578 1352 877 1423 Augustini.
907 1351 1108 1408 Leonis
1137 1352 1357 1409 nomine
1386 1352 1617 1409 habetur
1646 1352 1701 1407 in
1730 1366 1837 1408 ms.
1870 1350 2139 1407 Vallicell.
2170 1364 2237 1407 ιι.

1501 1508 1570 1548 DE
1600 1507 1881 1547 CATHEDRA
1909 1506 1956 1547 S.
1992 1506 2172 1546 ητιιι.

288 1609 499 1668 XXVIII.
527 1607 799 1664 Institutio
818 1608 1161 1663 solemnitatis
1190 1607 1455 1663 hodiernte
1484 1624 1517 1661 a
1545 1608 1830 1662 senioribus
1858 1608 2070 1675 nostris,
2096 1616 2232 1674 etc.,
2267 1620 2331 1661 ac

286 1666 455 1760 XXIX.
490 1703 745 1770 Quamuis
775 1702 1073 1756 solemnitas
1095 1701 1385 1773 festivitatis
1414 1700 1701 1768 hodierna,
1731 1706 1860 1766 etc.,
1888 1707 2014 1754 sunt
2043 1666 2323 1754 sermones
2353 1695 2455 1753 190
2484 1666 2539 1753 et
2576 1696 2673 1752 191
2708 1695 3020 1767 appendicis
3048 1697 3486 1772 Augustinianaa,

232 1800 281 1855 ad
305 1813 420 1869 quos
440 1799 560 1867 lege
601 1795 803 1853 ibidem
849 1796 1036 1853 doctas
1062 1796 1540 1853 Benedictinorum
1569 1794 1999 1851 observationes.
2044 1792 2215 1848 Leoni
2245 1792 2589 1848 ascribuntur
2615 1793 2668 1848 in
2696 1791 2967 1849 Vallicell.
3000 1808 3127 1850 xxv:
3158 1809 3222 1851 ac
3252 1796 3308 1852 in
3336 1796 3488 1869 regio

231 1890 503 1948 Taurinensi
524 1890 662 1946 218.

1303 1978 1356 2018 IN
1378 1976 1813 2018 ANNUN'I‘IA'I'IONE
1842 1978 1895 2018 Β.
1926 1974 2153 2017 VIRGINIS
2176 1975 2379 2015 IARIlE.

284 2076 431 2133 XXX.
457 2076 745 2150 Virginalis
767 2076 921 2133 hodie
942 2078 1240 2134 solemnitas
1269 2079 1503 2153 linguam
1523 2058 1776 2146 nostram,
1799 2081 2009 2150 fratres,
2034 2077 2103 2131 ad
2124 2078 2439 2150 prwconium
2460 2084 2624 2131 vocat.
2653 2075 2710 2131 In
2732 2076 3073 2133 Lectionario
3095 2076 3487 2137 Padilironensi

227 2168 270 2226 S.
294 2168 440 2224 Leoni
464 2184 622 2240 papa;
654 2170 932 2226 tribuitur.
960 2170 1058 2225 Est
1080 2180 1262 2226 autem
1296 2179 1456 2225 vetus
1480 2170 1881 2240 interpretatio,
1914 2168 2009 2225 sed
2032 2170 2463 2239 corruptissima,
2493 2168 2725 2223 celebris
2761 2168 3002 2224 homiliae
3031 2169 3088 2226 S.
3125 2170 3327 2239 Procli,
3359 2179 3487 2229 tunc

227 2266 454 2337 Cyziceni,
488 2277 682 2337 postea
725 2283 857 2323 vero
884 2266 1468 2337 Constantinopolitani
1502 2264 1765 2337 episcopi,
1814 2267 1869 2320 in
1916 2264 2123 2319 laudem
2155 2263 2429 2335 Deiparw,
2476 2279 2597 2334 quae
2623 2264 2811 2320 Graece
2858 2273 2914 2321 et
2957 2264 3146 2321 Latine
3188 2265 3483 2336 prmﬁgilur

228 2360 330 2414 actis
354 2360 567 2414 concilii
598 2358 858 2430 Ephesini
888 2368 1018 2414 tom.
1048 2358 1115 2413 Ill
1145 2359 1366 2415 Venetae
1411 2358 1666 2414 editionis
1697 2373 1821 2429 pag.
1854 2358 1982 2424 577,
2012 2373 2112 2414 nec
2156 2371 2265 2412 non
2289 2357 2431 2411 inter
2458 2358 2732 2412 orationes
2760 2364 2815 2412 et
2840 2357 3092 2412 homilias
3120 2356 3228 2413 PP.
3262 2358 3479 2415 Graeco-

225 2469 316 2508 rum
340 2454 502 2510 editas
521 2470 558 2509 a
583 2455 911 2511 Combeﬁsio
933 2470 1054 2526 pag.
1080 2455 1205 2521 501,
1230 2454 1421 2510 Latine
1447 2464 1624 2509 autem
1648 2454 1704 2508 in
1731 2452 2061 2508 bibliotheca
2082 2450 2496 2507 Concionatoria
2518 2450 2760 2519 ejusdem
2786 2458 2919 2505 tom.
2946 2449 3033 2515 Vl,
3054 2465 3176 2521 pag.
3354 2450 3481 2506 Haec

224 2544 374 2601 eadem
392 2546 613 2617 antiqua
642 2547 819 2602 versio
848 2547 908 2603 8.
938 2547 1130 2602 Proclo
1155 2547 1436 2617 inscripta,
1468 2561 1530 2601 ex
1557 2546 1679 2600 cod.
1712 2544 1830 2600 Vat.
1858 2543 2002 2601 2836
2026 2545 2086 2615 (Ι.
2123 2543 2288 2615 5856)
2310 2543 2455 2600 edita
2482 2543 2583 2599 fuit
2605 2559 2635 2599 a
2662 2544 2726 2599 P.
2760 2542 3048 2601 Vincentio
3070 2543 3328 2600 Ricardio
3358 2560 3479 2618 pag.

225 2641 305 2697 675
326 2639 575 2695 editionis
602 2640 865 2697 Romanae
893 2656 982 2696 an.
1013 2640 1151 2696 1650
1182 2641 1423 2696 omnium
1453 2639 1688 2709 Operum
1721 2638 1962 2709 ejusdem
2004 2637 2063 2694 S.
2097 2636 2275 2692 Procli

1365 2788 1419 2828 IN
1446 2787 1642 2828 NATALI
1672 2787 1718 2828 S.
1748 2786 1959 2827 JOANNIS
1986 2786 2283 2827 BAPTISTE.

275 2890 440 2946 XXXI.
463 2890 669 2955 Hodie,
693 2891 1004 2946 dilectissimi
1025 2893 1232 2963 fratres,
1265 2890 1353 2961 qui
1374 2887 1586 2943 Domini
1612 2889 1950 2959 praecucurrit
1987 2888 2282 2955 adventum,
2307 2894 2414 2944 etc.
2446 2884 2615 2943 Leoni
2641 2884 2950 2943 inscribitur
2970 2884 3025 2942 in
3049 2858 3181 2941 mss.
3204 2882 3478 2942 ValliceII.

222 2986 275 3051 Δ,
300 2984 348 3050 9,
371 2994 579 3039 etxxv.
610 2983 901 3055 Reperitur
927 2984 982 3039 in
1014 2999 1140 3054 app.
1170 2982 1458 3053 Augustini
1485 2997 1739 3038 sermone
1771 2982 1896 3039 198.

272 3077 465 3135 XXXII.
496 3079 637 3134 Post
666 3079 815 3134 illum
836 3089 1224 3134 sacrosanctum
1250 3078 1461 3134 Domini
1488 3079 1713 3134 natalem
1742 3078 1902 3145 diem,
1925 3086 2031 3133 etc.
2060 3075 2158 3133 Est
2178 3090 2345 3133 serm.
2374 3074 2478 3133 196
2505 3089 2632 3147 app.
2655 3073 2963 3148 Augustini,
2988 3080 3044 3130 et
3065 3071 3203 3130 falso
3223 3070 3479 3129 tribuitur

223 3176 350 3235 leoni
367 3174 417 3230 in
436 3190 545 3231 ms.
586 3174 756 3243 Regio
787 3174 1108 3231 Taurinensi
1136 3175 1262 3232 768.

1399 3263 1452 3302 IN
1470 3261 1664 3302 NA'I‘ALI
1690 3259 1765 3303 SS.
1797 3259 1954 3300 PETRI
1980 3259 2049 3299 ET
2074 3257 2248 3298 PAULI.

271 3364 487 3422 XXXIII.
508 3362 806 3436 Apostolici
829 3363 1020 3419 natalis
1037 3362 1254 3435 gaudio,
1289 3364 1477 3434 fratres
1505 3363 1821 3429 charissimi,
1851 3370 1983 3426 etc.,
2019 3375 2084 3416 ac

270 3461 485 3519 XXXIV.
515 3461 953 3516 Beatissimorum
977 3459 1333 3532 apostolorum
1355 3461 1548 3532 passio,
1572 3476 1794 3532 quorum
1822 3460 1975 3515 hodie
2000 3458 2226 3513 natalem
2254 3456 2553 3513 solemniter
2581 3452 2915 3520 celebramus,
2947 3461 3077 3519 etc.,
3100 3463 3202 3507 nec
3226 3462 3333 3505 non

270 3554 465 3611 XXXV.
496 3556 934 3611 Beatissimorum
959 3554 1311 3627 apostolorum
1335 3552 1483 3608 Petri
1510 3563 1557 3609 et
1580 3553 1735 3609 Pauli
1769 3552 2165 3624 inseparabilem
2192 3552 2367 3623 ﬁdem,
2399 3559 2507 3607 etc.
2540 3549 2607 3603 lli
2634 3558 2748 3605 tres
2785 3560 3065 3603 sermones
3092 3546 3232 3600 inter
3265 3542 3382 3599 Illos
3416 3541 3475 3600 S.

222 3648 377 3707 leonis
400 3652 754 3722 reperiuntur
773 3651 827 3706 in
860 3663 991 3705 mss.
1025 3649 1440 3705 collectionibus
1469 3650 1496 3704 1
1524 3656 1579 3703 et
1604 3648 1660 3714 2,
1693 3656 1749 3703 et
1778 3649 1884 3704 duo
1917 3648 2175 3718 postremi
2198 3647 2416 3702 nomine
2446 3643 2645 3700 Leonis
2667 3649 3038 3714 praenotantur
3068 3640 3119 3694 in
3153 3637 3274 3694 cod.
3308 3635 3476 3691 Valli-

221 3740 312 3795 cell.
340 3757 426 3797 vn.
459 3741 747 3812 Leguntur
770 3755 905 3797 vero
926 3740 1070 3796 inter
1095 3740 1271 3811 Opera
1296 3739 1355 3796 S.
1387 3739 1606 3797 Maximi
1637 3739 1987 3797 Taurinensis
2017 3740 2166 3796 hom.
2194 3738 2253 3809 2,
2284 3740 2320 3795 5
2347 3749 2401 3795 et
2427 3737 2483 3809 4,
2511 3736 2592 3793 De
2623 3734 2787 3792 natali
2813 3734 2920 3792 SS.
2960 3733 3309 3806 apostolorum
3333 3728 3481 3785 Petri

223 3841 255 3885 et
277 3832 433 3888 Pauli.

1570 3921 1638 3961 DE
1664 3920 1867 3963 SANC'I'O
1894 3919 2086 3961 PAULO.

270 4016 483 4074 XXXVI.
510 4017 702 4074 Filioli
731 4019 860 4089 mei,
902 4017 1079 4072 audite
1098 4033 1212 4087 nos,
1236 4025 1285 4073 et
1326 4017 1538 4072 liberate
1559 4034 1667 4087 vos,
1701 4027 1809 4075 etc.
1852 4020 2052 4076 Leonis
2082 4018 2302 4075 nomine
2336 4016 2391 4073 in
2420 4024 2637 4073 vetusto
2666 4029 2770 4070 ms.
2802 4012 3140 4077 Corbeiensi,
3175 4025 3239 4067 ac
3267 4012 3320 4067 in
3350 4012 3474 4070 cod.

222 4107 540 4168 Eremitarum
567 4110 830 4167 Patavina
852 4109 887 4163 5
913 4120 970 4167 et
999 4111 1055 4165 in
1077 4110 1381 4166 Veronensi
1409 4109 1467 4166 S.
1503 4109 1672 4166 Firmi
1701 4111 1937 4184 Majoris.
1988 4111 2120 4167 Vide
2140 4111 2495 4184 appendicem
2524 4108 2686 4180 Aug.,
2721 4106 2810 4163 ubi
2841 4106 3036 4178 legitur
3065 4120 3232 4162 serm.
3258 4105 3383 4162 204.

1504 4263 1573 4303 DE
1595 4262 1797 4305 SANC'I'O
1823 4265 2145 4306 LAURENTIO.

272 4362 511 4418 XXXVII.
539 4363 797 4419 Sanctum
813 4368 906 4429 est,
931 4361 1141 4432 fratres,
1161 4378 1223 4415 ac
1249 4361 1357 4418 Deo
1387 4364 1653 4435 placitum,
1678 4374 1809 4435 etc.,
1825 4376 1879 4422 et

271 4452 545 4511 XXXVIII.
594 4456 743 4512 Sicut
783 4463 989 4528 patrum
1027 4464 1344 4523 nostrorum,
1371 4460 1560 4528 fratres
1583 4459 1890 4525 charissimi,
1921 4477 2025 4514 non
2050 4462 2245 4516 incerta
2287 4462 2536 4517 relatione
2563 4461 2863 4529 didicimus,
2902 4467 3011 4517 etc.
3041 4458 3109 4514 Hi
3137 4457 3245 4516 duo
3265 4470 3474 4515 sermo-

220 4558 292 4599 nes
310 4562 581 4620 perperam
610 4549 783 4605 Leoni
812 4548 1155 4605 ascribuntur
1177 4548 1231 4604 in
1262 4562 1396 4605 mss.
1426 4550 1641 4607 collect.
1671 4554 1697 4607 1
1730 4562 1785 4608 et
1810 4554 1875 4622 2,
1905 4568 2025 4609 cum
2057 4554 2168 4611 sint
2195 4555 2382 4612 homil.
2415 4556 2441 4609 1
2474 4564 2530 4612 et
2554 4555 2590 4609 2
2621 4554 2679 4611 S.
2708 4552 2929 4610 Maximi
2950 4554 3003 4608 in
3030 4551 3217 4608 Natali
3244 4553 3306 4610 S.
3338 4551 3476 4609 Lau-

222 4640 361 4694 renlii.

1594 4734 1662 4774 DE
1684 4734 1730 4774 S.
1760 4735 2053 4777 STEPHANO.

276 4824 501 4883 XXXIX.
544 4824 759 4883 Fratres
786 4828 1095 4896 charissimi,
1126 4829 1493 4885 celebravimus
1520 4831 1756 4888 hesterno
1780 4833 1863 4889 die
1890 4837 2138 4903 natalem,
2171 4854 2272 4908 quo
2297 4852 2392 4893 res:
2420 4848 2733 4910 martyrum,
2765 4835 3084 4894 etc.Lconis
3112 4848 3311 4893 nomen
3338 4850 3479 4908 prs:-

220 4918 296 4974 lert
315 4921 362 4977 in
391 4922 511 4977 Vat.
544 4921 708 4991 1267,
738 4923 882 4995 stylo
907 4932 1261 4995 repugnante.
1288 4925 1509 4996 Legitur
1538 4927 1591 4981 in
1622 4927 1916 4997 appendice
1949 4930 2233 5001 Augustini
2265 4946 2431 4987 serm.
2463 4930 2595 4988 215.

978 5072 1046 5111 DE
1073 5071 1327 5126 ABSALON,
1361 5072 1571 5121 QUANDO
1600 5072 2049 5122 PERSEQUEBA'I‘UR
2076 5078 2234 5117 DAVID
2264 5078 2477 5117 PATBBII
2500 5078 2659 5118 SUUII.

270 5166 367 5222 XL.
392 5169 632 5224 Perdidit
660 5169 885 5224 Absalon
916 5169 1341 5225 sceleratissimus
1360 5181 1579 5226 mentem
1603 5190 1773 5241 suam,
1803 5176 2025 5244 perdidit
2048 5194 2274 5244 sensum,
2299 5179 2468 5232 amisit
2488 5179 2793 5246 consilium,
2822 5190 2925 5237 etc.
2961 5181 3105 5235 Inter
3126 5181 3326 5237 Leonis
3347 5181 3475 5236 Ser-

218 5275 371 5319 mones
393 5265 445 5319 in
488 5279 619 5319 mss.
653 5263 870 5319 collect.
901 5263 938 5317 2
965 5272 1021 5319 et
1047 5265 1098 5319 in
1127 5265 1403 5320 nonnullis
1441 5265 1657 5322 collect.
1700 5269 1733 5321 5
1764 5277 1819 5323 et
1843 5269 1898 5324 4.
1933 5269 2086 5325 Hunc
2131 5285 2442 5327 sermonem
2474 5287 2543 5327 ex
2570 5272 2654 5327 bis
2685 5273 2964 5329 codicibus
3002 5274 3171 5330 edidit
3199 5274 3471 5330 Gerardus

220 5351 429 5427 Vossius,
452 5356 782 5427 praepositus
802 5355 1153 5426 Tungrensis,
1182 5356 1687 5419 interMiscellanea
1708 5368 2004 5414 sanctorum
2025 5363 2223 5432 aliquot
2250 5363 2471 5418 Patrum
2491 5364 2791 5420 Grateorum
2812 5378 2859 5420 et
2880 5367 3205 5430 Latinorum,
3229 5364 3470 5434 subjecta

219 5444 404 5503 editioni
435 5448 760 5519 Moguntina:
788 5447 1023 5518 Operum
1047 5447 1113 5505 S.
1134 5448 1382 5519 Gregorii
1406 5450 1794 5522 Thaumaturgi
1811 5468 1901 5507 an.
1928 5453 2087 5523 1604,
2120 5470 2238 5526 pag.
2267 5455 2393 5510 254.
2419 5457 2525 5512 Sed
2552 5459 2756 5514 incerto
2772 5460 2980 5514 auctori
3005 5459 3194 5514 Latino
3219 5456 3467 5514 eumdem

221 5555 487 5599 sermonem
520 5543 897 5600 ascribendum
936 5544 1167 5612 censuit,
1200 5544 1511 5616 notavitque
1557 5560 1684 5602 eum
1715 5547 1944 5616 reperiri
1992 5548 2045 5602 in
2070 5547 2396 5606 editionibus
2426 5550 2631 5607 Latinis
2662 5551 2721 5607 S.
2744 5551 2831 5608 Jo.
2872 5550 3268 5623 Chrysostomi,
3308 5551 3381 5607 uti
3415 5553 3466 5607 in

220 5629 476 5683 Nivelliana
509 5645 639 5683 tnm-
661 5636 704 5683 1-
735 5651 858 5683 nam-
888 5634 1016 5683 556-

169 5698 173 5707 Ι
221 5633 478 5691 Nivelliana
509 5645 639 5693 tom.
661 5636 705 5704 1,
735 5651 858 5708 pag.
888 5634 1016 5693 556.

1597 5724 1667 5771 »ι
1694 5725 2023 5776 HARTYRIBUS
2034 5752 2047 5771 ο

275 5812 393 5877 XLl.
430 5819 874 5901 Quotiescumque,
901 5822 1084 5903 fratres
1109 5821 1419 5903 charlutmt,
1442 5831 1735 5889 sanctorum
1754 5839 2040 5907 martyrum
2066 5825 2413 5892 solemnitate»
2445 5824 2775 5900 celebramus,
2803 5834 2910 5891 sto.
2940 5824 3135 5893 Leonis
3166 5827 3382 5899 nomine
3406 5831 3462 5896 lu
