  <div class='ocr_page' id='page_1' title='image "/cluster/home/n/w/nwhite01/storage/ocr_20150623/54/hvd.32044015471584/241.png"; bbox 0 0 3980 6352; ppageno 0'>
   <div class='ocr_carea' id='block_1_1' title="bbox 480 287 3770 356">
    <p class='ocr_par' dir='ltr' id='par_1_1' title="bbox 480 287 3770 356">
     <span class='ocr_line' id='line_1_1' title="bbox 480 287 3770 356; baseline -0.002 0"><span class='ocrx_word' id='word_1_1' title='bbox 480 288 586 356; x_wconf 74' lang='grc' dir='ltr'><strong>ιπ</strong></span> <span class='ocrx_word' id='word_1_2' title='bbox 1114 293 1460 354; x_wconf 77' lang='lat' dir='ltr'><strong>APPENDIX</strong></span> <span class='ocrx_word' id='word_1_3' title='bbox 1496 291 1590 350; x_wconf 79' lang='lat' dir='ltr'><strong>AD</strong></span> <span class='ocrx_word' id='word_1_4' title='bbox 1626 289 1888 348; x_wconf 82' lang='lat' dir='ltr'><strong>PRIMAM</strong></span> <span class='ocrx_word' id='word_1_5' title='bbox 1928 287 2213 345; x_wconf 81' lang='lat' dir='ltr'><strong>PARTEM</strong></span> <span class='ocrx_word' id='word_1_6' title='bbox 2251 287 2537 347; x_wconf 80' lang='lat' dir='ltr'><strong>OPERUM</strong></span> <span class='ocrx_word' id='word_1_7' title='bbox 2576 290 2636 346; x_wconf 94' lang='lat' dir='ltr'><strong>S.</strong></span> <span class='ocrx_word' id='word_1_8' title='bbox 2677 288 2925 348; x_wconf 85' lang='lat' dir='ltr'><strong>LEONIS</strong></span> <span class='ocrx_word' id='word_1_9' title='bbox 2964 287 3201 347; x_wconf 80' lang='lat' dir='ltr'><strong>MAGNI.</strong></span> <span class='ocrx_word' id='word_1_10' title='bbox 3665 294 3770 351; x_wconf 71' lang='grc'><strong>4⁸16</strong></span> 
     </span>
    </p>
   </div>
   <div class='ocr_carea' id='block_1_2' title="bbox 480 401 3771 484">
    <p class='ocr_par' dir='ltr' id='par_1_2' title="bbox 480 401 3771 484">
     <span class='ocr_line' id='line_1_2' title="bbox 480 401 3771 484; baseline -0.002 -14"><span class='ocrx_word' id='word_1_11' title='bbox 480 414 685 484; x_wconf 72' lang='lat' dir='ltr'><strong>aliquot</strong></span> <span class='ocrx_word' id='word_1_12' title='bbox 708 410 1039 469; x_wconf 78' lang='lat' dir='ltr'><strong>editionibos</strong></span> <span class='ocrx_word' id='word_1_13' title='bbox 1088 411 1324 481; x_wconf 73' lang='lat' dir='ltr'><strong>antiquis</strong></span> <span class='ocrx_word' id='word_1_14' title='bbox 1353 409 1531 465; x_wconf 86' lang='lat' dir='ltr'><strong>editus</strong></span> <span class='ocrx_word' id='word_1_15' title='bbox 1559 408 1677 473; x_wconf 87' lang='lat' dir='ltr'><strong>fuit,</strong></span> <span class='ocrx_word' id='word_1_16' title='bbox 1711 421 1810 462; x_wconf 91' lang='lat' dir='ltr'><strong>nec</strong></span> <span class='ocrx_word' id='word_1_17' title='bbox 1842 419 1947 461; x_wconf 92' lang='lat' dir='ltr'><strong>non</strong></span> <span class='ocrx_word' id='word_1_18' title='bbox 1978 407 2033 459; x_wconf 90' lang='lat' dir='ltr'><strong>in</strong></span> <span class='ocrx_word' id='word_1_19' title='bbox 2064 402 2384 460; x_wconf 83' lang='lat' dir='ltr'><strong>Homiliario</strong></span> <span class='ocrx_word' id='word_1_20' title='bbox 2412 403 2563 459; x_wconf 84' lang='lat' dir='ltr'><strong>Pauli</strong></span> <span class='ocrx_word' id='word_1_21' title='bbox 2605 402 2830 459; x_wconf 87' lang='lat' dir='ltr'><strong>Diaconi</strong></span> <span class='ocrx_word' id='word_1_22' title='bbox 2860 402 3112 459; x_wconf 77' lang='lat' dir='ltr'><strong>editionis</strong></span> <span class='ocrx_word' id='word_1_23' title='bbox 3153 401 3481 457; x_wconf 89' lang='lat' dir='ltr'><strong>Basileensis</strong></span> <span class='ocrx_word' id='word_1_24' title='bbox 3511 416 3579 459; x_wconf 92' lang='lat' dir='ltr'><strong>an</strong></span> <span class='ocrx_word' id='word_1_25' title='bbox 3610 402 3771 463; x_wconf 75' lang='lat' dir='ltr'><strong>M96.</strong></span> 
     </span>
    </p>
   </div>
   <div class='ocr_carea' id='block_1_3' title="bbox 479 495 3772 572">
    <p class='ocr_par' dir='ltr' id='par_1_3' title="bbox 479 495 3772 572">
     <span class='ocr_line' id='line_1_3' title="bbox 479 495 3772 572; baseline -0.003 -10"><span class='ocrx_word' id='word_1_26' title='bbox 479 504 845 562; x_wconf 84' lang='lat' dir='ltr'><strong>Luvanienses</strong></span> <span class='ocrx_word' id='word_1_27' title='bbox 891 505 946 560; x_wconf 91' lang='lat' dir='ltr'><strong>in</strong></span> <span class='ocrx_word' id='word_1_28' title='bbox 976 504 1214 561; x_wconf 77' lang='lat' dir='ltr'><strong>editione</strong></span> <span class='ocrx_word' id='word_1_29' title='bbox 1242 501 1622 572; x_wconf 80' lang='lat' dir='ltr'><strong>Antuerpiensi</strong></span> <span class='ocrx_word' id='word_1_30' title='bbox 1649 515 1715 556; x_wconf 88' lang='lat' dir='ltr'><strong>an</strong></span> <span class='ocrx_word' id='word_1_31' title='bbox 1739 498 1879 556; x_wconf 81' lang='grc'>1585</span> <span class='ocrx_word' id='word_1_32' title='bbox 1900 506 1951 553; x_wconf 89' lang='lat' dir='ltr'><strong>et</strong></span> <span class='ocrx_word' id='word_1_33' title='bbox 1992 496 2318 563; x_wconf 81' lang='lat' dir='ltr'><strong>Rainaudus</strong></span> <span class='ocrx_word' id='word_1_34' title='bbox 2352 506 2558 564; x_wconf 74' lang='lat' dir='ltr'><strong>.ncerto</strong></span> <span class='ocrx_word' id='word_1_35' title='bbox 2589 498 2798 552; x_wconf 91' lang='lat' dir='ltr'><strong>auctori</strong></span> <span class='ocrx_word' id='word_1_36' title='bbox 2832 496 3158 561; x_wconf 89' lang='lat' dir='ltr'><strong>tribuerunt,</strong></span> <span class='ocrx_word' id='word_1_37' title='bbox 3188 504 3243 550; x_wconf 91' lang='lat' dir='ltr'><strong>et</strong></span> <span class='ocrx_word' id='word_1_38' title='bbox 3271 495 3522 550; x_wconf 80' lang='lat' dir='ltr'><strong>similiter</strong></span> <span class='ocrx_word' id='word_1_39' title='bbox 3547 495 3772 552; x_wconf 81' lang='lat' dir='ltr'><strong>Vossius</strong></span> 
     </span>
    </p>
   </div>
   <div class='ocr_carea' id='block_1_4' title="bbox 478 587 3771 669">
    <p class='ocr_par' dir='ltr' id='par_1_4' title="bbox 478 587 3771 669">
     <span class='ocr_line' id='line_1_4' title="bbox 478 587 3771 669; baseline -0.003 -16"><span class='ocrx_word' id='word_1_40' title='bbox 478 597 813 669; x_wconf 88' lang='lat' dir='ltr'><strong>Tungrensis</strong></span> <span class='ocrx_word' id='word_1_41' title='bbox 838 595 1087 652; x_wconf 91' lang='lat' dir='ltr'><strong>eumdem</strong></span> <span class='ocrx_word' id='word_1_42' title='bbox 1113 608 1179 649; x_wconf 78' lang='lat' dir='ltr'><strong>ex</strong></span> <span class='ocrx_word' id='word_1_43' title='bbox 1211 608 1344 650; x_wconf 88' lang='lat' dir='ltr'><strong>mss.</strong></span> <span class='ocrx_word' id='word_1_44' title='bbox 1371 592 1799 649; x_wconf 82' lang='lat' dir='ltr'><strong>emendatiorem</strong></span> <span class='ocrx_word' id='word_1_45' title='bbox 1830 590 2097 647; x_wconf 89' lang='lat' dir='ltr'><strong>recudens</strong></span> <span class='ocrx_word' id='word_1_46' title='bbox 2118 590 2173 645; x_wconf 91' lang='lat' dir='ltr'><strong>in</strong></span> <span class='ocrx_word' id='word_1_47' title='bbox 2203 589 2553 645; x_wconf 79' lang='lat' dir='ltr'><strong>Miscellaneis</strong></span> <span class='ocrx_word' id='word_1_48' title='bbox 2586 591 2744 661; x_wconf 88' lang='lat' dir='ltr'><strong>paulo</strong></span> <span class='ocrx_word' id='word_1_49' title='bbox 2772 598 2897 645; x_wconf 88' lang='lat' dir='ltr'><strong>ante</strong></span> <span class='ocrx_word' id='word_1_50' title='bbox 2930 589 3192 656; x_wconf 87' lang='lat' dir='ltr'><strong>laudatis,</strong></span> <span class='ocrx_word' id='word_1_51' title='bbox 3218 604 3249 643; x_wconf 94' lang='lat' dir='ltr'><strong>a</strong></span> <span class='ocrx_word' id='word_1_52' title='bbox 3280 587 3463 644; x_wconf 90' lang='lat' dir='ltr'><strong>Leone</strong></span> <span class='ocrx_word' id='word_1_53' title='bbox 3494 589 3771 660; x_wconf 88' lang='lat' dir='ltr'><strong>abjudica-</strong></span> 
     </span>
    </p>
   </div>
   <div class='ocr_carea' id='block_1_5' title="bbox 478 680 3771 762">
    <p class='ocr_par' dir='ltr' id='par_1_5' title="bbox 478 680 3771 762">
     <span class='ocr_line' id='line_1_5' title="bbox 478 680 3771 762; baseline -0.003 -17"><span class='ocrx_word' id='word_1_54' title='bbox 478 691 574 747; x_wconf 76' lang='lat' dir='ltr'><strong>vit.</strong></span> <span class='ocrx_word' id='word_1_55' title='bbox 598 689 819 762; x_wconf 87' lang='lat' dir='ltr'><strong>Legitur</strong></span> <span class='ocrx_word' id='word_1_56' title='bbox 847 693 1025 743; x_wconf 74' lang='lat' dir='ltr'><strong>autem</strong></span> <span class='ocrx_word' id='word_1_57' title='bbox 1048 685 1332 757; x_wconf 78' lang='lat' dir='ltr'><strong>Augustini</strong></span> <span class='ocrx_word' id='word_1_58' title='bbox 1354 685 1573 742; x_wconf 88' lang='lat' dir='ltr'><strong>nomine</strong></span> <span class='ocrx_word' id='word_1_59' title='bbox 1600 686 1653 741; x_wconf 90' lang='lat' dir='ltr'><strong>in</strong></span> <span class='ocrx_word' id='word_1_60' title='bbox 1684 685 1929 741; x_wconf 83' lang='lat' dir='ltr'><strong>Romano</strong></span> <span class='ocrx_word' id='word_1_61' title='bbox 1957 682 2254 750; x_wconf 87' lang='lat' dir='ltr'><strong>Breviario,</strong></span> <span class='ocrx_word' id='word_1_62' title='bbox 2286 692 2340 739; x_wconf 90' lang='lat' dir='ltr'><strong>et</strong></span> <span class='ocrx_word' id='word_1_63' title='bbox 2372 683 2427 740; x_wconf 91' lang='lat' dir='ltr'><strong>in</strong></span> <span class='ocrx_word' id='word_1_64' title='bbox 2454 682 2752 754; x_wconf 84' lang='lat' dir='ltr'><strong>appendice</strong></span> <span class='ocrx_word' id='word_1_65' title='bbox 2779 683 3020 753; x_wconf 89' lang='lat' dir='ltr'><strong>ejusdem</strong></span> <span class='ocrx_word' id='word_1_66' title='bbox 3052 682 3291 739; x_wconf 89' lang='lat' dir='ltr'><strong>doctoris</strong></span> <span class='ocrx_word' id='word_1_67' title='bbox 3323 696 3490 738; x_wconf 90' lang='lat' dir='ltr'><strong>serm.</strong></span> <span class='ocrx_word' id='word_1_68' title='bbox 3517 680 3647 748; x_wconf 71' lang='lat'><strong>2‘25,</strong></span> <span class='ocrx_word' id='word_1_69' title='bbox 3684 683 3771 737; x_wconf 91' lang='lat' dir='ltr'><strong>ubi</strong></span> 
     </span>
    </p>
   </div>
   <div class='ocr_carea' id='block_1_6' title="bbox 477 777 2023 839">
    <p class='ocr_par' dir='ltr' id='par_1_6' title="bbox 477 777 2023 839">
     <span class='ocr_line' id='line_1_6' title="bbox 477 777 2023 839; baseline -0.005 0"><span class='ocrx_word' id='word_1_70' title='bbox 477 785 717 839; x_wconf 84' lang='lat' dir='ltr'><strong>editores</strong></span> <span class='ocrx_word' id='word_1_71' title='bbox 746 780 899 836; x_wconf 77' lang='lat' dir='ltr'><strong>ilium</strong></span> <span class='ocrx_word' id='word_1_72' title='bbox 924 780 984 836; x_wconf 85' lang='grc'><strong>8.</strong></span> <span class='ocrx_word' id='word_1_73' title='bbox 1012 777 1251 836; x_wconf 65' lang='lat' dir='ltr'><strong>Caesarie</strong></span> <span class='ocrx_word' id='word_1_74' title='bbox 1278 778 1658 836; x_wconf 87' lang='lat' dir='ltr'><strong>ascribendum</strong></span> <span class='ocrx_word' id='word_1_75' title='bbox 1692 779 2023 835; x_wconf 83' lang='lat' dir='ltr'><strong>existimant.</strong></span> 
     </span>
    </p>
   </div>
   <div class='ocr_carea' id='block_1_7' title="bbox 552 869 3772 945">
    <p class='ocr_par' dir='ltr' id='par_1_7' title="bbox 552 869 3772 945">
     <span class='ocr_line' id='line_1_7' title="bbox 552 869 3772 945; baseline -0.003 -14"><span class='ocrx_word' id='word_1_76' title='bbox 552 877 606 931; x_wconf 88' lang='lat'><strong>6.</strong></span> <span class='ocrx_word' id='word_1_77' title='bbox 636 876 927 933; x_wconf 86' lang='lat' dir='ltr'><strong>Sermones</strong></span> <span class='ocrx_word' id='word_1_78' title='bbox 953 875 1258 945; x_wconf 89' lang='lat' dir='ltr'><strong>descriptos</strong></span> <span class='ocrx_word' id='word_1_79' title='bbox 1278 874 1332 928; x_wconf 93' lang='lat' dir='ltr'><strong>in</strong></span> <span class='ocrx_word' id='word_1_80' title='bbox 1357 873 1657 943; x_wconf 82' lang='lat' dir='ltr'><strong>appendice</strong></span> <span class='ocrx_word' id='word_1_81' title='bbox 1678 872 2018 929; x_wconf 88' lang='lat' dir='ltr'><strong>collectionis</strong></span> <span class='ocrx_word' id='word_1_82' title='bbox 2041 870 2292 929; x_wconf 68' lang='lat' dir='ltr'><strong>secundat</strong></span> <span class='ocrx_word' id='word_1_83' title='bbox 2312 912 2329 939; x_wconf 92' lang='lat'><strong>,</strong></span> <span class='ocrx_word' id='word_1_84' title='bbox 2364 871 2432 927; x_wconf 92' lang='lat' dir='ltr'><strong>de</strong></span> <span class='ocrx_word' id='word_1_85' title='bbox 2459 869 2657 942; x_wconf 87' lang='lat' dir='ltr'><strong>quibus</strong></span> <span class='ocrx_word' id='word_1_86' title='bbox 2687 872 2741 927; x_wconf 88' lang='lat' dir='ltr'><strong>in</strong></span> <span class='ocrx_word' id='word_1_87' title='bbox 2773 870 3092 943; x_wconf 61' lang='lat' dir='ltr'><strong>praefatione</strong></span> <span class='ocrx_word' id='word_1_88' title='bbox 3121 869 3464 926; x_wconf 87' lang='lat' dir='ltr'><strong>sermonibus</strong></span> <span class='ocrx_word' id='word_1_89' title='bbox 3492 870 3772 941; x_wconf 85' lang='lat' dir='ltr'><strong>praemissa</strong></span> 
     </span>
    </p>
   </div>
   <div class='ocr_carea' id='block_1_8' title="bbox 477 962 3771 1039">
    <p class='ocr_par' dir='ltr' id='par_1_8' title="bbox 477 962 3771 1039">
     <span class='ocr_line' id='line_1_8' title="bbox 477 962 3771 1039; baseline -0.003 -14"><span class='ocrx_word' id='word_1_90' title='bbox 477 984 627 1025; x_wconf 90' lang='lat' dir='ltr'><strong>num.</strong></span> <span class='ocrx_word' id='word_1_91' title='bbox 661 968 752 1035; x_wconf 76' lang='lat' dir='ltr'><strong>l9,</strong></span> <span class='ocrx_word' id='word_1_92' title='bbox 778 968 878 1023; x_wconf 86' lang='lat' dir='ltr'><strong>etsi</strong></span> <span class='ocrx_word' id='word_1_93' title='bbox 911 968 963 1024; x_wconf 89' lang='lat' dir='ltr'><strong>in</strong></span> <span class='ocrx_word' id='word_1_94' title='bbox 990 976 1194 1039; x_wconf 89' lang='lat' dir='ltr'><strong>partem</strong></span> <span class='ocrx_word' id='word_1_95' title='bbox 1222 965 1509 1021; x_wconf 83' lang='lat' dir='ltr'><strong>maximam</strong></span> <span class='ocrx_word' id='word_1_96' title='bbox 1530 967 1650 1021; x_wconf 89' lang='lat' dir='ltr'><strong>aliis</strong></span> <span class='ocrx_word' id='word_1_97' title='bbox 1670 966 2028 1036; x_wconf 89' lang='lat' dir='ltr'><strong>scriptoribus</strong></span> <span class='ocrx_word' id='word_1_98' title='bbox 2059 966 2327 1023; x_wconf 85' lang='lat' dir='ltr'><strong>tribuendi</strong></span> <span class='ocrx_word' id='word_1_99' title='bbox 2360 966 2502 1022; x_wconf 89' lang='lat' dir='ltr'><strong>inter</strong></span> <span class='ocrx_word' id='word_1_100' title='bbox 2527 980 2717 1021; x_wconf 88' lang='lat' dir='ltr'><strong>eorum</strong></span> <span class='ocrx_word' id='word_1_101' title='bbox 2747 980 2908 1036; x_wconf 89' lang='lat' dir='ltr'><strong>opera</strong></span> <span class='ocrx_word' id='word_1_102' title='bbox 2937 964 3065 1021; x_wconf 87' lang='lat' dir='ltr'><strong>editi</strong></span> <span class='ocrx_word' id='word_1_103' title='bbox 3091 962 3312 1031; x_wconf 85' lang='lat' dir='ltr'><strong>fuerint,</strong></span> <span class='ocrx_word' id='word_1_104' title='bbox 3341 964 3427 1019; x_wconf 92' lang='lat' dir='ltr'><strong>hic</strong></span> <span class='ocrx_word' id='word_1_105' title='bbox 3457 974 3637 1019; x_wconf 84' lang='lat' dir='ltr'><strong>tamen</strong></span> <span class='ocrx_word' id='word_1_106' title='bbox 3666 978 3771 1016; x_wconf 83' lang='lat' dir='ltr'><strong>non</strong></span> 
     </span>
    </p>
   </div>
   <div class='ocr_carea' id='block_1_9' title="bbox 478 1056 3776 1132">
    <p class='ocr_par' dir='ltr' id='par_1_9' title="bbox 478 1056 3776 1132">
     <span class='ocr_line' id='line_1_9' title="bbox 478 1056 3776 1132; baseline -0.002 -13"><span class='ocrx_word' id='word_1_107' title='bbox 478 1063 880 1130; x_wconf 91' lang='lat' dir='ltr'><strong>recensuimus,</strong></span> <span class='ocrx_word' id='word_1_108' title='bbox 910 1078 975 1118; x_wconf 91' lang='lat' dir='ltr'><strong>eo</strong></span> <span class='ocrx_word' id='word_1_109' title='bbox 1002 1060 1142 1132; x_wconf 89' lang='lat' dir='ltr'><strong>quod</strong></span> <span class='ocrx_word' id='word_1_110' title='bbox 1174 1075 1243 1116; x_wconf 80' lang='lat' dir='ltr'><strong>ex</strong></span> <span class='ocrx_word' id='word_1_111' title='bbox 1272 1076 1377 1115; x_wconf 90' lang='lat' dir='ltr'><strong>ms.</strong></span> <span class='ocrx_word' id='word_1_112' title='bbox 1411 1059 1650 1115; x_wconf 80' lang='lat' dir='ltr'><strong>basilicae</strong></span> <span class='ocrx_word' id='word_1_113' title='bbox 1678 1058 1737 1115; x_wconf 92' lang='lat' dir='ltr'><strong>S.</strong></span> <span class='ocrx_word' id='word_1_114' title='bbox 1771 1060 1915 1115; x_wconf 89' lang='lat' dir='ltr'><strong>Petri</strong></span> <span class='ocrx_word' id='word_1_115' title='bbox 1946 1059 2053 1114; x_wconf 75' lang='grc'><strong>210</strong></span> <span class='ocrx_word' id='word_1_116' title='bbox 2085 1057 2326 1128; x_wconf 90' lang='lat' dir='ltr'><strong>ejusdem</strong></span> <span class='ocrx_word' id='word_1_117' title='bbox 2346 1058 2682 1114; x_wconf 82' lang='lat' dir='ltr'><strong>collectionis</strong></span> <span class='ocrx_word' id='word_1_118' title='bbox 2706 1058 2941 1128; x_wconf 88' lang='lat' dir='ltr'><strong>separati</strong></span> <span class='ocrx_word' id='word_1_119' title='bbox 2965 1073 2992 1110; x_wconf 89' lang='lat' dir='ltr'><strong>a</strong></span> <span class='ocrx_word' id='word_1_120' title='bbox 3016 1057 3213 1113; x_wconf 87' lang='lat' dir='ltr'><strong>Leonis</strong></span> <span class='ocrx_word' id='word_1_121' title='bbox 3234 1056 3591 1112; x_wconf 83' lang='lat' dir='ltr'><strong>Sermonibus</strong></span> <span class='ocrx_word' id='word_1_122' title='bbox 3622 1056 3776 1111; x_wconf 88' lang='lat' dir='ltr'><strong>inve-</strong></span> 
     </span>
    </p>
   </div>
   <div class='ocr_carea' id='block_1_10' title="bbox 478 1149 3771 1229">
    <p class='ocr_par' dir='ltr' id='par_1_10' title="bbox 478 1149 3771 1229">
     <span class='ocr_line' id='line_1_10' title="bbox 478 1149 3771 1229; baseline -0.004 -12"><span class='ocrx_word' id='word_1_123' title='bbox 478 1158 721 1227; x_wconf 86' lang='lat' dir='ltr'><strong>niantur,</strong></span> <span class='ocrx_word' id='word_1_124' title='bbox 765 1167 888 1229; x_wconf 91' lang='lat' dir='ltr'><strong>post</strong></span> <span class='ocrx_word' id='word_1_125' title='bbox 914 1158 1197 1227; x_wconf 73' lang='lat' dir='ltr'><strong>interiecta</strong></span> <span class='ocrx_word' id='word_1_126' title='bbox 1222 1155 1468 1226; x_wconf 81' lang='lat' dir='ltr'><strong>quaedam</strong></span> <span class='ocrx_word' id='word_1_127' title='bbox 1499 1154 1750 1226; x_wconf 87' lang='lat' dir='ltr'><strong>Cypriani</strong></span> <span class='ocrx_word' id='word_1_128' title='bbox 1780 1153 2049 1223; x_wconf 89' lang='lat' dir='ltr'><strong>Opuscula</strong></span> <span class='ocrx_word' id='word_1_129' title='bbox 2068 1151 2298 1223; x_wconf 81' lang='lat' dir='ltr'><strong>subjecti</strong></span> <span class='ocrx_word' id='word_1_130' title='bbox 2324 1151 2445 1208; x_wconf 90' lang='lat' dir='ltr'><strong>sine</strong></span> <span class='ocrx_word' id='word_1_131' title='bbox 2468 1152 2579 1207; x_wconf 89' lang='lat' dir='ltr'><strong>ullo</strong></span> <span class='ocrx_word' id='word_1_132' title='bbox 2606 1152 2842 1208; x_wconf 87' lang='lat' dir='ltr'><strong>auctoris</strong></span> <span class='ocrx_word' id='word_1_133' title='bbox 2868 1152 3117 1216; x_wconf 85' lang='lat' dir='ltr'><strong>nomine;</strong></span> <span class='ocrx_word' id='word_1_134' title='bbox 3148 1150 3291 1207; x_wconf 89' lang='lat' dir='ltr'><strong>unde</strong></span> <span class='ocrx_word' id='word_1_135' title='bbox 3325 1150 3491 1208; x_wconf 87' lang='lat' dir='ltr'><strong>Leoni</strong></span> <span class='ocrx_word' id='word_1_136' title='bbox 3523 1149 3771 1206; x_wconf 83' lang='lat' dir='ltr'><strong>attributi</strong></span> 
     </span>
    </p>
   </div>
   <div class='ocr_carea' id='block_1_11' title="bbox 480 1236 3772 1323">
    <p class='ocr_par' dir='ltr' id='par_1_11' title="bbox 480 1236 3772 1323">
     <span class='ocr_line' id='line_1_11' title="bbox 480 1236 3772 1323; baseline -0.004 -14"><span class='ocrx_word' id='word_1_137' title='bbox 480 1252 585 1310; x_wconf 89' lang='lat' dir='ltr'><strong>dici</strong></span> <span class='ocrx_word' id='word_1_138' title='bbox 621 1236 910 1323; x_wconf 80' lang='lat' dir='ltr'><strong>nequeunt.</strong></span> <span class='ocrx_word' id='word_1_139' title='bbox 951 1251 1153 1307; x_wconf 85' lang='lat' dir='ltr'><strong>Eadem</strong></span> <span class='ocrx_word' id='word_1_140' title='bbox 1193 1250 1259 1306; x_wconf 92' lang='lat' dir='ltr'><strong>de</strong></span> <span class='ocrx_word' id='word_1_141' title='bbox 1302 1263 1461 1305; x_wconf 91' lang='lat' dir='ltr'><strong>causa</strong></span> <span class='ocrx_word' id='word_1_142' title='bbox 1494 1248 1547 1303; x_wconf 91' lang='lat' dir='ltr'><strong>in</strong></span> <span class='ocrx_word' id='word_1_143' title='bbox 1570 1248 1670 1303; x_wconf 87' lang='lat' dir='ltr'><strong>hac</strong></span> <span class='ocrx_word' id='word_1_144' title='bbox 1695 1248 1837 1303; x_wconf 91' lang='lat' dir='ltr'><strong>serie</strong></span> <span class='ocrx_word' id='word_1_145' title='bbox 1879 1260 1983 1300; x_wconf 92' lang='lat' dir='ltr'><strong>non</strong></span> <span class='ocrx_word' id='word_1_146' title='bbox 2013 1245 2399 1302; x_wconf 83' lang='lat' dir='ltr'><strong>collocavimus</strong></span> <span class='ocrx_word' id='word_1_147' title='bbox 2436 1245 2793 1315; x_wconf 80' lang='lat' dir='ltr'><strong>fragmentum</strong></span> <span class='ocrx_word' id='word_1_148' title='bbox 2819 1245 3090 1300; x_wconf 84' lang='lat' dir='ltr'><strong>sermonis</strong></span> <span class='ocrx_word' id='word_1_149' title='bbox 3119 1243 3182 1296; x_wconf 87' lang='lat' dir='ltr'><strong>de</strong></span> <span class='ocrx_word' id='word_1_150' title='bbox 3212 1241 3434 1296; x_wconf 76' lang='lat' dir='ltr'><strong>Abraha:</strong></span> <span class='ocrx_word' id='word_1_151' title='bbox 3460 1240 3575 1311; x_wconf 72' lang='lat' dir='ltr'><strong>ﬁlio</strong></span> <span class='ocrx_word' id='word_1_152' title='bbox 3608 1256 3641 1297; x_wconf 90' lang='lat' dir='ltr'><strong>e</strong></span> <span class='ocrx_word' id='word_1_153' title='bbox 3668 1257 3772 1297; x_wconf 90' lang='lat' dir='ltr'><strong>ms.</strong></span> 
     </span>
    </p>
   </div>
   <div class='ocr_carea' id='block_1_12' title="bbox 481 1335 3765 1407">
    <p class='ocr_par' dir='ltr' id='par_1_12' title="bbox 481 1335 3765 1407">
     <span class='ocr_line' id='line_1_12' title="bbox 481 1335 3765 1407; baseline -0.004 -6"><span class='ocrx_word' id='word_1_154' title='bbox 481 1346 829 1401; x_wconf 84' lang='lat' dir='ltr'><strong>bibliothecae</strong></span> <span class='ocrx_word' id='word_1_155' title='bbox 869 1344 1224 1401; x_wconf 85' lang='lat' dir='ltr'><strong>Bononiensis</strong></span> <span class='ocrx_word' id='word_1_156' title='bbox 1266 1343 1324 1399; x_wconf 89' lang='lat' dir='ltr'><strong>S.</strong></span> <span class='ocrx_word' id='word_1_157' title='bbox 1369 1343 1670 1399; x_wconf 90' lang='lat' dir='ltr'><strong>Salvatoris</strong></span> <span class='ocrx_word' id='word_1_158' title='bbox 1702 1356 1732 1395; x_wconf 90' lang='lat' dir='ltr'><strong>a</strong></span> <span class='ocrx_word' id='word_1_159' title='bbox 1780 1340 1841 1395; x_wconf 88' lang='lat' dir='ltr'><strong>P.</strong></span> <span class='ocrx_word' id='word_1_160' title='bbox 1870 1341 2065 1396; x_wconf 86' lang='lat' dir='ltr'><strong>abbate</strong></span> <span class='ocrx_word' id='word_1_161' title='bbox 2088 1339 2419 1396; x_wconf 88' lang='lat' dir='ltr'><strong>Trombellio</strong></span> <span class='ocrx_word' id='word_1_162' title='bbox 2464 1340 2668 1396; x_wconf 88' lang='lat' dir='ltr'><strong>editum</strong></span> <span class='ocrx_word' id='word_1_163' title='bbox 2714 1346 2847 1395; x_wconf 89' lang='lat' dir='ltr'><strong>tom.</strong></span> <span class='ocrx_word' id='word_1_164' title='bbox 2872 1337 2920 1395; x_wconf 77' lang='lat' dir='ltr'>ll</span> <span class='ocrx_word' id='word_1_165' title='bbox 2948 1339 3209 1395; x_wconf 80' lang='lat' dir='ltr'><strong>Anedoct.</strong></span> <span class='ocrx_word' id='word_1_166' title='bbox 3242 1343 3377 1407; x_wconf 87' lang='lat' dir='ltr'><strong>part.</strong></span> <span class='ocrx_word' id='word_1_167' title='bbox 3410 1352 3447 1403; x_wconf 83' lang='grc' dir='ltr'><strong>ι,</strong></span> <span class='ocrx_word' id='word_1_168' title='bbox 3476 1352 3604 1407; x_wconf 82' lang='lat' dir='ltr'><strong>pag.</strong></span> <span class='ocrx_word' id='word_1_169' title='bbox 3637 1335 3765 1391; x_wconf 73' lang='lat'><strong>252.</strong></span> 
     </span>
    </p>
   </div>
   <div class='ocr_carea' id='block_1_13' title="bbox 480 1430 3769 1502">
    <p class='ocr_par' dir='ltr' id='par_1_13' title="bbox 480 1430 3769 1502">
     <span class='ocr_line' id='line_1_13' title="bbox 480 1430 3769 1502; baseline -0.003 -9"><span class='ocrx_word' id='word_1_170' title='bbox 480 1436 614 1493; x_wconf 87' lang='lat' dir='ltr'><strong>Cum</strong></span> <span class='ocrx_word' id='word_1_171' title='bbox 645 1438 789 1493; x_wconf 92' lang='lat' dir='ltr'><strong>enim</strong></span> <span class='ocrx_word' id='word_1_172' title='bbox 813 1436 985 1491; x_wconf 78' lang='lat' dir='ltr'><strong>codex</strong></span> <span class='ocrx_word' id='word_1_173' title='bbox 1018 1434 1257 1489; x_wconf 89' lang='lat' dir='ltr'><strong>auctoris</strong></span> <span class='ocrx_word' id='word_1_174' title='bbox 1284 1433 1501 1488; x_wconf 89' lang='lat' dir='ltr'><strong>nomine</strong></span> <span class='ocrx_word' id='word_1_175' title='bbox 1524 1440 1691 1498; x_wconf 83' lang='lat' dir='ltr'><strong>caret,</strong></span> <span class='ocrx_word' id='word_1_176' title='bbox 1730 1440 1840 1485; x_wconf 89' lang='lat' dir='ltr'><strong>tum</strong></span> <span class='ocrx_word' id='word_1_177' title='bbox 1869 1446 1997 1487; x_wconf 90' lang='lat' dir='ltr'><strong>vero</strong></span> <span class='ocrx_word' id='word_1_178' title='bbox 2017 1432 2132 1502; x_wconf 90' lang='lat' dir='ltr'><strong>ipse</strong></span> <span class='ocrx_word' id='word_1_179' title='bbox 2156 1432 2333 1488; x_wconf 89' lang='lat' dir='ltr'><strong>editor</strong></span> <span class='ocrx_word' id='word_1_180' title='bbox 2362 1448 2426 1488; x_wconf 78' lang='lat' dir='ltr'><strong>ex</strong></span> <span class='ocrx_word' id='word_1_181' title='bbox 2450 1432 2679 1502; x_wconf 88' lang='lat' dir='ltr'><strong>simplici</strong></span> <span class='ocrx_word' id='word_1_182' title='bbox 2706 1432 3104 1501; x_wconf 89' lang='lat' dir='ltr'><strong>conjectatione</strong></span> <span class='ocrx_word' id='word_1_183' title='bbox 3154 1444 3285 1500; x_wconf 69' lang='lat' dir='ltr'><strong>vaga</strong></span> <span class='ocrx_word' id='word_1_184' title='bbox 3312 1438 3367 1484; x_wconf 92' lang='lat' dir='ltr'><strong>et</strong></span> <span class='ocrx_word' id='word_1_185' title='bbox 3395 1430 3603 1486; x_wconf 88' lang='lat' dir='ltr'><strong>incerta</strong></span> <span class='ocrx_word' id='word_1_186' title='bbox 3634 1430 3769 1485; x_wconf 90' lang='lat' dir='ltr'><strong>illud</strong></span> 
     </span>
    </p>
   </div>
   <div class='ocr_carea' id='block_1_14' title="bbox 481 1523 2957 1597">
    <p class='ocr_par' dir='ltr' id='par_1_14' title="bbox 481 1523 2957 1597">
     <span class='ocr_line' id='line_1_14' title="bbox 481 1523 2957 1597; baseline -0.002 -13"><span class='ocrx_word' id='word_1_187' title='bbox 481 1530 573 1584; x_wconf 93' lang='lat' dir='ltr'><strong>vel</strong></span> <span class='ocrx_word' id='word_1_188' title='bbox 598 1529 788 1593; x_wconf 88' lang='lat' dir='ltr'><strong>Leoni,</strong></span> <span class='ocrx_word' id='word_1_189' title='bbox 818 1527 901 1582; x_wconf 88' lang='lat' dir='ltr'><strong>vel</strong></span> <span class='ocrx_word' id='word_1_190' title='bbox 925 1526 1155 1581; x_wconf 81' lang='lat' dir='ltr'><strong>Maximo</strong></span> <span class='ocrx_word' id='word_1_191' title='bbox 1177 1525 1518 1591; x_wconf 90' lang='lat' dir='ltr'><strong>Taurinensi,</strong></span> <span class='ocrx_word' id='word_1_192' title='bbox 1551 1525 1635 1580; x_wconf 89' lang='lat' dir='ltr'><strong>vel</strong></span> <span class='ocrx_word' id='word_1_193' title='bbox 1682 1523 1837 1579; x_wconf 85' lang='lat' dir='ltr'><strong>Petro</strong></span> <span class='ocrx_word' id='word_1_194' title='bbox 1858 1523 2199 1597; x_wconf 85' lang='lat' dir='ltr'><strong>Chrysologo</strong></span> <span class='ocrx_word' id='word_1_195' title='bbox 2224 1526 2389 1580; x_wconf 90' lang='lat' dir='ltr'><strong>tribui</strong></span> <span class='ocrx_word' id='word_1_196' title='bbox 2420 1540 2582 1596; x_wconf 90' lang='lat' dir='ltr'><strong>posse</strong></span> <span class='ocrx_word' id='word_1_197' title='bbox 2610 1526 2957 1581; x_wconf 82' lang='lat' dir='ltr'><strong>existimavit.</strong></span> 
     </span>
    </p>
   </div>
   <div class='ocr_carea' id='block_1_15' title="bbox 553 1601 3771 1693">
    <p class='ocr_par' dir='ltr' id='par_1_15' title="bbox 553 1601 3771 1693">
     <span class='ocr_line' id='line_1_15' title="bbox 553 1601 3771 1693; baseline -0.002 -18"><span class='ocrx_word' id='word_1_198' title='bbox 553 1621 607 1675; x_wconf 85' lang='lat'><strong>7.</strong></span> <span class='ocrx_word' id='word_1_199' title='bbox 640 1618 853 1693; x_wconf 77' lang='lat' dir='ltr'><strong>Reliqui</strong></span> <span class='ocrx_word' id='word_1_200' title='bbox 881 1626 1009 1675; x_wconf 84' lang='lat' dir='ltr'><strong>sunt</strong></span> <span class='ocrx_word' id='word_1_201' title='bbox 1036 1601 1317 1673; x_wconf 62' lang='lat' dir='ltr'><strong>sermon&#39;es</strong></span> <span class='ocrx_word' id='word_1_202' title='bbox 1334 1617 1503 1673; x_wconf 89' lang='lat' dir='ltr'><strong>Leoni</strong></span> <span class='ocrx_word' id='word_1_203' title='bbox 1535 1616 1587 1672; x_wconf 92' lang='lat' dir='ltr'><strong>in</strong></span> <span class='ocrx_word' id='word_1_204' title='bbox 1619 1616 1825 1688; x_wconf 89' lang='lat' dir='ltr'><strong>aliquot</strong></span> <span class='ocrx_word' id='word_1_205' title='bbox 1845 1616 2121 1673; x_wconf 87' lang='lat' dir='ltr'><strong>codicibus</strong></span> <span class='ocrx_word' id='word_1_206' title='bbox 2151 1618 2393 1688; x_wconf 85' lang='lat' dir='ltr'><strong>ascripti,</strong></span> <span class='ocrx_word' id='word_1_207' title='bbox 2424 1617 2516 1688; x_wconf 92' lang='lat' dir='ltr'><strong>qui</strong></span> <span class='ocrx_word' id='word_1_208' title='bbox 2539 1618 2687 1673; x_wconf 90' lang='lat' dir='ltr'><strong>nulla</strong></span> <span class='ocrx_word' id='word_1_209' title='bbox 2709 1619 2761 1672; x_wconf 91' lang='lat' dir='ltr'><strong>in</strong></span> <span class='ocrx_word' id='word_1_210' title='bbox 2787 1616 3256 1673; x_wconf 69' lang='lat' dir='ltr'><strong>editionei’atrum</strong></span> <span class='ocrx_word' id='word_1_211' title='bbox 3281 1615 3613 1684; x_wconf 82' lang='lat' dir='ltr'><strong>prodierunt.</strong></span> <span class='ocrx_word' id='word_1_212' title='bbox 3639 1613 3771 1679; x_wconf 86' lang='lat' dir='ltr'><strong>Hos,</strong></span> 
     </span>
    </p>
   </div>
   <div class='ocr_carea' id='block_1_16' title="bbox 476 1710 3777 1787">
    <p class='ocr_par' dir='ltr' id='par_1_16' title="bbox 476 1710 3777 1787">
     <span class='ocr_line' id='line_1_16' title="bbox 476 1710 3777 1787; baseline -0.002 -13"><span class='ocrx_word' id='word_1_213' title='bbox 476 1730 599 1775; x_wconf 73' lang='lat' dir='ltr'><strong>eum</strong></span> <span class='ocrx_word' id='word_1_214' title='bbox 629 1715 774 1772; x_wconf 88' lang='lat' dir='ltr'><strong>editu</strong></span> <span class='ocrx_word' id='word_1_215' title='bbox 801 1714 946 1787; x_wconf 82' lang='lat' dir='ltr'><strong>digni</strong></span> <span class='ocrx_word' id='word_1_216' title='bbox 976 1713 1072 1768; x_wconf 84' lang='lat' dir='ltr'><strong>visi</strong></span> <span class='ocrx_word' id='word_1_217' title='bbox 1095 1720 1241 1780; x_wconf 86' lang='lat' dir='ltr'><strong>sunt,</strong></span> <span class='ocrx_word' id='word_1_218' title='bbox 1274 1712 1328 1767; x_wconf 92' lang='lat' dir='ltr'><strong>in</strong></span> <span class='ocrx_word' id='word_1_219' title='bbox 1357 1713 1598 1785; x_wconf 90' lang='lat' dir='ltr'><strong>subjecta</strong></span> <span class='ocrx_word' id='word_1_220' title='bbox 1627 1714 1924 1785; x_wconf 89' lang='lat' dir='ltr'><strong>appendice</strong></span> <span class='ocrx_word' id='word_1_221' title='bbox 1954 1713 2221 1769; x_wconf 87' lang='lat' dir='ltr'><strong>invenies.</strong></span> <span class='ocrx_word' id='word_1_222' title='bbox 2255 1715 2356 1781; x_wconf 85' lang='lat' dir='ltr'><strong>Qui</strong></span> <span class='ocrx_word' id='word_1_223' title='bbox 2398 1714 2658 1784; x_wconf 84' lang='lat' dir='ltr'><strong>peculiari</strong></span> <span class='ocrx_word' id='word_1_224' title='bbox 2706 1716 2884 1785; x_wconf 90' lang='lat' dir='ltr'><strong>aliqua</strong></span> <span class='ocrx_word' id='word_1_225' title='bbox 2937 1715 3147 1770; x_wconf 85' lang='lat' dir='ltr'><strong>ratione</strong></span> <span class='ocrx_word' id='word_1_226' title='bbox 3168 1729 3197 1767; x_wconf 93' lang='lat' dir='ltr'><strong>a</strong></span> <span class='ocrx_word' id='word_1_227' title='bbox 3222 1714 3411 1769; x_wconf 85' lang='lat' dir='ltr'><strong>Leone</strong></span> <span class='ocrx_word' id='word_1_228' title='bbox 3428 1710 3777 1783; x_wconf 83' lang='lat' dir='ltr'><strong>abjudicandi</strong></span> 
     </span>
    </p>
   </div>
   <div class='ocr_carea' id='block_1_17' title="bbox 480 1803 3773 1877">
    <p class='ocr_par' dir='ltr' id='par_1_17' title="bbox 480 1803 3773 1877">
     <span class='ocr_line' id='line_1_17' title="bbox 480 1803 3773 1877; baseline -0.001 -14"><span class='ocrx_word' id='word_1_229' title='bbox 480 1808 721 1877; x_wconf 90' lang='lat' dir='ltr'><strong>fuerunt,</strong></span> <span class='ocrx_word' id='word_1_230' title='bbox 749 1803 1174 1861; x_wconf 85' lang='lat' dir='ltr'><strong>admonitionem</strong></span> <span class='ocrx_word' id='word_1_231' title='bbox 1202 1804 1494 1875; x_wconf 86' lang='lat' dir='ltr'><strong>praeferent</strong></span> <span class='ocrx_word' id='word_1_232' title='bbox 1518 1806 1570 1861; x_wconf 92' lang='lat' dir='ltr'><strong>in</strong></span> <span class='ocrx_word' id='word_1_233' title='bbox 1604 1822 1707 1875; x_wconf 79' lang='lat' dir='ltr'><strong>quo</strong></span> <span class='ocrx_word' id='word_1_234' title='bbox 1740 1817 2056 1876; x_wconf 84' lang='lat' dir='ltr'><strong>opportunae</strong></span> <span class='ocrx_word' id='word_1_235' title='bbox 2086 1806 2493 1863; x_wconf 87' lang='lat' dir='ltr'><strong>observationes</strong></span> <span class='ocrx_word' id='word_1_236' title='bbox 2513 1810 2843 1864; x_wconf 91' lang='lat' dir='ltr'><strong>inserentur.</strong></span> <span class='ocrx_word' id='word_1_237' title='bbox 2867 1808 3056 1876; x_wconf 81' lang='lat' dir='ltr'><strong>Quoad</strong></span> <span class='ocrx_word' id='word_1_238' title='bbox 3083 1817 3312 1863; x_wconf 70' lang='lat' dir='ltr'><strong>caeteros</strong></span> <span class='ocrx_word' id='word_1_239' title='bbox 3334 1823 3485 1875; x_wconf 85' lang='lat' dir='ltr'><strong>vero,</strong></span> <span class='ocrx_word' id='word_1_240' title='bbox 3511 1808 3601 1876; x_wconf 91' lang='lat' dir='ltr'><strong>qui</strong></span> <span class='ocrx_word' id='word_1_241' title='bbox 3634 1804 3773 1861; x_wconf 85' lang='lat' dir='ltr'><strong>nihil</strong></span> 
     </span>
    </p>
   </div>
   <div class='ocr_carea' id='block_1_18' title="bbox 480 1898 3774 1975">
    <p class='ocr_par' dir='ltr' id='par_1_18' title="bbox 480 1898 3774 1975">
     <span class='ocr_line' id='line_1_18' title="bbox 480 1898 3774 1975; baseline 0 -20"><span class='ocrx_word' id='word_1_242' title='bbox 480 1898 751 1972; x_wconf 83' lang='lat' dir='ltr'><strong>peculiare</strong></span> <span class='ocrx_word' id='word_1_243' title='bbox 778 1898 998 1965; x_wconf 84' lang='lat' dir='ltr'><strong>habent,</strong></span> <span class='ocrx_word' id='word_1_244' title='bbox 1026 1912 1148 1953; x_wconf 91' lang='lat' dir='ltr'><strong>cum</strong></span> <span class='ocrx_word' id='word_1_245' title='bbox 1178 1898 1341 1953; x_wconf 85' lang='lat' dir='ltr'><strong>Leoni</strong></span> <span class='ocrx_word' id='word_1_246' title='bbox 1370 1914 1463 1954; x_wconf 94' lang='lat' dir='ltr'><strong>eos</strong></span> <span class='ocrx_word' id='word_1_247' title='bbox 1509 1901 1706 1955; x_wconf 88' lang='lat' dir='ltr'><strong>ascribi</strong></span> <span class='ocrx_word' id='word_1_248' title='bbox 1748 1916 1857 1959; x_wconf 92' lang='lat' dir='ltr'><strong>non</strong></span> <span class='ocrx_word' id='word_1_249' title='bbox 1910 1916 2073 1971; x_wconf 85' lang='lat' dir='ltr'><strong>posse</strong></span> <span class='ocrx_word' id='word_1_250' title='bbox 2122 1900 2231 1956; x_wconf 91' lang='lat' dir='ltr'><strong>duo</strong></span> <span class='ocrx_word' id='word_1_251' title='bbox 2287 1903 2634 1959; x_wconf 86' lang='lat' dir='ltr'><strong>characteres</strong></span> <span class='ocrx_word' id='word_1_252' title='bbox 2667 1919 2815 1958; x_wconf 92' lang='lat' dir='ltr'><strong>num.</strong></span> <span class='ocrx_word' id='word_1_253' title='bbox 2852 1905 2886 1958; x_wconf 84' lang='grc'><strong>5</strong></span> <span class='ocrx_word' id='word_1_254' title='bbox 2915 1903 3174 1975; x_wconf 88' lang='lat' dir='ltr'><strong>propositi</strong></span> <span class='ocrx_word' id='word_1_255' title='bbox 3214 1903 3345 1958; x_wconf 86' lang='lat' dir='ltr'><strong>satis</strong></span> <span class='ocrx_word' id='word_1_256' title='bbox 3370 1902 3774 1968; x_wconf 85' lang='lat' dir='ltr'><strong>demonstrent,</strong></span> 
     </span>
    </p>
   </div>
   <div class='ocr_carea' id='block_1_19' title="bbox 476 1992 3270 2065">
    <p class='ocr_par' dir='ltr' id='par_1_19' title="bbox 476 1992 3270 2065">
     <span class='ocr_line' id='line_1_19' title="bbox 476 1992 3270 2065; baseline 0 -17"><span class='ocrx_word' id='word_1_257' title='bbox 476 1993 720 2051; x_wconf 86' lang='lat' dir='ltr'><strong>codicem</strong></span> <span class='ocrx_word' id='word_1_258' title='bbox 750 2007 815 2048; x_wconf 81' lang='lat' dir='ltr'><strong>ex</strong></span> <span class='ocrx_word' id='word_1_259' title='bbox 847 2008 952 2061; x_wconf 92' lang='lat' dir='ltr'><strong>quo</strong></span> <span class='ocrx_word' id='word_1_260' title='bbox 978 2006 1073 2046; x_wconf 91' lang='lat' dir='ltr'><strong>eos</strong></span> <span class='ocrx_word' id='word_1_261' title='bbox 1100 1992 1294 2048; x_wconf 88' lang='lat' dir='ltr'><strong>Leonis</strong></span> <span class='ocrx_word' id='word_1_262' title='bbox 1324 1992 1543 2047; x_wconf 84' lang='lat' dir='ltr'><strong>nomine</strong></span> <span class='ocrx_word' id='word_1_263' title='bbox 1574 1994 1861 2062; x_wconf 89' lang='lat' dir='ltr'><strong>inscriptos</strong></span> <span class='ocrx_word' id='word_1_264' title='bbox 1889 1995 2152 2060; x_wconf 89' lang='lat' dir='ltr'><strong>eruimus,</strong></span> <span class='ocrx_word' id='word_1_265' title='bbox 2186 1996 2239 2050; x_wconf 90' lang='lat' dir='ltr'><strong>in</strong></span> <span class='ocrx_word' id='word_1_266' title='bbox 2274 1997 2514 2065; x_wconf 89' lang='lat' dir='ltr'><strong>ipsorum</strong></span> <span class='ocrx_word' id='word_1_267' title='bbox 2541 1996 2719 2054; x_wconf 89' lang='lat' dir='ltr'><strong>fronte</strong></span> <span class='ocrx_word' id='word_1_268' title='bbox 2746 1997 2986 2053; x_wconf 89' lang='lat' dir='ltr'><strong>indicare</strong></span> <span class='ocrx_word' id='word_1_269' title='bbox 3019 1996 3270 2053; x_wconf 81' lang='lat' dir='ltr'><strong>sufﬁciet.</strong></span> 
     </span>
    </p>
   </div>
   <div class='ocr_carea' id='block_1_20' title="bbox 550 2082 3781 2157">
    <p class='ocr_par' dir='ltr' id='par_1_20' title="bbox 550 2082 3781 2157">
     <span class='ocr_line' id='line_1_20' title="bbox 550 2082 3781 2157; baseline 0.001 -16"><span class='ocrx_word' id='word_1_270' title='bbox 550 2087 602 2141; x_wconf 85' lang='lat'><strong>8.</strong></span> <span class='ocrx_word' id='word_1_271' title='bbox 638 2085 821 2155; x_wconf 87' lang='lat' dir='ltr'><strong>Neque</strong></span> <span class='ocrx_word' id='word_1_272' title='bbox 852 2083 1054 2138; x_wconf 89' lang='lat' dir='ltr'><strong>idcirco</strong></span> <span class='ocrx_word' id='word_1_273' title='bbox 1084 2082 1358 2139; x_wconf 87' lang='lat' dir='ltr'><strong>credimus</strong></span> <span class='ocrx_word' id='word_1_274' title='bbox 1387 2100 1576 2140; x_wconf 90' lang='lat' dir='ltr'><strong>omnes</strong></span> <span class='ocrx_word' id='word_1_275' title='bbox 1602 2101 1884 2141; x_wconf 88' lang='lat' dir='ltr'><strong>sermones</strong></span> <span class='ocrx_word' id='word_1_276' title='bbox 1912 2087 2002 2157; x_wconf 89' lang='lat' dir='ltr'><strong>qui</strong></span> <span class='ocrx_word' id='word_1_277' title='bbox 2034 2087 2203 2143; x_wconf 88' lang='lat' dir='ltr'><strong>Leoni</strong></span> <span class='ocrx_word' id='word_1_278' title='bbox 2238 2089 2293 2144; x_wconf 91' lang='lat' dir='ltr'><strong>in</strong></span> <span class='ocrx_word' id='word_1_279' title='bbox 2330 2105 2460 2145; x_wconf 79' lang='lat' dir='ltr'><strong>mss.</strong></span> <span class='ocrx_word' id='word_1_280' title='bbox 2488 2092 2795 2146; x_wconf 88' lang='lat' dir='ltr'><strong>tribuuntur</strong></span> <span class='ocrx_word' id='word_1_281' title='bbox 2823 2106 2851 2144; x_wconf 90' lang='lat' dir='ltr'><strong>a</strong></span> <span class='ocrx_word' id='word_1_282' title='bbox 2887 2092 3042 2146; x_wconf 90' lang='lat' dir='ltr'><strong>nobis</strong></span> <span class='ocrx_word' id='word_1_283' title='bbox 3091 2092 3342 2145; x_wconf 83' lang='lat' dir='ltr'><strong>inventos</strong></span> <span class='ocrx_word' id='word_1_284' title='bbox 3386 2087 3574 2143; x_wconf 84' lang='lat' dir='ltr'><strong>fuisse.</strong></span> <span class='ocrx_word' id='word_1_285' title='bbox 3602 2087 3781 2145; x_wconf 82' lang='lat' dir='ltr'><strong>Immo</strong></span> 
     </span>
    </p>
   </div>
   <div class='ocr_carea' id='block_1_21' title="bbox 478 2177 3781 2255">
    <p class='ocr_par' dir='ltr' id='par_1_21' title="bbox 478 2177 3781 2255">
     <span class='ocr_line' id='line_1_21' title="bbox 478 2177 3781 2255; baseline 0.001 -20"><span class='ocrx_word' id='word_1_286' title='bbox 478 2195 597 2235; x_wconf 93' lang='lat' dir='ltr'><strong>cum</strong></span> <span class='ocrx_word' id='word_1_287' title='bbox 626 2180 677 2235; x_wconf 90' lang='lat' dir='ltr'><strong>in</strong></span> <span class='ocrx_word' id='word_1_288' title='bbox 703 2178 952 2234; x_wconf 87' lang='lat' dir='ltr'><strong>omnibus</strong></span> <span class='ocrx_word' id='word_1_289' title='bbox 976 2178 1089 2233; x_wconf 91' lang='lat' dir='ltr'><strong>fere</strong></span> <span class='ocrx_word' id='word_1_290' title='bbox 1113 2177 1465 2235; x_wconf 89' lang='lat' dir='ltr'><strong>Lectionariis</strong></span> <span class='ocrx_word' id='word_1_291' title='bbox 1491 2179 1827 2236; x_wconf 86' lang='lat' dir='ltr'><strong>diversarum</strong></span> <span class='ocrx_word' id='word_1_292' title='bbox 1862 2181 2227 2239; x_wconf 88' lang='lat' dir='ltr'><strong>Ecclesiarum</strong></span> <span class='ocrx_word' id='word_1_293' title='bbox 2260 2183 2413 2239; x_wconf 90' lang='lat' dir='ltr'><strong>libris</strong></span> <span class='ocrx_word' id='word_1_294' title='bbox 2436 2199 2573 2255; x_wconf 90' lang='lat' dir='ltr'><strong>quos</strong></span> <span class='ocrx_word' id='word_1_295' title='bbox 2602 2185 2930 2240; x_wconf 90' lang='lat' dir='ltr'><strong>contulimus</strong></span> <span class='ocrx_word' id='word_1_296' title='bbox 2962 2184 3198 2254; x_wconf 87' lang='lat' dir='ltr'><strong>aliquem</strong></span> <span class='ocrx_word' id='word_1_297' title='bbox 3236 2197 3436 2237; x_wconf 88' lang='lat' dir='ltr'><strong>novum</strong></span> <span class='ocrx_word' id='word_1_298' title='bbox 3468 2196 3781 2237; x_wconf 87' lang='lat' dir='ltr'><strong>sermonem</strong></span> 
     </span>
    </p>
   </div>
   <div class='ocr_carea' id='block_1_22' title="bbox 477 2272 3783 2346">
    <p class='ocr_par' dir='ltr' id='par_1_22' title="bbox 477 2272 3783 2346">
     <span class='ocr_line' id='line_1_22' title="bbox 477 2272 3783 2346; baseline -0 -16"><span class='ocrx_word' id='word_1_299' title='bbox 477 2273 776 2330; x_wconf 88' lang='lat' dir='ltr'><strong>Leoninum</strong></span> <span class='ocrx_word' id='word_1_300' title='bbox 809 2272 950 2328; x_wconf 89' lang='lat' dir='ltr'><strong>nacti</strong></span> <span class='ocrx_word' id='word_1_301' title='bbox 980 2272 1169 2342; x_wconf 88' lang='lat' dir='ltr'><strong>simus,</strong></span> <span class='ocrx_word' id='word_1_302' title='bbox 1199 2272 1331 2327; x_wconf 89' lang='lat' dir='ltr'><strong>nihil</strong></span> <span class='ocrx_word' id='word_1_303' title='bbox 1365 2272 1689 2343; x_wconf 86' lang='lat' dir='ltr'><strong>ambigimus</strong></span> <span class='ocrx_word' id='word_1_304' title='bbox 1716 2276 1845 2343; x_wconf 89' lang='lat' dir='ltr'><strong>quin</strong></span> <span class='ocrx_word' id='word_1_305' title='bbox 1870 2274 1991 2328; x_wconf 89' lang='lat' dir='ltr'><strong>aliis</strong></span> <span class='ocrx_word' id='word_1_306' title='bbox 2032 2274 2166 2331; x_wconf 87' lang='lat' dir='ltr'><strong>alios</strong></span> <span class='ocrx_word' id='word_1_307' title='bbox 2194 2274 2459 2346; x_wconf 89' lang='lat' dir='ltr'><strong>ejusmodi</strong></span> <span class='ocrx_word' id='word_1_308' title='bbox 2489 2275 2707 2331; x_wconf 86' lang='lat' dir='ltr'><strong>codices</strong></span> <span class='ocrx_word' id='word_1_309' title='bbox 2751 2274 3128 2330; x_wconf 87' lang='lat' dir='ltr'><strong>evolventibus</strong></span> <span class='ocrx_word' id='word_1_310' title='bbox 3169 2272 3303 2328; x_wconf 90' lang='lat' dir='ltr'><strong>alios</strong></span> <span class='ocrx_word' id='word_1_311' title='bbox 3354 2287 3635 2329; x_wconf 86' lang='lat' dir='ltr'><strong>sermones</strong></span> <span class='ocrx_word' id='word_1_312' title='bbox 3658 2273 3783 2344; x_wconf 86' lang='lat' dir='ltr'><strong>ejus</strong></span> 
     </span>
    </p>
   </div>
   <div class='ocr_carea' id='block_1_23' title="bbox 476 2364 2516 2439">
    <p class='ocr_par' dir='ltr' id='par_1_23' title="bbox 476 2364 2516 2439">
     <span class='ocr_line' id='line_1_23' title="bbox 476 2364 2516 2439; baseline 0 -16"><span class='ocrx_word' id='word_1_313' title='bbox 476 2368 682 2434; x_wconf 73' lang='lat' dir='ltr'><strong>nomini</strong></span> <span class='ocrx_word' id='word_1_314' title='bbox 709 2366 957 2422; x_wconf 89' lang='lat' dir='ltr'><strong>similiter</strong></span> <span class='ocrx_word' id='word_1_315' title='bbox 982 2365 1267 2434; x_wconf 79' lang='lat' dir='ltr'><strong>ascriptus,</strong></span> <span class='ocrx_word' id='word_1_316' title='bbox 1295 2364 1347 2419; x_wconf 91' lang='lat' dir='ltr'><strong>id</strong></span> <span class='ocrx_word' id='word_1_317' title='bbox 1377 2376 1461 2421; x_wconf 90' lang='lat' dir='ltr'><strong>est</strong></span> <span class='ocrx_word' id='word_1_318' title='bbox 1489 2368 1880 2435; x_wconf 76' lang='lat' dir='ltr'><strong>supposititios,</strong></span> <span class='ocrx_word' id='word_1_319' title='bbox 1915 2369 2160 2437; x_wconf 90' lang='lat' dir='ltr'><strong>reperire</strong></span> <span class='ocrx_word' id='word_1_320' title='bbox 2211 2369 2516 2439; x_wconf 86' lang='lat' dir='ltr'><strong>continget.</strong></span> 
     </span>
    </p>
   </div>
   <div class='ocr_carea' id='block_1_24' title="bbox 550 2456 3777 2531">
    <p class='ocr_par' dir='ltr' id='par_1_24' title="bbox 550 2456 3777 2531">
     <span class='ocr_line' id='line_1_24' title="bbox 550 2456 3777 2531; baseline 0.001 -19"><span class='ocrx_word' id='word_1_321' title='bbox 550 2460 604 2512; x_wconf 90' lang='lat'><strong>9.</strong></span> <span class='ocrx_word' id='word_1_322' title='bbox 640 2458 750 2512; x_wconf 88' lang='lat' dir='ltr'><strong>Hac</strong></span> <span class='ocrx_word' id='word_1_323' title='bbox 780 2466 955 2510; x_wconf 89' lang='lat' dir='ltr'><strong>autem</strong></span> <span class='ocrx_word' id='word_1_324' title='bbox 976 2456 1264 2511; x_wconf 89' lang='lat' dir='ltr'><strong>occasione</strong></span> <span class='ocrx_word' id='word_1_325' title='bbox 1289 2456 1422 2511; x_wconf 92' lang='lat' dir='ltr'><strong>duas</strong></span> <span class='ocrx_word' id='word_1_326' title='bbox 1441 2458 1871 2526; x_wconf 81' lang='lat' dir='ltr'><strong>suppositionum</strong></span> <span class='ocrx_word' id='word_1_327' title='bbox 1904 2458 2309 2529; x_wconf 85' lang='lat' dir='ltr'><strong>frequentiores</strong></span> <span class='ocrx_word' id='word_1_328' title='bbox 2334 2462 2592 2530; x_wconf 86' lang='lat' dir='ltr'><strong>origines,</strong></span> <span class='ocrx_word' id='word_1_329' title='bbox 2625 2476 2760 2531; x_wconf 87' lang='lat' dir='ltr'><strong>quas</strong></span> <span class='ocrx_word' id='word_1_330' title='bbox 2792 2462 2845 2516; x_wconf 92' lang='lat' dir='ltr'><strong>in</strong></span> <span class='ocrx_word' id='word_1_331' title='bbox 2877 2461 3247 2531; x_wconf 82' lang='lat' dir='ltr'><strong>expendendis</strong></span> <span class='ocrx_word' id='word_1_332' title='bbox 3274 2460 3457 2516; x_wconf 88' lang='lat' dir='ltr'><strong>multis</strong></span> <span class='ocrx_word' id='word_1_333' title='bbox 3486 2460 3777 2516; x_wconf 85' lang='lat' dir='ltr'><strong>Lectiona-</strong></span> 
     </span>
    </p>
   </div>
   <div class='ocr_carea' id='block_1_25' title="bbox 478 2540 3779 2623">
    <p class='ocr_par' dir='ltr' id='par_1_25' title="bbox 478 2540 3779 2623">
     <span class='ocr_line' id='line_1_25' title="bbox 478 2540 3779 2623; baseline 0.001 -17"><span class='ocrx_word' id='word_1_334' title='bbox 478 2540 575 2607; x_wconf 85' lang='lat' dir='ltr'><strong>riis</strong></span> <span class='ocrx_word' id='word_1_335' title='bbox 600 2550 923 2620; x_wconf 79' lang='lat' dir='ltr'><strong>deteximns,</strong></span> <span class='ocrx_word' id='word_1_336' title='bbox 955 2550 1044 2604; x_wconf 88' lang='lat' dir='ltr'><strong>hic</strong></span> <span class='ocrx_word' id='word_1_337' title='bbox 1072 2561 1335 2605; x_wconf 91' lang='lat' dir='ltr'><strong>ann0tare</strong></span> <span class='ocrx_word' id='word_1_338' title='bbox 1364 2564 1469 2604; x_wconf 91' lang='lat' dir='ltr'><strong>non</strong></span> <span class='ocrx_word' id='word_1_339' title='bbox 1504 2546 1691 2605; x_wconf 87' lang='lat' dir='ltr'><strong>inutile</strong></span> <span class='ocrx_word' id='word_1_340' title='bbox 1721 2566 1820 2607; x_wconf 91' lang='lat' dir='ltr'><strong>nec</strong></span> <span class='ocrx_word' id='word_1_341' title='bbox 1846 2553 2111 2623; x_wconf 83' lang='lat' dir='ltr'><strong>ingratum</strong></span> <span class='ocrx_word' id='word_1_342' title='bbox 2144 2552 2445 2609; x_wconf 90' lang='lat' dir='ltr'><strong>lectoribus</strong></span> <span class='ocrx_word' id='word_1_343' title='bbox 2469 2554 2651 2609; x_wconf 89' lang='lat' dir='ltr'><strong>fuerit.</strong></span> <span class='ocrx_word' id='word_1_344' title='bbox 2674 2554 2811 2610; x_wconf 88' lang='lat' dir='ltr'><strong>Cum</strong></span> <span class='ocrx_word' id='word_1_345' title='bbox 2841 2556 2892 2609; x_wconf 92' lang='lat' dir='ltr'><strong>in</strong></span> <span class='ocrx_word' id='word_1_346' title='bbox 2929 2556 3117 2610; x_wconf 90' lang='lat' dir='ltr'><strong>iisdem</strong></span> <span class='ocrx_word' id='word_1_347' title='bbox 3164 2554 3445 2611; x_wconf 88' lang='lat' dir='ltr'><strong>codicibus</strong></span> <span class='ocrx_word' id='word_1_348' title='bbox 3496 2554 3779 2610; x_wconf 88' lang='lat' dir='ltr'><strong>describe-</strong></span> 
     </span>
    </p>
   </div>
   <div class='ocr_carea' id='block_1_26' title="bbox 478 2642 3783 2718">
    <p class='ocr_par' dir='ltr' id='par_1_26' title="bbox 478 2642 3783 2718">
     <span class='ocr_line' id='line_1_26' title="bbox 478 2642 3783 2718; baseline 0 -18"><span class='ocrx_word' id='word_1_349' title='bbox 478 2652 670 2700; x_wconf 85' lang='lat' dir='ltr'><strong>rentur</strong></span> <span class='ocrx_word' id='word_1_350' title='bbox 699 2658 979 2700; x_wconf 88' lang='lat' dir='ltr'><strong>sermones</strong></span> <span class='ocrx_word' id='word_1_351' title='bbox 1002 2642 1092 2713; x_wconf 89' lang='lat' dir='ltr'><strong>qui</strong></span> <span class='ocrx_word' id='word_1_352' title='bbox 1122 2643 1264 2698; x_wconf 87' lang='lat' dir='ltr'><strong>inter</strong></span> <span class='ocrx_word' id='word_1_353' title='bbox 1290 2643 1469 2698; x_wconf 88' lang='lat' dir='ltr'><strong>divina</strong></span> <span class='ocrx_word' id='word_1_354' title='bbox 1500 2643 1679 2697; x_wconf 82' lang='lat' dir='ltr'><strong>ofﬁcia</strong></span> <span class='ocrx_word' id='word_1_355' title='bbox 1711 2659 1808 2713; x_wconf 89' lang='lat' dir='ltr'><strong>pro</strong></span> <span class='ocrx_word' id='word_1_356' title='bbox 1836 2646 2093 2699; x_wconf 80' lang='lat' dir='ltr'><strong>feStorum</strong></span> <span class='ocrx_word' id='word_1_357' title='bbox 2119 2654 2212 2701; x_wconf 90' lang='lat' dir='ltr'><strong>aut</strong></span> <span class='ocrx_word' id='word_1_358' title='bbox 2239 2647 2493 2701; x_wconf 91' lang='lat' dir='ltr'><strong>feriarum</strong></span> <span class='ocrx_word' id='word_1_359' title='bbox 2525 2648 2734 2702; x_wconf 90' lang='lat' dir='ltr'><strong>ratione</strong></span> <span class='ocrx_word' id='word_1_360' title='bbox 2751 2648 2962 2718; x_wconf 82' lang='lat' dir='ltr'><strong>legendi</strong></span> <span class='ocrx_word' id='word_1_361' title='bbox 2982 2657 3138 2703; x_wconf 85' lang='lat' dir='ltr'><strong>erant</strong></span> <span class='ocrx_word' id='word_1_362' title='bbox 3159 2648 3204 2703; x_wconf 90' lang='lat' dir='ltr'><strong>si</strong></span> <span class='ocrx_word' id='word_1_363' title='bbox 3232 2647 3416 2717; x_wconf 85' lang='lat' dir='ltr'><strong>plures</strong></span> <span class='ocrx_word' id='word_1_364' title='bbox 3437 2645 3502 2701; x_wconf 87' lang='lat' dir='ltr'><strong>ad</strong></span> <span class='ocrx_word' id='word_1_365' title='bbox 3523 2644 3783 2701; x_wconf 86' lang='lat' dir='ltr'><strong>eamdem</strong></span> 
     </span>
    </p>
   </div>
   <div class='ocr_carea' id='block_1_27' title="bbox 477 2735 3788 2806">
    <p class='ocr_par' dir='ltr' id='par_1_27' title="bbox 477 2735 3788 2806">
     <span class='ocr_line' id='line_1_27' title="bbox 477 2735 3788 2806; baseline -0.001 -15"><span class='ocrx_word' id='word_1_366' title='bbox 477 2736 877 2792; x_wconf 88' lang='lat' dir='ltr'><strong>solemnitatem</strong></span> <span class='ocrx_word' id='word_1_367' title='bbox 910 2736 1243 2805; x_wconf 90' lang='lat' dir='ltr'><strong>pertinentes</strong></span> <span class='ocrx_word' id='word_1_368' title='bbox 1270 2735 1518 2790; x_wconf 90' lang='lat' dir='ltr'><strong>eumdem</strong></span> <span class='ocrx_word' id='word_1_369' title='bbox 1551 2735 1819 2791; x_wconf 84' lang='lat' dir='ltr'><strong>habebant</strong></span> <span class='ocrx_word' id='word_1_370' title='bbox 1846 2746 2145 2804; x_wconf 88' lang='lat' dir='ltr'><strong>auctorem,</strong></span> <span class='ocrx_word' id='word_1_371' title='bbox 2180 2738 2359 2806; x_wconf 89' lang='lat' dir='ltr'><strong>primo</strong></span> <span class='ocrx_word' id='word_1_372' title='bbox 2384 2739 2625 2794; x_wconf 85' lang='lat' dir='ltr'><strong>sermoni</strong></span> <span class='ocrx_word' id='word_1_373' title='bbox 2659 2749 2868 2794; x_wconf 92' lang='lat' dir='ltr'><strong>tantum</strong></span> <span class='ocrx_word' id='word_1_374' title='bbox 2903 2741 3139 2794; x_wconf 90' lang='lat' dir='ltr'><strong>auctoris</strong></span> <span class='ocrx_word' id='word_1_375' title='bbox 3182 2753 3377 2792; x_wconf 90' lang='lat' dir='ltr'><strong>nomen</strong></span> <span class='ocrx_word' id='word_1_376' title='bbox 3418 2751 3563 2804; x_wconf 67' lang='lat' dir='ltr'><strong>saepe</strong></span> <span class='ocrx_word' id='word_1_377' title='bbox 3596 2736 3788 2804; x_wconf 82' lang='lat' dir='ltr'><strong>praeﬁ-</strong></span> 
     </span>
    </p>
   </div>
   <div class='ocr_carea' id='block_1_28' title="bbox 479 2826 3787 2901">
    <p class='ocr_par' dir='ltr' id='par_1_28' title="bbox 479 2826 3787 2901">
     <span class='ocr_line' id='line_1_28' title="bbox 479 2826 3787 2901; baseline -0 -17"><span class='ocrx_word' id='word_1_378' title='bbox 479 2827 737 2898; x_wconf 75' lang='lat' dir='ltr'><strong>gebatur;</strong></span> <span class='ocrx_word' id='word_1_379' title='bbox 773 2826 986 2882; x_wconf 85' lang='lat' dir='ltr'><strong>caeteris</strong></span> <span class='ocrx_word' id='word_1_380' title='bbox 1005 2841 1154 2892; x_wconf 88' lang='lat' dir='ltr'><strong>vero,</strong></span> <span class='ocrx_word' id='word_1_381' title='bbox 1180 2826 1268 2896; x_wconf 90' lang='lat' dir='ltr'><strong>qui</strong></span> <span class='ocrx_word' id='word_1_382' title='bbox 1294 2827 1601 2881; x_wconf 87' lang='lat' dir='ltr'><strong>continuata</strong></span> <span class='ocrx_word' id='word_1_383' title='bbox 1626 2828 1767 2882; x_wconf 87' lang='lat' dir='ltr'><strong>serie</strong></span> <span class='ocrx_word' id='word_1_384' title='bbox 1796 2828 2288 2898; x_wconf 86' lang='lat' dir='ltr'><strong>consequebantur,</strong></span> <span class='ocrx_word' id='word_1_385' title='bbox 2316 2838 2611 2899; x_wconf 68' lang='lat' dir='ltr'><strong>praenotata</strong></span> <span class='ocrx_word' id='word_1_386' title='bbox 2642 2832 2894 2901; x_wconf 86' lang='lat' dir='ltr'><strong>leguntur</strong></span> <span class='ocrx_word' id='word_1_387' title='bbox 2920 2833 3034 2887; x_wconf 83' lang='lat' dir='ltr'><strong>haec</strong></span> <span class='ocrx_word' id='word_1_388' title='bbox 3068 2831 3251 2897; x_wconf 89' lang='lat' dir='ltr'><strong>verba,</strong></span> <span class='ocrx_word' id='word_1_389' title='bbox 3281 2828 3443 2895; x_wconf 83' lang='lat' dir='ltr'><strong>Cuius</strong></span> <span class='ocrx_word' id='word_1_390' title='bbox 3472 2844 3652 2896; x_wconf 81' lang='lat' dir='ltr'><strong>supra,</strong></span> <span class='ocrx_word' id='word_1_391' title='bbox 3688 2829 3787 2883; x_wconf 90' lang='lat' dir='ltr'><strong>vel</strong></span> 
     </span>
    </p>
   </div>
   <div class='ocr_carea' id='block_1_29' title="bbox 484 2918 3785 2993">
    <p class='ocr_par' dir='ltr' id='par_1_29' title="bbox 484 2918 3785 2993">
     <span class='ocr_line' id='line_1_29' title="bbox 484 2918 3785 2993; baseline 0 -18"><span class='ocrx_word' id='word_1_392' title='bbox 484 2919 634 2976; x_wconf 82' lang='lat' dir='ltr'><strong>Unde</strong></span> <span class='ocrx_word' id='word_1_393' title='bbox 662 2934 843 2991; x_wconf 86' lang='lat' dir='ltr'><strong>supra,</strong></span> <span class='ocrx_word' id='word_1_394' title='bbox 885 2918 1078 2989; x_wconf 90' lang='lat' dir='ltr'><strong>quibus</strong></span> <span class='ocrx_word' id='word_1_395' title='bbox 1103 2918 1376 2974; x_wconf 89' lang='lat' dir='ltr'><strong>indicatur</strong></span> <span class='ocrx_word' id='word_1_396' title='bbox 1406 2919 1545 2974; x_wconf 87' lang='lat' dir='ltr'><strong>idem</strong></span> <span class='ocrx_word' id='word_1_397' title='bbox 1596 2930 1780 2974; x_wconf 88' lang='lat' dir='ltr'><strong>auctor</strong></span> <span class='ocrx_word' id='word_1_398' title='bbox 1809 2922 2088 2990; x_wconf 86' lang='lat' dir='ltr'><strong>sequentis</strong></span> <span class='ocrx_word' id='word_1_399' title='bbox 2133 2922 2403 2977; x_wconf 88' lang='lat' dir='ltr'><strong>sermonis</strong></span> <span class='ocrx_word' id='word_1_400' title='bbox 2434 2937 2497 2979; x_wconf 91' lang='lat' dir='ltr'><strong>ac</strong></span> <span class='ocrx_word' id='word_1_401' title='bbox 2542 2924 2925 2993; x_wconf 65' lang='lat' dir='ltr'><strong>praecedentis.</strong></span> <span class='ocrx_word' id='word_1_402' title='bbox 2953 2924 3292 2980; x_wconf 90' lang='lat' dir='ltr'><strong>Posteriores</strong></span> <span class='ocrx_word' id='word_1_403' title='bbox 3334 2930 3511 2975; x_wconf 90' lang='lat' dir='ltr'><strong>autem</strong></span> <span class='ocrx_word' id='word_1_404' title='bbox 3567 2919 3785 2976; x_wconf 87' lang='lat' dir='ltr'><strong>librarii</strong></span> 
     </span>
    </p>
   </div>
   <div class='ocr_carea' id='block_1_30' title="bbox 468 3006 3788 3087">
    <p class='ocr_par' dir='ltr' id='par_1_30' title="bbox 468 3006 3788 3087">
     <span class='ocr_line' id='line_1_30' title="bbox 468 3006 3788 3087; baseline -0.001 -17"><span class='ocrx_word' id='word_1_405' title='bbox 468 3016 571 3086; x_wconf 85' lang='lat' dir='ltr'><strong>qui</strong></span> <span class='ocrx_word' id='word_1_406' title='bbox 602 3013 869 3084; x_wconf 90' lang='lat' dir='ltr'><strong>ejusmodi</strong></span> <span class='ocrx_word' id='word_1_407' title='bbox 896 3013 1114 3071; x_wconf 82' lang='lat' dir='ltr'><strong>codices</strong></span> <span class='ocrx_word' id='word_1_408' title='bbox 1139 3015 1593 3081; x_wconf 87' lang='lat' dir='ltr'><strong>transcribebant,</strong></span> <span class='ocrx_word' id='word_1_409' title='bbox 1627 3015 1836 3086; x_wconf 91' lang='lat' dir='ltr'><strong>aliquos</strong></span> <span class='ocrx_word' id='word_1_410' title='bbox 1862 3014 2154 3071; x_wconf 89' lang='lat' dir='ltr'><strong>identidem</strong></span> <span class='ocrx_word' id='word_1_411' title='bbox 2181 3030 2461 3071; x_wconf 89' lang='lat' dir='ltr'><strong>sermones</strong></span> <span class='ocrx_word' id='word_1_412' title='bbox 2488 3017 2574 3072; x_wconf 89' lang='lat' dir='ltr'><strong>vel</strong></span> <span class='ocrx_word' id='word_1_413' title='bbox 2604 3018 2951 3087; x_wconf 63' lang='lat' dir='ltr'><strong>praeteribant</strong></span> <span class='ocrx_word' id='word_1_414' title='bbox 2981 3018 3061 3072; x_wconf 89' lang='lat' dir='ltr'><strong>vel</strong></span> <span class='ocrx_word' id='word_1_415' title='bbox 3098 3006 3371 3072; x_wconf 81' lang='lat' dir='ltr'><strong>addebant</strong></span> <span class='ocrx_word' id='word_1_416' title='bbox 3407 3028 3475 3068; x_wconf 74' lang='lat' dir='ltr'><strong>ex</strong></span> <span class='ocrx_word' id='word_1_417' title='bbox 3504 3014 3629 3068; x_wconf 88' lang='lat' dir='ltr'><strong>aliis</strong></span> <span class='ocrx_word' id='word_1_418' title='bbox 3672 3013 3788 3069; x_wconf 79' lang='lat' dir='ltr'><strong>Le-</strong></span> 
     </span>
    </p>
   </div>
   <div class='ocr_carea' id='block_1_31' title="bbox 483 3105 3788 3180">
    <p class='ocr_par' dir='ltr' id='par_1_31' title="bbox 483 3105 3788 3180">
     <span class='ocr_line' id='line_1_31' title="bbox 483 3105 3788 3180; baseline -0.001 -16"><span class='ocrx_word' id='word_1_419' title='bbox 483 3109 780 3173; x_wconf 89' lang='lat' dir='ltr'><strong>ctionariis,</strong></span> <span class='ocrx_word' id='word_1_420' title='bbox 804 3105 1069 3176; x_wconf 90' lang='lat' dir='ltr'><strong>utcuique</strong></span> <span class='ocrx_word' id='word_1_421' title='bbox 1090 3107 1393 3162; x_wconf 87' lang='lat' dir='ltr'><strong>videbatur.</strong></span> <span class='ocrx_word' id='word_1_422' title='bbox 1427 3108 1560 3161; x_wconf 84' lang='lat' dir='ltr'><strong>ilinc</strong></span> <span class='ocrx_word' id='word_1_423' title='bbox 1582 3117 1758 3162; x_wconf 89' lang='lat' dir='ltr'><strong>autem</strong></span> <span class='ocrx_word' id='word_1_424' title='bbox 1788 3108 2133 3177; x_wconf 83' lang='lat' dir='ltr'><strong>contingebat</strong></span> <span class='ocrx_word' id='word_1_425' title='bbox 2163 3123 2269 3163; x_wconf 90' lang='lat' dir='ltr'><strong>non</strong></span> <span class='ocrx_word' id='word_1_426' title='bbox 2301 3123 2425 3164; x_wconf 89' lang='lat' dir='ltr'><strong>raro</strong></span> <span class='ocrx_word' id='word_1_427' title='bbox 2451 3115 2509 3163; x_wconf 89' lang='lat' dir='ltr'><strong>ut</strong></span> <span class='ocrx_word' id='word_1_428' title='bbox 2529 3108 2754 3180; x_wconf 88' lang='lat' dir='ltr'><strong>alicujus</strong></span> <span class='ocrx_word' id='word_1_429' title='bbox 2777 3110 3015 3165; x_wconf 89' lang='lat' dir='ltr'><strong>auctoris</strong></span> <span class='ocrx_word' id='word_1_430' title='bbox 3043 3123 3347 3165; x_wconf 90' lang='lat' dir='ltr'><strong>sermonem</strong></span> <span class='ocrx_word' id='word_1_431' title='bbox 3374 3110 3683 3164; x_wconf 83' lang='lat' dir='ltr'><strong>inserentes</strong></span> <span class='ocrx_word' id='word_1_432' title='bbox 3712 3121 3788 3161; x_wconf 83' lang='lat' dir='ltr'><strong>ex</strong></span> 
     </span>
    </p>
   </div>
   <div class='ocr_carea' id='block_1_32' title="bbox 482 3198 3789 3273">
    <p class='ocr_par' dir='ltr' id='par_1_32' title="bbox 482 3198 3789 3273">
     <span class='ocr_line' id='line_1_32' title="bbox 482 3198 3789 3273; baseline 0 -17"><span class='ocrx_word' id='word_1_433' title='bbox 482 3200 826 3256; x_wconf 86' lang='lat' dir='ltr'><strong>Lectionario</strong></span> <span class='ocrx_word' id='word_1_434' title='bbox 854 3199 905 3253; x_wconf 90' lang='lat' dir='ltr'><strong>in</strong></span> <span class='ocrx_word' id='word_1_435' title='bbox 934 3213 1040 3268; x_wconf 90' lang='lat' dir='ltr'><strong>quo</strong></span> <span class='ocrx_word' id='word_1_436' title='bbox 1065 3207 1182 3253; x_wconf 89' lang='lat' dir='ltr'><strong>erat</strong></span> <span class='ocrx_word' id='word_1_437' title='bbox 1213 3198 1498 3269; x_wconf 90' lang='lat' dir='ltr'><strong>inscriptio</strong></span> <span class='ocrx_word' id='word_1_438' title='bbox 1521 3198 1682 3272; x_wconf 85' lang='lat' dir='ltr'><strong>Cujus</strong></span> <span class='ocrx_word' id='word_1_439' title='bbox 1707 3216 1889 3269; x_wconf 82' lang='lat' dir='ltr'><strong>supra,</strong></span> <span class='ocrx_word' id='word_1_440' title='bbox 1933 3201 2015 3256; x_wconf 86' lang='lat' dir='ltr'><strong>vel</strong></span> <span class='ocrx_word' id='word_1_441' title='bbox 2056 3199 2203 3256; x_wconf 80' lang='lat' dir='ltr'><strong>Unde</strong></span> <span class='ocrx_word' id='word_1_442' title='bbox 2232 3217 2412 3273; x_wconf 83' lang='lat' dir='ltr'><strong>supra,</strong></span> <span class='ocrx_word' id='word_1_443' title='bbox 2456 3202 2594 3257; x_wconf 89' lang='lat' dir='ltr'><strong>hanc</strong></span> <span class='ocrx_word' id='word_1_444' title='bbox 2624 3201 2868 3259; x_wconf 90' lang='lat' dir='ltr'><strong>eamdem</strong></span> <span class='ocrx_word' id='word_1_445' title='bbox 2910 3203 3318 3272; x_wconf 88' lang='lat' dir='ltr'><strong>inscriptionem</strong></span> <span class='ocrx_word' id='word_1_446' title='bbox 3364 3200 3789 3257; x_wconf 82' lang='lat' dir='ltr'><strong>inconsiderate</strong></span> 
     </span>
    </p>
   </div>
   <div class='ocr_carea' id='block_1_33' title="bbox 479 3290 3787 3367">
    <p class='ocr_par' dir='ltr' id='par_1_33' title="bbox 479 3290 3787 3367">
     <span class='ocr_line' id='line_1_33' title="bbox 479 3290 3787 3367; baseline -0.001 -17"><span class='ocrx_word' id='word_1_447' title='bbox 479 3293 802 3360; x_wconf 87' lang='lat' dir='ltr'><strong>retinerent,</strong></span> <span class='ocrx_word' id='word_1_448' title='bbox 834 3292 960 3346; x_wconf 92' lang='lat' dir='ltr'><strong>licet</strong></span> <span class='ocrx_word' id='word_1_449' title='bbox 987 3290 1127 3346; x_wconf 91' lang='lat' dir='ltr'><strong>alius</strong></span> <span class='ocrx_word' id='word_1_450' title='bbox 1153 3294 1390 3347; x_wconf 88' lang='lat' dir='ltr'><strong>auctoris</strong></span> <span class='ocrx_word' id='word_1_451' title='bbox 1420 3293 1657 3348; x_wconf 90' lang='lat' dir='ltr'><strong>sermoni</strong></span> <span class='ocrx_word' id='word_1_452' title='bbox 1689 3295 1772 3348; x_wconf 80' lang='lat' dir='ltr'><strong>vel</strong></span> <span class='ocrx_word' id='word_1_453' title='bbox 1796 3294 2148 3353; x_wconf 86' lang='lat' dir='ltr'><strong>Sermonibus</strong></span> <span class='ocrx_word' id='word_1_454' title='bbox 2174 3295 2534 3364; x_wconf 90' lang='lat' dir='ltr'><strong>subjiceretur</strong></span> <span class='ocrx_word' id='word_1_455' title='bbox 2559 3313 2574 3361; x_wconf 93' lang='lat'><strong>;</strong></span> <span class='ocrx_word' id='word_1_456' title='bbox 2609 3306 2663 3351; x_wconf 92' lang='lat' dir='ltr'><strong>et</strong></span> <span class='ocrx_word' id='word_1_457' title='bbox 2692 3296 2764 3367; x_wconf 81' lang='lat' dir='ltr'><strong>ita</strong></span> <span class='ocrx_word' id='word_1_458' title='bbox 2794 3297 3022 3353; x_wconf 86' lang='lat' dir='ltr'><strong>lectores</strong></span> <span class='ocrx_word' id='word_1_459' title='bbox 3047 3298 3191 3354; x_wconf 87' lang='lat' dir='ltr'><strong>hunc</strong></span> <span class='ocrx_word' id='word_1_460' title='bbox 3211 3312 3309 3367; x_wconf 89' lang='lat' dir='ltr'><strong>pro</strong></span> <span class='ocrx_word' id='word_1_461' title='bbox 3338 3311 3592 3352; x_wconf 89' lang='lat' dir='ltr'><strong>sermone</strong></span> <span class='ocrx_word' id='word_1_462' title='bbox 3614 3294 3787 3363; x_wconf 85' lang='lat' dir='ltr'><strong>ejus-</strong></span> 
     </span>
    </p>
   </div>
   <div class='ocr_carea' id='block_1_34' title="bbox 479 3365 3780 3458">
    <p class='ocr_par' dir='ltr' id='par_1_34' title="bbox 479 3365 3780 3458">
     <span class='ocr_line' id='line_1_34' title="bbox 479 3365 3780 3458; baseline -0.001 -16"><span class='ocrx_word' id='word_1_463' title='bbox 479 3385 604 3442; x_wconf 90' lang='lat' dir='ltr'><strong>dem</strong></span> <span class='ocrx_word' id='word_1_464' title='bbox 631 3383 912 3453; x_wconf 82' lang='lat' dir='ltr'><strong>scriptoris</strong></span> <span class='ocrx_word' id='word_1_465' title='bbox 964 3382 1292 3452; x_wconf 88' lang='lat' dir='ltr'><strong>acciperent.</strong></span> <span class='ocrx_word' id='word_1_466' title='bbox 1324 3382 1400 3437; x_wconf 85' lang='lat' dir='ltr'><strong>Ita</strong></span> <span class='ocrx_word' id='word_1_467' title='bbox 1433 3383 1486 3438; x_wconf 92' lang='lat' dir='ltr'><strong>in</strong></span> <span class='ocrx_word' id='word_1_468' title='bbox 1513 3399 1616 3439; x_wconf 90' lang='lat' dir='ltr'><strong>ms.</strong></span> <span class='ocrx_word' id='word_1_469' title='bbox 1660 3384 2001 3440; x_wconf 90' lang='lat' dir='ltr'><strong>Lectionario</strong></span> <span class='ocrx_word' id='word_1_470' title='bbox 2046 3374 2311 3440; x_wconf 74' lang='lat' dir='ltr'><strong>Patavino</strong></span> <span class='ocrx_word' id='word_1_471' title='bbox 2334 3386 2553 3441; x_wconf 89' lang='lat' dir='ltr'><strong>Patrum</strong></span> <span class='ocrx_word' id='word_1_472' title='bbox 2596 3365 3045 3444; x_wconf 66' lang='lat' dir='ltr'><strong>Conventualium</strong></span> <span class='ocrx_word' id='word_1_473' title='bbox 3097 3388 3155 3445; x_wconf 92' lang='lat' dir='ltr'><strong>S.</strong></span> <span class='ocrx_word' id='word_1_474' title='bbox 3191 3365 3433 3457; x_wconf 68' lang='lat' dir='ltr'><strong>Antonii,</strong></span> <span class='ocrx_word' id='word_1_475' title='bbox 3463 3396 3589 3458; x_wconf 86' lang='lat' dir='ltr'><strong>post</strong></span> <span class='ocrx_word' id='word_1_476' title='bbox 3625 3385 3780 3440; x_wconf 87' lang='lat' dir='ltr'><strong>duos</strong></span> 
     </span>
    </p>
   </div>
   <div class='ocr_carea' id='block_1_35' title="bbox 479 3470 3793 3552">
    <p class='ocr_par' dir='ltr' id='par_1_35' title="bbox 479 3470 3793 3552">
     <span class='ocr_line' id='line_1_35' title="bbox 479 3470 3793 3552; baseline -0.002 -15"><span class='ocrx_word' id='word_1_477' title='bbox 479 3490 764 3537; x_wconf 62' lang='lat' dir='ltr'><strong>Sermones</strong></span> <span class='ocrx_word' id='word_1_478' title='bbox 790 3473 850 3531; x_wconf 95' lang='grc'><strong>8.</strong></span> <span class='ocrx_word' id='word_1_479' title='bbox 881 3472 1097 3529; x_wconf 84' lang='lat' dir='ltr'><strong>Maximi</strong></span> <span class='ocrx_word' id='word_1_480' title='bbox 1123 3474 1190 3529; x_wconf 86' lang='lat' dir='ltr'><strong>de</strong></span> <span class='ocrx_word' id='word_1_481' title='bbox 1218 3470 1514 3544; x_wconf 85' lang='lat' dir='ltr'><strong>Epiphania</strong></span> <span class='ocrx_word' id='word_1_482' title='bbox 1543 3475 1866 3530; x_wconf 84' lang='lat' dir='ltr'><strong>describitur</strong></span> <span class='ocrx_word' id='word_1_483' title='bbox 1892 3490 2072 3530; x_wconf 90' lang='lat' dir='ltr'><strong>sermo</strong></span> <span class='ocrx_word' id='word_1_484' title='bbox 2095 3476 2387 3547; x_wconf 83' lang='lat' dir='ltr'><strong>incipiens:</strong></span> <span class='ocrx_word' id='word_1_485' title='bbox 2418 3476 2743 3533; x_wconf 82' lang='lat' dir='ltr'><strong>Hodiernam</strong></span> <span class='ocrx_word' id='word_1_486' title='bbox 2767 3480 3108 3550; x_wconf 75' lang='lat' dir='ltr'><strong>festiuitatem,</strong></span> <span class='ocrx_word' id='word_1_487' title='bbox 3142 3480 3482 3546; x_wconf 77' lang='lat' dir='ltr'><strong>dilectissimi,</strong></span> <span class='ocrx_word' id='word_1_488' title='bbox 3516 3479 3793 3552; x_wconf 80' lang='lat' dir='ltr'><strong>apparitio</strong></span> 
     </span>
    </p>
   </div>
   <div class='ocr_carea' id='block_1_36' title="bbox 481 3566 3795 3640">
    <p class='ocr_par' dir='ltr' id='par_1_36' title="bbox 481 3566 3795 3640">
     <span class='ocr_line' id='line_1_36' title="bbox 481 3566 3795 3640; baseline 0 -15"><span class='ocrx_word' id='word_1_489' title='bbox 481 3569 719 3638; x_wconf 77' lang='lat' dir='ltr'><strong>Domini,</strong></span> <span class='ocrx_word' id='word_1_490' title='bbox 752 3576 883 3634; x_wconf 91' lang='lat' dir='ltr'><strong>etc.,</strong></span> <span class='ocrx_word' id='word_1_491' title='bbox 910 3582 1031 3622; x_wconf 92' lang='lat' dir='ltr'><strong>cum</strong></span> <span class='ocrx_word' id='word_1_492' title='bbox 1065 3566 1217 3621; x_wconf 90' lang='lat' dir='ltr'><strong>titulo</strong></span> <span class='ocrx_word' id='word_1_493' title='bbox 1246 3566 1405 3639; x_wconf 83' lang='lat' dir='ltr'><strong>Cujus</strong></span> <span class='ocrx_word' id='word_1_494' title='bbox 1437 3584 1595 3639; x_wconf 86' lang='lat' dir='ltr'><strong>supra</strong></span> <span class='ocrx_word' id='word_1_495' title='bbox 1624 3585 1641 3634; x_wconf 88' lang='lat'><em>;</em></span> <span class='ocrx_word' id='word_1_496' title='bbox 1671 3584 1736 3623; x_wconf 80' lang='lat' dir='ltr'><strong>ex</strong></span> <span class='ocrx_word' id='word_1_497' title='bbox 1768 3584 1875 3638; x_wconf 90' lang='lat' dir='ltr'><strong>quo</strong></span> <span class='ocrx_word' id='word_1_498' title='bbox 1902 3569 2057 3623; x_wconf 90' lang='lat' dir='ltr'><strong>titulo</strong></span> <span class='ocrx_word' id='word_1_499' title='bbox 2087 3568 2147 3625; x_wconf 91' lang='lat' dir='ltr'><strong>S.</strong></span> <span class='ocrx_word' id='word_1_500' title='bbox 2172 3568 2407 3625; x_wconf 81' lang='lat' dir='ltr'><strong>Maximo</strong></span> <span class='ocrx_word' id='word_1_501' title='bbox 2430 3570 2750 3627; x_wconf 89' lang='lat' dir='ltr'><strong>tribuendus</strong></span> <span class='ocrx_word' id='word_1_502' title='bbox 2776 3571 3009 3640; x_wconf 90' lang='lat' dir='ltr'><strong>videtur,</strong></span> <span class='ocrx_word' id='word_1_503' title='bbox 3035 3587 3156 3628; x_wconf 90' lang='lat' dir='ltr'><strong>cum</strong></span> <span class='ocrx_word' id='word_1_504' title='bbox 3177 3582 3359 3629; x_wconf 88' lang='lat' dir='ltr'><strong>tamen</strong></span> <span class='ocrx_word' id='word_1_505' title='bbox 3386 3588 3494 3628; x_wconf 89' lang='lat' dir='ltr'><strong>non</strong></span> <span class='ocrx_word' id='word_1_506' title='bbox 3520 3571 3795 3627; x_wconf 58' lang='grc' dir='ltr'>8113ιί-</span> 
     </span>
    </p>
   </div>
   <div class='ocr_carea' id='block_1_37' title="bbox 481 3660 3791 3731">
    <p class='ocr_par' dir='ltr' id='par_1_37' title="bbox 481 3660 3791 3731">
     <span class='ocr_line' id='line_1_37' title="bbox 481 3660 3791 3731; baseline 0.001 -12"><span class='ocrx_word' id='word_1_507' title='bbox 481 3678 653 3730; x_wconf 85' lang='lat' dir='ltr'><strong>mum,</strong></span> <span class='ocrx_word' id='word_1_508' title='bbox 685 3662 780 3718; x_wconf 87' lang='lat' dir='ltr'><strong>sed</strong></span> <span class='ocrx_word' id='word_1_509' title='bbox 803 3662 860 3716; x_wconf 87' lang='lat' dir='ltr'><strong>S.</strong></span> <span class='ocrx_word' id='word_1_510' title='bbox 884 3661 1121 3718; x_wconf 91' lang='lat' dir='ltr'><strong>Leonem</strong></span> <span class='ocrx_word' id='word_1_511' title='bbox 1152 3660 1351 3716; x_wconf 90' lang='lat' dir='ltr'><strong>habeat</strong></span> <span class='ocrx_word' id='word_1_512' title='bbox 1375 3670 1674 3727; x_wconf 88' lang='lat' dir='ltr'><strong>auctorem,</strong></span> <span class='ocrx_word' id='word_1_513' title='bbox 1707 3670 1762 3717; x_wconf 92' lang='lat' dir='ltr'><strong>et</strong></span> <span class='ocrx_word' id='word_1_514' title='bbox 1780 3663 1847 3716; x_wconf 89' lang='lat' dir='ltr'><strong>sit</strong></span> <span class='ocrx_word' id='word_1_515' title='bbox 1872 3677 2052 3717; x_wconf 90' lang='lat' dir='ltr'><strong>sermo</strong></span> <span class='ocrx_word' id='word_1_516' title='bbox 2073 3661 2107 3717; x_wconf 82' lang='lat'><strong>5</strong></span> <span class='ocrx_word' id='word_1_517' title='bbox 2133 3661 2201 3718; x_wconf 88' lang='lat' dir='ltr'><strong>de</strong></span> <span class='ocrx_word' id='word_1_518' title='bbox 2218 3662 2406 3718; x_wconf 91' lang='lat' dir='ltr'><strong>eadem</strong></span> <span class='ocrx_word' id='word_1_519' title='bbox 2436 3663 2804 3731; x_wconf 82' lang='lat' dir='ltr'><strong>solemnitate,</strong></span> <span class='ocrx_word' id='word_1_520' title='bbox 2830 3667 2881 3720; x_wconf 92' lang='lat' dir='ltr'><strong>in</strong></span> <span class='ocrx_word' id='word_1_521' title='bbox 2904 3676 3089 3721; x_wconf 90' lang='lat' dir='ltr'><strong>nostra</strong></span> <span class='ocrx_word' id='word_1_522' title='bbox 3112 3676 3292 3722; x_wconf 89' lang='lat' dir='ltr'><strong>autem</strong></span> <span class='ocrx_word' id='word_1_523' title='bbox 3316 3665 3558 3722; x_wconf 84' lang='lat' dir='ltr'><strong>editione</strong></span> <span class='ocrx_word' id='word_1_524' title='bbox 3586 3680 3791 3722; x_wconf 87' lang='lat' dir='ltr'><strong>sermo</strong></span> 
     </span>
    </p>
   </div>
   <div class='ocr_carea' id='block_1_38' title="bbox 482 3754 3786 3829">
    <p class='ocr_par' dir='ltr' id='par_1_38' title="bbox 482 3754 3786 3829">
     <span class='ocr_line' id='line_1_38' title="bbox 482 3754 3786 3829; baseline 0 -15"><span class='ocrx_word' id='word_1_525' title='bbox 482 3757 572 3814; x_wconf 76' lang='lat'><strong>35.</strong></span> <span class='ocrx_word' id='word_1_526' title='bbox 605 3754 715 3811; x_wconf 83' lang='lat' dir='ltr'><strong>Hac</strong></span> <span class='ocrx_word' id='word_1_527' title='bbox 740 3754 878 3809; x_wconf 90' lang='lat' dir='ltr'><strong>forte</strong></span> <span class='ocrx_word' id='word_1_528' title='bbox 908 3754 976 3808; x_wconf 91' lang='lat' dir='ltr'><strong>de</strong></span> <span class='ocrx_word' id='word_1_529' title='bbox 1003 3768 1164 3808; x_wconf 86' lang='lat' dir='ltr'><strong>causa</strong></span> <span class='ocrx_word' id='word_1_530' title='bbox 1194 3754 1329 3808; x_wconf 91' lang='lat' dir='ltr'><strong>duos</strong></span> <span class='ocrx_word' id='word_1_531' title='bbox 1349 3768 1628 3810; x_wconf 90' lang='lat' dir='ltr'><strong>sermones</strong></span> <span class='ocrx_word' id='word_1_532' title='bbox 1661 3755 1829 3824; x_wconf 90' lang='lat' dir='ltr'><strong>ipsius</strong></span> <span class='ocrx_word' id='word_1_533' title='bbox 1862 3755 2055 3809; x_wconf 89' lang='lat' dir='ltr'><strong>Leonis</strong></span> <span class='ocrx_word' id='word_1_534' title='bbox 2080 3754 2150 3811; x_wconf 81' lang='grc'><strong>’58</strong></span> <span class='ocrx_word' id='word_1_535' title='bbox 2177 3762 2232 3810; x_wconf 90' lang='lat' dir='ltr'><strong>et</strong></span> <span class='ocrx_word' id='word_1_536' title='bbox 2252 3754 2323 3811; x_wconf 72' lang='grc'><strong>45</strong></span> <span class='ocrx_word' id='word_1_537' title='bbox 2342 3755 2644 3827; x_wconf 78' lang='lat' dir='ltr'><strong>Augustino</strong></span> <span class='ocrx_word' id='word_1_538' title='bbox 2664 3759 2878 3813; x_wconf 84' lang='lat' dir='ltr'><strong>fuerunt</strong></span> <span class='ocrx_word' id='word_1_539' title='bbox 2906 3759 3177 3827; x_wconf 86' lang='lat' dir='ltr'><strong>attributi,</strong></span> <span class='ocrx_word' id='word_1_540' title='bbox 3204 3770 3260 3815; x_wconf 90' lang='lat' dir='ltr'><strong>et</strong></span> <span class='ocrx_word' id='word_1_541' title='bbox 3286 3760 3341 3814; x_wconf 90' lang='lat' dir='ltr'><strong>in</strong></span> <span class='ocrx_word' id='word_1_542' title='bbox 3370 3760 3529 3829; x_wconf 85' lang='lat' dir='ltr'><strong>huius</strong></span> <span class='ocrx_word' id='word_1_543' title='bbox 3557 3773 3786 3828; x_wconf 88' lang='lat' dir='ltr'><strong>appen-</strong></span> 
     </span>
    </p>
   </div>
   <div class='ocr_carea' id='block_1_39' title="bbox 480 3845 3796 3924">
    <p class='ocr_par' dir='ltr' id='par_1_39' title="bbox 480 3845 3796 3924">
     <span class='ocr_line' id='line_1_39' title="bbox 480 3845 3796 3924; baseline 0.002 -21"><span class='ocrx_word' id='word_1_544' title='bbox 480 3848 602 3904; x_wconf 89' lang='lat' dir='ltr'><strong>dice</strong></span> <span class='ocrx_word' id='word_1_545' title='bbox 628 3847 878 3917; x_wconf 85' lang='lat' dir='ltr'><strong>leguntur</strong></span> <span class='ocrx_word' id='word_1_546' title='bbox 906 3859 1069 3900; x_wconf 91' lang='lat' dir='ltr'><strong>serm.</strong></span> <span class='ocrx_word' id='word_1_547' title='bbox 1106 3845 1209 3900; x_wconf 76' lang='grc'>153</span> <span class='ocrx_word' id='word_1_548' title='bbox 1238 3853 1291 3900; x_wconf 91' lang='lat' dir='ltr'><strong>et</strong></span> <span class='ocrx_word' id='word_1_549' title='bbox 1321 3846 1442 3909; x_wconf 75' lang='grc'><strong>148,</strong></span> <span class='ocrx_word' id='word_1_550' title='bbox 1470 3861 1569 3901; x_wconf 89' lang='lat' dir='ltr'><strong>nec</strong></span> <span class='ocrx_word' id='word_1_551' title='bbox 1597 3847 1918 3902; x_wconf 89' lang='lat' dir='ltr'><strong>absimiliter</strong></span> <span class='ocrx_word' id='word_1_552' title='bbox 1948 3862 2129 3903; x_wconf 88' lang='lat' dir='ltr'><strong>sermo</strong></span> <span class='ocrx_word' id='word_1_553' title='bbox 2152 3848 2394 3917; x_wconf 89' lang='lat' dir='ltr'><strong>ejusdem</strong></span> <span class='ocrx_word' id='word_1_554' title='bbox 2426 3849 2693 3919; x_wconf 76' lang='lat' dir='ltr'><strong>pontificis</strong></span> <span class='ocrx_word' id='word_1_555' title='bbox 2723 3849 2817 3920; x_wconf 71' lang='lat'><strong>40,</strong></span> <span class='ocrx_word' id='word_1_556' title='bbox 2848 3852 2940 3921; x_wconf 91' lang='lat' dir='ltr'><strong>qui</strong></span> <span class='ocrx_word' id='word_1_557' title='bbox 2968 3854 3069 3908; x_wconf 90' lang='lat' dir='ltr'><strong>sub</strong></span> <span class='ocrx_word' id='word_1_558' title='bbox 3090 3852 3287 3908; x_wconf 91' lang='lat' dir='ltr'><strong>Leonis</strong></span> <span class='ocrx_word' id='word_1_559' title='bbox 3307 3852 3527 3924; x_wconf 90' lang='lat' dir='ltr'><strong>quidem</strong></span> <span class='ocrx_word' id='word_1_560' title='bbox 3555 3852 3796 3909; x_wconf 82' lang='lat' dir='ltr'><strong>nomine</strong></span> 
     </span>
    </p>
   </div>
   <div class='ocr_carea' id='block_1_40' title="bbox 480 3938 3795 4013">
    <p class='ocr_par' dir='ltr' id='par_1_40' title="bbox 480 3938 3795 4013">
     <span class='ocr_line' id='line_1_40' title="bbox 480 3938 3795 4013; baseline 0.001 -12"><span class='ocrx_word' id='word_1_561' title='bbox 480 3942 761 4013; x_wconf 79' lang='lat' dir='ltr'><strong>legebatur</strong></span> <span class='ocrx_word' id='word_1_562' title='bbox 783 3955 811 3994; x_wconf 90' lang='lat' dir='ltr'><strong>a</strong></span> <span class='ocrx_word' id='word_1_563' title='bbox 836 3939 1113 3995; x_wconf 86' lang='lat' dir='ltr'><strong>monachis</strong></span> <span class='ocrx_word' id='word_1_564' title='bbox 1144 3938 1584 4005; x_wconf 85' lang='lat' dir='ltr'><strong>Corbeiensibus,</strong></span> <span class='ocrx_word' id='word_1_565' title='bbox 1615 3940 2049 4005; x_wconf 90' lang='lat' dir='ltr'><strong>Divionensibus,</strong></span> <span class='ocrx_word' id='word_1_566' title='bbox 2075 3938 2526 4011; x_wconf 80' lang='lat' dir='ltr'><strong>Sandionysianis</strong></span> <span class='ocrx_word' id='word_1_567' title='bbox 2561 3950 2615 3997; x_wconf 90' lang='lat' dir='ltr'><strong>et</strong></span> <span class='ocrx_word' id='word_1_568' title='bbox 2640 3942 3191 4013; x_wconf 82' lang='lat' dir='ltr'><strong>Compendiensibus,</strong></span> <span class='ocrx_word' id='word_1_569' title='bbox 3220 3944 3439 4000; x_wconf 92' lang='lat' dir='ltr'><strong>nomine</strong></span> <span class='ocrx_word' id='word_1_570' title='bbox 3468 3945 3527 3999; x_wconf 92' lang='lat' dir='ltr'><strong>S.</strong></span> <span class='ocrx_word' id='word_1_571' title='bbox 3553 3944 3795 4003; x_wconf 80' lang='lat' dir='ltr'><strong>Maximi</strong></span> 
     </span>
    </p>
   </div>
   <div class='ocr_carea' id='block_1_41' title="bbox 480 4034 3794 4112">
    <p class='ocr_par' dir='ltr' id='par_1_41' title="bbox 480 4034 3794 4112">
     <span class='ocr_line' id='line_1_41' title="bbox 480 4034 3794 4112; baseline 0 -19"><span class='ocrx_word' id='word_1_572' title='bbox 480 4038 877 4098; x_wconf 84' lang='lat' dir='ltr'><strong>inscribebatur</strong></span> <span class='ocrx_word' id='word_1_573' title='bbox 896 4041 1034 4112; x_wconf 82' lang='lat' dir='ltr'><strong>apud</strong></span> <span class='ocrx_word' id='word_1_574' title='bbox 1054 4040 1458 4110; x_wconf 88' lang='lat' dir='ltr'><strong>Cluniacenses,</strong></span> <span class='ocrx_word' id='word_1_575' title='bbox 1483 4048 1622 4097; x_wconf 91' lang='lat' dir='ltr'><strong>teste</strong></span> <span class='ocrx_word' id='word_1_576' title='bbox 1646 4038 1893 4097; x_wconf 90' lang='lat' dir='ltr'><strong>Ulderico</strong></span> <span class='ocrx_word' id='word_1_577' title='bbox 1918 4039 2059 4111; x_wconf 88' lang='lat' dir='ltr'><strong>apud</strong></span> <span class='ocrx_word' id='word_1_578' title='bbox 2078 4040 2141 4096; x_wconf 91' lang='lat' dir='ltr'><strong>P.</strong></span> <span class='ocrx_word' id='word_1_579' title='bbox 2174 4039 2413 4096; x_wconf 86' lang='lat' dir='ltr'><strong>Martene</strong></span> <span class='ocrx_word' id='word_1_580' title='bbox 2436 4038 2505 4096; x_wconf 91' lang='lat' dir='ltr'><strong>de</strong></span> <span class='ocrx_word' id='word_1_581' title='bbox 2526 4039 2763 4110; x_wconf 89' lang='lat' dir='ltr'><strong>antiquis</strong></span> <span class='ocrx_word' id='word_1_582' title='bbox 2790 4040 3180 4096; x_wconf 88' lang='lat' dir='ltr'><strong>monachorum</strong></span> <span class='ocrx_word' id='word_1_583' title='bbox 3202 4034 3523 4096; x_wconf 76' lang='lat' dir='ltr'><strong>Ritibusiib.</strong></span> <span class='ocrx_word' id='word_1_584' title='bbox 3538 4053 3624 4106; x_wconf 84' lang='lat' dir='ltr'><strong>tu,</strong></span> <span class='ocrx_word' id='word_1_585' title='bbox 3646 4053 3794 4109; x_wconf 86' lang='lat' dir='ltr'><strong>cap.</strong></span> 
     </span>
    </p>
   </div>
   <div class='ocr_carea' id='block_1_42' title="bbox 481 4131 847 4197">
    <p class='ocr_par' dir='ltr' id='par_1_42' title="bbox 481 4131 847 4197">
     <span class='ocr_line' id='line_1_42' title="bbox 481 4131 847 4197; baseline 0.003 -11"><span class='ocrx_word' id='word_1_586' title='bbox 481 4131 567 4197; x_wconf 83' lang='grc'>11,</span> <span class='ocrx_word' id='word_1_587' title='bbox 604 4148 751 4187; x_wconf 91' lang='lat' dir='ltr'><strong>num.</strong></span> <span class='ocrx_word' id='word_1_588' title='bbox 792 4134 847 4187; x_wconf 71' lang='lat'><strong>2.</strong></span> 
     </span>
    </p>
   </div>
   <div class='ocr_carea' id='block_1_43' title="bbox 553 4223 3796 4298">
    <p class='ocr_par' dir='ltr' id='par_1_43' title="bbox 553 4223 3796 4298">
     <span class='ocr_line' id='line_1_43' title="bbox 553 4223 3796 4298; baseline -0.001 -18"><span class='ocrx_word' id='word_1_589' title='bbox 553 4225 642 4283; x_wconf 87' lang='grc'>10.</span> <span class='ocrx_word' id='word_1_590' title='bbox 674 4226 793 4284; x_wconf 84' lang='lat' dir='ltr'><strong>Alia</strong></span> <span class='ocrx_word' id='word_1_591' title='bbox 822 4228 986 4283; x_wconf 92' lang='lat' dir='ltr'><strong>etiam</strong></span> <span class='ocrx_word' id='word_1_592' title='bbox 1015 4225 1406 4298; x_wconf 88' lang='lat' dir='ltr'><strong>suppositionis</strong></span> <span class='ocrx_word' id='word_1_593' title='bbox 1435 4226 1611 4298; x_wconf 89' lang='lat' dir='ltr'><strong>origo,</strong></span> <span class='ocrx_word' id='word_1_594' title='bbox 1646 4226 1773 4283; x_wconf 91' lang='lat' dir='ltr'><strong>licet</strong></span> <span class='ocrx_word' id='word_1_595' title='bbox 1798 4228 1979 4284; x_wconf 90' lang='lat' dir='ltr'><strong>minus</strong></span> <span class='ocrx_word' id='word_1_596' title='bbox 2006 4227 2281 4297; x_wconf 85' lang='lat' dir='ltr'><strong>frequens,</strong></span> <span class='ocrx_word' id='word_1_597' title='bbox 2336 4227 2513 4283; x_wconf 70' lang='lat' dir='ltr'><strong>aﬂ‘erri</strong></span> <span class='ocrx_word' id='word_1_598' title='bbox 2564 4235 2759 4297; x_wconf 90' lang='lat' dir='ltr'><strong>potest.</strong></span> <span class='ocrx_word' id='word_1_599' title='bbox 2792 4226 3208 4295; x_wconf 85' lang='lat' dir='ltr'><strong>Nonnumquam</strong></span> <span class='ocrx_word' id='word_1_600' title='bbox 3250 4223 3457 4281; x_wconf 91' lang='lat' dir='ltr'><strong>librarii</strong></span> <span class='ocrx_word' id='word_1_601' title='bbox 3498 4223 3617 4277; x_wconf 90' lang='lat' dir='ltr'><strong>sine</strong></span> <span class='ocrx_word' id='word_1_602' title='bbox 3666 4223 3796 4278; x_wconf 85' lang='lat' dir='ltr'><strong>ulla</strong></span> 
     </span>
    </p>
   </div>
   <div class='ocr_carea' id='block_1_44' title="bbox 478 4315 3803 4392">
    <p class='ocr_par' dir='ltr' id='par_1_44' title="bbox 478 4315 3803 4392">
     <span class='ocr_line' id='line_1_44' title="bbox 478 4315 3803 4392; baseline -0.002 -15"><span class='ocrx_word' id='word_1_603' title='bbox 478 4322 715 4377; x_wconf 88' lang='lat' dir='ltr'><strong>auctoris</strong></span> <span class='ocrx_word' id='word_1_604' title='bbox 740 4322 1016 4378; x_wconf 90' lang='lat' dir='ltr'><strong>mentione</strong></span> <span class='ocrx_word' id='word_1_605' title='bbox 1036 4336 1316 4378; x_wconf 87' lang='lat' dir='ltr'><strong>sermones</strong></span> <span class='ocrx_word' id='word_1_606' title='bbox 1346 4321 1573 4391; x_wconf 88' lang='lat' dir='ltr'><strong>alicujus</strong></span> <span class='ocrx_word' id='word_1_607' title='bbox 1603 4321 1758 4377; x_wconf 88' lang='lat' dir='ltr'><strong>nobis</strong></span> <span class='ocrx_word' id='word_1_608' title='bbox 1786 4321 1954 4392; x_wconf 89' lang='lat' dir='ltr'><strong>ignoti</strong></span> <span class='ocrx_word' id='word_1_609' title='bbox 1984 4320 2266 4391; x_wconf 88' lang='lat' dir='ltr'><strong>scriptoris</strong></span> <span class='ocrx_word' id='word_1_610' title='bbox 2296 4320 2348 4376; x_wconf 90' lang='lat' dir='ltr'><strong>in</strong></span> <span class='ocrx_word' id='word_1_611' title='bbox 2376 4319 2730 4377; x_wconf 88' lang='lat' dir='ltr'><strong>Lectionariis</strong></span> <span class='ocrx_word' id='word_1_612' title='bbox 2761 4321 3059 4387; x_wconf 89' lang='lat' dir='ltr'><strong>inseruere,</strong></span> <span class='ocrx_word' id='word_1_613' title='bbox 3102 4319 3193 4390; x_wconf 90' lang='lat' dir='ltr'><strong>qui</strong></span> <span class='ocrx_word' id='word_1_614' title='bbox 3229 4326 3415 4388; x_wconf 89' lang='lat' dir='ltr'><strong>postea</strong></span> <span class='ocrx_word' id='word_1_615' title='bbox 3447 4315 3618 4371; x_wconf 87' lang='lat' dir='ltr'><strong>habiti</strong></span> <span class='ocrx_word' id='word_1_616' title='bbox 3663 4315 3803 4370; x_wconf 78' lang='lat' dir='ltr'><strong>fue-</strong></span> 
     </span>
    </p>
   </div>
   <div class='ocr_carea' id='block_1_45' title="bbox 479 4411 3801 4485">
    <p class='ocr_par' dir='ltr' id='par_1_45' title="bbox 479 4411 3801 4485">
     <span class='ocr_line' id='line_1_45' title="bbox 479 4411 3801 4485; baseline -0.002 -17"><span class='ocrx_word' id='word_1_617' title='bbox 479 4423 606 4468; x_wconf 88' lang='lat' dir='ltr'><strong>runt</strong></span> <span class='ocrx_word' id='word_1_618' title='bbox 628 4413 749 4485; x_wconf 82' lang='lat' dir='ltr'><strong>ejus</strong></span> <span class='ocrx_word' id='word_1_619' title='bbox 771 4416 1012 4470; x_wconf 88' lang='lat' dir='ltr'><strong>auctoris</strong></span> <span class='ocrx_word' id='word_1_620' title='bbox 1038 4414 1124 4475; x_wconf 85' lang='lat' dir='ltr'><strong>cui</strong></span> <span class='ocrx_word' id='word_1_621' title='bbox 1149 4417 1519 4485; x_wconf 86' lang='lat' dir='ltr'><strong>praecedentes</strong></span> <span class='ocrx_word' id='word_1_622' title='bbox 1548 4428 1829 4470; x_wconf 87' lang='lat' dir='ltr'><strong>sermones</strong></span> <span class='ocrx_word' id='word_1_623' title='bbox 1854 4415 1907 4469; x_wconf 95' lang='lat' dir='ltr'><strong>in</strong></span> <span class='ocrx_word' id='word_1_624' title='bbox 1939 4414 2131 4469; x_wconf 85' lang='lat' dir='ltr'><strong>iisdem</strong></span> <span class='ocrx_word' id='word_1_625' title='bbox 2160 4414 2439 4469; x_wconf 91' lang='lat' dir='ltr'><strong>codicibus</strong></span> <span class='ocrx_word' id='word_1_626' title='bbox 2479 4413 2929 4469; x_wconf 88' lang='lat' dir='ltr'><strong>inscribebantur.</strong></span> <span class='ocrx_word' id='word_1_627' title='bbox 2972 4411 3047 4467; x_wconf 88' lang='lat' dir='ltr'><strong>Ita</strong></span> <span class='ocrx_word' id='word_1_628' title='bbox 3094 4411 3201 4467; x_wconf 92' lang='lat' dir='ltr'><strong>duo</strong></span> <span class='ocrx_word' id='word_1_629' title='bbox 3231 4424 3511 4466; x_wconf 87' lang='lat' dir='ltr'><strong>sermones</strong></span> <span class='ocrx_word' id='word_1_630' title='bbox 3540 4423 3801 4480; x_wconf 86' lang='lat' dir='ltr'><strong>quorum</strong></span> 
     </span>
    </p>
   </div>
   <div class='ocr_carea' id='block_1_46' title="bbox 480 4501 3805 4576">
    <p class='ocr_par' dir='ltr' id='par_1_46' title="bbox 480 4501 3805 4576">
     <span class='ocr_line' id='line_1_46' title="bbox 480 4501 3805 4576; baseline -0.002 -15"><span class='ocrx_word' id='word_1_631' title='bbox 480 4504 621 4561; x_wconf 84' lang='lat' dir='ltr'><strong>alter</strong></span> <span class='ocrx_word' id='word_1_632' title='bbox 650 4521 682 4561; x_wconf 90' lang='lat' dir='ltr'><strong>e</strong></span> <span class='ocrx_word' id='word_1_633' title='bbox 706 4505 768 4561; x_wconf 87' lang='grc'><strong>8.</strong></span> <span class='ocrx_word' id='word_1_634' title='bbox 798 4505 986 4561; x_wconf 89' lang='lat' dir='ltr'><strong>lsidori</strong></span> <span class='ocrx_word' id='word_1_635' title='bbox 1014 4506 1347 4574; x_wconf 86' lang='lat' dir='ltr'><strong>Hispalensis</strong></span> <span class='ocrx_word' id='word_1_636' title='bbox 1370 4505 1638 4574; x_wconf 84' lang='lat' dir='ltr'><strong>()peribus</strong></span> <span class='ocrx_word' id='word_1_637' title='bbox 1665 4514 1950 4576; x_wconf 81' lang='lat' dir='ltr'><strong>excerptus</strong></span> <span class='ocrx_word' id='word_1_638' title='bbox 1983 4505 2103 4570; x_wconf 88' lang='lat' dir='ltr'><strong>fuit,</strong></span> <span class='ocrx_word' id='word_1_639' title='bbox 2151 4505 2311 4575; x_wconf 93' lang='lat' dir='ltr'><strong>paulo</strong></span> <span class='ocrx_word' id='word_1_640' title='bbox 2341 4515 2467 4561; x_wconf 87' lang='lat' dir='ltr'><strong>ante</strong></span> <span class='ocrx_word' id='word_1_641' title='bbox 2490 4513 2819 4560; x_wconf 87' lang='lat' dir='ltr'><strong>memoratus</strong></span> <span class='ocrx_word' id='word_1_642' title='bbox 2843 4520 2991 4559; x_wconf 91' lang='lat' dir='ltr'><strong>num.</strong></span> <span class='ocrx_word' id='word_1_643' title='bbox 3026 4504 3116 4569; x_wconf 87' lang='grc'><strong>11,</strong></span> <span class='ocrx_word' id='word_1_644' title='bbox 3140 4503 3276 4558; x_wconf 88' lang='lat' dir='ltr'><strong>alter</strong></span> <span class='ocrx_word' id='word_1_645' title='bbox 3305 4514 3434 4556; x_wconf 90' lang='lat' dir='ltr'><strong>vero</strong></span> <span class='ocrx_word' id='word_1_646' title='bbox 3474 4501 3563 4571; x_wconf 84' lang='lat' dir='ltr'><strong>qui</strong></span> <span class='ocrx_word' id='word_1_647' title='bbox 3616 4516 3805 4555; x_wconf 77' lang='lat' dir='ltr'><strong>exor-</strong></span> 
     </span>
    </p>
   </div>
   <div class='ocr_carea' id='block_1_47' title="bbox 487 4593 3805 4667">
    <p class='ocr_par' dir='ltr' id='par_1_47' title="bbox 487 4593 3805 4667">
     <span class='ocr_line' id='line_1_47' title="bbox 487 4593 3805 4667; baseline -0.001 -15"><span class='ocrx_word' id='word_1_648' title='bbox 487 4598 653 4666; x_wconf 90' lang='lat' dir='ltr'><strong>ditur,</strong></span> <span class='ocrx_word' id='word_1_649' title='bbox 682 4595 1016 4653; x_wconf 77' lang='lat' dir='ltr'><strong>Dilectissimi</strong></span> <span class='ocrx_word' id='word_1_650' title='bbox 1046 4598 1212 4665; x_wconf 83' lang='lat' dir='ltr'><strong>nobis,</strong></span> <span class='ocrx_word' id='word_1_651' title='bbox 1239 4599 1367 4667; x_wconf 81' lang='lat' dir='ltr'><strong>ﬁdes</strong></span> <span class='ocrx_word' id='word_1_652' title='bbox 1388 4608 1564 4651; x_wconf 83' lang='lat' dir='ltr'><strong>nostra</strong></span> <span class='ocrx_word' id='word_1_653' title='bbox 1593 4615 1686 4651; x_wconf 85' lang='lat' dir='ltr'><strong>nos</strong></span> <span class='ocrx_word' id='word_1_654' title='bbox 1706 4599 1966 4663; x_wconf 85' lang='lat' dir='ltr'><strong>admonet,</strong></span> <span class='ocrx_word' id='word_1_655' title='bbox 2002 4607 2057 4652; x_wconf 90' lang='lat' dir='ltr'><strong>et</strong></span> <span class='ocrx_word' id='word_1_656' title='bbox 2084 4596 2138 4652; x_wconf 93' lang='lat' dir='ltr'><strong>in</strong></span> <span class='ocrx_word' id='word_1_657' title='bbox 2163 4598 2265 4653; x_wconf 91' lang='lat' dir='ltr'><strong>hac</strong></span> <span class='ocrx_word' id='word_1_658' title='bbox 2289 4596 2589 4666; x_wconf 90' lang='lat' dir='ltr'><strong>appendice</strong></span> <span class='ocrx_word' id='word_1_659' title='bbox 2639 4596 2833 4652; x_wconf 92' lang='lat' dir='ltr'><strong>edetur</strong></span> <span class='ocrx_word' id='word_1_660' title='bbox 2872 4612 3022 4651; x_wconf 93' lang='lat' dir='ltr'><strong>num.</strong></span> <span class='ocrx_word' id='word_1_661' title='bbox 3076 4594 3132 4665; x_wconf 71' lang='lat'><strong>4,</strong></span> <span class='ocrx_word' id='word_1_662' title='bbox 3186 4594 3303 4650; x_wconf 91' lang='lat' dir='ltr'><strong>sine</strong></span> <span class='ocrx_word' id='word_1_663' title='bbox 3349 4593 3512 4649; x_wconf 89' lang='lat' dir='ltr'><strong>ullius</strong></span> <span class='ocrx_word' id='word_1_664' title='bbox 3532 4595 3805 4648; x_wconf 84' lang='lat' dir='ltr'><strong>auctoris</strong></span> 
     </span>
    </p>
   </div>
   <div class='ocr_carea' id='block_1_48' title="bbox 489 4686 3804 4760">
    <p class='ocr_par' dir='ltr' id='par_1_48' title="bbox 489 4686 3804 4760">
     <span class='ocr_line' id='line_1_48' title="bbox 489 4686 3804 4760; baseline -0.001 -15"><span class='ocrx_word' id='word_1_665' title='bbox 489 4690 709 4745; x_wconf 87' lang='lat' dir='ltr'><strong>nomine</strong></span> <span class='ocrx_word' id='word_1_666' title='bbox 737 4690 965 4760; x_wconf 90' lang='lat' dir='ltr'><strong>subjecti</strong></span> <span class='ocrx_word' id='word_1_667' title='bbox 994 4690 1339 4746; x_wconf 89' lang='lat' dir='ltr'><strong>sermonibus</strong></span> <span class='ocrx_word' id='word_1_668' title='bbox 1371 4690 1425 4745; x_wconf 91' lang='lat' dir='ltr'><strong>S.</strong></span> <span class='ocrx_word' id='word_1_669' title='bbox 1462 4688 1659 4744; x_wconf 90' lang='lat' dir='ltr'><strong>Leonis</strong></span> <span class='ocrx_word' id='word_1_670' title='bbox 1684 4689 1751 4743; x_wconf 93' lang='lat' dir='ltr'><strong>de</strong></span> <span class='ocrx_word' id='word_1_671' title='bbox 1784 4690 2273 4760; x_wconf 79' lang='lat' dir='ltr'><strong>Quadragesimain</strong></span> <span class='ocrx_word' id='word_1_672' title='bbox 2300 4688 2657 4744; x_wconf 89' lang='lat' dir='ltr'><strong>Lectionariis</strong></span> <span class='ocrx_word' id='word_1_673' title='bbox 2685 4689 2925 4744; x_wconf 73' lang='lat' dir='ltr'><strong>basilica:</strong></span> <span class='ocrx_word' id='word_1_674' title='bbox 2962 4688 3019 4744; x_wconf 92' lang='lat' dir='ltr'><strong>S.</strong></span> <span class='ocrx_word' id='word_1_675' title='bbox 3052 4686 3197 4744; x_wconf 88' lang='lat' dir='ltr'><strong>Petri</strong></span> <span class='ocrx_word' id='word_1_676' title='bbox 3233 4688 3334 4742; x_wconf 81' lang='grc'>105</span> <span class='ocrx_word' id='word_1_677' title='bbox 3364 4697 3417 4743; x_wconf 92' lang='lat' dir='ltr'><strong>et</strong></span> <span class='ocrx_word' id='word_1_678' title='bbox 3448 4686 3572 4751; x_wconf 85' lang='grc'><strong>107,</strong></span> <span class='ocrx_word' id='word_1_679' title='bbox 3605 4686 3804 4741; x_wconf 86' lang='lat' dir='ltr'><strong>veluti</strong></span> 
     </span>
    </p>
   </div>
   <div class='ocr_carea' id='block_1_49' title="bbox 478 4778 3807 4851">
    <p class='ocr_par' dir='ltr' id='par_1_49' title="bbox 478 4778 3807 4851">
     <span class='ocr_line' id='line_1_49' title="bbox 478 4778 3807 4851; baseline -0.001 -13"><span class='ocrx_word' id='word_1_680' title='bbox 743 4790 1095 4839; x_wconf 74' lang='lat' dir='ltr'><strong>recensentur</strong></span> <span class='ocrx_word' id='word_1_681' title='bbox 1127 4782 1179 4836; x_wconf 91' lang='lat' dir='ltr'><strong>in</strong></span> <span class='ocrx_word' id='word_1_682' title='bbox 1211 4796 1343 4838; x_wconf 87' lang='lat' dir='ltr'><strong>mss.</strong></span> <span class='ocrx_word' id='word_1_683' title='bbox 1370 4780 1587 4836; x_wconf 90' lang='lat' dir='ltr'><strong>collect.</strong></span> <span class='ocrx_word' id='word_1_684' title='bbox 1621 4781 1649 4835; x_wconf 87' lang='grc'><strong>1</strong></span> <span class='ocrx_word' id='word_1_685' title='bbox 1676 4790 1728 4836; x_wconf 91' lang='lat' dir='ltr'><strong>et</strong></span> <span class='ocrx_word' id='word_1_686' title='bbox 1750 4778 1806 4847; x_wconf 72' lang='grc'><strong>2,</strong></span> <span class='ocrx_word' id='word_1_687' title='bbox 1838 4795 1956 4849; x_wconf 67' lang='lat' dir='ltr'><strong>quae</strong></span> <span class='ocrx_word' id='word_1_688' title='bbox 1980 4796 2045 4835; x_wconf 82' lang='lat' dir='ltr'><strong>ex</strong></span> <span class='ocrx_word' id='word_1_689' title='bbox 2069 4780 2257 4837; x_wconf 88' lang='lat' dir='ltr'><strong>iisdem</strong></span> <span class='ocrx_word' id='word_1_690' title='bbox 2286 4781 2368 4837; x_wconf 87' lang='lat' dir='ltr'><strong>vel</strong></span> <span class='ocrx_word' id='word_1_691' title='bbox 2399 4781 2665 4835; x_wconf 90' lang='lat' dir='ltr'><strong>similibus</strong></span> <span class='ocrx_word' id='word_1_692' title='bbox 2684 4780 3041 4837; x_wconf 89' lang='lat' dir='ltr'><strong>Lectionariis</strong></span> <span class='ocrx_word' id='word_1_693' title='bbox 3070 4782 3328 4851; x_wconf 86' lang='lat' dir='ltr'><strong>originem</strong></span> <span class='ocrx_word' id='word_1_694' title='bbox 3356 4780 3577 4835; x_wconf 88' lang='lat' dir='ltr'><strong>ducunt.</strong></span> <span class='ocrx_word' id='word_1_695' title='bbox 3602 4779 3807 4850; x_wconf 84' lang='lat' dir='ltr'><strong>Hujus</strong></span> 
     </span>
    </p>
   </div>
   <div class='ocr_carea' id='block_1_50' title="bbox 483 4856 3803 4947">
    <p class='ocr_par' dir='ltr' id='par_1_50' title="bbox 483 4856 3803 4947">
     <span class='ocr_line' id='line_1_50' title="bbox 483 4856 3803 4947; baseline -0.001 -16"><span class='ocrx_word' id='word_1_696' title='bbox 483 4875 700 4947; x_wconf 88' lang='lat' dir='ltr'><strong>generis</strong></span> <span class='ocrx_word' id='word_1_697' title='bbox 739 4873 904 4929; x_wconf 89' lang='lat' dir='ltr'><strong>fuisse</strong></span> <span class='ocrx_word' id='word_1_698' title='bbox 932 4873 1187 4930; x_wconf 90' lang='lat' dir='ltr'><strong>videntur</strong></span> <span class='ocrx_word' id='word_1_699' title='bbox 1214 4875 1290 4929; x_wconf 91' lang='lat' dir='ltr'><strong>illi</strong></span> <span class='ocrx_word' id='word_1_700' title='bbox 1320 4887 1602 4931; x_wconf 87' lang='lat' dir='ltr'><strong>sermones</strong></span> <span class='ocrx_word' id='word_1_701' title='bbox 1632 4872 1723 4943; x_wconf 91' lang='lat' dir='ltr'><strong>qui</strong></span> <span class='ocrx_word' id='word_1_702' title='bbox 1755 4874 1808 4928; x_wconf 93' lang='lat' dir='ltr'><strong>in</strong></span> <span class='ocrx_word' id='word_1_703' title='bbox 1838 4874 2070 4930; x_wconf 88' lang='lat' dir='ltr'><strong>diversis</strong></span> <span class='ocrx_word' id='word_1_704' title='bbox 2114 4873 2473 4931; x_wconf 89' lang='lat' dir='ltr'><strong>Lectionariis</strong></span> <span class='ocrx_word' id='word_1_705' title='bbox 2500 4874 2653 4930; x_wconf 89' lang='lat' dir='ltr'><strong>libris</strong></span> <span class='ocrx_word' id='word_1_706' title='bbox 2683 4874 2803 4929; x_wconf 90' lang='lat' dir='ltr'><strong>aliis</strong></span> <span class='ocrx_word' id='word_1_707' title='bbox 2856 4884 3015 4945; x_wconf 89' lang='lat' dir='ltr'><strong>atque</strong></span> <span class='ocrx_word' id='word_1_708' title='bbox 3057 4873 3178 4930; x_wconf 88' lang='lat' dir='ltr'><strong>aliis</strong></span> <span class='ocrx_word' id='word_1_709' title='bbox 3229 4856 3552 4937; x_wconf 82' lang='lat' dir='ltr'><strong>tribuuntur,</strong></span> <span class='ocrx_word' id='word_1_710' title='bbox 3588 4887 3659 4927; x_wconf 81' lang='lat' dir='ltr'><strong>ex</strong></span> <span class='ocrx_word' id='word_1_711' title='bbox 3693 4890 3803 4945; x_wconf 78' lang='lat' dir='ltr'><strong>gr.</strong></span> 
     </span>
    </p>
   </div>
   <div class='ocr_carea' id='block_1_51' title="bbox 484 4965 3814 5043">
    <p class='ocr_par' dir='ltr' id='par_1_51' title="bbox 484 4965 3814 5043">
     <span class='ocr_line' id='line_1_51' title="bbox 484 4965 3814 5043; baseline 0.001 -19"><span class='ocrx_word' id='word_1_712' title='bbox 484 4968 543 5025; x_wconf 90' lang='lat' dir='ltr'><strong>S.</strong></span> <span class='ocrx_word' id='word_1_713' title='bbox 569 4967 891 5039; x_wconf 85' lang='lat' dir='ltr'><strong>Augustino,</strong></span> <span class='ocrx_word' id='word_1_714' title='bbox 924 4966 985 5023; x_wconf 92' lang='lat' dir='ltr'><strong>S.</strong></span> <span class='ocrx_word' id='word_1_715' title='bbox 1016 4966 1211 5022; x_wconf 82' lang='lat' dir='ltr'><strong>Joanni</strong></span> <span class='ocrx_word' id='word_1_716' title='bbox 1238 4965 1651 5039; x_wconf 88' lang='lat' dir='ltr'><strong>Cbrysostomo,</strong></span> <span class='ocrx_word' id='word_1_717' title='bbox 1675 4969 1734 5025; x_wconf 91' lang='lat' dir='ltr'><strong>S.</strong></span> <span class='ocrx_word' id='word_1_718' title='bbox 1760 4969 1947 5037; x_wconf 90' lang='lat' dir='ltr'><strong>Leoni,</strong></span> <span class='ocrx_word' id='word_1_719' title='bbox 1982 4981 2117 5041; x_wconf 89' lang='lat' dir='ltr'><strong>etc.,</strong></span> <span class='ocrx_word' id='word_1_720' title='bbox 2150 4971 2375 5043; x_wconf 88' lang='lat' dir='ltr'><strong>haecque</strong></span> <span class='ocrx_word' id='word_1_721' title='bbox 2414 4971 2528 5041; x_wconf 90' lang='lat' dir='ltr'><strong>ipsa</strong></span> <span class='ocrx_word' id='word_1_722' title='bbox 2568 4979 2850 5027; x_wconf 90' lang='lat' dir='ltr'><strong>auctorum</strong></span> <span class='ocrx_word' id='word_1_723' title='bbox 2880 4973 3075 5043; x_wconf 85' lang='lat' dir='ltr'><strong>quibus</strong></span> <span class='ocrx_word' id='word_1_724' title='bbox 3117 4971 3495 5042; x_wconf 82' lang='lat' dir='ltr'><strong>adjudicantur</strong></span> <span class='ocrx_word' id='word_1_725' title='bbox 3534 4972 3814 5027; x_wconf 77' lang='lat' dir='ltr'><strong>varietas</strong></span> 
     </span>
    </p>
   </div>
   <div class='ocr_carea' id='block_1_52' title="bbox 482 5060 1649 5129">
    <p class='ocr_par' dir='ltr' id='par_1_52' title="bbox 482 5060 1649 5129">
     <span class='ocr_line' id='line_1_52' title="bbox 482 5060 1649 5129; baseline -0.002 -10"><span class='ocrx_word' id='word_1_726' title='bbox 482 5062 678 5119; x_wconf 89' lang='lat' dir='ltr'><strong>incerti</strong></span> <span class='ocrx_word' id='word_1_727' title='bbox 708 5070 766 5116; x_wconf 94' lang='lat' dir='ltr'><strong>et</strong></span> <span class='ocrx_word' id='word_1_728' title='bbox 796 5061 962 5129; x_wconf 89' lang='lat' dir='ltr'><strong>ignoti</strong></span> <span class='ocrx_word' id='word_1_729' title='bbox 993 5060 1227 5117; x_wconf 89' lang='lat' dir='ltr'><strong>auctoris</strong></span> <span class='ocrx_word' id='word_1_730' title='bbox 1255 5060 1516 5116; x_wconf 91' lang='lat' dir='ltr'><strong>indicium</strong></span> <span class='ocrx_word' id='word_1_731' title='bbox 1545 5071 1649 5117; x_wconf 90' lang='lat' dir='ltr'><strong>est.</strong></span> 
     </span>
    </p>
   </div>
   <div class='ocr_carea' id='block_1_53' title="bbox 558 5151 3823 5228">
    <p class='ocr_par' dir='ltr' id='par_1_53' title="bbox 558 5151 3823 5228">
     <span class='ocr_line' id='line_1_53' title="bbox 558 5151 3823 5228; baseline 0.001 -17"><span class='ocrx_word' id='word_1_732' title='bbox 558 5156 645 5211; x_wconf 85' lang='grc'>11.</span> <span class='ocrx_word' id='word_1_733' title='bbox 678 5153 837 5223; x_wconf 83' lang='lat' dir='ltr'><strong>Quod</strong></span> <span class='ocrx_word' id='word_1_734' title='bbox 866 5151 910 5208; x_wconf 88' lang='lat' dir='ltr'><strong>si</strong></span> <span class='ocrx_word' id='word_1_735' title='bbox 944 5152 1029 5208; x_wconf 88' lang='lat' dir='ltr'><strong>bis</strong></span> <span class='ocrx_word' id='word_1_736' title='bbox 1061 5154 1239 5210; x_wconf 81' lang='lat' dir='ltr'><strong>causis</strong></span> <span class='ocrx_word' id='word_1_737' title='bbox 1268 5154 1430 5210; x_wconf 90' lang='lat' dir='ltr'><strong>aliam</strong></span> <span class='ocrx_word' id='word_1_738' title='bbox 1457 5155 1703 5226; x_wconf 90' lang='lat' dir='ltr'><strong>adjicias,</strong></span> <span class='ocrx_word' id='word_1_739' title='bbox 1743 5172 1902 5228; x_wconf 89' lang='lat' dir='ltr'><strong>quam</strong></span> <span class='ocrx_word' id='word_1_740' title='bbox 1943 5159 2046 5213; x_wconf 89' lang='lat' dir='ltr'><strong>PP.</strong></span> <span class='ocrx_word' id='word_1_741' title='bbox 2084 5159 2311 5215; x_wconf 84' lang='lat' dir='ltr'><strong>Maurini</strong></span> <span class='ocrx_word' id='word_1_742' title='bbox 2360 5162 2413 5214; x_wconf 92' lang='lat' dir='ltr'><strong>in</strong></span> <span class='ocrx_word' id='word_1_743' title='bbox 2445 5160 2731 5215; x_wconf 82' lang='lat' dir='ltr'><strong>Ambrosio</strong></span> <span class='ocrx_word' id='word_1_744' title='bbox 2778 5167 3101 5228; x_wconf 85' lang='lat' dir='ltr'><strong>proponunt,</strong></span> <span class='ocrx_word' id='word_1_745' title='bbox 3146 5156 3514 5214; x_wconf 85' lang='lat' dir='ltr'><strong>celebritatem</strong></span> <span class='ocrx_word' id='word_1_746' title='bbox 3565 5156 3823 5215; x_wconf 85' lang='lat' dir='ltr'><strong>scilicet</strong></span> 
     </span>
    </p>
   </div>
   <div class='ocr_carea' id='block_1_54' title="bbox 484 5248 3823 5323">
    <p class='ocr_par' dir='ltr' id='par_1_54' title="bbox 484 5248 3823 5323">
     <span class='ocr_line' id='line_1_54' title="bbox 484 5248 3823 5323; baseline -0 -14"><span class='ocrx_word' id='word_1_747' title='bbox 484 5252 749 5319; x_wconf 88' lang='lat' dir='ltr'><strong>auctoris,</strong></span> <span class='ocrx_word' id='word_1_748' title='bbox 774 5264 879 5322; x_wconf 88' lang='lat' dir='ltr'><strong>qua</strong></span> <span class='ocrx_word' id='word_1_749' title='bbox 909 5249 1223 5321; x_wconf 88' lang='lat' dir='ltr'><strong>ignotorum</strong></span> <span class='ocrx_word' id='word_1_750' title='bbox 1248 5251 1336 5306; x_wconf 87' lang='lat' dir='ltr'><strong>vel</strong></span> <span class='ocrx_word' id='word_1_751' title='bbox 1374 5250 1646 5307; x_wconf 90' lang='lat' dir='ltr'><strong>inferioris</strong></span> <span class='ocrx_word' id='word_1_752' title='bbox 1680 5266 1897 5323; x_wconf 91' lang='lat' dir='ltr'><strong>quoque</strong></span> <span class='ocrx_word' id='word_1_753' title='bbox 1941 5261 2083 5307; x_wconf 85' lang='lat' dir='ltr'><strong>notae</strong></span> <span class='ocrx_word' id='word_1_754' title='bbox 2120 5253 2444 5323; x_wconf 87' lang='lat' dir='ltr'><strong>scriptorum</strong></span> <span class='ocrx_word' id='word_1_755' title='bbox 2500 5253 2900 5309; x_wconf 83' lang='lat' dir='ltr'><strong>lucubrationes</strong></span> <span class='ocrx_word' id='word_1_756' title='bbox 2939 5251 3320 5307; x_wconf 88' lang='lat' dir='ltr'><strong>commendare</strong></span> <span class='ocrx_word' id='word_1_757' title='bbox 3364 5248 3598 5320; x_wconf 88' lang='lat' dir='ltr'><strong>placuit,</strong></span> <span class='ocrx_word' id='word_1_758' title='bbox 3654 5266 3823 5308; x_wconf 82' lang='lat' dir='ltr'><strong>cum</strong></span> 
     </span>
    </p>
   </div>
   <div class='ocr_carea' id='block_1_55' title="bbox 484 5341 3831 5416">
    <p class='ocr_par' dir='ltr' id='par_1_55' title="bbox 484 5341 3831 5416">
     <span class='ocr_line' id='line_1_55' title="bbox 484 5341 3831 5416; baseline -0.001 -12"><span class='ocrx_word' id='word_1_759' title='bbox 484 5347 683 5404; x_wconf 89' lang='lat' dir='ltr'><strong>Leonis</strong></span> <span class='ocrx_word' id='word_1_760' title='bbox 703 5358 899 5400; x_wconf 89' lang='lat' dir='ltr'><strong>nomen</strong></span> <span class='ocrx_word' id='word_1_761' title='bbox 928 5342 1341 5409; x_wconf 87' lang='lat' dir='ltr'><strong>celeberrimum</strong></span> <span class='ocrx_word' id='word_1_762' title='bbox 1372 5353 1537 5413; x_wconf 89' lang='lat' dir='ltr'><strong>esset,</strong></span> <span class='ocrx_word' id='word_1_763' title='bbox 1569 5343 1689 5400; x_wconf 60' lang='lat' dir='ltr'><strong>haec</strong></span> <span class='ocrx_word' id='word_1_764' title='bbox 1720 5360 1936 5415; x_wconf 88' lang='lat' dir='ltr'><strong>quoque</strong></span> <span class='ocrx_word' id='word_1_765' title='bbox 1974 5346 2419 5401; x_wconf 85' lang='lat' dir='ltr'><strong>ascribendorum</strong></span> <span class='ocrx_word' id='word_1_766' title='bbox 2449 5347 2547 5416; x_wconf 91' lang='lat' dir='ltr'><strong>ipsi</strong></span> <span class='ocrx_word' id='word_1_767' title='bbox 2572 5360 2884 5402; x_wconf 88' lang='lat' dir='ltr'><strong>sermonum</strong></span> <span class='ocrx_word' id='word_1_768' title='bbox 2925 5360 3085 5401; x_wconf 81' lang='lat' dir='ltr'><strong>causa</strong></span> <span class='ocrx_word' id='word_1_769' title='bbox 3126 5360 3234 5399; x_wconf 89' lang='lat' dir='ltr'><strong>non</strong></span> <span class='ocrx_word' id='word_1_770' title='bbox 3276 5342 3466 5399; x_wconf 83' lang='lat' dir='ltr'><strong>defuit.</strong></span> <span class='ocrx_word' id='word_1_771' title='bbox 3500 5341 3622 5410; x_wconf 85' lang='lat' dir='ltr'><strong>Quo</strong></span> <span class='ocrx_word' id='word_1_772' title='bbox 3649 5360 3831 5399; x_wconf 78' lang='lat' dir='ltr'><strong>vero</strong></span> 
     </span>
    </p>
   </div>
   <div class='ocr_carea' id='block_1_56' title="bbox 485 5433 3833 5513">
    <p class='ocr_par' dir='ltr' id='par_1_56' title="bbox 485 5433 3833 5513">
     <span class='ocr_line' id='line_1_56' title="bbox 485 5433 3833 5513; baseline -0.001 -17"><span class='ocrx_word' id='word_1_773' title='bbox 485 5442 669 5513; x_wconf 91' lang='lat' dir='ltr'><strong>plures</strong></span> <span class='ocrx_word' id='word_1_774' title='bbox 691 5439 922 5507; x_wconf 86' lang='lat' dir='ltr'><strong>allcujus</strong></span> <span class='ocrx_word' id='word_1_775' title='bbox 944 5436 1113 5491; x_wconf 90' lang='lat' dir='ltr'><strong>sancti</strong></span> <span class='ocrx_word' id='word_1_776' title='bbox 1142 5448 1422 5491; x_wconf 87' lang='lat' dir='ltr'><strong>sermones</strong></span> <span class='ocrx_word' id='word_1_777' title='bbox 1458 5437 1527 5491; x_wconf 92' lang='lat' dir='ltr'><strong>ob</strong></span> <span class='ocrx_word' id='word_1_778' title='bbox 1556 5436 1926 5493; x_wconf 89' lang='lat' dir='ltr'><strong>celebritatem</strong></span> <span class='ocrx_word' id='word_1_779' title='bbox 1958 5437 2075 5508; x_wconf 91' lang='lat' dir='ltr'><strong>ejus</strong></span> <span class='ocrx_word' id='word_1_780' title='bbox 2106 5436 2469 5494; x_wconf 86' lang='lat' dir='ltr'><strong>Lectionariis</strong></span> <span class='ocrx_word' id='word_1_781' title='bbox 2499 5440 2718 5495; x_wconf 90' lang='lat' dir='ltr'><strong>fuerunt</strong></span> <span class='ocrx_word' id='word_1_782' title='bbox 2745 5438 2955 5504; x_wconf 88' lang='lat' dir='ltr'><strong>inserti,</strong></span> <span class='ocrx_word' id='word_1_783' title='bbox 2990 5450 3057 5492; x_wconf 90' lang='lat' dir='ltr'><strong>eo</strong></span> <span class='ocrx_word' id='word_1_784' title='bbox 3089 5435 3273 5505; x_wconf 85' lang='lat' dir='ltr'><strong>plures</strong></span> <span class='ocrx_word' id='word_1_785' title='bbox 3301 5433 3460 5490; x_wconf 86' lang='lat' dir='ltr'><strong>alieni</strong></span> <span class='ocrx_word' id='word_1_786' title='bbox 3488 5448 3833 5492; x_wconf 86' lang='lat' dir='ltr'><strong>sermones</strong></span> 
     </span>
    </p>
   </div>
   <div class='ocr_carea' id='block_1_57' title="bbox 487 5527 3834 5601">
    <p class='ocr_par' dir='ltr' id='par_1_57' title="bbox 487 5527 3834 5601">
     <span class='ocr_line' id='line_1_57' title="bbox 487 5527 3834 5601; baseline -0.001 -12"><span class='ocrx_word' id='word_1_787' title='bbox 487 5534 666 5592; x_wconf 88' lang='lat' dir='ltr'><strong>eidem</strong></span> <span class='ocrx_word' id='word_1_788' title='bbox 692 5528 938 5587; x_wconf 86' lang='lat' dir='ltr'><strong>attributi</strong></span> <span class='ocrx_word' id='word_1_789' title='bbox 964 5527 1461 5599; x_wconf 87' lang='lat' dir='ltr'><strong>deprehendentur,</strong></span> <span class='ocrx_word' id='word_1_790' title='bbox 1489 5536 1550 5582; x_wconf 91' lang='lat' dir='ltr'><strong>ut</strong></span> <span class='ocrx_word' id='word_1_791' title='bbox 1588 5529 1643 5583; x_wconf 92' lang='lat' dir='ltr'><strong>in</strong></span> <span class='ocrx_word' id='word_1_792' title='bbox 1667 5529 1969 5599; x_wconf 74' lang='lat' dir='ltr'><strong>Augustino</strong></span> <span class='ocrx_word' id='word_1_793' title='bbox 1996 5530 2182 5585; x_wconf 89' lang='lat' dir='ltr'><strong>videre</strong></span> <span class='ocrx_word' id='word_1_794' title='bbox 2204 5540 2309 5600; x_wconf 86' lang='lat' dir='ltr'><strong>est,</strong></span> <span class='ocrx_word' id='word_1_795' title='bbox 2342 5533 2497 5601; x_wconf 82' lang='lat' dir='ltr'><strong>cujus</strong></span> <span class='ocrx_word' id='word_1_796' title='bbox 2526 5546 2807 5589; x_wconf 84' lang='lat' dir='ltr'><strong>sermones</strong></span> <span class='ocrx_word' id='word_1_797' title='bbox 2840 5534 2893 5587; x_wconf 93' lang='lat' dir='ltr'><strong>in</strong></span> <span class='ocrx_word' id='word_1_798' title='bbox 2919 5530 3255 5587; x_wconf 84' lang='lat' dir='ltr'><strong>Lectionaria</strong></span> <span class='ocrx_word' id='word_1_799' title='bbox 3288 5528 3491 5599; x_wconf 85' lang='lat' dir='ltr'><strong>passim</strong></span> <span class='ocrx_word' id='word_1_800' title='bbox 3538 5527 3834 5596; x_wconf 74' lang='lat' dir='ltr'><strong>inducti,</strong></span> 
     </span>
    </p>
   </div>
   <div class='ocr_carea' id='block_1_58' title="bbox 489 5621 3835 5696">
    <p class='ocr_par' dir='ltr' id='par_1_58' title="bbox 489 5621 3835 5696">
     <span class='ocr_line' id='line_1_58' title="bbox 489 5621 3835 5696; baseline -0.001 -13"><span class='ocrx_word' id='word_1_801' title='bbox 489 5622 858 5683; x_wconf 87' lang='lat' dir='ltr'><strong>incredibilem</strong></span> <span class='ocrx_word' id='word_1_802' title='bbox 886 5622 1243 5677; x_wconf 86' lang='lat' dir='ltr'><strong>ascititiorum</strong></span> <span class='ocrx_word' id='word_1_803' title='bbox 1274 5623 1508 5691; x_wconf 90' lang='lat' dir='ltr'><strong>copiam,</strong></span> <span class='ocrx_word' id='word_1_804' title='bbox 1538 5636 1657 5690; x_wconf 89' lang='lat' dir='ltr'><strong>quae</strong></span> <span class='ocrx_word' id='word_1_805' title='bbox 1683 5624 2037 5692; x_wconf 88' lang='lat' dir='ltr'><strong>genuinorum</strong></span> <span class='ocrx_word' id='word_1_806' title='bbox 2066 5639 2347 5680; x_wconf 90' lang='lat' dir='ltr'><strong>numerum</strong></span> <span class='ocrx_word' id='word_1_807' title='bbox 2370 5624 2484 5679; x_wconf 92' lang='lat' dir='ltr'><strong>fere</strong></span> <span class='ocrx_word' id='word_1_808' title='bbox 2512 5634 2775 5694; x_wconf 85' lang='lat' dir='ltr'><strong>coaequat,</strong></span> <span class='ocrx_word' id='word_1_809' title='bbox 2803 5634 3141 5696; x_wconf 81' lang='lat' dir='ltr'><strong>receperunt.</strong></span> <span class='ocrx_word' id='word_1_810' title='bbox 3171 5621 3306 5679; x_wconf 79' lang='lat' dir='ltr'><strong>Cum</strong></span> <span class='ocrx_word' id='word_1_811' title='bbox 3334 5624 3517 5693; x_wconf 86' lang='lat' dir='ltr'><strong>itaque</strong></span> <span class='ocrx_word' id='word_1_812' title='bbox 3547 5623 3607 5678; x_wconf 90' lang='lat' dir='ltr'><strong>S.</strong></span> <span class='ocrx_word' id='word_1_813' title='bbox 3646 5623 3835 5679; x_wconf 84' lang='lat' dir='ltr'><strong>Leo-</strong></span> 
     </span>
    </p>
   </div>
   <div class='ocr_carea' id='block_1_59' title="bbox 491 5712 3839 5786">
    <p class='ocr_par' dir='ltr' id='par_1_59' title="bbox 491 5712 3839 5786">
     <span class='ocr_line' id='line_1_59' title="bbox 491 5712 3839 5786; baseline -0.001 -9"><span class='ocrx_word' id='word_1_814' title='bbox 491 5723 579 5777; x_wconf 82' lang='lat' dir='ltr'><strong>nis</strong></span> <span class='ocrx_word' id='word_1_815' title='bbox 600 5733 883 5777; x_wconf 88' lang='lat' dir='ltr'><strong>sermones</strong></span> <span class='ocrx_word' id='word_1_816' title='bbox 905 5717 960 5772; x_wconf 91' lang='lat' dir='ltr'><strong>in</strong></span> <span class='ocrx_word' id='word_1_817' title='bbox 991 5716 1347 5773; x_wconf 88' lang='lat' dir='ltr'><strong>Lectionariis</strong></span> <span class='ocrx_word' id='word_1_818' title='bbox 1376 5715 1683 5784; x_wconf 89' lang='lat' dir='ltr'><strong>frequentes</strong></span> <span class='ocrx_word' id='word_1_819' title='bbox 1707 5726 2015 5782; x_wconf 90' lang='lat' dir='ltr'><strong>occurrant,</strong></span> <span class='ocrx_word' id='word_1_820' title='bbox 2044 5716 2227 5786; x_wconf 89' lang='lat' dir='ltr'><strong>plures</strong></span> <span class='ocrx_word' id='word_1_821' title='bbox 2255 5717 2429 5771; x_wconf 88' lang='lat' dir='ltr'><strong>eidem</strong></span> <span class='ocrx_word' id='word_1_822' title='bbox 2460 5718 2765 5786; x_wconf 86' lang='lat' dir='ltr'><strong>suppositos</strong></span> <span class='ocrx_word' id='word_1_823' title='bbox 2804 5712 3044 5771; x_wconf 83' lang='lat' dir='ltr'><strong>nancisci</strong></span> <span class='ocrx_word' id='word_1_824' title='bbox 3101 5729 3205 5770; x_wconf 88' lang='lat' dir='ltr'><strong>non</strong></span> <span class='ocrx_word' id='word_1_825' title='bbox 3258 5712 3476 5769; x_wconf 79' lang='lat' dir='ltr'><strong>difficile</strong></span> <span class='ocrx_word' id='word_1_826' title='bbox 3517 5714 3643 5769; x_wconf 85' lang='lat' dir='ltr'><strong>fuit.</strong></span> <span class='ocrx_word' id='word_1_827' title='bbox 3682 5714 3839 5773; x_wconf 72' lang='lat' dir='ltr'><strong>Sed</strong></span> 
     </span>
    </p>
   </div>
   <div class='ocr_carea' id='block_1_60' title="bbox 493 5806 2391 5883">
    <p class='ocr_par' dir='ltr' id='par_1_60' title="bbox 493 5806 2391 5883">
     <span class='ocr_line' id='line_1_60' title="bbox 493 5806 2391 5883; baseline -0.005 -13"><span class='ocrx_word' id='word_1_828' title='bbox 493 5814 577 5871; x_wconf 86' lang='lat' dir='ltr'><strong>eia</strong></span> <span class='ocrx_word' id='word_1_829' title='bbox 600 5814 711 5883; x_wconf 82' lang='lat' dir='ltr'><strong>jam</strong></span> <span class='ocrx_word' id='word_1_830' title='bbox 736 5810 886 5881; x_wconf 84' lang='lat' dir='ltr'><strong>ipsos</strong></span> <span class='ocrx_word' id='word_1_831' title='bbox 917 5823 1195 5868; x_wconf 80' lang='lat' dir='ltr'><strong>sermones</strong></span> <span class='ocrx_word' id='word_1_832' title='bbox 1222 5812 1273 5865; x_wconf 85' lang='lat' dir='ltr'><strong>in</strong></span> <span class='ocrx_word' id='word_1_833' title='bbox 1307 5810 1405 5863; x_wconf 77' lang='lat' dir='ltr'><strong>hac</strong></span> <span class='ocrx_word' id='word_1_834' title='bbox 1430 5806 1730 5879; x_wconf 86' lang='lat' dir='ltr'><strong>appendice</strong></span> <span class='ocrx_word' id='word_1_835' title='bbox 1752 5808 1990 5865; x_wconf 85' lang='lat' dir='ltr'><strong>edendos</strong></span> <span class='ocrx_word' id='word_1_836' title='bbox 2020 5809 2391 5879; x_wconf 77' lang='lat' dir='ltr'><strong>subjiciamus.</strong></span> 
     </span>
    </p>
   </div>
  </div>
