3980 6352
295 309 387 367 tu
1039 309 1407 373 SERMONES
1435 313 1504 374 s.
1541 313 1752 373 LEONl
1789 316 2024 376 MAGNO
2063 316 2542 376 ATTB~IBUTl.——
2566 299 2770 378 suun.
2805 321 2849 378 ι.
3443 322 3550 378 m

1433 469 2390 673 SERMONES

747 777 894 886 S.
980 781 1450 896 LEONI
1526 783 2079 889 MAGNO
2154 783 3079 892 ATTRIBUTI.

1067 1141 1523 1212 ADMONITIO
1563 1145 1646 1208 IN
1690 1144 2188 1216 TRACTATUM
2235 1143 2738 1220 SEQUENTEM.

343 1291 443 1364 llic
467 1299 720 1350 tractatus
743 1304 770 1346 e
806 1286 1055 1364 Vaticano
1080 1289 1251 1364 codice
1279 1285 1423 1344 2546
1453 1306 1484 1343 a
1511 1287 1742 1364 Gcrardo
1779 1288 1960 1364 Yossio
1977 1288 2593 1364 prtepositorTungrensi
2624 1291 2843 1364 primum
2886 1291 3067 1356 editus,
3103 1303 3150 1348 et
3179 1295 3396 1352 insertus
3429 1298 3558 1353 inter

279 1363 955 1435 Miscellanea_sanctorum_
980 1359 1190 1435 aliquot
1211 1359 1425 1435 Patrum
1457 1361 1685 1435 subjecta
1727 1359 1936 1435 editioni
1965 1358 2024 1415 S.
2059 1358 2295 1435 Gregorii
2338 1358 2719 1434 Thbuinaturgi
2762 1361 2998 1435 Magunt.
3032 1381 3118 1418 an.
3153 1365 3314 1435 160-1,
3346 1369 3399 1421 in
3441 1369 3558 1424 aliis

273 1433 585 1512 subinde_S._
603 1433 791 1488 Leonis
834 1432 1142 1512 editionibus
1174 1433 1362 1512 locum.
1385 1431 1582 1486 habuit.
1632 1431 1843 1512 atavi}
1872 1439 2058 1512 autem
2095 1431 2308 1512 Vossiu_s_
2335 1434 2388 1488 in
2427 1450 2484 1512 e_o
2514 1451 2623 1512 ms._
2658 1431 2794 1512 hunc
2824 1431 3029 1512 titul-um
3071 1440 3240 1512 minus
3267 1431 3556 1512 congruum

274 1503 674 1577 praferri:Lr_'._o
705 1519 838 1576 papa
879 1504 1061 1577 primae
1104 1504 1249 1577 sedis
1279 1503 1564 1577 episcopus
1591 1503 1996 1577 aqulavianum
2029 1505 2095 1560 de
2121 1505 2394 1577 erroribus
2441 1505 2785 1577 Eutychetis;
2840 1509 3049 1573 perinde
3084 1525 3144 1561 ac
3181 1511 3228 1563 si
3270 1503 3389 1576 ipsa
3425 1519 3555 1565 esset

274 1573 481 1644 epistola
506 1579 576 1631 ad
603 1573 915 1630 Flavianum
941 1573 1569 1646 Qonstantinopolitanum
1598 1575 1895 1646 episcopum
1931 1575 2147 1628 directa.
2184 1575 2295 1630 Nos
2324 1573 2560 1631 eumdem
2589 1587 2862 1630 tractatum
2899 1580 3177 1646 reperimus
3206 1583 3259 1635 in
3290 1573 3395 1635 alio
3435 1582 3551 1637 cod.

279 1647 382 1725 γαί.
421 1648 648 1725 ραρὶηῳ
690 1647 892 1725 Succia:
927 1644 1048 1712 159,
1087 1644 1488 1725 saeculicirciter
1511 1663 1633 1725 _x1v,_
1658 1648 1742 1710 qui
1770 1645 1956 1725 Leonis
1993 1646 2160 1725 Opera
2177 1648 2432 1725 continet.
2463 1645 2592 1725 ῌανς
2630 1659 2798 1725 autem
2821 1644 2988 1725 eidem
3019 1651 3283 1725 inscriptio
3313 1662 3551 1725 estpag.

277 1719 395 1793 ltili:
419 1717 586 1793 Fidus
610 1719 806 1773 Leonis
828 1733 1000 1788 papae,
1021 1733 1192 1793 quam
1215 1717 1272 1793 S.
1299 1717 1590 1793 Gregorius
1622 1717 1954 1793 in_epi_stolis'
1975 1719 2086 1773 suis
2118 1719 2451 1793 mirabiliter
2471 1719 2670 1785 laudat,
2708 1723 2779 1773 ita
2803 1720 2988 1793 dicens
3011 1737 3024 1773 :
3051 1739 3069 1773 ι
3100 1717 3352 1793 Quisquis
3389 1717 3547 1778 tl'dein

270 1787 322 1846 S.
353 1790 550 1846 Leonis
585 1805 736 1859 papae
761 1787 920 1859 auget
950 1790 1029 1843 vel
1065 1788 1275 1860 minuit,
1310 1789 1393 1844 vel
1416 1787 1604 1858 usque
1629 1789 1693 1842 ad
1734 1788 2010 1844 minimum
2043 1798 2281 1843 atomum
2316 1791 2543 1860 pleniter
2572 1807 2677 1844 non
2710 1791 3069 1860 amplectitur,
3112 1787 3224 1847 ullo
3253 1787 3416 1848 modo
3443 1796 3550 1850 non

270 1861 548 1930 episcopus
591 1860 984 1932 est_dicendus,
1017 1859 1112 1916 sed
1139 1861 1479 1932 anathemate
1527 1860 1840 1928 plectendos
1870 1867 1971 1914 est.
2006 1880 2025 1912 ι
2063 1862 2188 1926 Quae
2213 1862 2473 1932 tamenS.
2504 1859 2782 1932 Gregorius
2805 1859 2928 1916 non
2959 1862 3023 1915 de
3050 1865 3145 1916 hoc
3190 1874 3429 1926 tractatu,
3461 1866 3553 1919 sed

271 1933 326 1984 de
349 1929 536 1986 celebri
564 1934 632 1986 ad
656 1929 969 1988 Flavianum
997 1931 1218 2001 epistola
1254 1933 1479 2003 scripsit.
1514 1932 1766 1986 Similiter
1793 1941 1904 1999 post
1930 1947 2044 1985 eum
2077 1941 2348 1987 tractatum
2378 1931 2486 1987 haec
2514 1929 2778 1986 ann'otatio
2806 1934 2991 1987 ibidem
3024 1935 3232 2003 ponitur
3264 1953 3282 1992 :
3305 1933 3553 1992 Canones

271 2005 579 2081 praecipiunt
608 2005 660 2081 in
693 2006 864 2081 prima
899 2003 1107 2074 synodo
1136 2003 1385 2081 legendas
1421 2003 1674 2081 epistolas
1704 2003 1760 2056 Β.
1799 2003 2203 2081 Leonispapm,
2235 2019 2366 2081 quas
2399 2004 2612 2073 scripsit
2635 2005 2698 2060 ad
2723 2003 3041 2081 laniando]
3069 2005 3135 2060 de
3163 2021 3352 2081 errore
3384 2007 3550 2081 Euty-

267 2071 392 2128 chis.
427 2071 704 2130 Eumdem
730 2076 885 2131 etiam
913 2071 1354 2128 tractatum‘nacti
1391 2071 1566 2128 sumus
1594 2075 1644 2128 in
1671 2092 1768 2128 ms.
1810 2073 1928 2129 Vat.
1955 2071 2078 2139 537i,
2100 2071 2261 2145 quem
2292 2071 2548 2128 diversum
2575 2092 2605 2128 a
2636 2076 2808 2129 codice
2847 2075 3010 2130 Vossii
3037 2075 3224 2145 patebit
3247 2094 3311 2133 ex
3339 2071 3554 2132 nonnul-

269 2094 392 2128 enis.
443 2094 704 2130 numaem
730 2094 885 2131 etiam
913 2094 1183 2128 ιτασιαιωη
1217 2094 1354 2128 nacu
1391 2094 1566 2128 sumus
1594 2094 1644 2128 in
1671 2094 1768 2128 ms.
1816 2094 1928 2129 rat.
1955 2094 2078 2139 oar,
2113 2094 2261 2145 quem
2292 2094 2548 2128 awersum
2575 2094 2605 2128 a
2636 2094 2808 2129 coaicc
2850 2094 3007 2130 vossn
3073 2094 3224 2130 ateou
3247 2094 3311 2133 ex
3339 2094 3546 2132 nonnul-

269 2146 323 2198 lis
351 2146 690 2218 variantibus,
721 2163 782 2200 ac
809 2148 1097 2214 prwsertim
1123 2163 1186 2200 ea:
1216 2147 1475 2200 notatione
1502 2146 1705 2218 ultima.
1739 2145 1830 2200 Est
1859 2147 2018 2200 codex
2055 2147 2353 2218 xu_circiter
2374 2147 2572 2211 saeculi,
2595 2157 2643 2200 et
2673 2145 2976 2218 Hieronymi
3010 2094 3272 2218 [sppistolas
3301 2150 3546 2216 continet,

265 2217 438 2286 quibus
484 2220 568 2271 hic
611 2227 857 2272 tractatus
885 2218 1213 2289 praemittitur
1241 2233 1357 2272 cum
1399 2218 1495 2269 hoc
1540 2217 1688 2270 titulo
1717 2233 1735 2271 :
1763 2219 1873 2272 Leo
1905 2232 2038 2286 papa
2071 2216 2257 2289 prima:
2297 2218 2442 2272 sedis
2473 2222 2760 2288 episcopus
2799 2216 2969 2285 adlet
2999 2216 3237 2272 additum
3278 2222 3549 2289 posteriori

268 2295 443 2363 ruditu)
477 2289 818 2363 Flavianum,
852 2287 940 2342 ubi
963 2289 1356 2363 primae_manus
1383 2290 1639 2363 scriptura
1668 2289 1832 2342 deleta
1863 2293 2053 2363 fuerat.
2087 2287 2374 2363 subjicitur
2401 2300 2575 2363 postea
2605 2290 2798 2344 notatio
2822 2306 2841 2345 :
2866 2289 2991 2346 Haec
3012 2298 3097 2345 est
3118 2290 3206 2345 illa
3229 2287 3360 2347 lldes
3387 2307 3547 2363 quam

263 2358 316 2415 S.
345 2360 664 2430 Gregorius,
695 2371 828 2425 etc.,
861 2377 921 2412 ac
951 2360 1112 2414 dein:
1133 2358 1381 2414 Canones
1420 2360 1760 2429 prmcipiunt,
1791 2369 1924 2426 etc.,
1957 2372 2009 2412 ut
2039 2361 2089 2412 in
2130 2358 2249 2413 Vat.
2279 2360 2510 2430 Regime.

333 2431 646 2497 Quesnellus
675 2431 814 2485 hunc
840 2440 1111 2488 tractatum
1136 2432 1289 2485 veluti
1319 2442 1460 2502 certo
1484 2435 1718 2498 spurium
1747 2433 1798 2484 in
1825 2432 2158 2502 appendicem
2188 2430 2524 2502 rejiciendum
2545 2433 2764 2486 credidit
2787 2449 2846 2486 eo
2868 2433 3072 2486 nomine
3097 2433 3235 2499 quod
3261 2443 3548 2490 centonem

266 2519 325 2558 ex
353 2504 556 2559 Leonis
581 2502 798 2572 scriptis
827 2515 1110 2558 consutum
1139 2503 1392 2556 habuerit.
1427 2501 1615 2557 Omnia
1644 2504 1776 2557 enim
1799 2503 1915 2558 hinc
1943 2502 2058 2574 inde
2074 2518 2142 2574 ex
2166 2503 2319 2556 variis
2349 2501 2409 2558 S.
2433 2504 2690 2574 pontiﬁcis
2718 2504 2934 2559 testibus
2957 2506 3024 2558 ad
3048 2506 3250 2558 verbum
3279 2505 3550 2570 descriptis

265 2591 387 2628 nunc
430 2592 501 2630 an
528 2574 866 2629 Sermonibus
892 2591 1028 2628 nunc
1057 2591 1119 2629 ea:
1143 2574 1411 2646 Epistolis
1450 2585 1656 2646 sumpta
1685 2585 1820 2638 sunt,
1848 2589 1963 2646 qua
1990 2573 2283 2646 indicantur
2323 2574 2376 2627 in
2407 2573 2653 2645 margine.
2703 2574 2915 2646 Vossius
2956 2585 3071 2644 post
3099 2577 3351 2646 indicatos
3384 2578 3551 2646 fontes

262 2648 388 2700 unde
412 2646 506 2700 hic
527 2655 776 2700 tractatus
805 2655 1095 2716 compactus
1126 2643 1242 2713 fuit,
1271 2645 1381 2700 hinc
1409 2643 1615 2715 subjicit
1643 2662 1661 2699 :
1685 2646 1816 2712 Quae
1846 2643 1931 2699 vel
1963 2644 2083 2700 ideo
2111 2646 2221 2698 loca
2255 2659 2350 2713 per
2391 2660 2489 2698 nos
2518 2643 2711 2701 collata
2746 2647 2830 2700 hic
2857 2643 3124 2703 adducere
3153 2645 3326 2702 visum
3356 2643 3460 2714 eat,
3493 2659 3551 2705 ut

261 2727 470 2773 constet
497 2718 640 2773 hanc
659 2732 842 2771 veram
877 2715 932 2772 S’.
968 2717 1166 2772 Leonis
1194 2733 1316 2772 esse
1339 2717 1659 2787 doctrinam.
1687 2717 1767 2770 An
1801 2724 1976 2770 autem
2011 2731 2250 2787 praesens
2269 2715 2355 2769 hic
2389 2724 2647 2771 tractatus
2676 2719 2746 2772 ita
2781 2718 2848 2771 ab
2874 2718 2991 2787 ipso
3027 2721 3081 2773 8.
3113 2718 3296 2774 Leone
3324 2719 3390 2774 sit
3414 2734 3548 2775 con-

261 2792 513 2858 scriptus.
545 2803 612 2843 an
643 2789 711 2841 ab
733 2789 850 2844 aliis
870 2789 941 2844 sit
962 2805 1026 2844 ex
1057 2789 1173 2858 ejus
1199 2787 1445 2843 doctrina
1470 2786 1769 2856 confectus,
1802 2789 2015 2842 curiose
2048 2783 2136 2841 hic
2166 2785 2525 2858 indagandum
2554 2787 2696 2844 haud
2730 2783 2960 2843 videtur.
2995 2788 3165 2844 Unum
3197 2805 3326 2845 sane
3354 2791 3457 2846 huc
3478 2806 3546 2847 ex

261 2857 517 2927 Epistolis
549 2861 609 2916 S.
643 2859 840 2915 Leonis
866 2857 1203 2928 exploratum
1232 2861 1508 2922 habemus,
1539 2861 1680 2929 quod
1711 2858 1898 2915 eadem
1931 2873 2074 2924 saepe
2108 2860 2158 2914 in
2196 2857 2317 2913 aliis
2347 2867 2505 2928 atque
2534 2860 2654 2915 aliis
2698 2867 3012 2929 repetantur
3049 2877 3061 2913 :
3092 2862 3156 2915 At
3198 2862 3548 2927 inscriptionis

263 2932 460 3000 falsitas
492 2933 838 3002 suspicionem
869 2936 1091 3004 primum
1121 2932 1338 3004 ingerit;
1367 2932 1484 2986 dein
1519 2930 1865 3004 difﬁcultatem
1897 2929 2090 3000 faciunt
2117 2930 2354 3004 nonnulli
2385 2939 2552 3004 textus
2577 2931 2665 3004 qui
2690 2932 2845 2985 veluti
2871 2933 3120 3004 rationem
3146 2932 3551 3004 antecedentium

262 3007 569 3073 praeferunt,
591 3001 716 3057 cum
748 3001 1158 3057 antecedentibus
1177 3001 1350 3058 autem
1375 3020 1478 3057 non
1504 3001 1627 3056 satis
1658 3001 1933 3067 cohaerent,
1967 3012 2019 3058 ut
2051 3002 2374 3073 potissimum
2399 3002 2605 3071 liquebit
2630 3018 2696 3056 ea:
2725 3003 2990 3056 notatione
3017 3005 3104 3058 38.
3137 3003 3309 3072 Igitur
3337 3003 3399 3057 de
3425 3020 3546 3058 cen-

259 3071 383 3154 tone,
409 3092 570 3157 quem
601 3075 790 3145 aliquis
797 3075 1176 3157 “ruinaslperite
1195 3075 1491 3157 congessit,
1515 3073 1738 3157 dubitari
1768 3089 1870 3127 non
1901 3088 2046 3153 posse
2067 3071 2353 3157 credimus;
2377 3089 2437 3126 ac
2461 3074 2676 3157 proinde
2705 3075 2847 3157 hunc.
2869 3071 3544 3157 tractatuminlappendice,

257 3145 306 3198 in
332 3141 494 3214 quam
531 3141 703 3217 fuerat
727 3164 758 3200 a
791 3141 1062 3210 Quesnello
1089 3141 1367 3215 coniectus,
1397 3146 1791 3216 relinquendum
1820 3141 2132 3217 putavimus.
2168 3141 2404 3197 Primum
2429 3141 2601 3217 autem
2627 3145 2798 3217 locum
2827 3145 2942 3198 huic
2966 3146 3178 3217 centoni
3199 3141 3455 3213 dedimus,
3489 3141 3548 3201 eo

257 3219 382 3290 quod
407 3214 573 3287 opera
603 3217 900 3290 hujusmodi
931 3217 1111 3271 inedita
1145 3214 1416 3290 cujusdam
1439 3214 1746 3272 conditionis
1775 3217 1908 3269 inter
1932 3215 2136 3290 sincera
2161 3223 2208 3268 et
2235 3216 2731 3290 supposititiasint;
2754 3233 2914 3286 neque
2937 3217 3072 3290 enim
3095 3234 3125 3269 a
3149 3214 3323 3290 Leone
3343 3219 3550 3290 omnino

257 3286 480 3343 alienum
504 3297 604 3357 est,
631 3289 768 3356 quod
793 3305 857 3343 ea:
882 3290 1112 3350 eiusdem
1138 3286 1298 3344 verbis
1324 3298 1524 3343 constat
1551 3299 1701 3355 atque
1728 3286 2023 3353 sententiis;
2048 3302 2206 3358 neque
2232 3303 2412 3341 rursus
2442 3288 2650 3341 omnino
2676 3289 2838 3357 ipsius
2870 3288 3156 3358 proprium,
3189 3289 3325 3355 quod
3354 3289 3415 3342 ab
3446 3290 3551 3342 alio

257 3360 620 3416 concinnatum
647 3361 763 3429 fuit.
802 3359 1010 3415 Vossius
1037 3358 1154 3415 licet
1185 3377 1290 3416 uno
1317 3361 1493 3415 codice
1544 3361 1597 3413 in
1635 3361 1730 3414 hoc
1765 3367 1989 3414 tractatu
2029 3357 2228 3412 edendo
2270 3375 2393 3412 usus
2423 3358 2511 3426 sit,
2546 3359 2746 3427 aliquas
2776 3368 2943 3411 tamen
2966 3357 3238 3429 variantes
3286 3364 3548 3414 annotavit

254 3429 304 3502 in
327 3433 589 3502 margine,
627 3427 756 3501 quas
785 3448 849 3486 ea:
877 3431 1092 3486 lectione
1125 3431 1459 3494 Sermonum,
1502 3433 1579 3486 vel
1606 3429 2464 3502 Epistolarumsumpsit,easque
2491 3431 2964 3502 solas_posteriores
3007 3427 3253 3484 editiones
3285 3429 3543 3502 exhibent.

259 3500 361 3554 Nos
389 3498 462 3575 ea?
491 3498 694 3575 duobus
732 3519 851 3558 mss.
887 3503 1043 3575 paulo
1079 3513 1194 3557 ante
1222 3503 1460 3572 allegatis
1499 3501 1617 3559 Vat.
1647 3498 1693 3558 et
1725 3502 1886 3573 Regio
1925 3498 2058 3556 alias
2086 3498 2436 3568 subiiciemus,
2476 3500 2553 3555 vel
2593 3498 2678 3556 ubi
2708 3511 3054 3573 opportunum
3091 3502 3268 3574 fuerit,
3315 3501 3544 3556 indicata

252 3574 398 3627 veteri
427 3574 674 3642 lusione,
710 3574 1073 3636 transferemus
1101 3576 1156 3628 in
1182 3582 1402 3630 textum.

793 3691 956 3762 395
997 3690 1233 3748 SERMO
1269 3689 1311 3746 ι.

258 3781 353 3838 Seu
392 3781 680 3839 Trent-atus
709 3783 955 3856 adversus
995 3799 1192 3839 errores
1235 3783 1532 3856 Eutychetis
1558 3792 1605 3839 et
1633 3781 1857 3840 aliorum

1875 3693 1931 3754 Α
1954 3687 2214 3758 Spiritum
2243 3701 2364 3743 esse
2385 3687 2560 3743 Patris
2586 3696 2641 3743 et
2669 3688 2828 3745 Filii:
2861 3699 2920 3744 ut
2950 3703 3239 3760 numquam
3261 3688 3382 3745 sine
3409 3687 3547 3746 Filio

1967 3762 2150 3832 Pater,
2177 3775 2468 3829 numquam
2503 3760 2671 3815 Filius
2698 3761 3031 3832 sine_Patre,
3067 3776 3355 3832 numquam
3388 3761 3543 3818 Pater

866 3855 1242 3910 haireticorum.

315 3966 450 4025 Car.
483 3967 533 4024 ι.
554 3976 669 4010 -ι
700 3967 779 4023 Ad
801 3969 1055 4024 Ecclesia:
1087 3967 1230 4023 ﬁlios
1266 3968 1616 4026 instruendos
1657 3967 1858 4025 adden-

254 4039 370 4094 dum
392 4049 484 4096 est
508 4041 681 4095 nostri
706 4039 986 4097 Sermonis
1014 4039 1355 4111 obsequium.
1380 4039 1498 4095 Non
1531 4041 1671 4096 enim
1701 4044 1857 4098 time-

254 4125 366 4182 mus
388 4128 461 4167 ne
486 4111 760 4182 spiritales
777 4121 832 4165 et
852 4112 1046 4182 eruditi
1069 4126 1194 4166 nuta
1218 4111 1514 4175 fastidiant,
1540 4114 1604 4165 ad
1629 4127 1856 4179 quorum

256 4180 490 4237 fructum
519 4180 754 4253 pertinet
781 4183 902 4236 aliis
924 4181 951 4221 ι)
982 4184 1257 4238 insinuare
1285 4185 1426 4252 quod
1460 4183 1562 4252 ipsi
1594 4199 1715 4238 cum
1746 4197 1858 4237 ma-

253 4268 346 4322 gna
376 4255 465 4309 sui
507 4254 740 4310 utilitate
769 4253 1097 4308 didicerunt.
1129 4254 1247 4308 Fiat
1276 4269 1404 4324 ergo
1431 4271 1526 4325 per
1547 4256 1707 4310 corda
1737 4269 1856 4308 om-

253 4325 418 4392 nium,
457 4325 802 4394 dispensatio
834 4341 1117 4381 munerum
1151 4325 1481 4392 divinorum,
1505 4334 1560 4380 et
1585 4326 1859 4380 cservitu--

255 4405 356 4452 tem
385 4400 510 4452 oris
537 4397 725 4468 nostri
745 4395 888 4468 docti
917 4398 1224 4468 indoctique
1256 4412 1360 4451 non
1392 4408 1673 4466 spernant.
1703 4395 1859 4452 Adsit

255 4469 411 4538 etiam
437 4479 660 4538 nostra:
701 4467 823 4522 ﬁdei
859 4467 1027 4537 ipsius
1058 4467 1272 4538 largitas
1295 4469 1363 4522 de
1385 4469 1538 4538 cujus
1572 4471 1855 4537 majestate

251 4537 390 4610 loqui
426 4535 456 4576 τι
492 4548 799 4605 tentamus,
847 4535 904 4593 ut
949 4540 1013 4594 ad
1034 4535 1346 4664 lprofectum
1389 4535 1554 4593 totius
1595 4535 1856 4594 Ecclesia:

251 4623 358 4664 suae
375 4619 432 4664 et
448 4625 553 4664 vos
582 4625 811 4664 capaces
831 4619 886 4664 et
905 4625 1005 4664 nos
1057 4611 1191 4664 aciat
1220 4609 1575 4664 abundantes.
1600 4611 1735 4664 Cum
1761 4611 1856 4664 iui-

250 4609 358 4664 suie
375 4619 553 4682 etvos
582 4625 811 4682 capaces
831 4619 886 4666 et
905 4625 1005 4666 nos
1034 4609 1191 4664 faciat
1220 4609 1575 4666 abundantes.
1600 4611 1735 4665 Cum
1761 4611 1860 4682 igi-

257 4687 340 4753 tur
371 4680 444 4736 ad
478 4680 890 4753 intelligendam
919 4682 1233 4753 dignitatem
1263 4682 1494 4751 Spiritus
1520 4685 1690 4736 sancti
1723 4680 1855 4736 ocu-

256 4751 336 4808 los
363 4754 577 4810 mentis
610 4751 960 4818 intendimus,
981 4751 1124 4810 nihil
1146 4752 1420 4808 diversum
1445 4753 1512 4807 ab
1535 4754 1857 4810 excellentia

253 4821 431 4878 Patris
475 4833 534 4880 et
571 4823 694 4880 Filii
733 4823 1218 4894 cogitemuszquia
1258 4825 1310 4878 in
1350 4823 1499 4880 nullo
1544 4826 1610 4878 ab
1650 4826 1857 4880 unitate

253 4908 345 4949 sua
375 4895 666 4963 discrepat
691 4903 720 4967 _'
748 4893 944 4950 divinae
971 4893 1250 4967 Trinitatis
1276 4897 1533 4951 essentia.
1565 4895 1853 4967 Sempiter-

252 4980 378 5036 num
425 4977 517 5022 est
557 4965 726 5030 Patri,
759 4969 1015 5022 coaeterni
1044 4967 1149 5021 sibi
1191 4966 1312 5021 Filii
1359 4982 1481 5023 esse
1530 4965 1852 5036 genitorem.

252 5035 659 5106 Sempiternum
698 5047 781 5092 est
822 5037 982 5105 Filio,
1018 5037 1449 5106 intemporaliter
1473 5053 1501 5092 a
1531 5035 1689 5093 Patre
1731 5054 1852 5096 esse

1962 3841 2017 3888 et
2037 3829 2207 3886 Filius
2229 3833 2345 3886 sine
2373 3832 2573 3899 Spiritu
2601 3842 2790 3888 sancto
2812 3830 3042 3898 fuerint;
3072 3842 3126 3887 et
3155 3829 3402 3888 omnibus
3432 3832 3547 3887 exl-

1960 3903 2172 3958 8tentiae
2197 3902 2450 3972 gradibus
2475 3904 2726 3974 exclusis,
2754 3903 2895 3958 nulla
2930 3903 3001 3958 ibi
3035 3919 3260 3974 persons
3291 3905 3362 3960 sit
3391 3904 3410 3944 τ
3450 3920 3546 3959 an-

1961 3975 2151 4045 terior,
2186 3974 2327 4028 nulla
2359 3975 2646 4042 posterior.
2684 3975 2853 4045 Hujus
2881 3977 3024 4029 enim
3057 3976 3229 4030 beata:
3265 3976 3546 4031 Trinitatis

1964 4044 2472 4114 ttincommntabilis
2493 4044 2895 4100 Divinitas’una
2918 4055 3002 4101 est
3033 4048 3084 4100 in
3115 4047 3433 4114 substantia,
3465 4048 3545 4101 in-

1959 4111 2130 4170 divisa
2162 4115 2214 4170 in
2244 4131 2431 4184 Opere,
2472 4131 2701 4172 consors
2743 4120 2794 4171 in
2827 4117 3120 4182 voluntate,
3153 4133 3250 4188 par
3288 4120 3340 4173 in
3371 4111 3546 4173 omni-

1961 4188 2217 4259 potentia,
2269 4188 2489 4259 aequalis
2530 4188 2581 4242 in
2613 4188 2801 4258 gloria.
2845 4188 2921 4243 De
2951 4204 3052 4259 qua
3097 4202 3218 4243 cum
3267 4189 3542 4259 Scriptura

1959 4264 2146 4311 sancta
2176 4258 2253 4311 sic
2281 4255 2310 4294 δ
2336 4255 2572 4326 loquitur
2593 4255 2650 4312 ut
2671 4267 2764 4313 aut
2791 4260 2841 4313 in
2870 4255 3024 4314 factis
3053 4269 3144 4314 aut
3169 4261 3222 4315 in
3245 4255 3422 4316 verbis
3443 4259 3540 4314 ali-

1959 4329 2086 4398 quid
2131 4326 2148 4365 ί
2200 4329 2465 4398 designet,
2519 4329 2647 4398 quid
2695 4330 2918 4456 singulis
2966 4330 3212 4386 videatur
3249 4331 3542 4386 c0nvenire

1959 4401 2227 4456 personis.
2261 4415 2368 4454 nun
2400 4402 2746 4456 perturbatur
2815 4402 2911 4456 des
2939 4402 3229 4456 catholica.
3259 4403 3353 4456 sed
3379 4403 3540 4456 doce-

1959 4401 2227 4469 personis,
2261 4415 2368 4454 nun
2400 4402 2746 4469 perturbatur
2777 4401 2911 4457 lldes
2939 4402 3229 4467 catholica,
3259 4403 3353 4458 sed
3379 4403 3540 4458 doce-

1966 4479 2050 4524 tur
2078 4490 2088 4524 :
2117 4479 2174 4526 ut
2204 4486 2306 4545 per?
2331 4473 2711 4545 prOprietatem
2750 4481 2842 4528 aut
2879 4474 3026 4528 vocis
3054 4481 3147 4528 aut
3171 4475 3366 4545 operis
3409 4475 3541 4529 insi-

1961 4553 2156 4597 nuetnr
2186 4543 2341 4597 nobis
2375 4545 2572 4598 veritas
2593 4543 2895 4610 Trinitatis,
2929 4553 2982 4599 et
3013 4559 3119 4599 non
3150 4543 3357 4600 dividat
3385 4545 3541 4601 intel-

1960 4613 2131 4697 lectus
2153 4613 2294 4740 Ἧιοὰ
2318 4613 2600 4700 distinguit
2629 4615 2862 4700 auditus.
2887 4615 2969 4671 Oh
2992 4616 3092 4671 hoc
3113 4617 3258 4699 enim
3289 4617 3536 4700 quadam

1960 4697 2074 4740 sive
2103 4701 2163 4740 su
2237 4685 2428 4740 Patris.
2461 4701 2574 4740 sive
2603 4686 2706 4740 sub
2732 4685 2875 4740 Fdn.
2908 4688 3020 4740 sive
3044 4687 3145 4740 sub
3168 4687 3400 4740 Sumtus
3425 4703 3536 4740 san-

1959 4685 2074 4740 sive
2103 4685 2428 4757 subiPatris,
2461 4691 2574 4742 sive
2603 4686 2706 4741 sub
2732 4685 2875 4754 Filii,
2908 4688 3020 4742 sive
3044 4687 3145 4742 sub
3168 4687 3400 4757 Spiritus
3425 4703 3541 4742 san-

1959 4758 2032 4828 cti
2057 4756 2439 4828 appellatione
2487 4767 2828 4828 promuntur,
2871 4767 2930 4814 ut
2958 4759 3263 4813 confessio!
3308 4759 3540 4814 lidelinm

1961 4825 2015 4882 in
2056 4825 2320 4902 Trinitate
2364 4825 2678 4902 non'erret.
2721 4829 2851 4902 (ξιιμ
2891 4844 3010 4884 cum
3037 4831 3107 4884 sit
3133 4829 3538 4902 inseparabilis,

1965 4899 2697 4972 numquamiintelligeretur
2741 4900 2978 4972 Trinitas
3027 4917 3180 4968 esse,
3237 4899 3281 4972 si
3327 4915 3541 4970 semper

1959 4966 1988 5042 ft
2022 4966 2452 5042 inseparabiliter
2477 4966 2766 5026 diceretur.
2800 4971 2940 5026 Bene
2963 4986 3092 5042 ergo
3117 4966 3230 5042 ipsa
3251 4966 3540 5028 difﬁcultas

1961 5039 2217 5116 loquendi
2251 5057 2343 5116 cor
2374 5051 2617 5116 nostrum
2640 5043 2804 5116 396
2827 5045 2892 5097 ad
2917 5039 3321 5116 intelligentiam
3357 5043 3536 5110 trahit,

251 5099 624 5180 progenitum.
647 5099 1050 5179 Sempiternum
1068 5099 1282 5180 quoque
1300 5109 1845 5180 estSpiritnisancto,
1880 5099 1932 5160 Β
1957 5119 2012 5168 et
2035 5099 2143 5182 'per
2187 5113 2553 5169 inﬁrmitatem
2600 5099 2838 5169 nost'ra'm
2883 5099 3121 5171 caelestis
3165 5116 3408 5170 doctrina
3443 5099 3540 5170 nos

320 5275 345 5303 ⁸
389 5267 666 5341 Ειίεθιιω.
697 5267 734 5322 2
761 5267 828 5341 de
848 5267 1093 5333 Pentec.,
1118 5283 1236 5341 cap.
1270 5267 1322 5334 l,
1341 5265 1445 5323 2st
1466 5265 1629 5324 3fere
1649 5268 1856 5341 integro

261 5340 676 5408 transcriptum,
709 5340 930 5396 verbum
958 5355 988 5394 e
1029 5340 1212 5396 verbo.

317 5408 346 5449 δ
389 5410 478 5466 Ita
505 5409 615 5468 duo
643 5411 814 5466 nostri
841 5410 1051 5466 codices
1081 5421 1135 5466 et
1170 5409 1298 5465 editi
1330 5419 1452 5465 ante
1476 5408 1848 5480 Quesnellum,

252 5482 393 5551 apud
427 5497 619 5553 quem,
651 5483 929 5546 insinuari,
962 5490 1020 5536 ut
1043 5481 1096 5536 in
1135 5496 1300 5536 serm.
1330 5481 1365 5534 2
1395 5481 1461 5537 de
1505 5481 1846 5550 Pentecoste,

523 5639 593 5682 ex
614 5623 810 5697 iisdem
829 5638 994 5697 rmss.,
1029 5622 1225 5696 quibus
1253 5625 1490 5681 concinit
1516 5624 1677 5684 lectio
1703 5626 1845 5697 ejus-

241 5693 375 5755 dem
409 5699 709 5753 sermonis.
741 5696 934 5764 Vulg.,
965 5693 1273 5752 sermonem.

316 5765 344 5806 ⁸
386 5769 512 5841 AL,
539 5769 818 5841 gestimus.
835 5765 1070 5826 Vossws.

322 5849 347 5878 ε
391 5840 518 5899 ΑΙ..
541 5836 846 5895 Ὠίυίηίιαιίε
869 5842 1105 5895 essentia.
1145 5836 1385 5898 Vossius.

2043 5267 2061 5306 ί
2103 5265 2240 5345 Cod.
2273 5271 2392 5327 Vat.
2425 5273 2584 5345 Reg.,
2615 5275 2857 5345 priortet
2887 5275 3032 5330 delet
3059 5274 3278 5331 verbum
3309 5276 3394 5331 sit.

1963 5412 2003 5468 ν
2035 5351 2060 5388 κ
2101 5342 2211 5407 ΑΙ..
2234 5353 2281 5398 et
2310 5342 2738 5400 incommutabilis
2766 5344 2984 5401 Deitatis
3009 5364 3112 5402 una
3134 5356 3207 5401 est
3227 5347 3532 5402 substantia.

2010 5427 2202 5468 ossws.

2010 5427 2202 5470 OSSIUS.

2031 5482 2059 5556 ξι
2097 5484 2194 5541 Ms.
2229 5483 2350 5542 Vat.
2378 5485 2535 5555 Reg.,
2567 5485 2828 5556 loquatur.

2033 5553 2050 5593 ί
2095 5557 2206 5630 AL,
2234 5553 2480 5630 _assignct
2521 5553 2658 5626 quod
2705 5559 2922 5630 singulis
2971 5559 3202 5614 videatur
3249 5562 3536 5620 convenisse

1956 5629 2205 5706 personis.
2233 5626 2478 5706 V_o_ss'tus.

2035 5699 2050 5749 i
2097 5699 2242 5755 Idem
2272 5699 2516 5757 Vossius.
2549 5701 2714 5769 Alias,
2741 5701 3074 5756 credentium.

2037 5769 2065 5811 ιι
2104 5771 2219 5828 Duo
2251 5774 2417 5828 nostri
2451 5772 2634 5841 codd.,
2665 5769 3040 5843 inseparabilis.
