3980 6352
457 311 557 369 ιτς

1050 310 1401 366 APPENDIX
1442 309 1531 363 AD
1568 306 1831 364 PRIMAM
1871 304 2151 363 PARTEM
2191 305 2473 366 OPERUM
2509 310 2568 366 s.
2610 308 2854 369 LEONIS
2890 312 3122 370 MAGNL
3580 328 3668 387 ιεο

453 428 669 503 adjuvat
699 444 716 483 :
754 436 815 503 ui
850 428 974 503 quia
1011 430 1071 503 Ain
1103 428 1300 483 deitate
1330 424 1538 503 Patris,
1567 423 1691 503 _Filii
1720 432 1774 479 et
1801 424 2031 503 Spiritus
2055 427 2110 491 Α
2134 424 2849 503 inaequalitate__diversumi
2889 430 3024 503 Cum
3069 444 3197 501 ergo
3237 429 3305 485 ad
3350 437 3672 503 conﬁtendum

450 496 619 556 sancti
644 515 744 557 nec
773 496 1223 572 singularitasest
1258 512 1357 553 nec
1383 497 1667 572 diversitas
1710 496 2024 572 cogitanda,

451 587 576 627 vera
605 573 781 627 unitas
806 566 1012 626 et'vera
1042 570 1279 624 Trinitas
1303 568 1472 637 possit
1500 566 1712 637 quidem
1744 579 1925 623 meme
1955 567 2029 623 si-

449 643 559 697 mul
591 642 803 709 sentiri,
833 641 928 695 sed
960 656 1066 695 non
1094 641 1262 711 possit
1286 640 1445 711 simul
1468 654 1561 693 ore
1594 638 1844 711 proferri.
1874 639 2027 711 Fun-

448 713 568 767 data
598 715 776 779 igitur,
802 709 1156 776 dilectissimi,
1184 712 1235 766 in
1258 709 1507 767 cordibus
1539 711 1737 765 nostris
1768 710 1867 766 hac
1894 710 2022 778 ﬁde,

447 785 797 855 {salubriter
834 782 1105 838 credimus
1132 784 1273 855 quod
1304 792 1413 838 tcta
1460 782 1618 855 simul
1647 781 1881 855 Trinitas
1920 797 2027 837 una

445 853 615 908 virtus
636 863 739 917 est,
762 868 866 907 una
893 851 1170 923 maiestas,
1203 870 1304 910 una
1330 852 1647 915 substantia,
1682 851 1709 891 h
1733 853 2024 909 indiscreta

447 925 711 993 operatio,
741 925 1112 993 inseparabilis
1141 927 1378 991 dilectio,
1424 924 1734 980 indiﬂerens
1761 933 2020 994 potestas,

442 996 602 1050 simul
660 996 892 1065 implens
946 999 1161 1063 omnia,
1210 999 1369 1053 simul
1418 996 1699 1053 continens
1753 996 2020 1051 universa.

440 1066 596 1133 Quod
626 1067 767 1123 enim
797 1078 880 1123 est
908 1068 1090 1136 Pater,
1122 1069 1223 1125 hoc
1252 1079 1333 1125 est
1377 1075 1434 1123 et
1474 1066 1659 1135 Filius,
1696 1066 1798 1122 hoc
1839 1075 1924 1122 est
1971 1076 2027 1123 et

442 1138 674 1207 Spiritus
702 1148 947 1205 sanctus;
978 1149 1032 1196 et
1070 1155 1200 1196 vera
1248 1141 1424 1195 Deitas
1460 1149 1482 1176 ο
1519 1141 1568 1191 in
1610 1137 1757 1192 nullo
1787 1152 1907 1194 esse
1932 1147 2024 1193 aut

440 1210 620 1265 minor
646 1220 737 1266 aut
760 1211 931 1279 major
968 1221 1163 1280 patest.
1192 1212 1321 1278 Quae
1351 1212 1429 1264 sic
1457 1208 1512 1263 in
1541 1209 1710 1263 tribus
1743 1218 1828 1280 est
1853 1209 2023 1264 conﬁ-

439 1282 601 1337 tenda
643 1282 909 1352 personis,
942 1279 1083 1338 utet
1118 1282 1467 1337 solitudinem
1505 1294 1615 1333 non
1645 1279 1870 1349 recipiat
1896 1280 2020 1335 Tri-

442 1354 606 1421 nitas,
636 1364 689 1408 ει
718 1354 977 1409 unitatem
1004 1364 1182 1409 servet
1209 1352 1505 1422 aequalitas.

510 1426 637 1480 CAP.
668 1425 728 1478 ll.
754 1423 870 1465 -ά
894 1424 1193 1491 Numquam
1231 1424 1374 1477 enim
1406 1422 1473 1475 ab
1499 1421 1889 1489 omnipotentia
1922 1421 2021 1477 Pa-

441 1496 558 1562 tris,
602 1504 656 1551 et
699 1495 839 1561 Filii,
888 1494 1119 1564 Spiritus
1160 1494 1328 1549 sancti
1357 1502 1440 1547 est
1466 1492 1697 1547 discreta
1744 1492 2019 1561 maiestas.

440 1566 507 1619 Et
540 1566 796 1635 quidquid
835 1565 887 1619 in
919 1566 1267 1635 dispositione
1297 1564 1543 1635 omnium?
1580 1577 1760 1635 rerum
1791 1564 1901 1634 agit
1939 1564 2020 1619 di-

436 1634 567 1690 vina
587 1634 885 1691 moderatio
907 1652 971 1690 ex
1004 1637 1164 1691 totius
1192 1636 1337 1691 venit
1359 1634 1695 1704 providentia
1717 1634 2015 1692 Trinitatis.

435 1705 553 1762 Una
601 1715 684 1762 est
726 1708 802 1762 ibi
834 1707 1134 1777 benignitas
1183 1707 1588 1771 misericordiae,
1636 1720 1744 1759 una
1789 1720 2017 1761 censura

431 1777 681 1848 iustitiae;
712 1794 811 1834 nec
837 1779 1037 1848 aliquid
1064 1788 1145 1834 est
1169 1780 1219 1833 in
1242 1779 1451 1833 actione
1479 1778 1729 1844 divisum,
1762 1777 1850 1831 ubi
1881 1778 2016 1833 nihil

432 1859 514 1904 est
538 1850 589 1903 in
612 1850 887 1904 voluntate
910 1848 1205 1906 diversum.
1234 1850 1363 1917 Quae
1385 1864 1512 1918 ergo
1541 1848 1807 1903 illuminat
1831 1848 2012 1917 Pater,

432 1919 701 1975 illuminat
731 1919 918 1987 Filius,
948 1923 1213 1976 illuminat
1244 1920 1476 1989 Spiritus
1503 1934 1743 1975 sanetus.
1773 1918 2013 1990 Cumque

432 1990 536 2046 alia
558 1991 628 2046 sit
658 2007 883 2059 persona
915 1992 1086 2057 missi,
1114 1994 1216 2047 alia
1245 1991 1527 2053 mittentis,
1559 1991 1661 2046 alia
1696 1992 2014 2060 promitten-

432 2061 524 2129 tis,
571 2062 726 2117 simul
767 2063 922 2119 nobis
950 2074 1003 2118 et
1044 2065 1219 2118 unitas
1264 2064 1636 2117 manifestatur
1664 2075 1718 2116 et
1744 2062 2010 2130 Trinitas;

429 2142 488 2187 ut
530 2135 769 2189 essentia
816 2134 1021 2191 habens
1069 2134 1449 2203 :equalitatem,
1482 2141 1539 2188 et
1586 2149 1691 2187 non
1747 2133 2013 2202 recipiens

427 2205 795 2276 solitudinem,
824 2214 879 2262 et
915 2206 1153 2276 ejusdem
1194 2204 1507 2259 substantia:
1549 2212 1603 2258 et
1632 2219 1739 2259 non
1769 2204 2009 2272 ejusdem

428 2275 759 2345 intelligatur
785 2293 905 2333 esse
937 2275 1200 2346 personze.
1232 2276 1384 2342 Quod
1410 2290 1538 2345 ergo
1565 2276 1712 2328 salva
1749 2290 2011 2344 coopera—

426 2348 575 2403 tione
598 2348 973 2417 inseparabilis
1000 2346 1247 2411 Deitatis,
1274 2347 1517 2411 quaedam
1552 2346 1728 2413 Pater,
1762 2348 2006 2415 quaedam

425 2417 617 2485 Filius,
647 2420 891 2488 qumdam
920 2420 1133 2487 prOprie
1161 2418 1391 2487 Spiritus
1422 2427 1640 2471 sanctus
1671 2419 2005 2485 exsequitur,

424 2499 625 2545 nostrae
669 2491 1054 2561 redemptionis
1100 2489 1402 2559 dispositio,
1448 2496 1646 2561 nostrae
1693 2488 1882 2561 salutis
1926 2498 2009 2543 cst

423 2561 581 2630 ratio.
628 2561 685 2617 Si
716 2559 870 2616 enim
896 2564 1057 2618 homo
1088 2562 1151 2615 ad
1196 2561 1481 2630 imaginem
1514 2568 1568 2614 et
1604 2559 2006 2615 similitudinem

424 2629 520 2686 Dei
548 2631 717 2687 factus
747 2632 911 2702 (Gen.
945 2633 1041 2702 ιι),
1075 2634 1125 2687 in
1156 2647 1266 2686 suae
1305 2629 1508 2685 naturae
1536 2630 1759 2702 honore
1779 2632 2007 2686 mansis-

426 2712 529 2767 set,
564 2719 663 2758 nec
683 2700 950 2761 diabolica
973 2700 1159 2759 fraude
1188 2705 1465 2772 deceptus,
1494 2716 1524 2755 a
1554 2702 1671 2770 lege
1700 2700 1800 2755 sibi
1833 2703 2003 2771 posita

423 2786 521 2841 per
548 2778 1041 2842 concupiscentiam
1080 2776 1366 2841 deviasset,
1402 2780 1611 2828 creator
1640 2774 1825 2826 mundi
1851 2787 2003 2828 crea-

425 2855 544 2898 tura
573 2861 677 2900 non
701 2847 852 2902 [ieret
884 2866 896 2901 :
932 2863 1103 2917 neque
1135 2856 1225 2901 aut
1253 2846 1611 2917 sempiternus
1639 2845 2006 2917 temporalita-

422 2924 532 2970 tem
561 2917 787 2982 Subiret,
821 2929 914 2974 aut
942 2915 1163 2987 aequalis
1198 2921 1305 2971 Deo
1336 2916 1480 2970 Patri
1508 2915 1675 2969 Filius
1719 2916 1859 2987 Deus
1888 2916 2002 2970 for-

421 3000 561 3040 mam
593 2990 756 3055 servi,
797 3001 851 3045 et
878 2986 1281 3044 similitudinem
1313 2989 1489 3042 carnis
1525 2986 1732 3055 peccati
1760 3001 2005 3042 assume-

422 3067 525 3111 ret.
560 3058 665 3113 Sed
707 3062 828 3130 quia
859 3063 1053 3115 invidia
1082 3059 1275 3114 diaboli
1322 3076 1458 3130 mors
1504 3059 1708 3110 intravit
1734 3058 1787 3110 in
1830 3059 2002 3112 orbem

427 3136 450 3164 ο
482 3138 632 3184 teme
660 3130 816 3201 (Sap.
865 3136 957 3199 tt),
988 3142 1041 3187 et
1070 3131 1227 3185 aliter
1270 3129 1736 3201 solvicaptivitas
1766 3130 1997 3201 humana

2045 1819 2094 1881 B

2133 496 2371 573 Patrem,
2401 507 2455 573 et
2484 497 2699 568 Filium,
2733 509 2788 556 et
2804 500 3075 573 Spiritum
3098 496 3338 557 sanctum
3360 508 3515 564 aciem
3541 496 3671 573 mea:

2132 568 2200 623 tis
2251 569 2597 639 intendimus,
2631 571 2819 641 procul
2848 568 2916 629 ab
2962 573 3140 629 animo
3182 574 3376 631 formas
3414 568 3669 643 visibilium.

2128 654 2332 709 rerum,
2379 650 2433 721 et
2489 650 2675 697 aetates
2724 644 3095 721 temporalium
3144 653 3466 721 naturarum,
3512 660 3675 721 procul

2130 726 2357 787 corpora
2382 712 2650 787 locorum,
2678 721 2734 769 et
2761 712 2877 787 ioca
2907 728 3197 786 corporum
3231 712 3552 787 repellamus.
3573 712 3675 784 Dis;

2128 782 2284 863 cedai
2322 799 2370 863 a__
2390 784 2583 854 corde,
2634 786 2777 863 quod
2802 782 3021 863 spatio'
3051 782 3374 863 extenditur,
3415 794 3546 863 quod
3581 782 3676 857 ﬁne

2127 855 2484 931 concluditur,
2512 864 2567 931 ει
2594 855 2985 931 αιιίάαιιίᾱξηεε
3012 874 3228 931 semper
3252 855 3460 931 ubique,
3490 881 3581 922 nec
3604 855 3677 925 to;

2127 932 2257 1007 tum
2285 938 2390 983 est.
2427 927 2702 1007 Cogitatio
2742 929 2811 1007 de
2852 930 3061 1007 Deitate
3103 927 3381 1007 Trinitatis
3422 927 3654 1007 concepta

2127 996 2381 1078 nibil_per
2410 985 2721 1078 distantiam
2748 1000 3032 1078 intelligat,
3065 1000 3197 1056 nihil
3225 1017 3323 1078 per

2126 1079 2238 1142 rat;
2268 1071 2285 1105 ι
2319 1080 2410 1123 aut
2440 1071 2485 1124 si
2515 1071 2641 1137 quid
2669 1071 2888 1142 dignum
2921 1074 3033 1129 Deo
3061 1073 3311 1140 senserit,
3340 1071 3469 1130 nulli
3499 1071 3592 1137 hoc
3614 1082 3679 1139 ibi

2124 1139 2319 1194 audeat
2342 1156 2540 1206 negare
2570 1139 2837 1209 personae.

2197 1210 2326 1266 Car.
2360 1212 2449 1267 Ill.
2478 1212 2587 1263 —i
2628 1213 2778 1270 Hanc
2814 1223 2997 1272 autem
3028 1216 3190 1272 ﬁdem
3221 1231 3325 1271 non
3364 1226 3572 1276 terrena.
3609 1238 3685 1278 sa-

2123 1282 2323 1361 pientia
2352 1284 2587 1361 reperit,
2616 1300 2732 1361 _n_ec
2762 1286 3554 1361 opinio_humana_persuasit;
3597 1296 3681 1351 sed

2123 1354 2246 1429 ipse
2275 1355 2580 1429 unigenitus
2616 1354 2999 1429 Filius'docuit
3025 1400 3041 1425 ,
3073 1359 3190 1429 ipse
3223 1354 3448 1429 spiritus
3476 1354 3677 1421 sanctus

2122 1423 2390 1500 i_ns_tituit5
2417 1426 2485 1500 _de
2508 1442 2615 1500 quo
2638 1426 2772 1483 nihil
2794 1438 2879 1484 est
2904 1423 3279 1500 alitem—quani
3294 1430 3362 1484 de
3384 1431 3536 1487 Patre
3557 1443 3607 1488 et
3626 1435 3685 1492 de

2122 1494 2263 1569 Filio
2292 1494 2630 1553 sentiendum
2663 1516 2674 1551 :
2705 1500 2829 1569 quia
2868 1501 2993 1555 licet
3034 1494 3147 1555 non'
3175 1502 3246 1556 sit
3270 1500 3451 1569 Pater,
3496 1518 3595 1559 non
3626 1507 3687 1562 sit

2122 1564 2308 1641 Filius,
2339 1578 2653 1641 nontamen
2676 1564 2761 1625 est
2790 1586 2820 1625 a
2844 1570 3003 1626 Patre
3029 1614 3042 1636 ,
3075 1570 3324 1641 Filioque
3352 1564 3569 1628 divisus.
3630 1576 3691 1632 Et

2121 1637 2259 1711 sicut
2283 1640 2556 1711 propriam
2572 1640 2733 1695 habet
2754 1641 2806 1696 in
2826 1642 3087 1698 Trinitate
3115 1637 3420 1711 personam,
3446 1644 3515 1698 ita
3546 1661 3691 1702 unam

2122 1707 2361 1790 habetin
2390 1707 2587 1775 Patris,
2619 1718 2687 1790 iet
2712 1711 2836 1790 Filii
2862 1712 3070 1768 Deitate
3097 1707 3474 1790 substantiam,
3520 1719 3685 1790 omnia

2121 1780 2456 1851 implentem,
2489 1782 2667 1836 omnia
2694 1784 3083 1849 continentem,
3109 1794 3162 1839 et
3186 1799 3311 1839 cum
3343 1784 3515 1851 Patre,
3544 1798 3595 1842 et
3615 1789 3697 1843 Fi-

2120 1849 2193 1904 lio
2216 1853 2463 1908 universa
2492 1852 2860 1910 moderantem
2891 1854 2945 1910 in
2987 1856 3204 1910 saecula.
3248 1854 3392 1921 Quid
3431 1849 3567 1911 enim
3597 1867 3694 1914 tam

2117 1922 2433 1997 adversatur
2458 1924 2766 1997 prophetis,
2803 1936 2908 1980 tam
2941 1936 3202 1997 repugnat
3235 1927 3565 1997 Evangeliis,
3596 1939 3693 1984 tam

2117 1992 2349 2067 denique
2391 1992 2474 2067 est
2519 1992 2829 2065 apostolicis
2878 1992 3101 2052 rebe'lle'
3128 1992 3425 2060 doctrinis:
3478 2014 3628 2067 quam
3646 2000 3698 2056 in

2116 2063 2343 2139 Domino
2394 2065 2522 2139 Iesu
2556 2063 2791 2139 Christo
2830 2082 2897 2123 ex
2938 2068 3103 2122 Maria
3150 2068 3367 2138 virgine
3403 2063 3601 2139 genito,
3651 2080 3703 2127 et

2116 2136 2444 2204 sempiterno
2472 2137 2614 2192 Patri
2660 2136 3089 2205 intemporaliter
3114 2136 3427 2205 coaeterno,
3458 2155 3617 2194 unam
3643 2157 3701 2197 ac

2113 2206 2436 2276 singularem
2492 2208 2781 2272 prmdicare
2832 2210 3120 2264 naturam?
3179 2211 3319 2277 Quia
3381 2212 3428 2264 si
3478 2211 3701 2267 hominis

2115 2284 2318 2349 tantum
2352 2278 2691 2347 intelligenda
2721 2289 2825 2345 est,
2876 2280 2963 2335 ubi
3011 2291 3092 2335 est
3135 2297 3254 2349 quae
3289 2282 3464 2343 salvat
3485 2280 3707 2337 Deitas?

2111 2346 2158 2401 si
2190 2346 2564 2421 tantummodo
2595 2350 2760 2421 398
2790 2352 2902 2416 Dei,
2934 2351 3022 2406 ubi
3053 2346 3303 2421 estquae
3332 2351 3567 2405 salvatur
3611 2353 3709 2408 hu-

2112 2419 2390 2492 manitas?
2428 2419 2817 2492 Fidesafut—em
2850 2422 3140 2489 catholica,
3178 2419 3308 2492 quae
3351 2423 3604 2478 omnibus
3630 2438 3710 2480 re-

2109 2490 2251 2562 sistit
2271 2490 2565 2562 erroribus,
2612 2491 2773 2545 etiam
2807 2494 2936 2547 istas
2962 2494 3121 2548 simul
3151 2490 3471 2562 impietates
3501 2494 3705 2560 refutat,

2109 2559 2374 2632 damnans
2403 2561 2703 2616 Nestorium
2746 2564 2923 2618 divina
2977 2566 3043 2619 ab
3093 2559 3320 2625 homine
3361 2559 3711 2632 dividentem,

2112 2630 2390 2687 detestans
2415 2632 2695 2704 Eutychen
2748 2637 2799 2688 in
2830 2636 3026 2689 divinis
3059 2634 3299 2689 humana
3348 2644 3666 2690 vacuantem
3698 2630 3712 2690 ὲ

2112 2704 2364 2772 quoniam
2406 2705 2521 2758 veri
2564 2704 2653 2759 Dei
2706 2704 2894 2773 Filius,
2930 2706 3072 2760 Deus
3124 2722 3316 2770 verus,
3366 2707 3627 2761 unitatem
3668 2717 3719 2763 et

2108 2775 2464 2847 aiqualitatem
2486 2775 2693 2847 habens
2709 2792 2829 2831 cum
2845 2778 3023 2841 Patre,
3038 2786 3092 2832 et
3114 2793 3237 2833 cum
3272 2776 3485 2847 Spiritu
3511 2786 3715 2844 sancto,

2106 2844 2248 2919 idem
2280 2861 2441 2901 verus
2484 2846 2643 2919 homo
2681 2862 2803 2902 esse
2844 2849 3089 2918 dignatus
3136 2857 3253 2914 est,
3305 2844 3412 2904 nec
3466 2858 3721 2919 conceptu

2106 2915 2329 2989 virginis
2358 2918 2549 2989 matris
2570 2919 2845 2986 sejunctus
2869 2915 3110 2983 a'carne,
3143 2935 3255 2974 nec
3286 2929 3492 2989 partu:
3527 2918 3606 2974 sic
3631 2915 3722 2974 ῐιιι⁹

2106 2987 2415 3042 manilatem
2466 2988 2567 3042 sibi
2627 2990 2848 3055 uniens,
2898 3000 2957 3044 ut
2994 2987 3723 3045 Deus'incommutabiliter

2105 3069 2482 3130 permaneret:
2514 3059 2590 3113 sic
2611 3060 2871 3116 Deitatem
2903 3061 3103 3116 homini
3130 3062 3492 3130 impertiens,
3522 3070 3582 3115 ut
3608 3076 3722 3116 eum

2104 3128 2498 3200 gloriﬁcatione
2523 3146 2630 3200 non
2645 3140 3013 3192 consumeret.
3046 3131 3141 3187 sed
3164 3128 3428 3200 augeret.
3455 3132 3561 3199 Qui
3585 3132 3722 3185 enim

422 3213 528 3253 non
556 3198 875 3270 pottiit,nisi
898 3219 1113 3258 causam
1138 3211 1374 3256 nostram
1404 3200 1496 3254 ille
1523 3199 1820 3267 susciperet
1846 3198 1866 3237 ί
1891 3201 2008 3258 sine
2032 3205 2079 3268 C
2112 3199 2287 3255 factus
2316 3210 2399 3255 est
2424 3200 2479 3254 in
2509 3199 2684 3256 forma
2705 3204 2881 3269 servi,
2916 3202 2969 3257 in
2997 3202 3165 3257 forma
3201 3198 3302 3258 Dei
3332 3217 3464 3258 esse
3490 3198 3605 3256 non
3635 3202 3729 3265 del;

423 3270 720 3343 majestatis
750 3289 861 3327 sua:
890 3275 1108 3338 damno,
1143 3283 1197 3327 et
1227 3272 1385 3343 397
1415 3286 1577 3343 verus
1619 3274 1797 3343 homo
1831 3272 2001 3339 ﬁeret,

424 3350 477 3396 ct
507 3342 655 3397 solus
688 3344 892 3412 peccati
922 3342 1251 3413 contagium
1274 3342 1377 3396 non
1412 3342 1670 3413 haberet;
1698 3342 1877 3396 divisit
1901 3343 2004 3398 sibi

420 3426 555 3485 opus
585 3426 781 3468 nostrae
810 3412 1163 3485 reparationis
1209 3412 1576 3485 misericordia
1617 3412 1917 3485 Trinitatis,
1949 3424 2007 3469 ut

420 3482 581 3538 Pater
614 3482 1009 3554 pr0pitiaretur,
1045 3487 1212 3542 Filius
1244 3484 1580 3554 pronitiaret,
1616 3483 1847 3553 Spiritus
1877 3500 2005 3539 san-

419 3565 540 3629 ctus
572 3556 780 3629 igniret.
816 3558 871 3613 Si
902 3561 1063 3629 igitur
1088 3558 1222 3611 duce
1250 3556 1825 3629 gratia,_d_ilectissirni,
1847 3556 1999 3629 iide-

420 3624 545 3698 liter
572 3624 949 3698 sapienterque
981 3624 1285 3693 noscamus,
1329 3627 1457 3696 quid
1488 3626 1653 3690 Patri,
1692 3626 1817 3694 quid
1846 3627 2002 3695 Filio,

421 3696 549 3765 quid
581 3698 800 3767 Spiritui
831 3696 1022 3755 sancto
1051 3703 1101 3755 in
1131 3701 1471 3768 reparatione
1493 3706 1679 3751 nostra
1702 3700 2000 3766 proprium,

419 3768 614 3837 quidve
643 3785 928 3827 commune
955 3773 1051 3835 sit;
1087 3787 1148 3826 ea
1178 3767 1294 3840 quae
1318 3784 1414 3837 pro
1436 3768 1589 3840 nobis
1618 3767 1891 3823 humiliter
1909 3780 1933 3817 8
1953 3780 2009 3826 et

420 3842 771 3912 corporaliter
792 3852 941 3912 gesta
964 3852 1105 3905 sunt,
1143 3839 1215 3896 ita
1246 3839 2006 3912 proculdubio_suscipiemus,

420 3918 480 3963 ut
499 3911 632 3965 nihil
657 3910 930 3981 indignum
959 3914 1028 3969 de
1050 3929 1156 3968 una
1184 3924 1345 3981 atque
1367 3912 1558 3966 eadem
1586 3910 1866 3965 Trinitatis
1888 3913 2006 3982 glo-

419 3983 497 4035 rla
518 3983 833 4039 sentiamus.
864 3986 1124 4052 Quamvis
1150 3984 1292 4038 enim
1326 3982 1472 4036 nulla
1495 3997 1646 4036 mens
1673 3981 1740 4037 ad
1763 3981 2007 4052 cogitan-

419 4053 545 4106 dum
585 4052 653 4110 de
682 4054 812 4119 Deo,
848 4059 991 4111 tmlla
1030 4056 1095 4111 ad
1142 4053 1466 4124 loquendum
1515 4053 1692 4122 lingua
1738 4054 2007 4122 sufﬁciat,

425 4138 603 4197 tamen
636 4137 1128 4197 quantumcumque
1158 4123 1291 4180 illud
1315 4135 1398 4179 est
1420 4124 1562 4193 quod
1590 4123 1825 4179 humano
1849 4126 2010 4181 intel-

420 4194 561 4251 lectu
602 4194 670 4253 de
713 4200 948 4255 essentia
995 4194 1232 4271 paternae
1283 4198 1506 4271 Deitatis
1534 4197 1853 4271 attingitur,
1881 4197 2005 4271 nisi

418 4281 584 4341 unum
615 4278 776 4341 atque
811 4272 951 4327 idem
979 4267 1079 4339 est,
1112 4268 1144 4307 ιι
1171 4284 1292 4325 cum
1329 4268 1414 4323 vel
1438 4269 1505 4323 de
1534 4267 1817 4341 Unigenito
1845 4267 1963 4337 ejus
1988 4309 2006 4341 ,

418 4338 502 4412 vel
532 4338 600 4412 de
629 4338 828 4410 Spiritu
860 4354 1047 4398 sancto
1075 4343 1360 4412 cogitatur,
1396 4356 1501 4394 non
1542 4340 1627 4407 pie
1654 4339 1880 4412 siapitur,
1911 4339 2005 4394 sed

419 4408 581 4464 nimis
622 4408 910 4467 carnaliter
956 4408 1234 4480 caligatitr,
1266 4420 1320 4465 et
1346 4412 1518 4479 ipsum
1551 4410 1693 4479 quod
1724 4408 2005 4480 idePatre

417 4493 776 4550 congruenter
796 4486 984 4539 sentiri
1009 4479 1307 4550 videbatur,
1338 4482 1602 4535 amittitur
1622 4497 1636 4533 :
1663 4482 1783 4549 quia
1804 4479 1871 4535 de
1896 4489 2005 4535 tota

417 4549 681 4621 Trinitate
742 4557 1042 4621 receditur,
1088 4555 1133 4609 si
1172 4555 1227 4608 in
1267 4568 1330 4608 ea
1379 4555 1554 4606 unitas
1605 4566 1709 4605 non
1769 4560 2000 4605 tenetur.

2111 3272 2247 3325 stitit
2280 3288 2293 3335 ;
2326 3286 2425 3327 nec
2462 3272 2599 3326 alter
2624 3272 2677 3326 in
2702 3275 2906 3339 altero,
2941 3273 3034 3327 sed
3072 3289 3213 3327 unus
3245 3276 3304 3328 in
3341 3283 3581 3341 utroque
3623 3282 3722 3328 εει.

2109 3341 2281 3397 Nullis
2312 3342 2775 3411 diSpensationum
2827 3344 3176 3399 varietatibus
3208 3344 3354 3400 ﬁdes
3398 3352 3594 3399 nostra
3624 3352 3730 3398 tur-

2111 3412 2288 3476 betur,
2320 3415 2414 3468 sed
2437 3415 2551 3469 sive
2574 3415 2629 3468 in
2662 3416 2931 3471 miraculis
2960 3417 3251 3481 virtutum,
3290 3416 3416 3472 sive
3447 3416 3503 3469 in
3544 3424 3734 3470 contu-

2112 3485 2289 3539 meliis
2320 3486 2626 3557 passionum
2657 3495 2711 3540 et
2740 3487 2909 3541 Deum
2955 3487 3044 3557 qui
3077 3488 3246 3540 homo
3278 3497 3391 3550 est,
3453 3496 3512 3541 et
3560 3485 3732 3540 homi-

2110 3570 2231 3611 nem
2255 3556 2537 3611 credamus
2563 3571 2682 3611 esse
2708 3560 2795 3627 qui
2827 3556 3097 3612 Deus’est.
3149 3558 3345 3614 Verus
3378 3560 3571 3627 itaque
3598 3558 3740 3612 Deus

2108 3636 2162 3681 et
2185 3643 2341 3681 verus
2366 3628 2525 3699 homo
2555 3643 2693 3699 unus
2714 3639 2797 3684 est
2821 3628 3089 3695 Christus,
3131 3629 3296 3684 dives
3335 3630 3391 3683 in
3422 3630 3577 3693 suis,
3610 3644 3738 3699 pau-

2112 3712 2210 3767 per
2242 3699 2293 3751 in
2318 3697 2549 3758 nostris;
2588 3698 2728 3752 dona
2760 3700 3028 3769 accipiens
3049 3742 3065 3765 ,
3098 3709 3153 3754 et
3191 3700 3356 3755 dona
3383 3697 3740 3764 diffundens;

2113 3770 2381 3838 particeps
2407 3770 2733 3835 mortalium,
2775 3780 2829 3825 et
2849 3770 3134 3824 viviﬁcatio
3158 3781 3533 3826 mortuorum
3562 3789 3576 3824 :
3607 3779 3663 3824 ut
3692 3770 3743 3825 in

2113 3842 2333 3894 nomine
2362 3840 2491 3895 Jesu
2532 3838 2731 3895 Christi
2758 3857 2917 3896 omne
2949 3858 3089 3909 genu
3113 3841 3409 3898 ﬂectatur.

2184 3911 2431 3985 enen.
2457 3942 2531 3985 ετ
2552 3910 2591 3985 ις
2609 3911 2865 3985 Nesciens
2892 3913 3054 3985 igitur
3086 3914 3385 3985 Eutyches
3418 3911 3561 3984 quid
3588 3911 3751 3985 debe-

2112 3990 2196 4055 ret
2216 3981 2285 4037 de
2311 3981 2469 4037 Verbi
2503 3983 2595 4055 Dei
2641 3981 3010 4055 incarnatione
3038 3981 3288 4055 sentire,
3334 3981 3531 4055 neque
3563 3984 3754 4037 volens

2114 4052 2168 4107 in
2200 4061 2511 4107 sanctarum
2539 4054 2937 4124 Scripturarum
2965 4052 3587 4120 latitudine'laborare,
3611 4055 3753 4108 illam

2114 4125 2306 4196 saltem
2337 4138 2681 4179 communem
2724 4124 3119 4181 confessionem
3154 4127 3423 4182 sollicito
3451 4128 3761 4196 recepisset

2113 4195 2302 4250 auditu
2327 4237 2342 4261 ,
2369 4212 2473 4265 qua
2503 4197 2741 4251 ﬁdelium
2773 4197 3095 4251 universitas
3118 4197 3438 4265 proﬁtetur
3458 4239 3476 4266 ,
3531 4195 3759 4252 credere

2112 4281 2171 4322 se
2200 4269 2253 4321 in
2277 4266 2445 4322 Deum
2469 4267 2684 4323 Patrem
2712 4268 3140 4335 omnipotentem
3160 4309 3178 4335 ,
3206 4280 3269 4324 et
3296 4271 3356 4324 in
3381 4270 3587 4325 .Iesum
3606 4268 3765 4323 Chri-

2111 4350 2253 4393 stum
2277 4337 2477 4393 Filium
2497 4338 2615 4408 ejus
2636 4340 2852 4393 unicum
2879 4340 3167 4410 Dominum
3185 4351 3494 4407 nostrum,
3523 4340 3621 4410 qui
3639 4355 3769 4395 con-

2111 4421 2306 4483 ceptus
2317 4418 2415 4483 est
2439 4410 2507 4463 de
2533 4410 2737 4483 Spiritu
2767 4421 2952 4464 sancto
2982 4408 3001 4447 ι
3037 4419 3089 4483 ει
3120 4410 3312 4466 Maria
3352 4408 3610 4483 virgine.
3640 4410 3768 4479 Qni-

2111 4479 2213 4535 bus
2242 4480 2416 4535 tribus
2437 4481 2747 4545 sententiis,
2776 4483 3016 4536 omnium
3047 4481 3159 4536 fere
3194 4479 3628 4540 haereticorum
3657 4496 3773 4537 ma-

2110 4552 2289 4623 chinae
2315 4550 2684 4623 destruuntur.
2717 4560 2757 4588 ω
2784 4550 2917 4606 Cum
2948 4551 3092 4623 enim
3121 4552 3289 4607 Deus
3314 4564 3380 4609 et
3409 4558 3775 4623 omnipotens

418 4619 571 4678 Nulla
599 4632 774 4681 autem
805 4616 1182 4682 ratione'vere
1211 4632 1295 4679 est
1318 4638 1507 4687 unum,
1540 4621 1683 4691 quod
1715 4622 1892 4691 aliqua
1918 4632 2003 4678 est
2030 4616 2083 4676 D
2110 4621 2268 4679 Pater
2298 4622 2556 4689 creditur,
2586 4624 2948 4692 sempiternus
2977 4622 3155 4679 eidem
3182 4624 3383 4681 Filius
3407 4616 3776 4683 demo-nstra-

495 4768 521 4797 α
560 4760 703 4815 Editi
732 4772 787 4817 et
810 4762 981 4818 codex
1010 4761 1131 4817 Vat.
1159 4760 1383 4826 addunt,
1416 4758 1649 4829 quaLuti
1676 4758 1837 4812 etiam
1868 4758 2001 4827 legi-

424 4842 509 4887 tur
557 4832 608 4885 in
653 4833 865 4889 laudato
896 4849 1060 4887 serm.
1104 4833 1140 4886 Ξ
1166 4833 1233 4885 de
1264 4827 1440 4897 l’cnt.,
1472 4844 1521 4882 c.
1553 4827 1604 4883 5.
1635 4829 1741 4883 Sed
1787 4829 1941 4884 abest
1970 4847 2000 4884 a

424 4919 525 4958 ms.
563 4902 680 4958 Vat.
711 4904 895 4975 Regio,
922 4915 977 4960 et
998 4904 1210 4959 melius.
1236 4902 1570 4975 Secusienim
1591 4900 1854 4956 sententia
1876 4916 2005 4956 con-

424 4984 603 5029 textus
648 4972 887 5031 maneret
923 4991 1204 5043 suspensa,
1236 4973 1380 5044 quod
1411 4972 1464 5026 in
1500 4988 1747 5027 sermone
1777 4987 1892 5044 non,
1917 4987 2007 5044 ac-

425 5046 580 5111 cidit;
612 5048 701 5103 ubi
726 5046 903 5117 potius
930 5064 995 5102 ex
1030 5048 1112 5101 his
1136 5043 1638 5118 qute’subjiciuntur
1666 5043 1794 5099 illud
1822 5043 2006 5099 relati-

426 5133 551 5172 vum
583 5121 945 5174 necessarium
975 5130 1075 5174 est.

496 5188 523 5261 ὶῖ
560 5188 646 5261 Al.
673 5232 689 5257 ,
733 5191 1009 5245 indiscreta
1057 5206 1235 5261 opere,
1286 5188 1643 5260 inseparabilis
1685 5187 1998 5256 dilectione,

427 5259 725 5327 indi/ferens
758 5272 1019 5330 potestate,
1056 5259 1160 5316 etc.
1193 5262 1431 5315 Vossws.

502 5342 522 5368 ε
563 5332 672 5399 ΑΙ.,
706 5334 759 5386 in
790 5334 931 5387 nullo
958 5350 1065 5388 sese
1091 5344 1179 5385 aut
1208 5333 1395 5397 minor,
1442 5339 1530 5385 aut
1560 5333 1728 5402 major
1753 5340 1843 5385 est.
1871 5330 2007 5387 Vos-

427 5405 881 5460 sws.—Exinde
925 5416 1137 5459 caeteras
1182 5403 1447 5459 editiones
1501 5406 1636 5455 hanc
1681 5403 2001 5469 lectionem,
2091 5455 2099 5463 _

430 5476 554 5529 licet
580 5477 650 5530 sit
680 5477 732 5531 in
763 5477 1002 5546 utrisque
1042 5477 1239 5530 nostris
1270 5474 1450 5537 codd.,
1486 5474 1735 5546 rejiciunt
1757 5473 1811 5527 in
1861 5489 2003 5528 mar-

427 5548 625 5615 ginem,
671 5563 793 5602 cum
840 5544 999 5617 prava
1031 5550 1133 5613 sit;
1180 5556 1235 5602 et
1281 5546 1670 5599 substituerunt
1719 5544 2003 5601 lectionem

427 5620 689 5689 sermonis
720 5621 935 5683 laudati,
973 5634 1091 5689 quae
1117 5619 1319 5687 optima
1348 5626 1449 5671 est.

496 5685 524 5725 (ί
562 5687 829 5759 Exserm.
863 5689 897 5743 3
924 5685 1260 5759 de'Pentec.,
1294 5704 1341 5742 ε.
1376 5691 1430 5753 1,
1452 5688 1510 5754 2,
1541 5688 1577 5742 3
1601 5688 1730 5742 etd.

501 5764 524 5823 ς
566 5760 673 5823 AL,
710 5769 976 5815 terrarum.
1014 5762 1251 5817 Vossius.

502 5818 523 5869 ί
566 5818 707 5887 idem
743 5825 895 5889 Voss.
931 5828 1095 5899 Alias,
1126 5831 1213 5899 qui
1239 5828 1345 5890 olnt
1372 5825 1671 5901 majutatis,
1706 5832 1809 5886 etc.

2180 4758 2286 4838 ﬁln
2311 4769 2539 4838 utroque
2568 4767 2756 4814 nostro
2785 4759 3218 4838 codice_desunt
3254 4777 3454 4838 voces
3485 4775 3539 4819 et
3581 4782 3781 4838 corpo-

2108 4830 2307 4955 rciliter,
2350 4847 2483 4901 quas
2511 4831 2587 4902 {ex
2621 4846 2785 4885 serm.
2815 4833 2849 4887 5
2874 4830 2943 4886 de
2973 4831 3328 4889 Pentecoste
3361 4835 3619 4893 Vossius
3652 4830 3782 4909 sup-

2108 4917 2143 4955 ι)
2170 4911 2297 4955 ενιι.

2108 4911 2297 4971 plevtt.

2183 4970 2209 5009 ιι
2238 4973 2311 5028 lta
2342 4989 2406 5028 ex
2439 4975 2641 5029 nostris
2673 4973 2856 5039 codd.,
2883 4973 3076 5043 quibus
3116 4976 3405 5032 concinit
3441 4979 3624 5034 lectio
3655 4980 3787 5037 Ser-

2110 5047 2288 5099 monis
2317 5045 2533 5099 laudati.
2583 5045 2805 5100 Vossius
2835 5057 3015 5100 autem
3039 5055 3093 5099 ει
3116 5054 3375 5103 caeteras
3398 5049 3703 5108 editiones
3733 5052 3788 5107 in

2113 5124 2261 5189 textu
2290 5132 2405 5171 cum
2435 5116 2488 5170 id
2518 5117 2582 5170 de
2615 5116 2889 5189 Unigenito
2916 5118 3058 5186 ejus,
3094 5125 3144 5170 et
3188 5120 3265 5173 de
3314 5120 3552 5189 Spiritu
3602 5135 3789 5178 sancto

2110 5188 2367 5311 gignatur
2398 5204 2417 5243 :
2445 5198 2683 5244 nostram
2711 5188 2890 5245 autem
2932 5189 3236 5244 lectionem
3274 5190 3336 5244 in
3371 5188 3663 5265 margine
3695 5211 3790 5251 ex-

2152 5275 2162 5310 l
2206 5269 2315 5311 ent.
2993 5298 2997 5301 -

2152 5269 2315 5313 ment.
2993 5298 2997 5301 .

2189 5328 2204 5366 ί
2238 5330 2347 5395 ΑΙ.,
2377 5339 2431 5385 at
2459 5333 2503 5386 si
2531 5333 2654 5399 quid
2684 5334 2747 5387 de
2762 5331 2869 5385 Deo
2900 5330 3111 5401 dignum
3132 5335 3416 5387 senserit.
3447 5335 3717 5393 Vossws.

2188 5405 2201 5451 t
2244 5403 2319 5456 Ex
2350 5418 2511 5457 serm.
2537 5405 2572 5458 '5
2603 5404 2670 5459 de
2696 5405 2939 5467 Pentec.,
2963 5418 3083 5468 cap.
3107 5401 3173 5469 6,
3202 5412 3270 5458 et
3295 5420 3492 5462 εει-ιιι.
3529 5409 3568 5464 6
3601 5409 3677 5465 de
3704 5408 3797 5466 Je-

2119 5473 2268 5542 junio
2305 5475 2519 5542 septimi
2545 5478 2767 5539 mensis,
2790 5490 2909 5544 cap.
2942 5474 2977 5527 2
3004 5484 3056 5527 et
3086 5474 3146 5544 ἦ.

2186 5544 2210 5616 1f
2245 5546 2412 5613 Epist.
2444 5547 2537 5613 28,
2565 5548 2632 5601 ad
2660 5542 2921 5616 Flavian.,
2954 5559 3071 5615 cap.
3104 5542 3171 5598 2.

2188 5614 2208 5653 Ῑ
2244 5616 2486 5672 Vossius.
2514 5620 2624 5685 AL,
2656 5636 2717 5672 ex.
2749 5614 2940 5671 Maria.

2182 5697 2223 5724 ω
2251 5688 2358 5754 AL,
2392 5687 2522 5742 Cum
2548 5692 2681 5743 enim
2698 5689 2836 5743 Deus
2860 5699 2905 5742 et
2925 5688 3279 5757 omnipotens
3312 5703 3374 5748 et
3407 5707 3664 5753 retentus
3687 5714 3801 5753 crc-

2112 5761 2715 5830 ditur,consempitcrnuc
2743 5760 2908 5815 eidem
2932 5756 3101 5813 Filius
3122 5761 3603 5823 demonstratur.
3635 5767 3798 5828 Voss.
