3980 6352
258 398 339 457 ist
963 386 1328 445 SERMONES
1367 391 1423 447 s.
1468 386 1952 462 LEONhMAGNO
1993 371 2468 448 annuum-4
2494 389 2697 451 SERM.
2737 396 2778 451 ι.

3389 400 3498 461 482

256 526 344 575 tur,
364 509 419 584 in
443 501 589 584 nhllo
616 514 644 554 a
670 499 832 582 Patre
854 499 1104 584 differens
1134 519 1145 552 :
1173 501 1295 584 quia
1324 498 1390 554 de
1416 500 1523 584 Deo
1544 500 1707 569 Deus,
1741 502 1805 557 de
1833 509 1885 565 Α
1912 518 2031 573 quae
2063 506 2113 584 in
2147 504 2301 557 nobis
2337 505 2403 584 ab
2435 505 2582 584 initio
2620 504 2837 584 Creator
2866 507 3134 584 condidit,
3185 523 3246 584 et
3273 530 3392 584 qua:
3420 534 3496 574 re.

254 572 595 649 omnipotente
638 572 1007 649 omnipotens,
1038 572 1105 626 de
1143 583 1345 626 aeterno
1386 582 1561 649 natus
1582 585 1665 627 est
1709 588 1801 627 co-

256 642 466 709 aeternus
491 664 505 701 :
540 659 647 700 non
680 644 949 713 p05terior
980 652 1241 712 tempore,
1271 658 1378 697 non
1405 642 1630 698 inferior
1651 653 1805 713 pote-

250 734 386 789 state,
431 733 535 774 non
576 714 866 789 dissimilis,
894 714 1064 789 gloria
1093 759 1116 789 ,ί
1153 729 1276 789 non,
1301 714 1505 789 divisus
1539 716 1801 789 essentia.

253 785 382 851 Idem
399 806 527 849 vero
552 785 868 856 sempiterni
894 787 1150 856 genitoris
1187 785 1491 856 unigenitus
1522 787 1804 855 sempiter-

250 882 370 931 nus,
403 874 559 918 natus
598 858 791 931 estde
847 857 1046 925 Spiritu
1114 867 1436 931 sanctog,iex
1486 858 1649 931 Maria
1674 858 1801 931 _vi‘r-

244 927 367 1009 gine.
418 934 550 1002 Qua:
609 928 1365 1009 nativitasntemporalis,illi
1422 927 1689 1009 nativitati
1720 927 1804 1009 di-_-

248 998 361 1063 vine
384 998 803 1070 et'sempiternze
831 1000 960 1053 nihil
992 998 1203 1063 minuit,
1233 1000 1366 1054 nihil
1396 1000 1625 1054 contulit
1654 1016 1669 1064 ;
1706 999 1803 1054 sed

245 1092 384 1133 totam
416 1091 475 1131 se
503 1071 805 1143 reparando
832 1071 1064 1135 homini,
1098 1072 1184 1137 qui
1215 1080 1332 1126 erat
1358 1070 1613 1143 deceptus
1642 1111 1655 1133 ,
1698 1070 1802 1143 im:

244 1150 431 1220 pendit,
486 1142 587 1199 ‘et
615 1151 934 1220 ut_mortem
974 1145 1244 1220 vinceret,
1305 1151 1360 1196 et
1390 1142 1671 1220 ‘diabolum
1714 1142 1801 1212 qui

244 1212 452 1275 habebat
470 1217 658 1271 mortis
685 1215 992 1282 imperium,
1024 1226 1116 1266 sua
1146 1213 1344 1267 virtute
1372 1212 1695 1266 destrueret.

299 1292 416 1346 Car.
446 1288 511 1343 V.
544 1285 662 1327 -δ
687 1285 745 1339 In
774 1300 880 1355 quo
918 1286 1077 1338 etiam
1110 1283 1362 1338 conﬂictu
1403 1300 1496 1349 pro
1531 1284 1685 1337 nobis
1722 1284 1803 1337 in-

245 1364 329 1426 ito,
357 1356 551 1429 magno
583 1366 636 1411 et
680 1355 913 1429 mirabili
952 1356 1219 1429 aequitatis
1251 1356 1371 1423 jure
1403 1363 1663 1429 certatum
1698 1363 1802 1429 cst,

237 1434 345 1489 dum
380 1426 725 1499 omnipotens
746 1427 889 1499 Deus
911 1427 1359 1499 citimisaavissimo
1403 1426 1557 1499 hoste
1605 1439 1709 1479 non
1748 1426 1800 1479 in

238 1518 317 1559 sua
342 1497 660 1570 majestate,
693 1498 788 1553 sed
818 1498 893 1570 in,
916 1498 1079 1568 399
1116 1506 1297 1570 nostra
1344 1497 1647 1570 humilitate
1674 1510 1803 1550 con-

236 1567 476 1644 greditur,
500 1571 764 1644 objiciens
806 1579 828 1644 _c
852 1568 900 1624 ei
928 1567 1171 1644 eamdem
1201 1569 1423 1621 formam
1450 1567 1802 1644 eamdemque

237 1637 483 1710 naturam,
509 1637 850 1697 mortalitatis
878 1639 1104 1710 quidem
1124 1650 1323 1694 nostrae
1344 1638 1654 1707 participem
1674 1682 1686 1707 ,
1706 1637 1802 1692 sed

239 1717 417 1785 peccati
448 1707 615 1769 totius
655 1707 952 1782 expertem.
996 1707 1043 1785 _d
1066 1709 1179 1765 Non
1226 1710 1367 1763 enim
1407 1716 1663 1785 sup’erare
1703 1723 1803 1763 nos

236 1781 815 1859 possemuspeccatiiet
850 1782 1039 1837 mortis
1067 1786 1341 1859 auctorem
1365 1821 1379 1846 ,
1425 1781 1523 1834 nisi
1556 1790 1801 1834 naturam

234 1853 450 1913 nostram
482 1858 572 1912 ille
612 1854 910 1938 susciperet
946 1862 1001 1908 et
1040 1868 1191 1908 suam
1235 1853 1460 1934 laceret,
1510 1867 1669 1944 qoem
1702 1866 1799 1905 nec
1830 1885 1876 1944 Β

233 1940 489 1999 peccatum
544 1926 933 1999 contaminare,
957 1939 1092 1999 _nec
1130 1938 1274 1979 mors
1317 1923 1488 1999 potuit
1534 1924 1793 1975 detinere.

232 1994 513 2069 Conceptus
539 1998 739 2069 quippe
756 2007 839 2051 est
865 1996 931 2069 de
953 1994 1158 2069 Spiritu
1181 2004 1395 2069 sancto,
1426 1996 1560 2069 intra
1585 2003 1797 2069 uterum

233 2064 444 2141 Virginis
476 2064 835 2141 matriae—quae
866 2067 1013 2141 illum
1049 2068 1119 2141 ita
1138 2067 1297 2141 _salva
1345 2064 1649 2141 virginitate
1685 2064 1799 2119 edi-

231 2135 798 2212 ditfquemadmodum
831 2139 974 2212 salva
1018 2138 1321 2212 virginitate
1344 2135 1609 2212 concepit.
1659 2144 1683 2171 ο
1716 2141 1795 2190 An

228 2208 503 2269 forte'ideo
539 2211 745 2282 putavit
786 2208 1069 2264 hazreticus
1110 2209 1199 2263 ille
1228 2208 1512 2262 Dominum
1554 2215 1796 2282 nostrum

228 2287 389 2339 .lesnm
418 2278 699 2338 Christum
728 2296 835 2335 non
866 2290 1065 2334 nostras
1094 2294 1213 2334 esse
1244 2288 1468 2338 naturze.
1519 2278 1640 2347 quia
1672 2278 1799 2331 mis-

229 2370 303 2409 sus
328 2356 553 2425 angelus
584 2354 651 2408 ad
681 2352 955 2422 Virginem
978 2350 1053 2404 ait
1086 2369 1101 2425 :_
1128 2348 1195 2403 Et
1232 2352 1391 2403 virtus
1422 2348 1672 2404 Altissimi
1704 2348 1796 2402 ob-

226 2421 465 2479 umbrabit
498 2426 620 2490 tibi;
650 2421 873 2493 ideoque,
889 2430 934 2475 et
965 2421 1101 2493 quod
1125 2430 1363 2493 nascetur
1389 2436 1451 2474 ea:
1471 2430 1516 2473 te
1542 2428 1793 2493 sanctum,

226 2497 467 2551 rocabitur
486 2494 660 2549 Filius
689 2490 787 2548 Dei
821 2490 1055 2564 (ιιιοζιι)
1080 2508 1094 2547 :
1129 2501 1185 2564 ut
1213 2491 1333 2562 quia
1357 2500 1650 2564 conceptus
1680 2490 1798 2564 Vir-

255 2568 342 2623 inis
384 2566 559 2623 divini
606 2566 705 2620 fuit
734 2562 946 2631 operis,
982 2578 1087 2617 non
1120 2562 1189 2617 de
1226 2574 1412 2616 natura
1444 2562 1797 2629 concipientis

256 2584 342 2623 ints
384 2583 559 2623 atVtm
606 2583 705 2620 tu".
734 2583 946 2631 operis,
982 2583 1087 2617 non
1120 2583 1189 2617 ue
1226 2583 1412 2616 natura
1444 2583 1794 2629 concrprcnus

225 2583 524 2694 fueritcaro
553 2637 842 2705 concepti?
869 2634 974 2691 Sed
1006 2648 1110 2687 non
1131 2635 1203 2688 ita
1228 2634 1570 2705 intelligenda
1598 2643 1679 2705 est
1710 2632 1794 2685 illa

224 2712 489 2778 generatio
527 2703 876 2779 singulariter
906 2705 1250 2779 mirabiliset
1278 2703 1595 2779 mirabiliter
1614 2704 1799 2771 singu-

224 2776 353 2847 laris,
378 2790 439 2835 ut
470 2794 571 2849 per
610 2776 897 2833 novitatem
929 2776 1555 2849 creationiisoproprietas
1588 2782 1795 2828 remota

226 2853 283 2905 sit
308 2846 546 2920 generis.
582 2849 984 2906 Fecunditatem
1009 2849 1151 2901 enim
1170 2847 1385 2920 Virgini
1416 2846 1650 2915 Spiritus
1673 2859 1799 2899 san-

223 2919 328 2977 ctus
347 2923 523 2989 dedit,
552 2923 752 2976 veritas
773 2929 949 2975 autem
971 2919 1213 2987 corporis
1238 2919 1305 2971 de
1327 2932 1554 2989 corpore
1582 2924 1796 2989 sumpta

224 3005 311 3061 est,
341 3003 392 3049 et
419 2985 728 3048 aediﬁcante
765 2991 865 3046 sibi
903 2985 1161 3061 sapientia
1204 2985 1438 3043 domum‘
1473 2987 1663 3054 (Prov.
1694 2985 1793 3128 1x3,

232 3063 432 3118 Verbum
463 3080 588 3118 caro
618 3068 807 3128 factum
830 3072 920 3126 est,
952 3071 997 3116 et
1029 3062 1272 3114 habitavit
1294 3063 1345 3113 in
1375 3057 1745 3123 nobis(Joan.I
1779 3098 1793 3123 ,

232 3057 432 3118 Verbum
463 3080 588 3118 caro
618 3068 807 3133 factum
830 3072 920 3126 est,
952 3057 997 3116 et
1029 3062 1272 3114 habitavit
1293 3063 1345 3133 in
1375 3057 1707 3133 nobionan.
1732 3057 1793 3128 ι),

224 3134 310 3190 hoc
331 3136 484 3190 estin
507 3150 571 3190 ea
596 3131 756 3190 carne
777 3148 936 3203 quam
958 3133 1185 3200 sumpsit
1212 3146 1276 3187 ex
1293 3131 1527 3203 homine,
1554 3139 1608 3185 et
1634 3144 1793 3203 quam

222 3208 415 3274 spiritus
448 3210 581 3261 vita:
625 3199 901 3260 rationalis
951 3199 1233 3258 animavit.
1294 3200 1582 3274 fVerbum
1637 3199 1795 3274 igitur
1843 3240 1847 3274 ς

1912 576 2145 640 paranda
2179 577 2435 645 suscepit.
2496 576 2626 630 Nam
2661 577 2750 631 illa
2819 594 2898 633 ua:
2928 580 3185 650 deceptor
3236 576 3413 642 intulit
3442 602 3496 644 et

1912 643 2070 699 homo
2100 646 2359 702 decentus
2390 647 2404 697 ἰ
2444 648 2662 702 admisit
2698 594 2902 702 nuﬂum
2943 651 3247 702 habuerunt
3278 658 3328 702 in
3374 657 3494 702 Sal-

1906 643 2070 699 homo
2100 643 2359 714 deceptus
2390 647 2404 697 ἰ
2444 648 2662 702 admisit
2698 643 2902 704 nullum
2943 643 3247 709 habuerunt
3277 658 3329 711 in
3374 643 3494 715 Sal-

1906 724 2091 770 vatore
2118 716 2424 785 vestigium.
2475 718 2585 773 Nec
2608 721 2729 788 quia
2768 726 3205 781 communionem
3238 727 3496 785 humana-

1906 803 2026 841 rum
2055 788 2218 871 s‘ubiit
2244 789 2645 871 inlirmitatum,
2699 792 2819 871 ideo
2851 804 3156 871 nostrorum
3185 797 3287 871 fuit
3330 802 3498 871 parti-

1906 872 2032 927 ceps
2060 858 2404 913 delictorum.
2436 860 2742 930 Assumpsit
2768 864 2995 919 formam
3019 869 3161 922 servi
3190 869 3307 925 sine
3330 858 3497 929 sorde

1910 930 2404 1012 peccatithuniana
2438 947 2639 1012 augens
2661 974 2691 1012 ,_
2715 933 2893 1012 divina
2931 953 3037 1012 non
3060 939 3341 1012 minuens,
3372 946 3497 1012 quia

1907 1001 2200 1081 exinanitio
2232 1001 2321 1055 illa
2345 1016 2443 1081 qua
2477 1016 2534 1081 se
2588 1005 2874 1081 inv_isbilis
2924 1009 3184 1066 visibilem
3238 1001 3490 1081 praebuit,

1906 1081 1961 1125 et
1997 1071 2224 1126 Creator
2263 1087 2324 1125 ac
2376 1073 2631 1127 Dominus
2673 1073 2697 1111 ¹ί
2724 1077 2961 1131 omnium
3014 1096 3150 1135 unus
3180 1071 3345 1138 voluit
3373 1071 3497 1141 esse

1905 1143 2237 1216 mortalium,
2259 1143 2551 1216 _iuclinatio
2581 1144 2678 1199 fuit
2711 1148 3094 1216 miserationis,
3130 1168 3234 1207 non
3258 1154 3494 1210 defectio

1906 1215 2209 1337 potestatis.
2258 1214 2492 1269 Proinde
2539 1215 2626 1285 qui
2681 1233 2905 1272 manens
2953 1221 3002 1272 in
3043 1214 3211 1276 forma
3244 1224 3339 1279 Dei
3371 1225 3499 1281 fecit

1925 1286 2196 1337 tominem.
2233 1286 2376 1337 idem
2407 1286 2459 1337 in
2494 1285 2663 1337 forma
2692 1291 2833 1337 servi
2870 1290 3038 1337 factust
3061 1302 3143 1337 ρςι
3168 1294 3347 1337 hnmn_
3393 1296 3499 1337 To-

1925 1286 2196 1349 nominem,
2233 1286 2376 1339 idem
2407 1286 2459 1339 in
2494 1285 2663 1340 forma
2692 1291 2833 1342 servi
2868 1290 3038 1344 factus
3061 1302 3143 1347 est
3167 1294 3349 1350 homo.
3393 1296 3499 1352 Te-

1906 1363 1999 1438 net
2050 1358 2192 1438 enim
2231 1359 2368 1438 sine.
2404 1357 2614 1438 defectu
2648 1360 3029 1438 prapri_etatem
3087 1377 3237 1419 suam
3272 1376 3497 1438 utraque

1904 1437 2117 1481 natura.
2176 1426 2192 1463 ι
2231 1427 2295 1481 Ει
2328 1429 2463 1481 sicut
2496 1427 2665 1482 forma
2697 1435 2835 1484 servi
2866 1432 2957 1486 Dei
2990 1432 3213 1488 formam
3246 1451 3352 1491 non
3396 1426 3496 1491 ad-

1904 1497 2041 1565 imit,
2074 1499 2144 1551 ita
2193 1498 2361 1551 forma
2396 1499 2487 1553 Dei
2532 1498 2760 1554 formam
2790 1504 2931 1555 servi
2963 1520 3066 1558 non
3092 1508 3302 1561 minuit.
3352 1507 3486 1564 Nam

1904 1569 2028 1637 quia
2061 1568 2395 1642 gloriabatur
2427 1570 2671 1625 diabolus
2704 1574 2971 1627 hominem
2999 1618 3013 1642 ,
3054 1590 3147 1630 sua
3180 1578 3365 1631 fraude
3396 1579 3493 1634 de-

1904 1648 2140 1712 ceptum,
2175 1640 2369 1694 divinis
2400 1642 2638 1695 caruisse
2670 1640 3015 1712 muneribus,
3045 1657 3097 1702 et
3124 1649 3498 1705 immortalita-

1906 1712 1973 1763 tis
2000 1711 2127 1790 dote
2149 1712 2431 1790 nudatum,
2455 1712 2857 1790 duraminortis
2886 1711 3113 1773 subiisse
3144 1721 3489 1790 sententiam,

1903 1794 2070 1855 seque
2094 1783 2144 1855 i_n
2177 1781 2331 1834 malis
2353 1784 2465 1837 suis
2487 1784 2754 1853 quoddam
2780 1786 2846 1839 de
2868 1796 2907 1822 ω
2924 1790 3349 1855 praevaricatoris
3371 1781 3495 1846 con;

1904 1854 2073 1931 sortio
2103 1851 2380 1931 invenisse
2429 1851 2680 1931 solatium
2714 1899 2739 1931 ,_
2784 1851 2948 1911 Deum
2976 1874 3216 1930 quoque,
3268 1862 3494 1931 justitiaa

1904 1923 2151 1991 exigente
2174 1924 2406 1999 ratione,
2439 1926 2869 1999 ergaghominem
2889 1970 2901 1991 ,
2942 1923 3182 1999 quem'in
3203 1923 3363 1988 tanto
3395 1933 3493 1986 ho-

1903 2009 2036 2071 {iure
2052 1994 2390 2071 condiderat,
2411 1997 2678 2071 proiiriam
2703 2010 2939 2071 mutasse
2960 1994 3286 2056 sententiam
3314 2023 3327 2057 :
3357 2017 3493 2071 opus

1902 2063 2003 2137 [uit
2031 2067 2229 2119 secreti
2256 2063 2655 2134 dispensatione
2680 2070 2923 2134 consilii,
2953 2080 3008 2123 ut
3039 2063 3490 2137 incommutabilis

1904 2134 2046 2212 Deus
2075 2137 2254 2212 (cujus
2284 2140 2528 2191 voluntas
2553 2155 2658 2192 non
2687 2149 2864 2212 potest
2910 2156 3003 2194 sua
3030 2134 3359 2212 benignitate
3384 2145 3493 2212 pri-

1902 2208 2049 2277 vari)
2103 2210 2328 2278 primam
2362 2225 2483 2282 erga
2518 2225 2617 2264 nos
2648 2211 2861 2279 pietatis
2892 2227 3003 2266 suae
3032 2208 3489 2282 dispensationem

1903 2288 2241 2349 sacramento
2262 2281 2556 2334 occultiore
2583 2283 2897 2349 compleret,
2933 2291 2987 2337 et
3016 2281 3179 2340 homo
3211 2288 3491 2342 diabolicae

1903 2347 2201 2428 iniquitatis
2223 2352 2455 2428 versutia
2500 2363 2651 2406 actus
2693 2347 2743 2406 in
2767 2354 2978 2422 culpam
3024 2366 3209 2412 contra
3242 2358 3336 2413 Dei
3366 2373 3492 2428 pro-

1902 2423 2134 2489 positum
2164 2436 2267 2473 non
2301 2424 2520 2489 periret.

1971 2488 2117 2565 C_A_r_._
2138 2490 2247 2565 Vll.
2376 2500 2403 2565 ’ξ
2428 2493 2725 2562 Ingreditur
2758 2503 2781 2531 °
2814 2510 2943 2565 ergo
2967 2495 3081 2551 hinc
3118 2499 3302 2553 mundi
3334 2499 3489 2554 inﬁr-

1902 2575 1984 2613 ma
2020 2561 2335 2639 FilinsDei,
2367 2562 2433 2617 de
2470 2561 2675 2639 caelesti
2702 2565 2828 2620 sede
2865 2561 3232 2634 descendens,
3262 2578 3364 2625 eta
3396 2585 3492 2639 pa-

1902 2642 2055 2685 terna
2082 2632 2253 2701 gloria
2278 2650 2381 2686 non
2412 2635 2691 2701 recedens,
2728 2652 2867 2691 novo
2899 2638 3107 2703 ordine,
3144 2632 3283 2694 nova
3304 2632 3488 2695 nativi-

1901 2710 2336 2779 tategeneratus.
2387 2704 2535 2779 Novo
2557 2707 2771 2773 ordine,
2807 2708 2928 2777 quia
2964 2710 3249 2765 invisibilis
3277 2712 3328 2765 in
3350 2713 3488 2779 suis,

1900 2774 2123 2851 visibilis
2170 2783 2253 2829 est
2292 2774 2563 2851 factushin
2602 2774 2833 2833 nostris.
2902 2774 3486 2851 lncomprehensibilis,

1899 2845 2068 2898 voluit
2108 2846 2545 2922 comprehendi.__
2572 2851 2707 2904 Ante
2759 2860 2995 2919 tempora
3040 2845 3293 2920 manens,
3326 2845 3491 2922 ρωρῆ

1901 2929 2021 2969 esse
2050 2932 2112 2969 ex
2155 2924 2419 2984 tempore.
2502 2917 2879 2975 Universitatis
2930 2922 3189 2978 Dominus
3230 2917 3485 2979 sérvilém

1899 2985 2126 3059 formam
2154 2989 2471 3041 olmmbrata
2503 2991 2799 3059 majestatis
2830 3006 2941 3045 suae
2973 2994 3493 3057 immensitate,sus-

1902 3059 2064 3125 cepit.
2104 3058 2452 3133 Impassibilis
2493 3058 2653 3123 Deus.
2699 3077 2803 3117 non
2846 3062 3165 3133 dedignatus
3207 3074 3288 3120 est
3326 3066 3491 3120 homo

1899 3141 2021 3183 esse
2060 3130 2328 3206 passibilis
2357 3142 2411 3184 et
2438 3131 2780 3206 immortalis,
2839 3130 3027 3189 mortis
3061 3136 3268 3206 legibus
3309 3136 3487 3202 subja—

1899 3212 2044 3274 cere.
2075 3198 2239 3274 _Nova
2262 3207 2440 3255 autem
2488 3198 2776 3259 nativitate'
2796 3198 3282 3274 generatusfquia
3315 3198 3491 3261 invio-

224 3269 301 3332 Dei
355 3278 527 3343 Deus,
567 3276 735 3331 Filius
782 3276 901 3341 Dei,
940 3276 1029 3343 qui
1079 3275 1134 3328 in
1177 3273 1443 3344 principio
1490 3280 1608 3345 erat
1654 3270 1795 3340 apud
1824 3273 1869 3335 C
1901 3269 2006 3345 lata
2038 3271 2315 3345 virginitas
2340 3269 2826 3342 concupiscentiam
2865 3269 3119 3345 nescivit,
3158 3269 3336 3332 carnis
3373 3293 3491 3331 ma-

223 3346 390 3413 Deum,
420 3364 528 3418 per
556 3362 714 3418 quem
756 3348 893 3400 facta
919 3356 1045 3418 sunt
1069 3346 1246 3418 omnia
1268 3384 1283 3409 ,
1316 3346 1435 3418 sine
1464 3357 1569 3418 quo
1598 3344 1792 3396 factum

223 3429 294 3473 est
338 3415 503 3487 nihil,
533 3415 757 3489 prOpter
782 3417 1131 3489 liberandum
1182 3416 1453 3489 hominem
1484 3415 1551 3489 ab
1593 3422 1793 3489 (eterna

222 3500 374 3566 morte
397 3484 591 3566 iactus
621 3484 652 3537 εξ
675 3500 756 3566 est
778 3488 969 3566 homo._
993 3489 1152 3566 ita_se
1176 3488 1240 3541 ad
1273 3487 1669 3566 susceptionem
1697 3484 1795 3566 hu-

222 3563 440 3617 militatis
478 3571 682 3617 nostra:
704 3562 821 3616 sine
844 3560 1201 3615 diminutione
1245 3558 1541 3627 majestatis
1577 3571 1688 3627 ante
1711 3558 1792 3609 in—

219 3632 423 3699 clinans,
459 3642 522 3687 ut
544 3646 770 3687 manens
790 3631 931 3699 quod
950 3642 1084 3697 erat,
1106 3626 1492 3699 assumensque
1521 3626 1673 3699 quod
1688 3640 1793 3699 non

221 3713 337 3770 erat,
365 3697 561 3759 veram
583 3703 725 3758 servi
758 3697 981 3757 formam
1014 3704 1063 3756 ei
1094 3701 1278 3755 forma:
1309 3701 1361 3754 in
1380 3697 1482 3769 qua
1515 3699 1623 3753 Deo
1649 3697 1792 3753 Patri

220 3784 290 3828 est
313 3775 546 3846 aequalis
576 3774 771 3838 uniret,
800 3783 852 3828 et
884 3782 1030 3851 ta_nt_o
1064 3772 1268 3851 foedere
1308 3782 1555 3827 naturam
1587 3778 1792 3851 utraru-

218 3859 306 3968 gue
328 3840 671 3913 consereret,
705 3854 762 3899 ut
793 3858 893 3899 nec
924 3842 1237 3898 inferiorem
1268 3848 1610 3923 consumeret
1631 3840 1795 3909 glori-

251 3920 397 3968 catio.
426 3932 540 3968 nec
565 3917 899 3968 suneriorem
926 3915 1192 3968 minueret
1221 3923 1538 3968 assumouo.

251 3920 397 3987 catio,
426 3932 540 3973 nec
565 3917 899 3987 superiorem
926 3915 1192 3971 minueret
1221 3912 1538 3987 assumptio.

273 3986 393 4043 Cu.
425 3988 525 4043 Vl.
552 3982 698 4029 σ-Ἶι
727 3987 887 4042 Salva
935 3988 1094 4057 igitur
1137 3985 1466 4055 proprietate
1512 3982 1794 4052 utriusque

219 4069 423 4129 naturaz,
456 4069 517 4114 et
548 4061 600 4115 in
631 4073 790 4113 unam
823 4067 1053 4129 coeunte
1082 4071 1399 4129 personam,
1443 4063 1690 4129 suscepta
1714 4062 1797 4108 est

216 4144 239 4182 a
266 4126 544 4201 majeState
572 4129 873 4196 humilitas,
901 4144 938 4201 a
967 4126 1165 4201 virtute
1195 4128 1514 4201 inﬁrmitas,
1533 4126 1795 4201 _ab‘mter-

218 4196 366 4257 nitate
394 4202 741 4266 mortalitas;
774 4209 827 4257 et
852 4198 919 4254 ad
945 4199 1322 4254 resolvendum
1348 4196 1669 4252 conditionis
1694 4209 1793 4249 no-

217 4281 324 4327 stne
351 4274 598 4329 debitum
646 4283 837 4326 natura
882 4270 1209 4325 inviolabilis
1258 4280 1466 4324 naturae
1518 4276 1601 4321 est
1640 4266 1791 4320 unita

214 4344 466 4412 passibili,
503 4354 559 4398 ut
589 4344 729 4414 quod
758 4344 959 4397 nostris
990 4341 1243 4414 remediis
1266 4339 1617 4414 congruebat,
1650 4350 1789 4414 unus

214 4408 356 4483 atque
378 4408 528 4471 idem
551 4408 823 4470 mediator
848 4414 940 4468 Dei
971 4422 1026 4468 et
1046 4411 1323 4467 hominum
1356 4408 1518 4465 homo
1547 4408 1793 4465 Christus

214 4482 373 4555 JeSus,
400 4499 455 4543 et
489 4488 627 4541 mori
654 4494 836 4555 posset
856 4501 924 4541 ex
952 4499 1090 4550 uno,
1124 4494 1176 4539 et
1204 4484 1343 4537 mori
1372 4498 1480 4537 non
1505 4490 1687 4555 posset
1725 4493 1791 4534 ex

211 4553 387 4627 altero.
437 4557 456 4595 ί
494 4553 706 4627 Integra
732 4571 860 4626 ergo
887 4556 1217 4627 perfectione
1244 4556 1357 4609 veri
1387 4553 1641 4627 ho_min_is,
1674 4566 1797 4620 per-

213 4626 445 4700 fectaque
472 4624 665 4684 natura
691 4669 708 4695 ,
755 4624 913 4683 verus
944 4626 1274 4700 natus_Deus
1304 4634 1406 4692 est,
1439 4624 1602 4700 5.00
1632 4631 1793 4700 _totus

1904 3344 2093 3414 teriam
2124 3344 2464 3397 ministravit.
2519 3354 2547 3393 P
2578 3346 2867 3414 Assumpta
2900 3356 2981 3401 est
3007 3348 3073 3403 de
3102 3344 3273 3403 matre
3303 3348 3489 3403 Domi-

1898 3413 1975 3475 ni,
2006 3422 2217 3477 natura,
2248 3428 2353 3467 non
2385 3415 2538 3483 culpa
2564 3431 2579 3479 ;
2620 3432 2720 3473 nec
2747 3413 2801 3471 in
2831 3416 3058 3472 Domino
3090 3418 3215 3473 Jesu
3246 3418 3488 3484 Christo.

1901 3497 1969 3556 ex
2001 3494 2154 3538 utero
2187 3485 2419 3554 Virginis
2440 3485 2643 3555 genito,
2676 3491 2797 3555 quia
2820 3489 3071 3544 nativitas
3096 3500 3180 3545 est
3209 3490 3490 3556 mirabilis,

1898 3554 2022 3608 ideo
2048 3564 2077 3604 ιι
2103 3568 2299 3630 nostra:
2340 3554 2545 3630 natura:
2578 3554 2736 3630 401
2770 3568 2864 3630 est
2888 3559 3184 3617 dissimilis.
3216 3562 3316 3629 Qui
3346 3554 3491 3616 enim

1899 3640 2060 3679 verus
2084 3640 2165 3680 εει
2198 3627 2357 3691 Deus,
2389 3628 2530 3682 idem
2565 3627 2736 3683 veru»—
2753 3640 2834 3685 est
2856 3629 3036 3686 homo.
3100 3632 3168 3687 Et
3196 3627 3397 3686 nullum
3436 3632 3491 3687 in

1901 3695 2001 3750 hac
2029 3699 2230 3753 unitate
2251 3706 2333 3752 est
2363 3700 2724 3767 mendacium,
2750 3701 2875 3755 dum
2908 3702 3137 3756 invicem
3169 3714 3294 3758 sunt
3314 3712 3369 3759 et
3390 3702 3492 3757 hu-

1898 3767 2098 3822 militas
2128 3769 2360 3823 hominis
2391 3779 2443 3823 et
2473 3771 2699 3825 altitudo
2733 3772 2977 3828 Deitatis.
3010 3772 3159 3828 Sicut
3187 3775 3330 3828 enim
3348 3775 3489 3829 Deus

1898 3853 2007 3893 non
2037 3850 2273 3894 mutatur
2296 3843 2662 3909 miseratione,
2696 3844 2765 3897 ita
2800 3846 2962 3898 homo
2992 3858 3096 3899 non
3149 3845 3488 3901 consumitur

1897 3909 2201 3977 dignitate:
2256 3913 2367 3981 agit
2403 3912 2547 3967 enim
2589 3924 2815 3984 utraque
2870 3916 3041 3969 forma
3090 3930 3211 3969 cum
3262 3915 3485 3971 alterius

1898 3984 2442 4055 communioneiquod
2472 3986 2749 4055 proprium
2780 3994 2882 4051 est,
2916 3986 3091 4041 Verbo
3120 3988 3329 4042 scilicet
3356 4001 3489 4055 ope-

1897 4062 2051 4107 rante
2072 4053 2215 4126 quod
2247 4053 2406 4108 Verbi
2434 4053 2537 4122 est,
2577 4053 2641 4110 et
2663 4071 2822 4110 carne
2851 4067 3187 4126 exsequente
3210 4058 3351 4123 quod
3372 4053 3489 4112 car-

1900 4126 1983 4177 nis
2012 4134 2115 4177 est.
2170 4124 2345 4180 Unum
2375 4126 2567 4180 horum
2592 4137 2843 4181 coruscat
2873 4124 3169 4191 miraculis,
3194 4129 3340 4183 aliud
3368 4143 3490 4183 suc-

1897 4195 2101 4247 cumbit
2133 4195 2363 4268 iujuriis.
2416 4197 2481 4250 Et
2517 4197 2656 4251 sicut
2693 4199 2922 4252 Verbum
2954 4200 3023 4254 ab
3062 4200 3369 4268 aequalitate
3398 4213 3492 4268 pa-

1901 4274 2069 4319 ternae
2098 4266 2283 4335 gloria:
2312 4276 2334 4303 ι’
2364 4282 2465 4321 n0n
2499 4268 2734 4332 recedit,
2768 4270 2839 4323 ita
2881 4284 3008 4323 caro
3036 4266 3280 4324 naturam
3315 4266 3486 4324 nostri

1898 4336 2119 4411 generis
2144 4353 2260 4411 non,
2274 4337 2511 4407 reliquit.
2570 4338 2717 4411 Unus
2753 4341 2894 4394 enim
2925 4340 3178 4410 idemque
3206 4350 3307 4405 est,
3338 4341 3484 4411 quod

1900 4422 2044 4478 saepe
2071 4408 2359 4463 dicendum
2388 4420 2490 4473 est,
2518 4425 2646 4465 vere
2672 4410 2766 4464 Dei
2796 4411 2990 4476 Filius,
3022 4408 3229 4467 et‘vere
3254 4408 3489 4465 hominis

1900 4476 2102 4553 Filius.
2150 4479 2292 4534 Deus
2337 4495 2434 4549 per
2462 4481 2513 4535 id
2540 4482 2680 4553 quod
2733 4482 2787 4534 in
2819 4483 3074 4553 principio
3101 4493 3212 4537 erat
3248 4481 3487 4546 Verbum,

1900 4559 1949 4622 et
1980 4549 2201 4604 Verbum
2242 4561 2349 4606 erat
2389 4553 2530 4622 apud
2559 4549 2771 4617 Deum,
2814 4562 2861 4606 et
2902 4549 3033 4607 Deus
3077 4564 3181 4609 erat
3223 4553 3489 4617 Verbum;

1904 4620 2064 4695 homo
2094 4638 2186 4695 per
2209 4620 2432 4695 idquod‘
2459 4623 2680 4677 Verbum
2711 4640 2829 4678 caro
2860 4625 3055 4695 factum
3084 4634 3194 4694 est,
3228 4624 3490 4679 ethabita-

214 4696 259 4751 in
295 4684 517 4756 suisiet
556 4684 707 4756 totus,
734 4699 787 4754 in
827 4697 1049 4753 nostris.
1108 4696 1299 4751 Nostra
1326 4684 1790 4760 au'teTn'd'icimus,
1820 4684 1875 4746 D
1898 4692 1967 4746 vit
1996 4693 2049 4745 in
2076 4684 2223 4748 nobis
2258 4684 2521 4765 (10mm).
2581 4703 2603 4731 ⁸
2637 4696 2806 4762 Quem
2838 4684 3019 4766 utique
3048 4684 3193 4753 sicut
3215 4695 3489 4752 hominem

272 4846 297 4872 "
326 4837 439 4903 AL,
462 4845 518 4889 ut
544 4846 595 4891 et
620 4842 854 4889 mortem.
888 4832 1129 4887 Vossrus.

272 4904 296 4944 δ
326 4907 405 4962 Ex
426 4902 605 4962 Serm.
638 4907 667 4961 1
701 4907 768 4960 de
786 4904 1001 4959 Nativit.
1040 4905 1194 4958 Dom.
1215 4942 1231 4968 ,
1262 4916 1382 4971 cap.
1414 4902 1469 4956 1.

274 4988 294 5015 ε
316 4978 698 5049 Supplevimus
726 4977 773 5030 ei
799 4991 867 5032 ex
916 4975 1115 5029 nostris
1160 4988 1293 5029 mss.
1326 4982 1380 5028 et
1410 4987 1441 5027 e
1482 4986 1735 5029 sermone
1760 4974 1787 5029 1

211 5051 270 5105 de
295 5048 608 5115 Nativitate,
630 5064 681 5104 c.
712 5050 767 5102 1.

269 5116 293 5156 δ
323 5119 574 5200 ἔχεων.
600 5120 636 5200 2
665 5119 822 5200 epist.
852 5116 1043 5200 28,Aad
1072 5116 1408 5172 Flavianum.

270 5201 292 5227 ε
323 5192 399 5245 Ex
430 5193 537 5247 ﬁne
568 5191 1046 5261 ejusdemcapitis.

271 5262 289 5297 ί
322 5262 405 5316 Ex
435 5259 607 5318 serm.
628 5263 655 5317 1
689 5262 757 5317 de
785 5259 989 5327 Nativ.,
1022 5274 1141 5330 cap.
1169 5259 1225 5313 2.

269 5342 292 5380 ι
320 5332 955 5416 Supplevimusverbtnn
998 5341 1070 5386 est
1090 5328 1455 5388 necessarium
1484 5344 1549 5385 ex
1597 5328 1787 5386 eodem

208 5419 357 5461 serm.
394 5401 525 5461 i'de
554 5404 774 5460 Nativit.
804 5418 851 5457 c.
885 5401 941 5456 2.

272 5474 297 5553 ξι
329 5476 409 5557 βξ
433 5478 591 5557 epist.
624 5476 715 5541 28,
748 5475 814 5529 ad
843 5473 1179 5557 Flavianum,
1200 5489 1327 5557 _cap.
1356 5474 1413 5529 5.

272 5546 287 5583 ί
322 5548 439 5619 AL,
468 5546 535 5605 In
555 5549 761 5619 integra
786 5560 907 5617 ergo
941 5546 1045 5600 veri
1074 5546 1295 5601 hominis
1322 5549 1646 5617 perfectaque
1683 5560 1784 5599 na—

206 5626 334 5673 tura.
382 5618 626 5675 Vossius.

270 5690 285 5739 1
320 5690 404 5746 Ita
429 5688 825 5746 emendandum
854 5688 949 5745 fuit
981 5689 1292 5761 exepistola
1343 5688 1435 5756 28,
1465 5688 1531 5743 ad
1559 5687 1775 5744 Flavia-

204 5776 346 5816 num.
402 5763 514 5829 Al.,
547 5762 738 5817 amisit.

204 5886 211 5892 .
268 5830 295 5902 ξ
322 5834 442 5902 AL,
465 5835 690 5888 omnium
716 5848 906 5902 rerum.
939 5832 1186 5891 Vossms.

272 5901 294 5945 ι
324 5900 441 5975 AL,
474 5903 539 5960 Et
562 5907 693 5961 sicut
720 5900 941 5975 [ornum
968 5909 1099 5960 servi
1127 5906 1220 5962 Dei
1247 5909 1414 5977 {arma
1450 5924 1551 5962 non
1586 5907 1789 5971 adimit,

1896 4828 1972 4881 ita
1998 4833 2217 4897 formam
2262 4827 2361 4882 Dei
2401 4831 2531 4883 servi
2561 4830 2732 4898 forma
2759 4845 2863 4882 non
2894 4830 3094 4884 minuit.
3147 4829 3238 4885 Sic
3267 4828 3491 4887 Vossius

1897 4915 1966 4954 ex
1997 4900 2211 5023 vulgato
2240 4900 2479 4982 epistolae
2503 4901 2595 4964 28,
2628 4900 2696 4954 ad
2720 4901 3066 4982 .Flavianum,
3099 4916 3219 4983 cap.
3251 4898 3306 4963 3,
3339 4911 3395 4956 et
3422 4917 3490 4957 ex

1899 4985 2062 5023 serm.
2160 4971 2226 5023 de
2248 4972 2449 5023 Nattv..
2479 4987 2530 5023 c.
2553 4973 2608 5023 2.
2644 4987 2731 5023 aut
2764 4980 2945 5023 tamen
2986 4986 3165 5023 sermo
3192 4987 3249 5023 in
3279 4970 3490 5023 duobus

1899 4985 2062 5025 serm.
2098 4970 2132 5023 5
2160 4971 2226 5025 de
2248 4972 2449 5035 Nativ.,
2479 4987 2530 5028 c.
2553 4973 2608 5036 2,
2644 4973 2731 5041 qui
2764 4980 2945 5026 tamen
2986 4986 3165 5027 sermo
3192 4972 3249 5026 in
3279 4970 3492 5027 duobus

1904 5043 2023 5095 Vat.
2058 5042 2293 5097 basilicae
2335 5043 2495 5097 codd.
2526 5043 2580 5097 in
2602 5059 2711 5098 uno
2743 5042 2864 5097 Vat.
2904 5053 2957 5098 et
2999 5043 3107 5098 alio
3140 5042 3274 5099 Bon.
3313 5050 3491 5098 textus

1900 5112 2186 5168 lectionem
2216 5114 2448 5183 prtefert.

1971 5194 2010 5220 ω
2037 5183 2147 5251 ΑΙ.,
2181 5186 2637 5255 prazvaricationis.
2674 5185 2913 5241 Vossws.

1973 5265 2002 5292 ιι
2037 5256 2113 5310 Ex
2138 5258 2296 5326 epist.
2320 5256 2412 5322 28,
2445 5257 2511 5311 ad
2535 5256 2867 5326 Flavianum,
2901 5271 3018 5324 cap.
3051 5260 3106 5311 4.

1969 5338 1993 5365 ο
2025 5328 2349 5381 Particulam
2376 5343 2496 5397 ergo
2516 5342 2547 5380 a
2577 5327 2869 5394 Quesnello
2901 5327 3156 5382 omissam
3185 5342 3250 5383 ex
3282 5328 3487 5383 nostris

1893 5414 2023 5457 mss.
2056 5398 2371 5467 adjecimus.
2404 5400 2548 5465 Mox,
2580 5414 2676 5468 pro
2695 5401 2937 5468 inﬁrma,
2972 5399 3101 5454 editi
3126 5400 3179 5453 in
3223 5400 3487 5469 margine.

1891 5472 2003 5529 AL.
2032 5471 2228 5529 inﬁma.
2284 5506 2301 5525 .

1962 5514 2003 5594 i’
2020 5472 2437 5613 Aﬁﬁmxssumpta
2463 5551 2536 5596 est
2554 5542 2797 5615 igiturde
2820 5539 3275 5615 ma_tre._‘Vossws.

1966 5625 1995 5665 ιι
2021 5608 2133 5681 AL,
2165 5608 2436 5669 nostra'est
2466 5608 2650 5667 natura
2672 5612 2957 5665 dissimilis.
2991 5608 3235 5667 Vossws.

1963 5697 1987 5725 ι’
2029 5687 2141 5755 AL,
2173 5701 2277 5739 non
2305 5686 2530 5739 recessit.
2568 5684 2807 5755 Vossius.
3306 5746 3309 5751 ,

1965 5766 1989 5796 ·
2031 5754 2131 5813 ex
2165 5758 2324 5828 epist.
2380 5755 2471 5825 28,
2521 5758 2595 5812 ad
2636 5754 2980 5824 Flavianum,
3022 5768 3145 5826 cap.
3196 5756 3253 5827 4,
3298 5756 3484 5830 paucis

1894 5845 2135 5889 omnssrs.
