3980 6352
418 350 528 406 483

1015 337 1361 400 APPENDIX
1396 333 1790 396 AD.PRIMAM
1830 329 2110 387 PARTEM
2149 328 2428 385 OPERUM
2467 329 2522 384 S.
2567 326 2812 386 LEONIS
2852 327 3087 386 MAGNI.

3587 323 3698 378 ιει

363 521 366 525 ,
416 461 682 520 diabolica
712 467 884 520 tentat
927 460 1145 521 astutia.
1187 456 1395 522 eidem,
1439 455 1580 510 sicut
1617 453 1727 525 Deo
1755 449 1996 520 angelica
2027 453 2078 512 Α
2103 459 2230 525 num
2255 484 2282 525 ,ν
2319 443 2552 525 hominis
2580 442 2705 525 Jesu
2751 443 2973 513 Christi,
3007 458 3253 525 necesse
3274 451 3463 525 estmut
3492 445 3696 525 multis

419 535 742 591 famulantur
782 533 1058 602 obsequia.
1125 527 1378 602 Esurire,
1431 525 1616 594 sitire,
1677 523 1997 602 lassescere,

417 618 577 679 atque
601 608 852 679 dormire,
876 593 1475 679 _evidentet_'__ltu_manum
1509 593 1610 652 est.
1638 604 1672 679 _°
1707 593 1813 650 Sed
1843 595 2000 679 quin-

417 666 522 751 que
551 677 775 750 panibus
800 666 1032 745 quinque
1065 672 1227 751 millia
1261 671 1866 751 ltominunrsaturare
1897 666 2002 751 lar:

418 735 520 821 giri
543 735 893 805 Samaritana:
921 735 1108 821 a'qnam
1136 745 1336 821 vivam,
1370 740 1523 811 cujus
1546 741 1767 821 haustus
1798 735 2000 820 bibenti

419 811 640 892 praestat
663 835 727 873 ne
759 821 893 892 ultra
909 811 1030 892 jam
1061 814 1236 892 sitiat,
1295 823 1349 892 et
1371 827 1531 892 supra
1587 811 1806 892 dorsum
1841 811 2003 892 maris

422 879 617 961 plantis
645 904 748 943 non
778 879 1178 943 subsidentibus
1223 879 1520 948 ambulare,
1551 883 1882 961 etelationes

419 952 600 1018 ctnum
629 962 903 1029 increpata
934 965 1250 1023 tempestate
1279 964 1650 1029 consternere,
1683 954 1799 1007 sine
1825 952 2003 1029 ambis

419 1033 621 1103 guitate
643 1025 877 1086 divin-um
905 1040 1008 1085 est.
1041 1031 1192 1086 Sicut
1217 1044 1344 1103 ergo
1370 1028 1633 1103 (utmulta
1663 1025 2000 1103 praeteream)

422 1093 527 1158 non
560 1103 800 1172 ejusdem
833 1113 1036 1156 natura:
1066 1111 1184 1165 est,
1242 1093 1761 1172 ﬁére‘miserationis
1811 1093 2006 1148 aﬁ'ecm

423 1170 684 1230 Lazarum
711 1175 940 1228 amicum
971 1187 1261 1246 mortuum,
1294 1182 1348 1246 et
1373 1170 1620 1246 eumdem
1641 1175 1846 1246 remoto
1872 1180 2005 1246 qua-

425 1249 686 1302 triduanaa
717 1261 908 1316 aggere
944 1244 1264 1316 sepulturae,
1285 1240 1350 1296 ad
1370 1241 1519 1316 vocis
1553 1241 1831 1316 imperium
1862 1240 2008 1290 exci-

425 1329 538 1374 tare
565 1311 880 1378 rediviCnm,
915 1311 1062 1369 aut”
1094 1315 1143 1368 in
1174 1328 1334 1369 cruce
1370 1311 1604 1378 pendere
1632 1323 1682 1364 et
1711 1311 1761 1362 in
1795 1316 2007 1361 noctem

427 1392 546 1445 luce
575 1404 830 1445 coitversa
864 1388 1041 1443 omnia
1069 1388 1331 1438 elementa
1371 1383 1749 1445 tremelacere,
1776 1389 1868 1434 aut
1895 1379 2008 1433 cla-

428 1466 508 1516 vis
539 1462 853 1516 transﬁxum
877 1473 1017 1524 esse,
1051 1466 1104 1512 et
1129 1454 1358 1522 paradisi
1393 1464 1416 1492 ο
1445 1464 1649 1522 portam
1687 1452 1811 1506 ﬁdei
1842 1453 2007 1506 latro-

431 1536 513 1588 nis
543 1534 754 1601 aperire
783 1547 798 1596 ;
831 1533 898 1583 ita
945 1544 1050 1583 non
1083 1527 1322 1601 ejusdem
1371 1536 1576 1601 naturte
1621 1533 1704 1601 est
1729 1565 1744 1588 ,
1782 1524 2005 1601 dicere:

431 1603 543 1673 Ego
572 1595 616 1656 et
644 1595 801 1655 Pater
829 1595 1189 1673 untimsuntus
1229 1596 1410 1673 (Joan.
1441 1598 1526 1667 x);
1555 1603 1625 1673 _et
1651 1596 1837 1673 dicere
1861 1615 1872 1650 :
1902 1595 2005 1673 Pa-

431 1668 504 1729 ter
532 1676 700 1744 major
737 1689 816 1744 me
841 1681 912 1725 est
936 1671 1108 1744 (l_bid.
1135 1671 1270 1739 xw).
1343 1668 1600 1744 Quamvis
1651 1669 1792 1721 enim
1827 1670 1878 1724 in
1906 1670 2011 1744 Do-

433 1748 576 1804 mino
599 1738 724 1801 Iesu
747 1738 962 1798 Christo
988 1741 1082 1796 Dei
1111 1783 1125 1805 ,
1181 1738 1236 1797 et
1268 1738 1498 1793 hominis
1527 1755 1628 1794 una
1660 1755 1887 1808 persona
1915 1741 2007 1806 sit,

431 1820 782 1904 aliud_tamen
810 1824 891 1904 est
919 1813 1061 1904 unde
1101 1813 1154 1866 in
1186 1813 1849 1904 utroque‘corlnmunis‘est
1878 1828 2007 1867 con-
2039 1842 2090 1904 Β

435 1891 673 1953 tumelia,
705 1887 844 1941 aliud
869 1886 1008 1939 unde
1030 1882 1333 1941 communis
1363 1891 1444 1937 est
1475 1883 1668 1952 gloria.
1719 1883 1796 1938 De
1826 1894 2012 1938 ιιο›ιι·‹›

432 1966 576 2021 enim
610 1961 682 2017 illi
715 1969 796 2014 est
849 1960 1023 2012 minor
1068 1955 1227 2010 Patre
1255 1955 1595 2023 humanitas,
1642 1954 1710 2012 de
1754 1957 1912 2011 Patre
1939 1955 2015 2010 illi

433 2047 517 2092 est
540 2034 908 2106 aequaliscum
933 2028 1092 2106 Patre
1122 2028 1397 2106 Divinitas.

504 2098 630 2164 Cui
661 2098 909 2159 VllL—d
932 2101 1155 2170 Pr0pter
1185 2101 1324 2153 hanc
1340 2114 1468 2168 ergo
1490 2099 1747 2170 unitatem
1770 2113 2018 2167 persoaas

435 2183 487 2236 in
522 2191 747 2248 utraque
786 2183 974 2248 natura
1023 2169 1455 2248 intelligendam,
1479 2169 2017 2248 _et__l:‘ilins_hominis

437 2252 630 2324 legitur
657 2239 1003 2324 descendisse
1030 2243 1098 2298 de
1135 2243 1296 2309 cmlo,
1329 2257 1448 2297 cum
1479 2239 1647 2298 Filius
1678 2243 1770 2298 Dei
1799 2253 2016 2324 carnem

437 2315 518 2381 de'
553 2337 613 2377 ea
657 2315 874 2389 Virgine
923 2316 991 2389 de
1039 2329 1155 2389 qua
1192 2325 1273 2368 est
1306 2327 1484 2389 natus
1531 2317 1905 2389 assumpserit.
1954 2315 2020 2368 lit

438 2409 625 2452 rursus
656 2385 823 2445 Filius
852 2388 945 2443 Dei
976 2385 1263 2440 cruciﬁxus
1289 2386 1484 2440 dicitur
1509 2401 1571 2440 ac
1601 2388 1858 2455 scpultns,
1895 2401 2018 2440 cum

439 2467 556 2524 hanc
574 2478 677 2519 non
704 2463 755 2516 in
769 2461 1058 2516 Divinitate
1081 2459 1217 2526 ipsa,
1232 2473 1332 2528 qua
1359 2457 1690 2528 Unigenitns,
1716 2457 2021 2524 consempi-

438 2547 624 2593 ternus
673 2541 727 2589 et
773 2527 1262 2586 consubstantialis
1294 2540 1378 2583 est
1405 2527 1572 2592 Patri,
1605 2531 1697 2584 sed
1732 2530 1782 2583 in
1815 2540 2020 2583 natura:

441 2609 689 2664 humanm
718 2603 788 2657 sit
821 2601 1131 2656 inﬁrmitate
1163 2615 1470 2672 perpessus.
1508 2600 1656 2656 Unde
1684 2603 2018 2670 unigenitum

439 2675 633 2735 Filium
663 2676 778 2738 Dei,
810 2676 1156 2730 cruciﬁxum.
1205 2670 1367 2743 5'02
1412 2682 1464 2725 et
1507 2674 1798 2740 sepultum,
1832 2688 2024 2728 omnes

440 2752 600 2806 etiam
639 2750 689 2803 in
733 2745 989 2818 Sytttliolo
1019 2743 1355 2818 conﬁtentur,
1394 2745 1689 2798 scottnduttt
1720 2743 2020 2818 illudyApo-

442 2823 562 2878 stoli
592 2815 791 2875 dictum
824 2836 836 2870 :
873 2816 936 2872 Si
965 2819 1096 2869 enim
1124 2815 1494 2884 cognovissent,
1525 2832 1798 2880 numquam
1850 2815 2024 2870 Domi-

443 2910 567 2947 num
594 2890 874 2962 majestatis
903 2883 1273 2962 crucifixissent
1305 2883 1506 2962 (lCor.
1542 2884 1617 2962 ιι)
1646 2905 1658 2939 ;
1685 2887 1806 2956 quia
1839 2887 2026 2962 Ecge-

446 2965 526 3019 sia
556 2955 820 3018 caditilica
868 2962 965 3012 hac
1012 2957 1116 3011 ﬁde
1147 2959 1304 3016 vivit.
1357 2955 1458 3010 hac
1487 2955 1716 3026 proﬁcit,
1753 2970 1804 3011 ιιι
1838 2958 1890 3011 in
1920 2959 2022 3013 Do-

447 3037 596 3091 mino
638 3034 765 3088 .Iesu
793 3030 1029 3094 Christo,
1059 3031 1302 3088 necgsine
1350 3043 1476 3084 vera
1518 3028 1807 3084 Divinitate
1838 3029 2026 3084 huma-

447 3109 619 3169 nitas,
651 3119 748 3159 nec
777 3105 894 3156 sine
926 3116 1047 3155 vera
1087 3100 1418 3154 immanitate
1457 3100 1710 3155 credatur
1739 3100 2021 3154 Divinitas.

452 3189 474 3214 (³
507 3175 641 3232 Cum
665 3183 843 3230 autem
879 3173 930 3226 in
975 3171 1216 3226 Concilio
1264 3171 1531 3240 Eutyches
1582 3174 1927 3240 proﬁteretur
1955 3189 2020 3226 cx

449 3218 662 3304 duabus
703 3243 909 3300 naturis
939 3242 1102 3297 fuisse
1137 3218 1419 3297 Dominnin
1461 3218 1700 3298 nostrum
1733 3255 1858 3298 ante
1891 3244 2024 3297 adu-
2051 3218 2100 3281 α

451 3319 764 3383 nationem,
813 3324 936 3384 post
981 3314 1360 3368 adunationem
1413 3328 1545 3369 vero
1594 3330 1752 3369 unam
1785 3325 2027 3370 naturam

451 3390 832 3452 conﬁteretur;
876 3387 1043 3442 miror
1086 3398 1190 3438 tam
1221 3385 1530 3449 absurdam,
1566 3397 1778 3454 Iamque
1814 3402 2033 3454 perver-

453 3477 566 3518 sam
598 3462 718 3530 ejus
757 3457 1143 3528 professionem
1191 3456 1335 3510 nulla
1377 3456 1734 3530 judicantium
1783 3458 2030 3527 increpa-

455 3534 600 3588 tione
623 3529 1040 3604 reprehensam;
1070 3538 1124 3584 et
1151 3541 1456 3604 sermonem
1479 3529 1636 3583 nimis
1668 3529 2031 3604 insipientem,

455 3600 724 3673 nimisque
770 3602 1180 3668 blasphemum,
1231 3600 1647 3673 ita__omissutn,
1704 3602 1854 3670 quasi
1902 3601 2034 3655 nihil

495 3675 597 3730 uod
638 3669 980 3737 oﬁenderet,
1031 3679 1176 3726 esset
1218 3669 1458 3724 auditum
1495 3688 1508 3723 :
1553 3686 1675 3726 cum
1723 3669 1829 3728 tam
1873 3673 2036 3740 impie

495 3693 597 3730 υοιι
644 3693 980 3737 ouenueret,
1031 3693 1176 3726 65561.
1218 3693 1458 3724 auuttuut
1495 3693 1508 3723 ἱ
1553 3693 1675 3726 υιιιιι
1723 3693 1829 3728 ιιιιιι
1874 3693 2036 3740 ιιιιμιθ

455 3693 685 3801 duarum
729 3754 1040 3799 naturarum
1091 3749 1215 3795 ante
1259 3742 1678 3797 incarnationem
1721 3742 2036 3811 Unigenitus

459 3817 553 3872 Dei
585 3815 751 3871 Filius
806 3813 971 3869 fuisse
1015 3813 1244 3876 dicatur,
1292 3826 1452 3882 quam
1508 3813 1714 3869 nefarie
1754 3823 2036 3883 postquam

465 3887 687 3942 Verbum
737 3902 858 3941 caro
911 3888 1107 3955 factum
1156 3892 1229 3955 est
1263 3923 1277 3947 ,
1331 3892 1518 3955 natura
1552 3885 1603 3939 in
1641 3901 1708 3940 eo
1752 3887 2039 3954 singularis

458 3960 735 4014 asseritur.
787 3953 940 4025 Quod
974 3953 993 3992 ί
1025 3970 1130 4011 non
1165 3953 1436 4024 Eutyches
1487 3955 1606 4010 ideo
1653 3957 1736 4012 vel
1774 3953 1922 4012 recte
1951 3958 2038 4012 vel

462 4029 817 4086 tolerabiliter
863 4026 1099 4096 aestimet
1147 4026 1373 4096 dictum,
1418 4026 1540 4096 quia
1573 4037 1598 4075 ε
1631 4027 1774 4082 nulla
1804 4039 1886 4082 est
1914 4044 2040 4082 sen-

460 4101 624 4155 tentia
679 4098 1035 4155 confutatum.
1091 4095 1115 4134 ιι
1159 4095 1312 4152 Tunc
1367 4096 1383 4134 ί
1424 4095 1567 4152 enim
1615 4096 2041 4156 fructuosissime

460 4187 583 4228 vera
616 4171 751 4228 ﬁdes
775 4169 1104 4235 defenditur,
1135 4183 1256 4224 cum
1288 4168 1449 4224 etiam
1480 4183 1510 4223 a
1545 4171 1899 4226 sectatoribus
1925 4171 2042 4228 suis

457 4243 639 4314 opinio
672 4241 802 4314 falsa
831 4241 1137 4314 damnatur.

529 4316 659 4372 CAP.
688 4311 900 4369 lX.—i
943 4311 1085 4367 Inter
1117 4312 1232 4366 haec
1260 4327 1388 4380 ergo
1417 4320 1674 4381 quantum
1703 4311 1984 4368 Nestorius
2011 4329 2042 4369 a

457 4387 684 4442 veritate
711 4384 963 4449 deviavit,
994 4381 1259 4438 Deitatem
1292 4383 1450 4438 Verbi
1481 4384 1550 4437 ab
1579 4386 1838 4453 assumpti
1866 4385 2040 4438 homi-

459 4458 546 4511 nis
595 4458 896 4512 substantia
945 4456 1269 4523 separando,
1323 4464 1528 4509 tantum
1567 4470 1596 4508 a
1629 4466 1781 4510 recto
1830 4459 2043 4511 tramite

461 4531 624 4583 etiam
668 4529 772 4584 iste
812 4527 1090 4590 discessit,
1136 4527 1226 4596 qui
1261 4526 1592 4596 unigenitum
1624 4527 1719 4580 Dei
1746 4525 1938 4582 Filium
1966 4529 2043 4582 sic

2105 517 2469 588 impietatibus
2501 519 2806 588 impleatur,
2853 532 3082 588 eumque
3111 524 3201 570 aut
3227 515 3553 588 Apollinaris
3589 517 3696 574 sibi

2119 587 2394 656 vindicet,
2449 597 2538 641 aut
2589 587 2900 644 Valentinus
2951 585 3192 656 usurpet,
3245 598 3334 642 aut
3366 585 3698 648 M'a‘nichams

2113 660 2389 724 obtineat,
2440 673 2666 728 quorum
2718 659 2898 716 nulius
2945 660 2996 714 in
3027 659 3242 716 Christo
3271 658 3397 714 Jesu
3442 660 3696 720 humana:

2107 732 2286 785 carnis
2340 731 2569 786 credidit
2599 733 2904 788 veritatem.
2939 733 3051 798 Qua
3081 734 3266 800 utique
3298 746 3403 785 non
3447 743 3691 803 recepta,

2107 819 2213 857 non
2263 804 2437 857 Solum
2488 804 2630 873 quod
2678 803 2972 858 secundum
3013 819 3228 858 carnem
3259 812 3421 873 atque
3451 803 3687 862 animam

2107 874 2451 941 rationalem,
2483 877 2574 944 qui
2615 886 2730 928 erat
2761 875 2811 930 in
2845 878 3012 928 forma
3047 874 3159 940 Dei,
3195 888 3419 928 manens
3461 875 3602 932 idem
3637 881 3692 936 in

2108 947 2274 999 forma
2309 947 2472 1010 servi,
2507 950 2668 1000 homo
2697 956 2849 1001 natus
2881 947 3201 1017 denegatur,
3236 947 3329 1000 sed
3359 948 3520 1001 etiam
3546 951 3693 1018 quod

2107 1019 2392 1091 cruciﬁxus
2442 1027 2542 1083 est,
2591 1027 2657 1091 et
2692 1031 2957 1082 mortuus,
3008 1033 3070 1072 ac
3118 1018 3384 1091 sepultus,
3435 1023 3692 1091 quodque

2108 1087 2196 1141 die
2227 1090 2380 1160 tertia
2409 1103 2438 1141 a
2467 1089 2693 1142 mortuis
2723 1091 3038 1153 resurrexit,
3068 1100 3121 1144 et
3145 1090 3285 1160 quod
3314 1091 3377 1146 ad
3409 1087 3690 1150 dexteram

2113 1161 2203 1212 Dei
2252 1158 2424 1213 Patris
2470 1161 2685 1226 sedens,
2718 1161 2783 1214 ad
2823 1158 3333 1228 judicandos'vivos
3365 1175 3418 1218 et
3447 1175 3696 1224 mortuos

2109 1229 2162 1304 in
2213 1244 2279 1304 eo
2322 1245 2550 1300 Corpore
2582 1233 2666 1304 sit
2715 1241 2994 1304 venturus,
3050 1235 3100 1304 in
3135 1249 3242 1304 quo
3286 1245 3368 1289 est
3392 1235 3688 1304 judicatus,

2113 1301 2363 1354 abnuitur
2388 1318 2404 1355 :
2427 1305 2548 1371 quia
2580 1302 2694 1373 haec
2715 1303 3100 1373 redemptionis
3127 1301 3327 1362 nostra:
3356 1301 3696 1368 sacramenta

2115 1382 2426 1439 vacuantur,
2475 1376 2516 1426 si
2549 1372 2792 1429 Christus
2838 1391 3020 1430 veram
3053 1377 3166 1430 veri
3196 1376 3456 1446 hominis,
3493 1391 3692 1438 totam-

2110 1459 2214 1519 que
2247 1456 2485 1497 naturam
2516 1447 2818 1514 suscepisse
2845 1464 2950 1501 non
2980 1447 3239 1502 creditur.
3268 1453 3348 1502 Att
3374 1451 3500 1519 quia
3527 1456 3671 1510 mani

2112 1517 2243 1568 festa
2275 1527 2430 1569 erant
2475 1519 2624 1586 signa
2659 1519 2838 1572 divina
2863 1563 2877 1586 ,
2929 1520 3060 1573 falsa
3090 1520 3340 1575 dicentur
3367 1517 3698 1583 documenta

2111 1589 2412 1655 corporea?
2447 1597 2533 1665 et_
2547 1588 2851 1665 testimonia
2881 1591 3156 1660 utriusque
3187 1602 3390 1648 natura:
3419 1595 3698 1665 valebunt,

2113 1667 2169 1710 ut
2199 1658 2599 1732 creatorw3
2631 1661 2980 1730 intelligatur,
3014 1658 3118 1721 non
3150 1666 3402 1721 valebunt
3441 1678 3497 1723 ut
3543 1658 3700 1725 crea;

2113 1731 2528 1807 turasalvetur?
2568 1731 2726 1807 Quod
2769 1731 2992 1791 Deitatis
3040 1746 3122 1792 est
3167 1752 3292 1794 caro
3341 1755 3446 1794 non
3478 1744 3696 1807 minuit.

2113 1803 2478 1883 quod_carnis
2528 1815 2609 1858 est
2637 1804 2818 1883 Deitas
2859 1825 2965 1862 non
3015 1809 3262 1883 peremit.
3294 1809 3440 1866 Idem
3471 1803 3700 1872 enimet

2120 1875 2479 1943 sempiternus
2524 1891 2590 1930 ex
2635 1875 2813 1945 Patre,
2864 1890 2919 1934 et
2951 1875 3258 1948 temporalis
3299 1898 3366 1938 ex
3394 1894 3565 1940 matre
3596 1902 3612 1940 :
3643 1886 3702 1943 in

2118 1961 2212 2027 sua
2247 1954 2443 2027 virtute
2473 1948 2825 2027 inviolabilis,
2860 1952 2911 2027 _in
2943 1963 3126 2027 nos"?
3179 1951 3491 2009 inﬁrmitate
3520 1960 3705 2027 passi-

2120 2022 2272 2083 bilis;
2316 2018 2367 2070 in
2400 2018 2604 2099 Deitate
2627 2019 2901 2099 Trinitatis
2930 2038 3049 2076 cum
3075 2021 3233 2078 Patre
3253 2036 3315 2099 Aet
3343 2039 3464 2080 cum
3489 2018 3704 2099 Spiritu

2117 2103 2305 2148 sancto
2348 2094 2505 2172 unius
2537 2095 2909 2172 ejusdemque
2954 2105 3189 2172 naturae;
3250 2096 3304 2172 in
3355 2094 3704 2172 susceptione

2120 2174 2298 2219 autem
2350 2165 2602 2233 hominis,
2637 2181 2741 2220 non
2788 2168 2947 2228 unius
2994 2166 3344 2231 substantiae.
3390 2171 3487 2228 sed
3516 2165 3700 2231 'ttnins

2119 2237 2468 2307 ejusdemque
2511 2253 2755 2307 persona:
2789 2257 2802 2314 ξ
2845 2238 3079 2314 ut_idem_
3102 2250 3247 2295 esset
3287 2239 3440 2298 dives
3483 2245 3532 2298 in
3569 2262 3704 2314 pau-

2121 2319 2362 2384 pertate,
2403 2314 2744 2384 omnipotens
2788 2311 2842 2384 in
2887 2310 3226 2380 abjectione,
3260 2310 3606 2384 impassibilis
3650 2319 3711 2374 in

2121 2383 2384 2451 supplicio
2410 2421 2426 2445 ,
2478 2381 2798 2436 immortalis
2829 2382 2883 2438 in
2930 2392 3120 2437 morte.
3154 2385 3262 2440 Nec
3289 2381 3431 2441 enim
3463 2385 3707 2445 Verbum

2123 2469 2213 2508 aut
2258 2457 2310 2509 in
2350 2470 2565 2509 carnem
2603 2466 2698 2508 attt
2725 2454 2779 2508 in
2819 2456 3050 2510 animam
3083 2457 3256 2526 aliqua
3287 2458 3367 2510 sui
3395 2469 3547 2526 parte
3576 2475 3714 2516 con-

2122 2540 2341 2580 versum
2371 2538 2475 2592 est,
2507 2541 2626 2581 cum
2657 2527 2887 2594 simplex
2916 2535 2972 2580 et
3016 2528 3474 2584 incomnmtabilis
3516 2540 3718 2588 natura

2124 2596 2358 2678 Deitatis
2379 2610 2486 2678 tota
2513 2599 2565 2652 in
2587 2614 2683 2653 sua
2707 2599 2776 2653 sit
2803 2614 3016 2668 semper
3038 2599 3293 2678 essentia,
3325 2616 3422 2656 nec
3447 2599 3714 2658 damnum

2123 2673 2204 2722 sui
2256 2673 2519 2740 recipiens
2564 2687 2664 2728 nec
2713 2681 3092 2741 augmentum;
3141 2680 3196 2724 et
3241 2673 3318 2725 sic
3366 2686 3702 2741 assumptam

2125 2756 2370 2796 naturam
2421 2742 2773 2806 beatiﬁcans,
2826 2753 2882 2797 ut
2927 2743 3224 2812 gloriﬁcata
3277 2743 3331 2796 in
3378 2742 3719 2811 gloriﬁcante

2127 2824 2458 2881 pet-maneat.
2493 2817 2598 2868 Cur
2622 2827 2800 2870 autem
2833 2813 3219 2869 inconveniens
3263 2825 3354 2868 aut
3381 2815 3722 2881 impossibile

2127 2885 2371 2955 videatur
2401 2896 2458 2940 ut
2492 2885 2722 2940 Verbum
2757 2894 2813 2939 et
2836 2901 2962 2941 caro
2991 2897 3152 2955 atque
3181 2887 3358 2940 anima
3391 2902 3526 2940 unus
3557 2887 3724 2944 Jesns

2125 2953 2372 3010 Christus
2417 2967 2470 3012 et
2513 2974 2651 3012 unus
2686 2958 2780 3012 Dei
2812 2953 3152 3026 hominisque
3182 2959 3251 3011 sit
3285 2955 3474 3023 Filius,
3512 2959 3556 3014 si
3588 2974 3724 3015 caro

2126 3038 2181 3080 et
2218 3029 2393 3082 anima
2423 3044 2545 3098 qua:
2589 3029 2932 3083 dissimilium
2983 3038 3296 3084 naturarum
3344 3039 3501 3093 sunt,
3549 3045 3719 3086 unam

2127 3098 2329 3153 faciunt
2376 3105 2538 3154 etiam
2595 3102 2716 3156 sine
2763 3099 2922 3155 Verbi
2981 3100 3354 3156 incarnatione
3399 3115 3724 3168 personam,

2127 3184 2248 3243 cuin
2281 3176 2450 3226 multo
2499 3172 2708 3228 facilius
2750 3172 2822 3227 sit
2873 3181 2926 3225 ut
2961 3174 3098 3230 hanc
3146 3174 3404 3226 unitatem
3434 3173 3515 3227 sui
3557 3183 3729 3243 atque

2133 3242 2364 3296 hominis
2394 3243 2617 3298 Deitatis
2647 3252 2864 3312 prmstet
2893 3252 3150 3312 potestas,
3185 3258 3346 3310 quam
3394 3252 3452 3297 ut
3497 3258 3615 3298 eam
3633 3242 3728 3299 "in

2133 3313 2448 3370 substantiis
2493 3316 2603 3369 suis
2648 3314 2886 3369 obtineat
2915 3314 3084 3369 solius
3115 3314 3459 3368 humanitatis
3494 3314 3730 3370 infirmi-

2137 3384 2253 3438 tas?
2291 3386 2402 3440 Nec
2428 3386 2662 3441 Verbum
2698 3385 2857 3453 igitur
2888 3386 2940 3440 in
2974 3401 3226 3452 carnem,
3258 3401 3358 3439 nec
3398 3386 3449 3438 in
3481 3384 3728 3442 Verbum

2135 3471 2264 3510 caro
2304 3467 2504 3512 mutata
2547 3468 2657 3520 est,
2707 3457 2803 3512 sed
2845 3466 3134 3525 utrumque
3173 3455 3224 3510 in
3266 3472 3371 3512 uno
3412 3466 3626 3524 manet,
3672 3466 3733 3514 et

2136 3543 2275 3580 unus
2323 3530 2372 3580 in
2419 3538 2646 3595 utraque
2689 3538 2808 3594 est,
2861 3543 2968 3582 non
3015 3527 3326 3582 diversitate
3358 3528 3592 3594 divisus,
3623 3544 3733 3585 nec

2137 3600 2494 3668 permixtione
2533 3599 2806 3655 confusus.
2854 3598 2964 3654 Nec
3006 3601 3144 3654 alter
3172 3613 3235 3653 ex
3271 3597 3458 3664 Patre,
3496 3599 3631 3654 alter
3659 3616 3734 3657 ex

2136 3680 2330 3738 matre,
2359 3669 2465 3726 sed'
2489 3671 2629 3726 idem
2658 3671 2814 3725 aliter
2843 3685 2906 3724 ex
2938 3669 3100 3724 Patre
3143 3679 3270 3724 ante
3310 3685 3472 3724 omne
3515 3671 3732 3738 princi-

2140 3743 2318 3811 pium,
2366 3742 2524 3798 aliter
2552 3743 2622 3796 de
2651 3751 2826 3796 matre
2853 3741 2907 3796 in
2943 3742 3048 3796 ﬁne
3094 3740 3414 3811 sazculorum
3444 3758 3456 3792 :
3491 3750 3551 3796 ut
3580 3753 3733 3799 esset

2139 3810 2405 3868 mediator
2453 3814 2545 3869 Dei
2595 3822 2652 3869 et
2701 3813 2975 3866 hominum
3050 3813 3211 3866 homo
3275 3810 3525 3866 Christus
3573 3811 3738 3870 Iesus

2140 3885 2159 3954 (
2182 3884 2200 3938 l
2226 3881 2380 3956 Tim.
2406 3883 2507 3956 ιι),
2556 3885 2745 3956 inquo
2775 3882 3097 3939 inhabitaret
3126 3882 3401 3956 plenitudo
3428 3882 3738 3942 Divinitatis

2140 3953 2495 4028 corporaliter
2539 3953 2778 4028 (Colon.
2809 3956 2889 4025 ιι)
2921 3973 2933 4008 :
2963 3956 3086 4028 quia
3133 3953 3396 4028 assumpti
3435 3968 3542 4028 non
3572 3968 3735 4028 assu-

2143 4027 2341 4083 mentis
2389 4024 2667 4096 provectio
2712 4037 2830 4090 est,
2871 4024 3011 4095 quod
3044 4024 3181 4081 Deus
3211 4025 3361 4080 illum
3388 4027 3655 4096 exultavit,
3689 4036 3740 4084 et

2144 4098 2351 4239 donavit
2379 4095 2461 4154 illi
2487 4115 2668 4154 nomen
2695 4099 2832 4169 quod
2870 4106 2944 4153 est
2981 4113 3133 4170 super
3161 4112 3310 4152 omne
3337 4111 3522 4152 nomen
3556 4096 3576 4169 (
3602 4095 3742 4152 Phi-

2165 4187 2240 4239 ap.
2271 4185 2306 4225 ιι
2337 4209 2350 4224 .

2375 4240 2442 4297 Χ.
2474 4272 2546 4283 -
2575 4240 2603 4281 ¹ι
2651 4240 2912 4297 Nativitas
2965 4239 3110 4296 enim
3166 4239 3382 4296 Domini
3435 4239 3742 4298 secundum

2146 4329 2404 4380 carnem,
2458 4314 2710 4384 quamvis
2759 4313 2955 4366 habeat
2993 4310 3241 4384 quaadam
3276 4311 3490 4384 propria
3537 4311 3744 4384 quibus

2148 4384 2400 4440 humanm
2429 4381 2754 4440 conditionis
2785 4385 2933 4438 initia
2969 4381 3298 4446 tr’ascendat,
3331 4383 3448 4437 sive
3470 4381 3616 4452 quod
3647 4397 3743 4438 so-

2149 4455 2233 4510 lus
2264 4456 2333 4512 ab
2373 4457 2634 4512 inviolata
2664 4454 2881 4525 Virgine
2923 4456 3043 4510 sine
3085 4453 3523 4525 concupiscentia
3555 4455 3746 4511 carnis

2147 4536 2232 4581 est
2283 4540 2576 4598 conceptus
2620 4536 2676 4583 et
2720 4523 2907 4590 natus,
2940 4525 3052 4598 sive
3099 4523 3242 4594 quod
3274 4525 3344 4578 ita
3375 4539 3407 4579 e
3433 4525 3747 4598 visceribus

460 4599 527 4653 de
555 4613 710 4654 utero
739 4598 910 4654 beata:
943 4595 1176 4667 Virginis
1213 4595 1470 4666 praedicat
1499 4606 1707 4662 natum,
1740 4611 1795 4652 ut
1825 4597 2042 4652 humani
2069 4602 2121 4662 D
2149 4599 2336 4652 matris
2362 4595 2670 4663 est'editus,
2701 4608 2760 4653 ut
2794 4597 3093 4651 fecunditas
3123 4606 3334 4667 pareret
3363 4605 3420 4650 et
3448 4595 3740 4666 virginitas

459 4669 678 4739 quidem
708 4669 952 4738 corporis
980 4667 1215 4737 speciem
1245 4670 1490 4735 gesserit,
1522 4670 1617 4723 sed
1645 4667 1894 4724 humanae
1923 4684 2037 4724 car-
2103 4677 2106 4680 '
2152 4679 2655 4739 permaneret,non
2705 4669 2926 4724 alterius
2975 4679 3153 4724 tamen
3209 4675 3414 4726 natura:
3459 4675 3578 4722 erat
3622 4667 3750 4739 ejus

459 4742 544 4795 nis
574 4740 772 4796 veritas
808 4739 982 4794 Verbo
1013 4740 1156 4794 unita
1200 4755 1305 4793 non
1340 4739 1520 4794 fuerit.
1560 4740 1632 4793 De
1662 4756 1768 4808 quo
1801 4741 2042 4808 prodigio

455 4811 725 4875 falsitatis,
760 4812 882 4882 quis
924 4825 1031 4864 non
1075 4809 1256 4882 videat
1303 4825 1423 4881 quae
1463 4811 1775 4878 opinionum
1805 4820 2045 4882 monstra

457 4881 787 4938 nascantur!
824 4881 1059 4952 Negator
1109 4881 1254 4937 enim
1301 4881 1611 4938 mediatoris
1638 4882 1733 4938 Dei
1785 4891 1840 4938 et
1868 4881 2045 4940 homi-

529 5027 559 5057 ι
597 5016 709 5084 ΔΙ..
743 5016 848 5078 Sed
875 5026 924 5072 et
951 5021 1016 5072 de
1041 5015 1286 5087 quinque.

528 5087 556 5127 δ
592 5087 704 5154 ΑΙ..
734 5087 791 5141 in
820 5089 982 5158 ligno.
1017 5087 1175 5142 Voss.

533 5170 555 5228 ς
598 5158 712 5223 ΑΙ..
743 5157 938 5228 partes.
975 5157 1130 5215 Voss.
1703 5213 1718 5218 _.

529 5227 557 5268 ἀ
598 5230 674 5300 Ex
706 5227 865 5298 epist.
896 5230 988 5300 28,
1020 5230 1086 5300 ad
1112 5229 1450 5300 Flavianum,
1477 5244 1599 5300 cap.
1631 5231 1687 5287 5.

531 5311 555 5371 ὲ
595 5299 678 5358 Ex
708 5297 866 5369 epist.
896 5299 989 5366 28,
1019 5297 1086 5354 ad
1116 5299 1453 5368 Flavianum,
1480 5297 1601 5371 cap.
1633 5304 1690 5359 6.

533 5370 550 5410 ι
593 5371 707 5436 AL,
737 5389 800 5426 ne
833 5371 1111 5441 Eutyches.
1138 5371 1291 5427 Voss.

531 5453 555 5488 κ
597 5443 739 5497 Edili
769 5444 976 5497 addunt
1003 5449 1198 5505 vestra,
1245 5445 1319 5496 uti
1354 5445 1407 5497 in
1435 5443 1657 5512 epistola
1688 5444 1780 5510 28,
1820 5443 1888 5501 ad
1918 5444 2044 5500 Fian-

459 5517 697 5580 viantnn,
727 5528 778 5570 ο.
809 5514 864 5578 6,
895 5513 1112 5581 legitur.
1138 5512 1244 5569 Sed
1270 5513 1484 5569 codices
1510 5515 1650 5570 hanc
1679 5531 1863 5574 vocem
1889 5519 2041 5572 omit-

463 5597 614 5651 tttnt;
655 5594 710 5640 et
739 5588 827 5641 hic
855 5585 1070 5658 quidem
1097 5585 1392 5658 omittenda
1423 5595 1528 5651 est,
1559 5588 1756 5658 quippe
1785 5602 1892 5652 non
1921 5604 2043 5658 per-

462 5658 588 5713 inde
618 5659 816 5712 Auctor
846 5654 948 5712 h'oc
985 5656 1116 5727 loco
1156 5654 1473 5727 Flavianum
1522 5654 1834 5727 alloquitur.
1888 5654 1946 5712 ut
1988 5660 2040 5714 in

461 5729 700 5802 epistola,
733 5729 944 5802 accidit.
979 5726 1180 5802 Eadem
1220 5724 1288 5782 de
1332 5730 1571 5802 causam
1601 5724 2042 5802 antecedentibus

465 5801 556 5856 illa
599 5798 838 5867 epistola:
883 5799 1042 5854 verba
1077 5818 1088 5854 :
1127 5798 1254 5852 Cum
1283 5812 1450 5852 autent
1494 5801 1560 5853 ad
1592 5801 2046 5870 interrogationem

463 5871 714 5936 examinis
744 5875 890 5926 vestri
922 5871 1176 5942 Eutyches
1207 5873 1524 5939 responderit
1554 5873 1758 5927 dicens:
1785 5871 2046 5942 Conﬁteor

2147 4737 2296 4801 Caro,
2329 4757 2490 4810 quam
2527 4738 2545 4777 ι
2578 4751 2799 4805 nostrae,
2833 4754 2932 4793 nec
2962 4740 3070 4792 alio
3099 4739 3174 4810 illi
3212 4752 3369 4810 quam
3398 4739 3610 4792 caeteris
3641 4737 3752 4793 ho-

2145 4809 2379 4866 minibus
2421 4814 2597 4866 anima
2625 4821 2709 4866 est
2752 4811 3012 4879 inspirata
3041 4809 3330 4878 principio,
3360 4824 3479 4877 quae
3505 4810 3752 4866 excelle-

2145 4891 2248 4950 ret,
2273 4899 2381 4938 non
2405 4884 2722 4939 diversitate
2750 4883 2988 4952 generis,
3017 4879 3130 4937 sed
3143 4879 3476 4937 sublimitate
3503 4880 3750 4937 virtutis.

2151 5035 2215 5074 ea;
2241 5017 2440 5072 duabus
2467 5017 2686 5084 naturis,
2711 5025 2838 5079 etc.,
2867 5015 3026 5069 aliter
3053 5013 3192 5070 elata
3223 5013 3442 5070 fuerunt
3469 5015 3548 5070 sic
3575 5031 3589 5067 :
3615 5013 3757 5070 Cum

2151 5099 2326 5172 autern
2379 5090 2454 5172 in‘
2483 5087 2700 5149 concilio
2748 5085 3006 5155 Eutyches
3054 5085 3384 5155 proﬁteretur
3428 5101 3495 5140 ea:
3540 5085 3758 5141 duabus

2152 5165 2372 5229 naturis,
2405 5165 2511 5215 etc.

2225 5229 2375 5314 ιξιιι
2421 5233 2581 5302 epist.
2632 5230 2725 5297 28,
2771 5229 2841 5286 ad
2887 5228 3232 5295 Flavianum,
3285 5242 3407 5299 cap.
3460 5227 3516 5297 6,
3561 5229 3762 5290 multis

2153 5316 2420 5428 miniich
2461 5373 2600 5428 ratio
2645 5388 2768 5428 cum
2821 5371 3270 5432 antecedentibus
3297 5386 3423 5442 non
3468 5373 3761 5442 congruit,

2155 5445 2231 5499 uti
2281 5447 2533 5512 congruit
2581 5446 2636 5499 in
2675 5443 2888 5502 laudata
2915 5443 3150 5513 epistola
3175 5442 3244 5498 ad
3279 5441 3598 5502 Flavianum
3626 5458 3764 5499 cum

2151 5516 2376 5591 iisquae
2403 5516 2494 5591 hic
2518 5515 2881 5591 pretermissa
2905 5522 3060 5591 sunt.
3232 5586 3242 5591 Α
3372 5575 3403 5591 ᾖ
3457 5571 3478 5591 ,

2393 5583 2552 5657 episl.
2599 5589 2691 5648 55.
2736 5588 2805 5642 ad
2833 5585 3107 5641 Julianum
3159 5586 3328 5656 episc.
3363 5583 3589 5651 Coeum,
3625 5600 3762 5658 cap.

2151 5662 2178 5715 1
2215 5660 2366 5784 ﬁt
2421 5731 2582 5800 epist.
2633 5718 2738 5798 55,
2806 5731 2872 5784 ad
2936 5729 3247 5796 lulianum.
3299 5711 3469 5800 episc.
3525 5711 3765 5801 εοεαε..

2151 5817 2270 5914 ea?
2409 5889 2480 5932 ex
2505 5872 2714 5932 duobus
2743 5875 2944 5932 nostris
2971 5874 3133 5934 codd.
3162 5833 3333 5947 vulg"
3359 5843 3590 5938 nostra."
