4004 6346
488 416 594 478 487

1085 401 1427 464 APPENDIX
1468 401 1560 458 AD
1599 398 1860 457 PBIMAM
1902 396 2186 455 PARTEM
2226 394 2511 454 OPERUM
2552 396 2608 453 S.
2653 395 2900 454 LEONIS
2939 396 3174 455 MAGNI.

3666 400 3767 459 488

493 518 657 604 niam,
712 533 853 589 sicut
897 530 971 584 ait
1027 525 1085 581 Β.
1131 523 1409 604 apostolus
1440 521 1659 604 Paulus,
1704 534 1951 601 magnum
2006 528 2081 573 est
2110 523 2163 582 Α
2188 526 2335 604 runt,
2368 528 2424 575 et
2454 519 2574 602 ideo
2622 519 2758 576 bene
2798 522 2872 604 ait
2914 523 3207 604 Apostolus
3249 520 3474 604 formam
3517 526 3771 574 tamtum-

492 591 698 681 pietalis
724 605 1123 681 sacramentum,
1143 591 1282 681 quod
1312 594 1696 681 manifestatum
1726 603 1801 681 est
1825 591 1880 644 in
1908 607 2081 681 carne,

493 661 830 753 iustiﬁcatam
858 680 946 753 est
982 670 1036 722 in
1073 661 1281 753 spiritu,
1310 661 1557 753 apparuit
1582 661 2088 753 pangerlisj,_prtzgdic_a-

498 736 604 806 ium
624 736 705 803 ἐει
735 738 1270 818 gentibus,_credi_tum
1296 736 1593 818 estinmhoc
1639 736 1851 801 mundo,
1883 750 2087 789 assum-

497 834 641 894 ptum
677 808 757 873 es?
779 816 834 870 in
863 813 1031 885 gloria
1059 810 1104 884 (l
1132 809 1269 865 Tim.
1296 825 1374 875 tu,
1404 808 1517 879 16).

1122 926 1355 986 SERMO
1393 926 1459 982 ll.

965 1023 1034 1079 In
1080 1022 1363 1078 Nativitate
1392 1018 1625 1075 Domini.

568 1122 755 1177 Editus
780 1121 834 1175 in
859 1117 1125 1187 Quesnelli
1161 1115 1446 1187 appendice
1475 1131 1537 1169 ea:
1568 1112 1743 1187 codice
1768 1110 1830 1167 S.
1862 1109 2012 1166 Petri

730 1183 1069 1256 Carbiiensis,
1101 1191 1154 1243 in
1181 1183 1283 1259 quo
1314 1186 1376 1242 S.
1408 1185 1567 1240 Leoni
1593 1183 1849 1238 tribuitur.

570 1309 700 1365 Cu.
726 1308 767 1363 1.
796 1338 867 1349 -
887 1306 1130 1361 Salvator
1164 1311 1373 1370 noster,
1402 1298 1759 1358 dilectissimi.
1792 1296 1954 1351 hodie
1995 1310 2095 1350 na-

501 1390 589 1437 tus
615 1391 721 1447 est,
745 1380 1109 1451 gaudeamus:
1142 1389 1316 1444 neque
1341 1373 1488 1451 enim
1515 1372 1689 1451 locum
1722 1377 1942 1451 oportet
1967 1381 2092 1421 esse

502 1441 774 1518 tristitiae:
779 1452 868 1506 ubi
893 1448 1085 1503 natalis
1111 1455 1194 1501 est
1219 1441 1557 1520 gaudiorum.
1582 1441 1664 1495 Ad
1690 1454 1879 1520 omnes
1909 1441 2092 1520 itaque

539 1512 753 1579 audiam
779 1522 917 1576 istud
942 1520 1193 1591 pertinet,
1212 1512 1345 1591 quia
1376 1512 1628 1591 Christus
1647 1512 1900 1591 omnibus
1920 1512 2091 1565 venit.

553 1597 690 1649 ullus
723 1610 850 1663 ergo
883 1583 1167 1647 se'lcelitiae
1196 1588 1300 1663 diei
1327 1586 1487 1663 hujus
1517 1585 1810 1663 arbitretur
1830 1583 2091 1635 alienum.

499 1667 558 1723 Si
588 1655 812 1722 sanctus
828 1672 911 1719 est
936 1663 1056 1732 quis
1084 1660 1335 1730 gaudeat,
1365 1657 1487 1732 quia
1516 1655 1751 1732 accipiet
1778 1666 2095 1732 remunera:

504 1739 725 1793 tionem.
760 1735 817 1792 Si
849 1723 1113 1806 peccator:
1148 1739 1233 1785 est
1278 1723 1528 1806 gaudeat,
1566 1728 1689 1806 quia
1740 1724 1993 1806 invitatur
2023 1723 2092 1806 ad

499 1810 735 1865 veniam.
766 1808 821 1865 Si
851 1794 1084 1877 gentilis
1106 1810 1191 1857 est
1230 1794 1487 1877 gaudeat,
1509 1794 1643 1877 quia
1690 1795 1992 1877 admittitur
2023 1794 2090 1848 ad

503 1882 754 1936 salutem.
799 1865 1028 1933 carnem
1072 1865 1289 1927 humani
1339 1865 1552 1941 generis
1608 1882 1706 1938 pro
1745 1866 1902 1941 nobis
1946 1865 2089 1918 Deus

502 1951 813 2020 assumpsit.
844 1946 1004 2020 407
1036 1945 1108 2020 Si
1146 1944 1247 2020 ipsi
1292 1936 1390 1997 nos
1437 1936 1646 2020 alienos
1680 1954 1709 1991 a
1737 1936 1952 1992 Christo
1984 1951 2088 1989 non

502 2009 781 2087 faciam-us,
810 2009 1005 2091 ἱέιῖιῖἰῆ
1049 2009 1267 2071 Christo
1318 2027 1525 2067 sumus.
1558 2009 1925 2091 Agnoscamus
1963 2022 2093 2073 ergo

503 2081 929 2164 redemptionem
974 2098 1247 2164 nostram,
1297 2081 1948 2164 agnoscamussalntem‘
1992 2096 2091 2161 no:

504 2150 839 2233 stramflpse
864 2176 924 2216 se
950 2150 1542 2233 alienuma‘co‘nsortio
1562 2151 1763 2233 Christi
1785 2150 2093 2233 efﬁcit,_qui

501 2220 563 2293 se
607 2220 830 2291 esse'in
879 2246 1106 2300 corpore
1144 2227 1342 2300 Christi
1385 2223 1754 2300 denegaverit.
1784 2221 1892 2277 Sed
1937 2220 2091 2300 illud,

502 2306 865 2368 dilectissimi,
898 2293 1039 2369 quod
1082 2298 1376 2355 secundum
1411 2298 1739 2365 Scripturas,
1772 2308 1891 2374 quae
1937 2293 2092 2374 lectae

504 2389 651 2443 sunt,
690 2365 1389 2445 hodie’D'ominumAnatum
1430 2382 1551 2445 esse
1593 2365 1987 2445 cognoscimus,
2016 2365 2093 2417 vi-

505 2438 765 2515 deamus;
798 2444 1069 2517 quomodo
1096 2441 1286 2517 in_line
1311 2439 1680 2517 szeculinatns
1704 2438 1799 2517 sit,
1827 2438 1917 2517 qui
1947 2449 2095 2517 crea-

506 2532 593 2576 tor
622 2531 700 2576 est
740 2507 1063 2573 saeculorum
1095 2532 1108 2566 :
1143 2511 1173 2565 Ι
1180 2530 1266 2581 pse
1304 2512 1440 2581 enim
1485 2509 1638 2571 dixit,
1667 2516 1712 2560 et
1756 2507 1893 2581 [acta
1939 2514 2096 2571 sunt;

507 2595 615 2664 ipse
643 2589 1001 2664 mandavit,_et
1029 2578 1201 2664 creata
1230 2580 1483 2664 suntn(P_s.
1509 2594 1737 2664 exavm,
1758 2578 1835 2647 6).

578 2663 707 2718 CAP.
742 2661 803 2716 ll.
827 2646 1170 2712 —'Christus
1198 2669 1326 2723 ergo
1353 2646 1599 2708 Salvator
1621 2660 1826 2723 noster,
1858 2646 2099 2723 dilectis-

507 2736 651 2801 simi,
683 2734 847 2788 homo
877 2739 932 2785 et
963 2730 1105 2784 Deus
1134 2718 1368 2801 creditur
1398 2742 1412 2778 ε
1443 2724 1585 2778 Deus
1618 2737 1685 2776 ex
1729 2721 1908 2783 Patre,
1934 2718 2098 2801 homo

508 2807 579 2862 de
606 2799 811 2869 matre;
838 2803 982 2857 Deus
1021 2815 1089 2854 ex
1120 2799 1343 2865 deitate,
1377 2808 1671 2863 corporeus
1694 2807 1773 2869 _ex
1814 2804 2013 2869 carne;
2044 2800 2099 2869 et

511 2880 633 2934 ideo
663 2863 807 2932 Deus
828 2881 951 2929 ante
974 2871 1189 2936 saecula,
1224 2863 1385 2922 homo
1407 2864 1741 2945 post-saecula
1762 2878 1783 2945 ξ
1814 2863 1950 2944 Deus
1971 2868 2098 2945 ante

512 2950 687 3016 initia,
730 2947 893 3001 homo
942 2945 1083 3016 inter
1110 2950 1373 3016 extrema,
1405 2938 1493 3007 qui
1513 2937 1578 3016 _in
1608 2936 1870 3003 principio
1897 2936 2101 2987 creavit

512 3036 609 3092 per
657 3008 1023 3092 maiestatem,
1054 3012 1213 3092 hodie
1255 3010 1400 3092 venit
1450 3008 1661 3092 salvare
1711 3018 2097 3092 pepd‘c‘arnem.

513 3075 1057 3153 Creatio'hominum,
1085 3085 1260 3153 prima
1300 3080 1539 3151 potentia
1566 3076 1694 3155 fuit;
1726 3075 1992 3155 salvatiot
2014 3089 2101 3129 se-

514 3146 692 3217 cunda
736 3160 929 3231 pietas.
970 3146 1339 3231 Benignitatis'.
1374 3146 1795 3231 motusuaﬂ‘ecttt
1844 3146 2101 3231 Dominus

514 3234 685 3288 voluit
712 3217 771 3287 ιιί
802 3229 956 3283 nobis
985 3217 1235 3283 redderet
1270 3219 1642 3277 misericordia
1671 3217 1931 3288 quidquid
1973 3217 2099 3271 abs-

518 3304 715 3359 tulerat
756 3300 981 3357 ol‘fensa.
1011 3294 1299 3352 Descendit
1328 3308 1455 3362 ergo
1486 3291 1575 3346 ille
1618 3296 1677 3343 ut
1715 3302 1814 3343 nos
1835 3289 2103 3362 ascende.
2129 3294 2179 3357 ο

516 3390 732 3443 remus,
761 3369 1000 3443 caelestia
1048 3366 1295 3443 submisit
1338 3360 1411 3418 ut“
1443 3362 1717 3443 terrestria
1766 3360 2103 3443 sublevaret;

519 3447 648 3502 fecit
688 3431 747 3500 se
774 3442 1006 3499 hominis
1035 3439 1348 3508 participem
1380 3443 1437 3489 ut
1475 3434 1747 3508 hominem
1779 3431 1982 3508 faceret
2012 3431 2108 3493 Dei

520 3533 641 3573 esse
665 3522 969 3571 consortem
990 3528 1005 3578 ;
1026 3502 1209 3581 factus,
1228 3502 1367 3564 sicut
1376 3521 1488 3633 ger
1515 3502 1831 3575 Apostolum
1859 3502 2107 3574 audistis,

520 3605 584 3633 om
610 3588 841 3633 muliere-
872 3585 1035 3633 factus
1077 3580 1170 3633 sub
1220 3577 1370 3633 leael
1424 3575 1549 3630 alat.
1574 3590 1647 3633 IV.
1682 3574 1760 3633 4).
1796 3574 1904 3628 Sed
1948 3590 2107 3633 nemo

519 3605 584 3643 ex
610 3588 842 3652 muliere,
870 3574 1037 3655 [actus
1077 3580 1170 3657 sub
1200 3574 1327 3650 lege
1353 3574 1549 3657 (Colat:
1570 3574 1660 3657 iv,_
1682 3574 1760 3656 ἦ).
1796 3574 1904 3657 §ed
1948 3590 2110 3657 nemo

520 3675 644 3716 cum
697 3646 983 3714 mulierem
1036 3652 1182 3706 audit
1230 3646 1454 3704 matrem
1510 3646 1745 3711 Domini,
1779 3646 1846 3699 de
1876 3649 2110 3704 nominis

521 3730 824 3787 oﬂensione
851 3734 1151 3783 moveatur.
1186 3720 1350 3791 Virgo
1378 3719 1624 3787 concepit
1650 3732 1733 3791 ex_
1748 3716 1952 3791 Spiritu
1982 3736 2112 3775 san—

520 3786 631 3867 cto,
674 3800 771 3857 sed
816 3798 1012 3855 mulier
1050 3786 1359 3867 nominatur
1397 3807 1464 3867 ex
1501 3786 1653 3844 sexu.
1694 3786 1764 3842 Et
1799 3786 1920 3867 ideo
1948 3803 2114 3845 evan-

522 3859 742 3945 gelista,
782 3872 873 3940 qui
910 3870 1081 3924 lectus
1128 3876 1241 3945 est,
1283 3864 1541 3932 virginem
1559 3859 2109 3945 {apostolusﬂautem

524 3928 816 3998 mulierem
848 3938 1175 4006 nuncupavit
1206 3928 1310 3989 {ut
1338 3928 1526 4006 omnes
1570 3928 1831 4006 Ain—partu
1876 3928 2111 4002 Virginis

526 4013 974 4084 omnipotentiam
1016 4001 1371 4084 agnoscerent
1402 4001 1834 4084 Divinitatispin
1872 4001 2112 4084 appella-

530 4074 693 4140 tione.
719 4094 898 4138 autem
944 4074 1209 4143 mulieris,
1244 4089 1440 4130 nomen
1486 4074 1806 4127 conditionis
1840 4076 2110 4131 audirent.

594 4154 726 4211 CAP.
775 4152 862 4208 lll.
894 4182 966 4193 --
994 4151 1160 4206 Natus
1209 4157 1293 4202 est
1339 4159 1467 4214 ergo
1508 4145 1765 4199 Dominus
1813 4155 1998 4200 noster
2041 4162 2114 4201 ex

532 4243 694 4282 carne
724 4225 963 4295 quidem,
996 4221 1091 4295 sed
1130 4235 1236 4273 non
1267 4234 1337 4295 ex_
1376 4215 1720 4295 corruptione
1751 4216 1985 4295 carnali;
2021 4232 2118 4295 na-

528 4310 612 4352 tus
646 4306 703 4352 ut
734 4287 917 4360 homo,
948 4292 1044 4348 sed
1073 4307 1178 4345 non
1218 4287 1431 4360 genitus
1464 4295 1522 4360 ut
1561 4288 1739 4339 homo.
1775 4287 1847 4360 ita
1880 4289 2118 4357 suscepit

527 4384 768 4433 carnem,
793 4377 853 4422 ut
882 4357 1126 4420 servaret
1165 4357 1459 4433 majestalis
1496 4358 1774 4412 honorem.
1809 4357 1875 4410 Et
1917 4360 2006 4433 sic
2030 4374 2115 4414 se-

526 4429 799 4510 greganda
838 4438 1128 4510 puritatem
1190 4429 1486 4508 nativitatis
1534 4442 1645 4510 sua:
1694 4431 2120 4509 a.concretione

528 4498 857 4566 colluvionis'
894 4509 1174 4568 humanae,
1230 4500 1432 4571 peregit
1479 4498 1701 4571 quidem
1743 4498 1796 4571 in
1844 4509 1965 4553 ortu
2021 4516 2121 4555 suo

530 4581 746 4651 plenam
777 4580 1009 4651 hominis
1036 4569 1514 4651 dispensationem,
1546 4570 1641 4623 sed
1676 4569 1769 4651 Dei
1799 4576 1979 4651 tamen
2011 4586 2121 4651 non

530 4639 773 4708 deseruit
814 4639 1432 4718 dignitatemlldeoque
1482 4642 1537 4695 in
1592 4639 1793 4718 mundo
1843 4641 1948 4718 isto
1999 4642 2120 4718 talis

531 4723 709 4793 qualis
741 4711 1036 4784 nativitate,
1064 4711 1357 4793 puritatem
1387 4712 1658 4793 ortussui
1700 4711 1861 4793 etiam
1894 4714 1965 4793 .in
1996 4716 2123 4769 vitae

532 4782 845 4849 sinceritate
868 4782 1125 4845 servavit.
1158 4786 1316 4843 Solus
1338 4785 1478 4840 enim
1510 4784 1603 4837 ille
1630 4792 1714 4837 est
1744 4784 1796 4835 in
1823 4782 1976 4852 cujus
2004 4799 2120 4853 ore,

536 4864 680 4920 sicut
727 4863 985 4932 scriptum
1037 4868 1143 4927 est,
1174 4858 1330 4932 dolus
1374 4871 1499 4932 non
1530 4854 1629 4908 fuit
1660 4872 1670 4906 :
1705 4855 1885 4932 utique
1934 4864 1992 4908 ut
2023 4861 2126 4932 _qui

541 4926 902 4991 colluvionem
931 4926 1219 4987 humanam
1262 4930 1315 4983 in
1338 4928 1610 4983 creatione
1638 4926 1931 4991 nescierat,
1962 4928 2129 4983 etiam

534 5008 590 5062 in
619 5004 1038 5063 conversatione
1064 5004 1319 5058 nesciret.
1342 4998 1477 5055 Cum
1506 4998 1674 5065 enim,
1701 4997 1871 5067 inquit
1898 5000 2133 5066 Aposto-

534 5078 642 5144 lus,
676 5079 728 5131 in
778 5077 949 5132 forma
992 5074 1088 5130 Dei
1126 5082 1293 5140 esset,
1318 5071 1545 5144 formam
1575 5069 1715 5144 servi
1746 5068 1976 5139 accepit,
2009 5078 2117 5144 etc.

533 5140 734 5207 Omnes
762 5147 1031 5214 homines,
1059 5142 1420 5210 dilectissimi,
1451 5143 1593 5198 servi
1632 5150 1977 5211 peccatorum
2000 5140 2120 5197 fue-

534 5294 596 5343 ut
619 5283 895 5342 notatione
915 5280 1242 5353 praecedenti
1264 5275 1695 5353 observavimus,
1719 5276 1893 5346 palam
1918 5275 1984 5353 lit
1996 5278 2117 5353 cod.

536 5357 880 5425 Vaticanum,
911 5349 981 5410 ex
1006 5367 1113 5425 quo
1142 5352 1233 5425 ille
1272 5350 1427 5425 hunc
1475 5356 1770 5425 tractatum
1814 5349 2122 5418 exscripsit,

535 5431 699 5486 alium
732 5418 899 5484 fuisse
927 5427 997 5481 ab
1024 5418 1133 5480 illis
1161 5420 1375 5479 duobus
1405 5421 1726 5491 quibuscum
1758 5418 1903 5475 hunc
1928 5427 2125 5475 tracta-

534 5509 649 5557 tum
676 5500 1027 5556 contulimus.
1132 5529 1135 5533 -

512 5600 519 5640 ς
610 5582 637 5610 ⁸
665 5572 844 5629 Nostri
869 5568 1055 5637 codd.,
1074 5562 2124 5640 percurremus.Praetulimuslectionem

512 5638 729 5701 JEneae
781 5634 1123 5699 Parisiensis.
1174 5637 1368 5694 Melius
1412 5634 1690 5690 videretur
1739 5636 2124 5704 praecurrimus.

539 5714 598 5769 S.
626 5715 906 5784 Maximus,
936 5715 1084 5769 hom.
1114 5711 1368 5780 inscripta
1388 5704 1495 5784 :‘In
1509 5707 1593 5760 die
1609 5704 1869 5784 Cinerum,
1902 5713 2129 5784 testatur

540 5799 653 5859 suo
670 5777 913 5859 tempore
950 5777 1509 5859 nonnullorumfuisse
1555 5780 2000 5859 consuetudinem,
2032 5777 2129 5831 ad-

539 5850 798 5912 uenientei
828 5855 1250 5927 Quadragesimce
1279 5850 1675 5927 diés_deu_otiore
1694 5850 1914 5927 jejunio
1928 5864 2125 5927 praeue-

541 5929 670 5984 nire.
691 5929 772 5984 Ex
793 5921 897 5985 hoc
916 5921 1095 5983 autem
1117 5940 1368 5985 sermone
1384 5924 1643 5987 discimus
1660 5938 1762 5981 una
1783 5921 2122 5987 hebdomada,

2122 1907 2169 1966 B

2147 4683 2202 4744 D

2190 590 2350 645 modo
2377 591 2521 647 servi
2550 593 2926 663 assumpsisse,
2963 590 3095 663 'qnia
3126 594 3289 649 homo
3326 591 3542 663 quidem
3586 604 3769 655 verus,

2190 663 2285 718 sed
2312 664 2558 718 humanis
2582 663 2725 719 vitiis
2745 679 2853 719 non
2877 665 3275 732 coinquinatus,
3304 663 3535 719 formam
3563 671 3771 717 tantum

2190 733 2378 808 habuit
2403 735 2571 808 ser_vi,
2596 751 2708 808 nou
2747 738 3134 792 conscientiam
3168 756 3180 791 :
3209 739 3332 808 quia
3370 736 3498 791 licet
3524 735 3775 791 habuerit

2190 806 2424 875 speciem
2469 806 2633 875 408
2669 808 2922 873 hominis,
2953 824 3058 863 non
3104 806 3287 865 tamen
3333 808 3600 863 habuerat
3638 821 3773 861 con-

2192 878 2471 950 scientiam
2520 878 2816 947 peccatoris
2846 896 2859 931 :
2892 881 3048 950 quia,
3092 881 3231 935 sicut
3273 880 3566 950 Apostolus
3625 878 3775 950 dicit,

2192 946 2403 1032 Cumin
2445 946 2612 1019 forma
2651 950 2748 1003 Dei
2768 946 3339 1032 essetifgrmamjetoi
3360 950 3656 1032 accepitnet
3681 948 3777 1001 ha-

2193 1020 2301 1096 bitu
2324 1020 2560 1096 inventus
2586 1030 2659 1096 es_t
2674 1030 2729 1074 ut
2760 1019 2913 1076 homo
2932 1022 3154 1096 (Philip.
3178 1024 3243 1089 II,
3262 1024 3341 1096 6)Ϊ
3363 1019 3557 1077 Habitu
3588 1021 3774 1096 h_ot_|10.

2194 1092 2287 1145 sed
2339 1092 2575 1161 potentia
2623 1092 2785 1161 Deus,
2816 1090 2975 1163 quasi
3002 1090 3190 1150 servus
3223 1096 3278 1150 in
3301 1090 3512 1157 'l’orma,
3542 1092 3639 1147 sed
3671 1090 3779 1145 Do-

2199 1163 2378 1216 minus
2426 1163 2478 1217 in
2512 1173 2697 1217 natura
2731 1181 2743 1217 :
2777 1163 2910 1220 foris
2940 1168 3234 1222 ostendens
3266 1166 3453 1220 matris
3493 1164 3779 1219 inﬁrmita-

2195 1242 2328 1307 tem,
2361 1235 2505 1289 intus
2556 1235 2840 1304 possidens
2889 1236 3063 1292 Patris
3105 1238 3476 1307 majestatem;
3518 1234 3656 1289 foris
3684 1234 3781 1288 hu-

2196 1304 2341 1377 milis
2366 1320 2615 1373 corpore,
2646 1308 2789 1361 intus
2822 1308 3028 1377 pollens
3054 1304 3364 1365 Divinitate.

2269 1375 2397 1431 CAP.
2431 1377 2520 1451 IV.
2547 1406 2620 1451 -τ
2652 1375 2893 1447 Denique
2923 1390 2976 1434 et
3027 1380 3139 1451 ipsa
3184 1382 3299 1449 ejus
3345 1383 3486 1436 inter
3531 1378 3781 1451 homines

2197 1450 2537 1503 conversatio
2565 1448 2726 1504 simul
2767 1448 3063 1519 utrumque
3103 1448 3441 1517 monstravit,
3474 1451 3526 1505 in
3575 1449 3780 1519 passio-

2198 1520 2357 1573 nibus
2399 1519 2699 1588 hominem,
2733 1523 2784 1575 in
2815 1522 3097 1577 virtutibus
3125 1523 3313 1577 Deum.
3340 1522 3579 1577 Esnrivit
3609 1521 3777 1585 enim,

2198 1591 2295 1663 sed
2322 1592 2622 1647 esurientes
2650 1593 3016 1662 multiplicatis
3043 1609 3139 1663 per
3168 1595 3597 1650 benedictionem
3629 1592 3783 1661 pani-

2200 1662 2299 1735 bus
2357 1666 2523 1735 pavit.
2574 1664 2727 1730 Quod
2784 1662 3200 1733 esurivit,'caro
3250 1664 3559 1735 fuit;un
3609 1663 3779 1732 pavit,

2198 1733 2456 1807 Deus.Ex
2487 1736 2705 1789 homine
2735 1735 2833 1789 fuit
2858 1736 3000 1803 quod
3026 1737 3374 1807 lacrymavit;
3404 1733 3467 1791 ex
3494 1735 3784 1807 Divinitate

2198 1806 2340 1874 quod
2398 1807 2666 1876 praestitit.
2724 1807 3004 1861 Hominem
3054 1806 3514 1877 indicavit,quod
3572 1819 3783 1874 precem

2202 1877 2357 1943 ludit,
2387 1878 2582 1943 oravit,
2613 1877 2896 1933 exauditus
2920 1889 3021 1933 est.
3056 1881 3318 1932 Omnibus
3340 1876 3469 1948 ergo
3496 1878 3660 1931 rebus
3691 1876 3785 1930 dn-

2198 1947 2395 2016 plicem
2427 1949 2478 2002 in
2506 1965 2566 2005 se
2591 1957 2838 2004 naturam
2872 1949 3217 2014 monstravit,
3238 1960 3291 2003 ct
3319 1947 3439 2005 ideo
3470 1948 3785 2003 substantia:

2199 2022 2479 2088 utriusque
2511 2020 2778 2092 mediator
2795 2030 2907 2076 est:
2935 2023 3059 2092 quia
3091 2021 3213 2075 dum
3240 2019 3784 2092 submisitgcmlestia,

2197 2092 2455 2145 exaltavit
2507 2090 2743 2147 humana
2796 2110 2810 2146 :
2857 2090 2988 2147 fecit
3036 2107 3301 2147 summam
3355 2107 3423 2146 ex
3479 2090 3788 2145 diversitate

2197 2163 2547 2216 concordiam
2568 2205 2582 2229 ,
2625 2173 2684 2218 ut
2716 2164 2768 2217 in
2801 2179 2869 2219 eo
2900 2180 3005 2219 una
3047 2175 3275 2234 utraque
3306 2164 3477 2227 ﬁeret,
3510 2163 3603 2234 qui
3634 2162 3701 2234 in
3732 2174 3787 2215 se

2201 2243 2489 2303 utrumque
2529 2236 2731 2290 retinet
2774 2235 3039 2290 Dominus
3083 2232 3266 2290 noster
3311 2234 3469 2289 Jesus
3516 2232 3785 2298 ChristuS,

2198 2306 2286 2372 qui
2320 2306 2450 2359 vivit
2479 2314 2534 2359 et
2559 2316 2749 2375 regnat
2786 2323 2907 2361 cum
2950 2306 3111 2363 Patre
3154 2318 3209 2363 et
3254 2315 3443 2363 sancto
3477 2304 3689 2377 Spiritu
3736 2303 3785 2358 in

2199 2378 2397 2432 sarcula
2428 2377 2777 2433 saculorum.
2809 2378 3006 2434 Amen.

2813 2494 3046 2550 SERMO
3097 2495 3182 2551 Ill.

2697 2587 2777 2644 De
2799 2588 3203 2661 Quadragesima
3234 2586 3284 2643 1.

2202 2682 2651 2755 Nuncﬂprimumi
2703 2683 2870 2755 editus
2919 2685 3202 2755 exirith
3252 2685 3550 2750 codicibus,
3602 2683 3792 2740 Veneto

2275 2754 2336 2809 S.
2356 2752 2522 2808 Marci
2552 2754 2672 2809 i53.
2704 2753 2956 2809 Patavina
2986 2752 3106 2808 PP.
3146 2753 3562 2809 Eremitanorum
3593 2757 3722 2819 115,
3748 2766 3792 2810 et

2280 2825 2563 2880 Veronensi
2582 2825 2711 2888 2H,
2729 2828 2784 2879 in
2812 2826 2994 2895 quibus
3019 2826 3081 2881 S.
3108 2825 3269 2879 Leoni
3297 2843 3445 2898 papae
3468 2827 3791 2898 attribuitur;

2273 2900 2361 2951 sed
2388 2914 2449 2952 ex
2476 2898 2858 2951 characteribus
2879 2898 2932 2952 in
2961 2899 3267 2969 prtefatione
3293 2895 3570 2969 propositis
3600 2895 3792 2969 nam}

2273 2968 2408 3022 alius
2438 2971 2642 3039 ignotus
2669 2970 2909 3039 antiquus
2930 2966 3109 3023 auctor
3130 2966 3616 3040 proditur.'/Eneas
3642 2966 3794 3021 Pari-

2276 3041 2479 3105 siensis,
2511 3041 2599 3109 qui
2626 3041 2783 3111 hujus
2802 3041 3050 3111 sermgnis
3080 3056 3182 3094 non
3211 3041 3450 3111 exiguam
3481 3050 3687 3111 partem
3712 3056 3796 3093 re-

2275 3113 2398 3164 citat
2424 3099 2478 3165 in
2501 3099 2629 3165 libro
2650 3099 2893 3167 adversus
2916 3109 3126 3167 (ἔτ-ωερε
3142 3119 3266 3164 tom.
3294 3099 3587 3181 l8picileg.
3612 3110 3794 3164 Acher.

2275 3183 2448 3255 ipsum
2488 3182 2551 3239 S.
2592 3181 2850 3237 Faustino
2906 3184 3145 3254 episcopo
3195 3182 3489 3253 adjudicat,
3524 3182 3797 3255 cui_alios

2316 3271 2476 3324 noque
2520 3270 2773 3309 sermones
2810 3256 2865 3308 in
2892 3251 3199 3324 quibusdam
3236 3251 3361 3309 mss.
3394 3254 3586 3308 ascribi
3618 3251 3799 3335 Patres

2316 3322 2614 3398 lenedictini
2626 3328 2680 3379 in
2705 3328 2927 3398 append.
2953 3336 3076 3380 tam.
3112 3326 3149 3379 ν
3180 3324 3499 3398 0pcrum_8.
3527 3324 3799 3398 Augustini

2286 3405 2548 3450 notarunt.
2584 3395 2650 3450 In
2681 3394 2799 3450 cod.
2834 3396 3021 3452 Patau.
3054 3398 3372 3459 inseribitur,
3405 3394 3687 3449 Dominica
3722 3395 3802 3448 in-

2285 3468 2439 3523 itium
2462 3468 2925 3538 Quadragesimae;
2973 3476 3021 3522 et
3070 3470 3240 3537 prima
3281 3467 3488 3538 quidem
3528 3466 3803 3538 Dominiea

2288 3537 2706 3610 Quadragesimaé
2748 3537 2887 3593 hunc
2933 3555 3217 3595 sermonem
3265 3538 3496 3594 habiturn
3549 3553 3616 3594 ea:
3656 3537 3803 3591 initio

2284 3627 2406 3679 cap.
2437 3610 2465 3665 1
2493 3621 2543 3666 et
2569 3611 2604 3666 5
2628 3610 2960 3680 manifestum
2984 3620 3081 3666 est.

2287 3725 2417 3780 Car.
2442 3722 2487 3779 l.
2512 3752 2581 3764 —
2610 3722 2897 3778 Permotos
2932 3736 3056 3778 esse
3100 3737 3197 3778 vos
3231 3722 3415 3788 credo,
3448 3720 3647 3777 fratres
3673 3721 3807 3777 dile-

2216 3794 2469 3862 ctissimi,
2513 3811 2610 3850 cur
2636 3809 2667 3848 a
2695 3793 2977 3864 superiore
3020 3793 3293 3848 Dominica
3325 3792 3807 3863 Quadragesimam

2220 3876 2246 3904 ⁸
2281 3880 2679 3935 percurremus,
2705 3875 2760 3920 et
2788 3880 2907 3920 cum
2948 3864 3066 3920 haec
3094 3866 3211 3919 dies
3240 3865 3310 3920 sit
3338 3866 3457 3932 ejus
3492 3866 3805 3931 exordium,

2220 3953 2317 3993 cur
2349 3938 2693 3993 festivitatem
2725 3937 2842 4004 ejus
2873 3946 2995 3990 ante
3037 3953 3197 3991 unam
3238 3935 3636 3990 hebdomadam
3668 3937 3810 3990 cele-

2219 4010 2379 4064 brare
2407 4011 2753 4079 ceperimus.
2783 4006 3126 4079 Reprehendi
3157 4023 3260 4062 non
3292 4016 3467 4079 patest
3498 4005 3813 4061 observatio

2222 4083 2326 4134 ista
2359 4098 2371 4134 :
2404 4078 2721 4151 peroptimre
2758 4080 2901 4151 enim
2930 4078 3234 4132 devotionis
3264 4078 3521 4132 indicimn
3551 4087 3635 4132 est
3662 4079 3815 4148 prius

2222 4148 2649 4220 legem'exsequi
2677 4165 2837 4219 quam
2869 4148 3001 4219 legis
3030 4159 3224 4205 statuta
3258 4163 3573 4220 cognoscas,
3604 4159 3658 4203 et
3687 4157 3817 4203 ante

2222 4222 2448 4278 obedire
2480 4222 2763 4290 prmceptis
2786 4235 2944 4291 quam
2976 4221 3339 4275 obedientiam
3366 4228 3635 4288 praecepta
3662 4235 3820 4274 com-

2224 4294 2445 4362 pellant.
2478 4292 2609 4347 lllhd
2642 4294 3015 4362 enimamoris
3039 4302 3143 4357 est,
3169 4291 3271 4345 hoc
3302 4291 3681 4362 tiinorisailoc
3713 4291 3820 4362 im-

2226 4360 2470 4432 perative
2496 4363 2758 4432 exigitur,
2792 4361 2917 4415 illud
2954 4363 3205 4432 religiose
3247 4362 3511 4415 defertur.
3543 4360 3640 4415 Hic
3665 4360 3820 4432 debi-

2227 4430 2339 4487 tum
2387 4430 2649 4498 solvitur,
2683 4432 2753 4487 ibi
2792 4433 2991 4488 donum
3036 4430 3275 4488 muneris
3322 4432 3631 4487 exhibetur.
3659 4430 3824 4488 Unde

2227 4514 2282 4559 et
2308 4518 2406 4558 nos
2432 4503 2746 4573 religiosum
2777 4520 2972 4558 munus
3016 4504 3362 4559 exhibuimus
3392 4504 3523 4573 Deo,
3548 4504 3674 4557 dum
3700 4518 3825 4556 amo

2227 4576 2372 4645 plius
2413 4575 2797 4643 jejunavimus.
2842 4574 3189 4644 Reprehendi
3216 4576 3358 4629 enim
3388 4590 3495 4645 non
3534 4585 3710 4640 potest
3742 4573 3829 4629 fe-

2228 4645 2764 4717 stinatarfestivitas.
2825 4646 3053 4714 Semper
3107 4646 3249 4701 enim
3299 4646 3352 4699 in
3397 4644 3830 4717 mpgaudiis

2233 4716 2594 4772 solenmitatis
2644 4724 2768 4771 vota
2820 4719 3176 4786 praeveniunt,
3208 4729 3261 4772 et
3304 4715 3541 4771 futuram
3575 4715 3829 4772 hetitiam

2236 4788 2473 4851 devotio,
2511 4787 2638 4841 dum
2684 4797 2926 4859 exoptat,
2966 4790 3241 4857 anticipat.
3273 4787 3393 4842 Non
3434 4789 3609 4842 solum
3659 4788 3835 4859 igitur

2238 4877 2344 4915 non
2365 4858 2894 4928 reprehensibilitcr,
2922 4860 3018 4915 sed
3044 4870 3097 4915 et
3125 4869 3278 4915 caute
3311 4860 3511 4914 factum
3533 4868 3636 4913 est.
3668 4858 3837 4914 Sem-

2240 4947 2336 5000 per
2366 4933 2511 5001 enim
2541 4931 2593 4985 in
2640 4933 2806 4986 rebus
2846 4931 3109 5001 ambiguis
3140 4940 3353 5000 oportet
3392 4929 3592 5001 addere
3623 4930 3839 5000 aliquid

2243 5002 2474 5071 amplius
2502 5000 2530 5038 δ
2558 5002 2626 5055 ad
2654 5004 2944 5066 cautelam,
2968 5000 3091 5071 quia
3114 5001 3256 5067 quod
3283 5009 3371 5055 est
3395 5000 3625 5070 amplius
3655 5001 3842 5056 recidi

2231 5080 2431 5143 potest,
2458 5073 2602 5143 quod
2636 5076 2817 5127 minus
2845 5081 2927 5127 est
2958 5088 3067 5127 non
3110 5082 3288 5141 potest
3327 5073 3658 5143 prolongari,
3686 5073 3844 5127 sicut

2232 5141 2286 5200 in
2314 5143 2415 5199 hac
2448 5141 2880 5200 c‘observatione
2924 5143 3128 5199 factum
3174 5153 3278 5199 est.
3330 5141 3464 5197 Nam
3514 5145 3658 5213 quod
3690 5157 3843 5213 pro-

2234 5291 2265 5332 a
2293 5278 2575 5335 Dominica
2622 5279 2829 5335 scilicet
2871 5278 3367 5350 Quinquagesimae,
3404 5279 3667 5349 jejunium
3714 5293 3842 5334 coe-

2236 5361 2387 5419 ptum
2417 5350 2620 5417 fuisse;
2665 5352 2831 5407 immo
2860 5351 3024 5406 etiam
3062 5351 3129 5404 ab
3183 5353 3440 5421 episcopo
3486 5350 3852 5421 aliquatenus

2236 5420 2405 5477 fuisse
2447 5424 2735 5489 indictum;
2781 5424 2853 5477 ita
2889 5433 2945 5477 ut
2972 5422 3190 5492 quidam
3218 5420 3425 5477 idcirco
3453 5420 3682 5491 pernicii
3716 5421 3852 5477 fue-

2238 5494 2367 5566 rint,
2401 5494 2494 5548 alii
2548 5511 2696 5560 vero,
2740 5502 3010 5566 postquam
3056 5494 3417 5566 intellexerunt
3457 5494 3855 5566 solemnitatem

2239 5563 2550 5634 ambiguam,
2580 5582 2677 5622 seu
2711 5563 2817 5621 non
2850 5563 3195 5637 praeceptam,
3230 5566 3324 5621 sed
3354 5564 3856 5637 liheram,jejuua-

2237 5652 2294 5690 re
2312 5636 2663 5705 neglexerint.

2309 5704 2457 5832 διεὶς
2508 5707 2725 5765 codices
2757 5707 2991 5765 Venetus
3035 5717 3091 5763 et
3129 5706 3335 5771 Veson.
3374 5707 3561 5792 Codex
3610 5706 3859 5776 Patav.,

2309 5795 2331 5831 ll
2357 5795 2400 5832 ε.

2235 5793 2400 5832 caute.

2238 5921 2249 5931 .
2292 5848 2689 5934 f'tibservatio,
2714 5853 2851 5909 sicut
2873 5860 2926 5909 et
2957 5851 3278 5921 observantia
3300 5852 3441 5925 apud
3463 5851 3708 5910 Leonem
3748 5866 3865 5926 pro

2227 5936 2439 5991 jejunio
2467 5934 2746 5991 accipitur.
