3980 6352
275 367 363 424 497
993 355 1352 414 SFRMONES
1387 355 1450 414 S.
1489 355 1693 410 LEONI
1733 349 1969 409 MAGNO
2006 346 2391 407 ATTRIBUTI.
2434 351 2633 409 SERM.
2677 352 2765 409 IX.

3398 356 3500 415 49S

275 490 323 534 ιη
361 488 383 513 ιι
403 476 618 529 nitorem
651 471 815 526 vestri
856 471 1070 526 habitus
1105 469 1264 524 etiam
1316 469 1368 523 in
1413 466 1823 524 conversatione
1850 469 1901 526 Α
1926 475 2007 520 est
2030 466 2082 520 in
2105 465 2352 535 sepulcro
2381 468 2657 534 signatura
2683 483 2828 522 vera.
2866 470 2996 524 Dum
3023 471 3166 526 enim
3191 473 3386 528 adsum
3418 479 3505 530 isti

272 547 493 609 servetis,
511 553 562 597 et
582 554 689 598 tam
711 543 936 597 candida
967 542 1075 595 sint
1098 541 1261 595 corda
1286 552 1462 594 vestra
1483 555 1639 609 quam
1663 539 1825 609 vesti-

271 630 428 675 menta
449 608 642 670 vesua.
671 614 906 668 Audistis
935 613 1316 680 evangelistam
1355 608 1624 666 dicentem
1665 608 1823 662 hodie

271 692 376 758 quia
408 690 724 756 quicumque
754 686 806 739 in
840 684 1017 758 Dentri
1048 684 1274 758 crgdunt
1383 682 1488 758 Aﬁlii
1514 681 1628 758 _Dei
1651 689 1819 758 sunt,

269 751 446 814 1{Dedit
466 759 603 812 enim
622 751 916 827 potestatem
940 754 1076 822 ﬁlios
1097 752 1194 827 Dei
1210 753 1319 818 ﬁeri
1338 753 1419 805 his
1439 754 1524 819 qui
1542 751 1752 827 credunt
1769 751 1823 804 in

268 836 450 886 nomine
469 831 596 893 eius.
623 825 707 896 qui
724 843 824 879 non
843 841 908 879 ex
923 825 1297 896 sanguinibus,_
1312 841 1466 888 neque
1483 838 1551 896 rex
1565 825 1823 896 voluntate

268 904 435 964 carnis,
452 916 604 969 neque
615 893 677 953 ex
687 897 946 951 voluntate
956 893 1071 960 viri,
1091 896 1178 948 sed
1188 912 1252 948 ex
1267 894 1373 948 Deo
1386 895 1621 969 natisunt
1638 893 1688 960 (J
1697 908 1794 944 oan
1805 931 1819 946 .

269 991 301 1038 ι,
329 973 430 1035 l2).
465 964 600 1039 Ergo
622 982 670 1022 et
699 985 792 1022 vos
817 983 921 1021 non
953 971 1082 1020 estis
1113 981 1250 1039 nunc
1275 981 1337 1019 ex
1362 964 1536 1018 carnis
1560 975 1820 1029 cottceptu

266 1036 397 1108 editi,
415 1043 505 1095 sed
530 1036 596 1096 ex
617 1042 726 1095 Deo
741 1043 894 1092 Patre
909 1040 1168 1106 generati.
1191 1036 1441 1100 Superest
1467 1045 1522 1088 ut
1539 1049 1822 1108 conserve-

268 1118 355 1170 tisc
378 1103 468 1184 per
492 1123 730 1184 sanctam
755 1103 1470 1184 vitant'etconversationem
1495 1115 1693 1184 sancta:
1713 1103 1823 1184 ori-

265 1177 966 1257 ginisilignitatetn.»l§tvere
989 1180 1144 1257 juxta
1165 1180 1212 1229 id
1237 1178 1378 1257 quod
1395 1179 1681 1257 Apostolus
1704 1177 1776 1227 ait
1803 1196 1815 1229 :

265 1249 392 1313 Sicut
419 1249 568 1307 modo
600 1254 755 1324 geniti
783 1253 1000 1314 infantes
1023 1250 1300 1324 rationales
1324 1249 1576 1324 sine_do_lo
1598 1249 1675 1324 lac
1701 1263 1823 1324 con-

264 1329 506 1397 cupiscite,
560 1318 620 1378 αῖ
653 1327 705 1377 in
736 1339 795 1376 eo
827 1322 1154 1397 crescatisjnA
1168 1323 1379 1397 salutem
1411 1319 1454 1388 (Ι
1488 1319 1625 1371 Petri
1651 1333 1710 1376 ll,
1739 1318 1819 1384 2).

263 1390 326 1452 Εί
342 1414 438 1465 prta:
466 1396 582 1458 Dei,
606 1411 721 1465 qua!
745 1403 1018 1465 exsuperat
1049 1390 1219 1465 ‘42],
1254 1407 1452 1444 onmem
1475 1405 1695 1465 sensum,
1733 1405 1825 1441 cu-

263 1459 658 1524 stoliatcorda"i
691 1459 882 1518 vestra.
921 1463 1021 1517 Per
1047 1459 1326 1515 Domum
1360 1473 1598 1515 nostrum
1641 1459 1824 1514 Jesum

261 1539 540 1600 Curistnrn,
563 1547 586 1576 ο
608 1537 696 1592 cui
718 1546 802 1590 est
830 1535 1002 1590 honor
1023 1543 1078 1589 et
1102 1533 1270 1604 gloria
1301 1547 1396 1602 per
1419 1534 1596 1586 omnia
1624 1534 1823 1585 swcula

262 1612 586 1665 saeculorum.
617 1611 811 1665 Amen.

846 1721 1078 1779 SERMO
1113 1722 1205 1778 1X.

621 1818 695 1875 De
723 1818 1108 1872 Ilesurrectione
1132 1815 1335 1869 Domini
1362 1813 1428 1868 II
1433 1855 1444 1867 .

262 1913 394 1967 Nunc
417 1913 591 1966 editus
625 1927 688 1964 ex
729 1910 1052 1964 Lectionario
1090 1908 1344 1962 Patavina
1380 1908 1439 1963 S.
1484 1907 1712 1975 Antonii,
1738 1908 1826 1962 ubi

467 2000 744 2053 perperam
775 1981 960 2036 Leonis
983 1997 1130 2052 papa:
1149 1997 1330 2034 nomen
1359 1979 1582 2050 prtefert.

315 2097 432 2152 Cn.
474 2096 514 2150 Ι.
549 2126 621 2137 ——
648 2096 706 2150 In
741 2097 838 2150 ista
879 2095 964 2150 die
1003 2105 1218 2160 sancta,
1253 2093 1446 2148 fratres
1485 2091 1822 2160 charissimi,

259 2171 302 2223 in
326 2173 416 2222 ista
441 2168 532 2223 die
570 2169 763 2238 inclyta
795 2177 954 2232 atque
986 2169 1230 2236 egregia,
1263 2165 1313 2218 in
1334 2167 1448 2238 _i_sta
1471 2165 1589 2238 die,
1624 2164 1693 2218 de
1721 2181 1821 2234 qua

257 2241 635 2292 sacravissitnus
680 2235 941 2304 personat
990 2239 1270 2305 psalmus:
1322 2235 1449 2289 Ηωσ
1500 2235 1607 2288 dies
1672 2253 1824 2303 quam

257 2312 356 2381 fecit
387 2310 641 2363 Dominus
673 2309 790 2380 (Ps.
833 2323 1005 2381 cxvn.
1033 2307 1126 2377 24)
1160 2323 1174 2360 :
1202 2309 1251 2361 itt
1284 2306 1383 2381 hac
1417 2307 1505 2361 die
1543 2307 1718 2381 ablata
1742 2316 1825 2361 est

257 2378 444 2436 tristitia
475 2382 550 2434 de
576 2378 740 2436 corde
769 2380 1187 2448 discipulorum,
1222 2387 1277 2432 et
1313 2378 1432 2431 data
1463 2387 1546 2430 est
1572 2378 1819 2432 confusio

256 2454 299 2506 in
343 2456 507 2507 oculis
552 2451 884 2506 Jndzeorutn.
923 2453 977 2504 In
1011 2452 1106 2504 ista
1144 2450 1231 2504 die
1263 2449 1674 2504 resurrectionis
1722 2452 1824 2501 llo-

255 2525 364 2576 mini
399 2522 529 2577 Jesu
576 2523 774 2577 Christi
824 2521 1026 2589 impleti
1077 2519 1290 2574 tristitia
1345 2521 1622 2586 discipuli,
1676 2521 1823 2576 ibant

257 2597 461 2663 quisque
488 2595 588 2647 ubi
619 2602 863 2662 p0terant
897 2610 908 2645 :
946 2607 1051 2646 non
1073 2604 1186 2663 erat
1211 2592 1412 2659 quieos
1442 2603 1817 2661 congregaret,

255 2662 362 2732 quia
387 2666 493 2733 jam
536 2665 818 2734 impletum
850 2676 959 2718 erat
993 2662 1131 2733 qunti
1169 2667 1425 2731 scriptum
1465 2675 1544 2734 est
1581 2679 1596 2716 :
1627 2663 1822 2716 Percu-

254 2738 360 2789 tian
385 2732 666 2803 pastorem,
692 2746 736 2790 et
762 2732 1111 2805 dispergentur
1133 2750 1244 2787 oves
1269 2735 1431 2806 gregis
1459 2732 1674 2804 (Zacch.
1703 2750 1817 2801 xui,

257 2805 333 2873 Ἰ).
364 2808 690 2875 Sepulcrum
728 2817 904 2860 tamen
936 2807 1197 2873 signalutn
1240 2805 1357 2858 erat
1396 2807 1550 2871 signo
1582 2807 1803 2861 Judaeo-

255 2891 376 2945 rum,
425 2879 679 2932 custodia
730 2878 953 2932 militum
1006 2876 1591 2930 cottlirmatumziutus
1639 2878 1817 2931 lumen

256 2963 374 3010 erat,
404 2949 552 3019 quod
587 2949 806 3003 omnino
838 2948 986 3015 ligari
1008 2956 1354 3019 n0npotcrat.
1379 2946 1647 3013 Quidquid
1673 2948 1817 3004 enim

255 3018 529 3084 sign-amns,
564 3031 737 3076 tntum
763 3020 924 3089 ligare
953 3033 1254 3081 pessumus,
1289 3018 1466 3072 lumen
1513 3019 1678 3088 ligare
1711 3035 1815 3073 non

257 3103 558 3157 possumus;
608 3092 838 3161 ideoque
886 3099 1085 3143 aaterna
1120 3095 1250 3161 ,lttx,
1309 3091 1398 3154 qui
1456 3090 1506 3142 in
1556 3090 1818 3159 principio

255 3161 492 3215 mundum
517 3160 790 3218 illuminat
809 3163 937 3226 it,et
958 3160 1216 3229 quietiam
1239 3170 1293 3214 et
1316 3162 1413 3214 fuit
1440 3171 1490 3214 et
1513 3163 1817 3230 esteritque

255 3246 451 3298 semper
490 3249 623 3288 cum
666 3233 823 3286 Patre
856 3238 905 3284 in
939 3232 1141 3284 unitate
1173 3231 1402 3299 Spiritus
1445 3235 1645 3294 sancti,
1681 3248 1819 3287 unus
1845 3237 1891 3300 C

256 3301 300 3355 in
337 3303 624 3367 Trinitate,
669 3314 722 3358 et
771 3304 1007 3358 Trinitas
1062 3303 1110 3354 itt
1157 3305 1384 3366 unitate;
1435 3303 1550 3368 ipse
1598 3305 1816 3366 quidem

254 3373 380 3428 Deus
408 3388 462 3430 et
493 3375 666 3430 homo
708 3390 800 3440 per
847 3373 1142 3428 mirabilem
1179 3389 1328 3426 suam
1368 3377 1818 3429 resurrectionem

255 3443 482 3514 dignatus
515 3457 608 3499 est
641 3448 790 3499 clave
820 3444 1060 3497 veritatis
1090 3459 1200 3497 sine
1230 3447 1391 3497 corda
1427 3445 1658 3498 lidcliunt
1696 3456 1818 3499 tan-

253 3530 388 3583 gere;
418 3527 474 3570 nt
505 3518 658 3586 quod
699 3525 818 3572 erat
861 3517 1146 3586 obscurum
1191 3517 1546 3576 illuminaret,
1593 3527 1647 3568 et
1676 3517 1818 3585 quod

255 3599 354 3639 erat
397 3584 651 3642 clausum
701 3588 948 3655 aperiret.
1001 3584 1093 3639 llle
1150 3587 1239 3654 qui
1290 3587 1580 3641 famulante
1627 3584 1818 3654 angelo

251 3656 566 3726 junaebatnr
592 3659 801 3721 Verbo,
833 3659 948 3722 ipse
987 3657 1277 3726 l'atnulante
1315 3659 1507 3724 angelo
1547 3661 1705 3711 hodie
1736 3674 1821 3712 re-

255 3725 602 3784 SuSCttabatur
630 3731 698 3782 de
728 3730 993 3796 sepulcro.
1019 3725 1179 3793 Quasi
1207 3739 1387 3794 posset
1409 3729 1602 3794 aliquid
1628 3731 1820 3784 uber-se

255 3799 507 3866 signatura
541 3800 640 3861 illi,
670 3801 756 3853 cui
788 3800 928 3853 nulla
956 3797 1048 3850 fuit
1074 3798 1390 3865 itnpnstnra,
1422 3800 1621 3852 damur
1648 3811 1822 3852 custo-

255 3868 350 3930 σε..
376 3873 464 3935 qui
502 3873 852 3924 custodirent
893 3869 1180 3922 hominem.
1231 3875 1399 3933 Quem
1438 3871 1544 3936 jam
1587 3871 1823 3924 scierant

256 3943 489 4009 miracula
535 3943 747 4003 facere,
795 3941 1068 3994 dminortes
1112 3939 1334 4009 ejicere,
1384 3941 1620 4008 leprOStts
1663 3959 1821 3995 ιηιιιι-

257 4008 393 4066 dare.
439 4025 693 4066 mortuus
732 4015 1019 4078 suscitare,
1053 4025 1113 4064 se
1145 4008 1329 4081 ipsum
1362 4027 1468 4064 non
1510 4023 1720 4080 poterat
1754 4013 1823 4068 de

255 4083 444 4138 tumulo
475 4082 781 4137 exhibere?

311 4157 432 4209 CAP.
470 4155 534 4208 ll.
573 4183 644 4193 —
667 4154 771 4207 Sed
792 4153 901 4222 jam
929 4152 1092 4206 corde
1121 4168 1260 4206 cmea
1291 4153 1599 4207 Jud:eorum
1634 4155 1785 4208 turba
1804 4196 1819 4219 ,

255 4226 517 4291 quileaent
559 4224 864 4286 habebant,
898 4234 951 4275 et
977 4239 1080 4276 non
1119 4225 1516 4288 intelligebant,
1560 4227 1820 4290 psalmum

256 4295 450 4348 tertium
481 4302 804 4354 cantabunt.
825 4296 914 4348 sed
943 4294 1258 4348 Trinitatem
1288 4296 1495 4348 Domini
1528 4310 1634 4348 nun
1658 4313 1824 4365 agnu-

256 4369 478 4420 SCebant.
510 4366 767 4420 Psaltnus
801 4367 944 4419 enini
979 4369 1168 4418 tertius
1209 4365 1363 4418 habet
1398 4384 1410 4418 :
1447 4367 1553 4434 Ego
1583 4369 1822 4433 dormivi,

255 4445 294 4488 et
318 4452 555 4490 somnum
584 4439 716 4503 cepi,
731 4447 778 4490 et
800 4439 1072 4496 resurrexi,
1103 4438 1343 4504 quoniam
1373 4434 1626 4490 Dominus
1655 4455 1826 4492 susce-

255 4507 314 4575 pit
338 4525 412 4561 me
446 4510 635 4572 (Psal.
671 4523 745 4569 tu,
777 4514 843 4574 6)
876 4527 887 4560 :
922 4508 1049 4560 dum
1087 4509 1293 4562 sciliCet
1329 4508 1519 4561 intenti
1560 4519 1614 4562 et
1653 4509 1824 4575 parati

256 4585 310 4629 att
347 4580 725 4632 confusmnetn
777 4579 1180 4645 discipulorum,
1231 4589 1542 4633 meruerunt
1586 4581 1825 4634 invenire

255 4650 614 4704 caulasionem
644 4651 944 4703 animarum
967 4665 1202 4703 suarum.
1238 4649 1432 4703 Dicunt
1455 4655 1596 4702 enim
1630 4651 1820 4715 Pilato,

256 4722 360 4788 quia
383 4725 629 4774 seductor
666 4720 755 4772 ille
787 4721 945 4781 dixit,
977 4721 1112 4787 quod
1145 4721 1291 4773 tertia
1327 4721 1409 4772 die
1438 4734 1661 4791 resurget
1683 4765 1696 4780 ,
1731 4739 1824 4790 po-

256 4802 448 4862 nantur,
484 4794 758 4862 inquiunt,
791 4792 975 4862 milites
994 4831 1007 4850 .
1033 4808 1094 4843 ne
1120 4792 1318 4862 veniant
1352 4792 1460 4859 ejus
1489 4792 1755 4862 discrpvli,
1781 4801 1826 4846 et

255 4861 470 4928 furentur
498 4880 621 4916 eum
659 4860 880 4930 (Matth.
914 4877 1086 4927 xxvu,
1121 4861 1243 4928 65).
1278 4861 1334 4916 Si
1355 4865 1565 4916 clausus
1591 4860 1708 4917 erat
1747 4873 1826 4916 tu-

253 4933 417 4985 mulus
447 4934 756 5001 diSCipulis,
802 4935 1054 5000 numquid
1089 4934 1258 4986 claudi
1296 4943 1464 4992 potntt
1493 4937 1694 4988 sanctis
1729 4949 1825 4986 att-

254 5003 400 5070 gelis?
431 5005 515 5058 An
538 5003 682 5058 forte
710 5019 812 5056 non
837 5012 1046 5074 poterat
1065 5005 1132 5056 de
1154 5002 1314 5074 422
1337 5007 1545 5069 signato
1573 5008 1822 5073 sepulcro

251 5086 548 5144 resurgere.
579 5077 668 5144 qui
699 5083 869 5138 putuit
902 5073 969 5126 de
1003 5075 1217 5142 Virgine
1235 5073 1462 5142 isi’guata
1495 5075 1822 5143 prot-edere?

251 5141 451 5212 Signata
498 5141 611 5199 fuit
649 5145 810 5214 Virgo
857 5160 1013 5209 vera,
1063 5141 1118 5197 et
1169 5141 1374 5214 signata
1417 5141 1509 5200 est
1545 5149 1818 5208 sepultura

252 5227 379 5270 vera.
414 5217 715 5273 Generavit
737 5218 858 5272 sine
889 5215 1008 5269 viro
1038 5215 1202 5285 \‘trgo
1233 5230 1378 5281 vera,
1404 5228 1459 5270 et
1484 5216 1647 5286 janua
1680 5217 1817 5271 facta

311 5365 336 5392 ⁸
359 5357 486 5412 Mss.
511 5357 673 5412 codd.
702 5357 948 5420 Leonini,
972 5358 1229 5412 victorem.
1255 5357 1612 5413 Trumbellius
1629 5373 1813 5413 emen-

250 5427 396 5485 davit.
430 5430 730 5482 candorem.
757 5427 866 5483 Nos
897 5430 1108 5482 nitorem
1138 5443 1202 5483 ex
1232 5429 1362 5483 edit.
1393 5429 1584 5499 Chrys.
1611 5440 1665 5484 et
1684 5431 1816 5484 duo-

251 5499 337 5552 bus
368 5500 486 5552 Vat.
523 5499 881 5567 reposuimus.

309 5568 336 5606 δ
366 5571 507 5623 Edit.
533 5569 728 5640 Chrys.
759 5586 775 5623 :
816 5569 969 5640 Dedit
995 5569 1148 5634 enim,
1189 5569 1376 5640 inquit,
1406 5569 1540 5638 ﬁlios
1582 5567 1678 5622 Dei
1705 5568 1819 5637 ﬁeri

251 5641 303 5690 iis
331 5643 432 5709 qui.
471 5641 608 5694 Dein
640 5639 702 5695 ex
726 5639 850 5694 cod.
882 5640 1131 5696 Casanat.
1164 5639 1466 5696 addidimus
1491 5640 1648 5695 verba
1677 5658 1688 5692 :
1719 5641 1819 5707 Qui

252 5713 447 5782 «edunt
476 5713 536 5764 in
566 5713 762 5782 nomine
782 5713 916 5782 ejus.

317 5779 438 5835 cIta
487 5784 612 5836 cod.
654 5779 904 5838 Casanat.
946 5790 1002 5839 et
1039 5782 1130 5837 alii
1185 5781 1291 5837 duo
1316 5780 1461 5847 Vat.,
1504 5781 1580 5835 uti
1620 5781 1821 5849 optime

256 5853 561 5910 emendavit
585 5854 966 5924 Trombellius,
993 5865 1117 5912 cum
1142 5853 1234 5910 alii
1260 5852 1418 5910 codd.
1451 5853 1700 5922 habeant,
1733 5867 1822 5921 per

1853 1850 1901 1912 B

1927 539 2199 613 custodes,
2232 554 2336 613 non
2365 538 2474 613 jam
2505 540 2776 613 custodes,
2806 541 3116 613 seditestes,
3153 544 3224 596 illi
3253 555 3505 613 poterant

1927 608 2223 671 custodire,
2245 609 2336 660 sed
2367 611 2505 662 Deus
2529 611 2862 675 disposuerat
2887 612 3077 666 Fdinm
3103 608 3505 670 sunm'resusci-

1926 687 2044 731 tare
2075 696 2086 729 :
2117 683 2337 741 angelus
2376 683 2516 731 enim
2560 680 2770 734 Domini
2820 684 3177 738 descenderat
3215 687 3281 739 de
3321 687 3502 741 «mlo:

1929 749 2169 819 videntes
2193 749 2448 803 custodes
2467 763 2847 819 expavescattt.
2876 753 2987 806 Non
3022 767 3300 818 potuerunt
3320 758 3504 811 videre

1928 818 2075 890 illum
2125 819 2405 873 sublimem
2443 818 2721 888 angelum,
2767 824 2853 890 qui
2897 826 3037 890 pleni
3079 838 3233 879 erant
3276 828 3505 883 falsitate

1926 887 2254 965 Judazorum.
2296 887 2684 965 Pertnittunlur
2721 887 2968 948 mulieres-
2997 898 3178 950 videre
3209 899 3454 965 angelum
3479 941 3494 964 ,

1928 961 2335 1035 qtti-t__venerant
2365 961 2643 1035 ﬂetttesad
2679 976 3100 1020 monumentum.
3127 961 3335 1035 Quibus
3365 961 3504 1022 dixit

1925 1030 2178 1100 gaudium
2221 1046 2468 1098 magnum
2498 1050 2510 1085 :
2537 1033 2660 1088 Scio
2692 1037 2828 1101 quod
2860 1035 3033 1088 Jesum
3072 1030 3294 1101 quti'ritis
3334 1042 3504 1092 cruci-

1928 1103 2129 1169 ﬁxum:
2163 1117 2261 1156 non
2287 1113 2356 1154 est
2386 1103 2486 1163 hic,
2517 1105 2605 1156 sed
2626 1108 2862 1171 surrexit,
2893 1112 3022 1160 sicut
3056 1110 3184 1162 dixit
3217 1126 3235 1163 :
3272 1112 3430 1163 venite
3457 1120 3505 1164 et

1926 1172 2087 1244 videte
2116 1175 2280 1225 locum
2327 1172 2411 1226 ubi
2440 1175 2634 1244 positus
2662 1185 2768 1228 erat
2803 1179 3044 1232 Dominus
3073 1179 3284 1242 (Matth.
3313 1196 3500 1244 xxvm,

1928 1243 2016 1310 5).
2051 1242 2363 1312 Ogundinm
2405 1242 2509 1298 non
2542 1245 2710 1298 stiln‘n
2747 1247 2852 1300 illis
2884 1251 3220 1313 mulieribus,
3255 1251 3346 1303 sed
3381 1242 3501 1305 om;

1929 1314 2075 1394 nintn
2100 1316 2332 1370 tidelium
2354 1324 2516 1385 atque
2541 1317 2870 1372 credentium
2885 1329 3186 1374 renaturunt
3204 1323 3216 1376 !
3235 1321 3490 1389 Surrexit,

1930 1397 2123 1454 tnqtnt.

2000 1459 2125 1510 CAP.
2159 1457 2245 1511 111.
2274 1457 2465 1512 —Sed
2494 1467 2544 1510 ιιι
2577 1457 2811 1513 breviter
2839 1460 3011 1514 dicam
3066 1461 3204 1522 quod
3237 1463 3362 1516 olim
3389 1463 3502 1517 fue-

1931 1536 2011 1580 rat
2051 1529 2357 1592 prtet'atum;
2393 1529 2556 1582 David
2591 1530 2680 1582 illo
2721 1547 2811 1584 rex
2847 1532 3034 1597 plenus
3075 1533 3273 1594 Spiritu
3315 1547 3504 1589 sancto

1930 1598 2194 1651 Verat-iter
2223 1602 2416 1654 eet-init
2444 1603 2493 1652 in
2525 1601 2756 1668 psalmo:
2779 1601 3070 1657 Resurrea‘it
3102 1604 3347 1657 Dominus
3372 1616 3502 1658 tam-

1930 1685 2083 1742 quam
2107 1671 2366 1723 dormiens
2395 1669 2507 1741 (Ps.
2542 1687 2742 1732 Lxxvn,
2772 1673 2885 1740 65).
2920 1675 3052 1741 Quid
3081 1677 3302 1742 plurima
3327 1677 3501 1730 dic:tm

1933 1756 2028 1808 per
2061 1740 2309 1808 longum?
2338 1740 2578 1794 Sttl'liciat
2604 1741 2711 1809 jam
2741 1743 2894 1807 ﬁdei,
2923 1740 3061 1813 quod
3083 1740 3366 1813 explicare
3395 1763 3500 1801 non

1932 1814 2186 1879 prtevalet
2213 1826 2413 1869 sermo.
2447 1813 2577 1879 Quis
2607 1817 2778 1866 noctis
2811 1817 3092 1879 praeteritae
3119 1833 3331 1880 gravem
3354 1817 3502 1870 labo-

1929 1896 2074 1956 rem,
2098 1883 2217 1956 quis
2245 1885 2348 1956 diei
2380 1884 3023 1956 hujuscomprehendere
3052 1896 3221 1952 potest
3250 1888 3502 1956 splendo-

1930 1953 2080 2026 retn‘i
2112 1953 2235 2008 Dies
2259 1953 2358 2007 iSIe
2387 1955 2637 2008 omnibus
2666 1956 2986 2009 Christianis
3019 1953 3497 2026 innnensa'gaudia

1932 2024 2256 2092 propinavit,
2289 2026 2414 2078 dum
2443 2041 2564 2079 eum
2613 2027 2766 2079 nobis
2803 2027 3045 2080 Christus
3077 2029 3282 2082 eseteris
3312 2024 3502 2084 diebus

1929 2095 2209 2148 meliorem
2241 2097 2385 2151 fecit.
2423 2098 2765 2151 Exsultemus
2795 2113 2941 2165 ergo,
2974 2097 3295 2161 charissimi,
3329 2111 3377 2154 ct
3405 2101 3502 2154 la:-

1929 2175 2104 2237 temur
2132 2167 2182 2219 in
2211 2183 2297 2228 eo,
2328 2169 2446 2234 quia
2479 2168 2590 2221 haec
2621 2178 2704 2222 est
2723 2168 2838 2223 dies
2867 2185 3024 2237 quam
3073 2170 3196 2225 fecit
3221 2172 3495 2228 Dominus.

1927 2235 2063 2290 Puto
2093 2241 2258 2302 enim,
2284 2239 2508 2301 fratres,
2540 2241 2679 2308 quod
2712 2243 2811 2294 iste
2840 2235 2954 2294 dies
2989 2243 3134 2294 solus
3173 2257 3392 2309 magnus
3423 2244 3504 2296 di-

1927 2310 2130 2360 cendus
2156 2317 2270 2373 est,
2301 2319 2357 2364 ct
2400 2311 2516 2364 dies
2560 2314 2610 2362 in
2643 2327 2747 2373 quo
2778 2327 2934 2364 verus
2969 2314 3119 2364 nobis
3153 2316 3502 2367 resuscitatus

1927 2389 2010 2432 est
2038 2379 2175 2434 dies.
2209 2379 2313 2433 Iste
2340 2386 2480 2434 enim
2513 2380 2628 2434 dies
2651 2383 2784 2435 lucet
2810 2383 2859 2434 in
2889 2385 3141 2448 tenebris,
3175 2397 3228 2437 et
3261 2387 3497 2438 tenebrae

1925 2463 2046 2502 eum
2078 2468 2180 2502 ttun
2213 2453 2754 2520 comprebemlernnt.
2789 2453 3061 2506 Tenebras
3098 2455 3217 2507 dico
3250 2454 3499 2518 Judaeos,

1926 2521 2014 2588 qui
2062 2521 2187 2573 dum
2221 2523 2360 2575 diem
2398 2523 2670 2576 Christum
2715 2537 3064 2592 negaverunt,
3133 2526 3309 2578 lumen
3359 2527 3501 2593 quod

1922 2604 2243 2662 acceperant
2276 2594 2624 2660 perdiderunt
2656 2612 2666 2647 :
2695 2594 2820 2647 dum
2844 2596 2984 2647 enim
3015 2596 3246 2648 clamant
3278 2638 3291 2660 ,
3318 2597 3502 2651 Cruci—

1925 2660 2344 2736 ﬁge,_crttcili_ae
2369 2706 2383 2725 ,
2417 2664 2571 2718 facta:
2600 2674 2722 2717 sunt
2755 2666 2987 2719 tenebrae
3021 2666 3194 2719 medio
3223 2666 3329 2719 die.
3366 2669 3503 2736 Ergo

1924 2734 2046 2798 quia
2063 2732 2231 2788 Judaei
2249 2734 2523 2789 Christum
2541 2751 2630 2799 per
2645 2747 2850 2790 noctem
2866 2737 3313 2800 comprehendere
3331 2732 3503 2792 volne-

1923 2813 2066 2865 runt,
2092 2806 2216 2858 inde
2252 2809 2301 2858 in
2344 2807 2579 2860 tenebris
2618 2818 3012 2862 remanserunt.
3054 2807 3249 2859 Gentes
3289 2821 3500 2872 autem,

1923 2875 2177 2929 etineulte
2206 2878 2467 2942 nationes,
2501 2894 2618 2946 qua:
2643 2895 2670 2930 a
2701 2880 2934 2932 tenebris
2959 2878 3219 2931 idolorum
3243 2878 3504 2933 discesse-

1923 2956 2067 3010 runt,
2100 2947 2213 3000 dies
2242 2950 2423 3017 perﬁci
2457 2961 2794 3005 meruerunt.
2822 2948 3030 3002 dicente.
3072 2949 3325 3014 Apostolo
3354 2968 3366 3003 :
3400 2950 3504 3015 Qui

1921 3017 2049 3090 eruit
2068 3035 2158 3069 nos
2172 3021 2232 3070 de
2243 3029 2484 3090 potestate
2513 3023 2852 3086 tenebrarum,
2877 3034 2920 3072 et
2938 3021 3194 3072 transtulit
3216 3022 3265 3072 in
3291 3035 3504 3090 regnum

1923 3089 2202 3161 majestatis
2229 3106 2335 3143 sua:
2365 3088 2493 3158 (Col.
2521 3106 2557 3155 I,
2595 3092 2714 3161 15):
2742 3093 2880 3161 unde
2908 3103 2954 3142 et
2985 3091 3090 3143 alin
3121 3091 3243 3143 dicit
3263 3090 3312 3144 itt
3348 3088 3462 3143 loco
3487 3109 3502 3145 :

1921 3154 2050 3212 Filii
2079 3158 2227 3226 lucis,
2261 3154 2449 3228 inquit,
2479 3154 2686 3222 sumus,
2715 3171 2766 3214 et
2798 3160 2893 3227 ﬁlii
2917 3162 3059 3231 diei(
3091 3161 3302 3215 lTItess.
3338 3178 3389 3224 v,
3421 3161 3499 3231 5),

1925 3243 2029 3282 non
2066 3246 2250 3283 sumus
2298 3235 2467 3285 noctis
2510 3248 2607 3286 nec
2649 3232 2982 3286 tenebrarum
3015 3250 3026 3284 ι
3057 3235 3183 3285 sicut
3211 3233 3262 3284 in
3299 3234 3382 3288 die
3415 3235 3504 3286 Ito-

1924 3314 2064 3372 neste
2104 3301 2416 3356 ambulemus
2449 3302 2630 3369 (Rom.
2659 3319 2781 3364 xm,
2816 3301 2933 3372 15).
2978 3304 3319 3356 Exsultetnus
3349 3320 3501 3370 ergo,

1920 3371 2244 3444 charissimi,
2276 3388 2463 3427 omnes
2491 3389 2610 3428 cum
2656 3371 2930 3441 omnibus,
2965 3374 3089 3444 quia
3117 3376 3228 3428 haec
3263 3385 3346 3428 est
3390 3376 3503 3428 dies

1921 3456 2079 3511 quam
2114 3443 2239 3495 fecit
2272 3445 2546 3496 Dominus.

1991 3514 2119 3568 CAP.
2157 3513 2319 3568 IV.-
2335 3515 2471 3582 Quid
2505 3515 2595 3570 tibi
2627 3515 2848 3584 proluit.
2875 3515 3108 3581 inquam,
3137 3530 3381 3581 serpens,
3402 3516 3502 3569 inl-

1921 3583 2102 3650 qnitas
2130 3597 2238 3644 tua,
2271 3595 2363 3639 aut
2389 3585 2513 3655 quid
2546 3583 2710 3639 valuit
2748 3589 2814 3640 de
2845 3587 3161 3640 crudelitate
3200 3587 3502 3655 persecutio

1922 3657 2046 3726 tua?
2089 3655 2229 3710 Ecce
2277 3659 2510 3710 Surrexit
2559 3658 2627 3711 de
2681 3659 2925 3724 sepulcro
2972 3673 3127 3726 quem
3197 3674 3291 3711 vos
3329 3657 3498 3711 .ludtei

1922 3725 2118 3780 ﬁxistis
2151 3729 2201 3780 in
2235 3730 2394 3796 ligno.
2431 3728 2598 3781 Ilndie
2621 3732 2764 3781 visus
2795 3741 2874 3781 est
2903 3725 3052 3782 vivus
3099 3728 3184 3790 qui
3215 3729 3500 3795 putabatur

1921 3800 2150 3850 occisa»
2184 3798 2325 3851 Mnui
2356 3798 2674 3863 diligenter,
2710 3798 2892 3852 Juda'e
2914 3845 2926 3865 ,
2959 3799 3287 3852 crudi-litatis
3322 3801 3501 3866 sepul-

1922 3882 2095 3931 Cl‘lllll,
2128 3869 2298 3935 adjiCe
2329 3869 2604 3924 custodias
2633 3870 2895 3932 militum,
2929 3873 3118 3923 manda
3159 3869 3364 3937 vigilias
3403 3885 3501 3923 no-

1923 3948 2234 3992 cturnorum
2272 3952 2634 4001 secretorum,
2703 3949 2760 3994 ut
2802 3943 2995 3998 probes
3037 3950 3300 3993 murtutnn
3340 3956 3498 4008 quem

1925 4011 2139 4082 noluisti
2181 4027 2508 4079 cognoscere
2542 4012 2742 4066 vivum.
2778 4011 2936 4082 423
2986 4011 3182 4063 Dedisti
3227 4011 3376 4064 Juda:
3421 4011 3502 4064 dio

1924 4081 2129 4145 scipnlu
2160 4083 2362 4143 argenti
2395 4084 2652 4150 pretium,
2688 4094 2740 4133 ut
2766 4081 2999 4136 ticuStttn
3034 4082 3299 4133 Christum
3337 4097 3501 4146 pune-

1925 4165 2014 4204 res
2039 4153 2090 4204 in
2125 4154 2426 4216 Sepulcrum
2462 4170 2476 4205 :
2508 4154 2573 4206 (la
2608 4153 2934 4206 tantumdem
2974 4152 3281 4204 cttswdibus
3310 4167 3499 4218 argen-

1925 4230 2067 4278 tum.
2098 4232 2153 4275 nt
2176 4225 2361 4274 l'alsnm
2396 4225 2579 4276 audias
2603 4240 2628 4274 a
2662 4223 2810 4278 discit
2834 4225 2937 4276 ulis
2964 4228 3210 4274 Iuratum.
3248 4221 3496 4289 Erogale,

1924 4303 2140 4360 erogute
2192 4306 2471 4359 argentum
2531 4295 2580 4346 itt
2634 4293 2837 4347 facinus
2885 4303 3139 4347 \'e~ll'lllll.
3191 4291 3247 4345 lu
3305 4308 3498 4345 vanum

1927 4362 2205 4417 dumtaxat
2247 4364 2473 4432 vigilatis
2519 4364 2583 4417 ad
2630 4367 2931 4428 sepulcrum
2986 4373 3328 4417 nocturnum.
3382 4362 3498 4416 Jam

1926 4437 2192 4500 surrexit,
2233 4434 2342 4503 jam
2383 4435 2545 4488 caelos
2579 4436 2846 4500 ascendit,
2900 4439 3004 4499 jam
3051 4433 3374 4501 glnritit-atus
3420 4443 3502 4486 est

1931 4517 2146 4575 propter
2174 4521 2299 4566 nos,
2355 4508 2442 4572 qui
2475 4520 2532 4557 sn
2582 4505 2872 4558 liuutiliavit
2923 4514 3140 4570 propter
3190 4519 3307 4556 no~'.
3358 4504 3494 4569 Quid

1930 4580 2071 4629 enim
2115 4578 2240 4629 estis
2267 4579 2466 4633 acturi,
2501 4575 2622 4630 facti
2662 4592 2724 4627 es
2757 4576 2939 4628 amicis
2970 4577 3214 4628 acerrimi
3263 4575 3456 4626 initnit-i
3478 4578 3500 4628 ?

1929 4647 2097 4713 Quem
2147 4657 2291 4700 tanto
2320 4650 2435 4700 zelo
2463 4648 2650 4700 tixistis
2682 4647 2734 4699 in
2767 4647 2929 4714 ligno,
2964 4647 3075 4710 ipse
3105 4645 3256 4698 sedet
3282 4647 3345 4698 ad
3374 4648 3501 4698 «ιρι-

1933 4729 2098 4770 lerant
2134 4717 2308 4771 Patris
2337 4719 2387 4770 in
2424 4719 2591 4780 cmlo,
2639 4719 2753 4782 ipse
2782 4728 2864 4768 cst
2895 4718 2981 4784 qui
3012 4719 3152 4769 venit
3185 4720 3234 4769 in
3284 4722 3502 4771 nomine

1932 4789 2176 4855 Domini,
2221 4789 2360 4842 Deus
2400 4789 2652 4841 Dominus
2679 4829 2692 4847 ,
2737 4799 2788 4840 et
2829 4787 2997 4840 illuxit
3029 4788 3201 4839 nobis.
3230 4787 3388 4841 Nobis
3439 4789 3502 4841 il-

1931 4858 2094 4924 luxit,
2129 4869 2183 4914 et
2227 4874 2323 4912 Vos
2358 4860 2592 4926 sobjecit
2638 4859 2736 4912 sub
2794 4859 3016 4926 pedibus
3067 4858 3284 4911 nostris.
3345 4859 3502 4913 Pater

1928 4945 2070 4983 enim
2142 4932 2296 4983 nobis
2350 4932 2637 4994 complevit
2696 4929 2835 4994 quod
2891 4944 2989 4982 suo
3039 4928 3175 4982 Filio
3229 4930 3497 4994 promisit.

1925 4999 2062 5066 Quid
2113 5004 2255 5054 enim
2308 5001 2460 5053 nobis
2511 4999 2836 5065 c0tnplevit,
2892 5012 2947 5052 et
2999 5000 3122 5066 quid
3186 4999 3322 5052 Filio
3377 5017 3500 5065 prn-

1926 5072 2105 5124 misit?
2135 5070 2380 5124 Psaltnus
2409 5071 2556 5123 dit-it.
2583 5070 2744 5134 Ducit,
2779 5071 2978 5136 inquit,
3011 5070 3258 5121 Dominus
3286 5067 3502 5123 Domino

1923 5159 2034 5195 meo
2057 5157 2074 5194 :
2108 5142 2240 5197 Sede
2268 5159 2299 5193 a
2327 5143 2518 5194 dextris
2542 5143 2663 5194 meis
2683 5183 2696 5202 ,
2738 5143 2894 5194 donec
2924 5157 3109 5207 ponam
3133 5140 3361 5192 inimicos
3387 5150 3502 5194 tuos

1923 5214 2200 5268 scabellunt
2246 5215 2432 5281 pedum
2477 5210 2828 5280 tuorutn(Ps.
2876 5227 3002 5274 (ιιι,
3047 5211 3128 5280 1).
3171 5211 3310 5264 Ecce
3359 5213 3501 5265 enim

1919 5364 2148 5410 sanctam
2161 5355 2337 5418 vitam,
2361 5353 2813 5414 conversationem,
2834 5360 2881 5402 et
2901 5359 3087 5403 sant-tre
3111 5349 3321 5415 originis
3341 5348 3500 5416 digni-

1925 5436 2101 5490 tatem,
2130 5427 2212 5478 vel
2246 5442 2334 5496 per
2362 5433 2590 5477 sanctam
2616 5425 2730 5477 vitae
2755 5421 3202 5496 conversationem,
3221 5425 3264 5466 et
3289 5434 3410 5496 sane
3432 5436 3496 5481 α’,

1924 5507 2030 5551 etc.
2082 5496 2220 5550 Edit.
2269 5495 2490 5566 Cbrys.,
2527 5511 2614 5562 per
2657 5503 2847 5547 sanctas
2891 5493 3003 5544 vitae
3044 5493 3495 5555 conversationem,

1923 5577 2112 5620 sancta:
2133 5567 2535 5635 regenerationis
2561 5567 2881 5635 dignitatem.

1997 5637 2023 5672 ⁸³
2057 5629 2331 5692 Editiones
2369 5636 2560 5706 Chrys.
2600 5629 2654 5690 et
2695 5634 2852 5689 codd.
2895 5630 3013 5684 Vat.
3060 5629 3261 5684 addunt
3301 5637 3346 5682 et
3383 5646 3496 5686 cor-

1963 5725 2074 5763 ora.

1925 5727 2255 5834 pozaliazdem
2279 5777 2576 5834 editiones:
2608 5775 2694 5844 qui
2723 5789 2836 5825 cum
2863 5772 3017 5826 Patre
3037 5782 3082 5824 et
3113 5771 3310 5841 Spiritu
3324 5784 3497 5828 sancto

1925 5852 2043 5906 vivit
2072 5861 2119 5906 et
2148 5859 2328 5924 regnat
2353 5851 2407 5903 in
2432 5847 2618 5904 uacula
2645 5844 2973 5900 sarit/orum.
3004 5844 3183 5900 Amen.
