3980 6352
448 362 553 419 505

1040 363 1381 418 APPENDIX
1417 362 1509 415 AD
1546 359 1808 413 PBIMAM
1850 357 2131 414 PARTEM
2170 357 2449 413 UPERUM
2592 358 2835 414 LEONlS
2878 356 3107 413 MAGNI.

3598 360 3703 408 δω

449 477 542 534 lidi
576 477 819 546 janitoris
851 476 1081 544 expavit.
1110 484 1135 512 ι
1165 476 1342 529 Currit
1378 472 1656 546 exanimis
1682 471 1929 546 minister
1953 468 2019 527 εἰ
2051 466 2096 532 Α
2126 479 2218 546 s_ed
2250 486 2415 546 corvo
2448 472 2737 527 famulante
2766 485 3007 527 servatur
3054 473 3276 546 illmstts.
3310 468 3552 546 Obtioguit
3578 485 3706 541 ergo

445 543 764 615 praesidem.
825 543 980 614 quem
1023 547 1235 613 gravius
1271 544 1457 599 relatio
1492 543 1659 597 nuntii
1700 557 1856 612 quam
1890 543 2023 615 ictus

448 632 564 675 erat
596 632 910 687 percussura
937 616 1138 687 gladii;
1164 625 1216 669 et
1242 630 1361 668 cum
1390 630 1495 667 non
1524 623 1700 687 posset
1726 629 1790 687 ex
1821 614 2024 681 magni-

447 683 635 745 tudine
672 689 745 741 rei
779 697 952 740 tacere
980 685 1121 753 quod
1155 687 1384 745 viderat,
1418 694 1620 738 tremor
1657 683 1893 753 judicent
1926 700 2019 735 oc-

448 769 630 828 cupat,
654 758 805 828 dolor
829 757 1048 820 lacerat,
1069 757 1213 828 furor
1237 756 1564 828 inﬂammat;
1595 763 1649 808 et
1676 770 1741 807 ne
1771 756 1819 806 in
1853 755 2023 828 poenis

450 825 672 884 vincens
717 827 1025 879 Vincentius
1066 827 1288 895 gloriam
1324 826 1587 878 obtineret
1628 825 2026 895 martyrii,ACi-

445 900 573 962 tius,
601 898 767 965 inquit
798 893 1090 959 Dacianus,
1108 897 1427 962 proiucatur
1454 912 1485 948 e
1520 909 1736 949 carcere
1755 893 1782 953 ,ί
1804 910 1869 947 ne
1895 893 2022 949 dum

446 968 744 1022 insistimus
770 968 1021 1021 rebellem
1052 969 1258 1036 punire,
1293 968 1570 1019 videamur
1598 980 1717 1019 eum
1748 965 1922 1030 potius
1953 965 2023 1018 vi-

445 1040 612 1092 ctoria
644 1052 924 1092 coronare.
956 1037 1231 1091 Profertur
1259 1037 1435 1106 itaque
1474 1052 1541 1088 ex
1576 1036 1668 1089 illo
1700 1036 1821 1088 tetri
1852 1049 2023 1088 carce-

445 1110 521 1162 ris
556 1109 840 1173 barathro,
875 1109 1080 1164 cmlesti
1123 1108 1336 1177 quidem
1355 1105 1539 1177 gratia,
1565 1106 1866 1177 pulchrior,
1896 1118 1949 1159 et
1978 1105 2024 1160 si

445 1180 621 1232 adhuc
650 1188 791 1232 esset
817 1193 1090 1245 passurus,
1119 1175 1407 1232 robu~tior.
1439 1176 1544 1232 Sed
1580 1176 1665 1229 ubi
1697 1175 1965 1228 deStderiu
1991 1194 2019 1225 n

448 1249 515 1303 ad
558 1249 705 1317 regni
747 1250 1078 1303 vocationem
1121 1248 1390 1302 tendentis
1428 1247 1576 1299 nullo
1618 1259 1891 1317 pinnarum
1935 1246 2022 1317 _vel

447 1314 641 1374 mortis
683 1334 878 1385 genere
923 1318 1267 1384 frangendum
1316 1314 1799 1383 intelligit,jubet
1843 1314 2019 1385 invida

445 1406 599 1444 mens
646 1384 862 1443 lenioris
908 1390 1059 1442 strati
1106 1388 1272 1441 fulcra
1324 1388 1606 1449 substtttti,
1653 1400 1715 1438 ac
1761 1384 2021 1439 blandiori

400 1497 406 1503 ς
447 1475 567 1513 eum
592 1461 775 1529 requie
805 1460 1074 1512 confoveri
1102 1477 1112 1510 2
1137 1459 1361 1529 scilicet,
1391 1466 1447 1529 ut
1476 1457 1517 1508 si
1544 1466 1724 1529 amoto
1751 1456 2021 1522 paululum

447 1525 696 1584 carnifice
717 1570 731 1592 ,
761 1531 991 1582 animam
1027 1530 1238 1597 quietus
1273 1526 1584 1597 exhalaret,
1617 1525 1887 1579 diceretur
1917 1540 2021 1580 non

446 1616 567 1655 esse
608 1601 847 1660 occisus,
882 1598 976 1652 sed
1022 1608 1262 1650 mortuus
1305 1616 1317 1649 :
1362 1596 1511 1659 quasi
1558 1611 1661 1648 non
1701 1612 1821 1650 eum
1865 1611 2021 1665 ptetta

446 1672 757 1739 peremerit,
789 1684 907 1739 cum
937 1682 1041 1735 quo
1066 1677 1118 1721 et
1155 1682 1306 1732 pmna
1338 1666 1494 1739 simul
1529 1666 1764 1734 perierit.

518 1740 648 1795 CAP.
680 1739 745 1794 V.
776 1769 845 1779 —-
882 1738 1093 1793 Interea
1136 1741 1343 1791 beatum
1400 1736 1733 1791 Vincentium
1785 1737 2022 1792 caelestis

444 1811 567 1865 aula
595 1812 838 1879 suscipit,
872 1824 934 1862 ac
962 1810 1129 1863 beatae
1158 1808 1427 1864 felicitatis
1458 1823 1678 1879 munere
1707 1808 1889 1861 donat.
1937 1808 2018 1863 Ad

446 1883 597 1949 cujus
629 1876 926 1951 ingressum
949 1881 1170 1945 angelici
1197 1883 1441 1934 lietantur
1459 1876 1699 1951 spiritus,
1726 1892 2020 1951 omnesque

447 1948 605 2005 simul
638 1948 888 2005 cmicives
926 1952 1261 2020 gratulantur
1307 1951 1497 2003 sancti.
1539 1948 1751 2017 Nosque
1782 1949 1873 2002 tibi
1902 1965 2022 2020 gra-

446 2022 547 2076 tias
574 2023 801 2090 agimus,
854 2019 1075 2076 Domine
1119 2020 1279 2083 Jesu,
1330 2020 1470 2089 quod
1518 2021 1694 2072 anima
1729 2027 1820 2072 tuo
1859 2019 2017 2088 digna

446 2094 718 2146 conscrtio
748 2134 763 2155 ,
808 2108 927 2160 qum
983 2095 1219 2160 pertinax
1252 2092 1375 2144 tttlit
1401 2092 1716 2158 supplicium
1738 2133 1752 2155 ,
1789 2092 2017 2145 mendax

446 2163 585 2230 fugit
611 2164 958 2231 obsequium;
1005 2172 1059 2216 et
1108 2178 1225 2230 quin
1272 2161 1368 2215 fttit
1413 2169 1659 2214 coiiteuta
1707 2172 2020 2231 perseeutor

446 2234 587 2303 quod
622 2230 841 2295 fureret,
875 2235 942 2285 sit
970 2232 1255 2299 dedignata
1306 2232 1447 2300 quod
1496 2242 1761 2299 parceret.
1791 2230 2019 2302 Cognito

445 2304 609 2372 igitur
652 2313 837 2357 sancto
869 2304 983 2372 ejus
1012 2306 1261 2356 abscessu
1289 2303 1452 2366 judex
1503 2304 1743 2369 insanus,
1796 2313 1849 2357 et
1897 2303 2017 2370 quia

445 2377 692 2428 Christus
724 2375 935 2428 vicisset
990 2373 1041 2426 in
1085 2373 1365 2428 Vincentio
1393 2372 1419 2410 δ
1451 2372 1697 2427 nesciens
1732 2373 2017 2440 liacianus,

446 2446 589 2499 illius
621 2446 718 2499 sibi
753 2444 1014 2513 promittit
1044 2446 1319 2498 cadaveris
1347 2443 1682 2511 expositione
1703 2442 2016 2507 vindictam,

447 2517 599 2585 cujus
623 2517 787 2585 gemit
816 2531 882 2569 ex
910 2518 1105 2568 virtute
1135 2516 1430 2568 victoriam.
1484 2513 1637 2567 Feris
1682 2530 1913 2580 namque
1965 2525 2021 2567 et

446 2588 668 2640 canibus
698 2587 917 2653 decepta
952 2587 1144 2639 furoris
1188 2585 1434 2653 superbia
1471 2585 1857 2639 absumendum
1890 2599 2018 2653 pro-

446 2658 535 2725 jici
570 2657 787 2711 tuandat
815 2657 1087 2711 lictoribus
1123 2674 1135 2709 :
1169 2666 1225 2709 ut
1250 2655 1340 2709 tali
1376 2666 1527 2724 pastu
1553 2671 1740 2709 earum
1773 2655 2022 2719 impleret

445 2737 686 2781 ventrem
714 2744 938 2797 quorum
966 2728 1078 2797 ipse
1097 2727 1313 2792 gerebat
1336 2734 1588 2780 mentem.
1611 2726 1717 2781 Sed
1740 2734 1796 2779 ut
1822 2727 2019 2781 divinis

445 2796 883 2853 excrescentibus
920 2796 1187 2851 beneﬁciis
1216 2797 1433 2865 majoris
1478 2798 1714 2850 victoriae
1745 2798 2021 2853 Vincentio

445 2871 614 2937 gratia
648 2880 670 2907 ο
702 2868 1072 2931 ciuiferretur,
1128 2870 1356 2922 mittitur
1397 2882 1630 2932 corvus,
1693 2869 1804 2920 avis
1849 2870 2018 2923 amica

445 2941 824 3020 cadaveribus,
861 2939 1133 3009 expositas
1159 2939 1401 3008 corporis
1430 2937 1595 3006 dapes
1636 2949 1912 2993 servatura
1936 2940 2021 3009 je-

446 3026 593 3079 luna.

517 3078 645 3136 Car.
682 3080 765 3137 Vl.
786 3112 855 3122 -—
880 3080 1036 3144 Hinc,
1072 3083 1267 3137 fratres
1292 3078 1649 3143 dilectissimi,
1684 3078 1807 3134 hinc
1829 3080 2022 3135 adver-

446 3151 542 3205 tite
588 3153 835 3205 distincta
884 3153 1194 3207 meritorum
1242 3151 1519 3218 obsequia.
1556 3149 1701 3203 Elias
1750 3153 2017 3220 quondam

445 3223 636 3288 impias
668 3224 850 3277 Achab
879 3224 959 3276 vel
1012 3222 1277 3279 Jezabelis
1326 3235 1514 3274 manus
1557 3231 1714 3273 caute
1744 3219 2019 3274 declinans
2046 3219 2093 3282 C

447 3291 537 3361 (ΙΙΙ
566 3293 686 3363 Reg.
719 3294 868 3363 xvn),
894 3293 946 3347 iit
973 3291 1187 3349 deserto
1208 3297 1381 3347 corvis
1403 3292 1827 3363 ministrantibus
1854 3291 2019 3363 43o

445 3361 711 3429 pascnur;
742 3361 981 3418 assertor
1033 3374 1211 3419 autem
1256 3363 1495 3417 veritatis
1548 3361 2015 3416 Viticentius'DJ-

446 3434 585 3489 ciani
608 3436 756 3489 rabie
778 3444 1086 3505 peremptus
1103 3475 1120 3500 ,
1145 3434 1270 3490 feris
1289 3432 1577 3503 exponitur
1596 3434 2014 3500 consumendus;

516 3585 545 3612 ⁸
574 3573 704 3629 Cod.
740 3574 957 3639 Vallic.,
987 3572 1246 3629 Cucurrit.

512 3643 542 3683 ι’
572 3644 663 3701 Sic
688 3661 754 3700 ex
785 3660 908 3714 app.
942 3649 1076 3714 Aug.
1104 3646 1214 3711 Al.,
1244 3645 1464 3699 nescius.

519 3719 615 3841 ﬁbA
626 3730 714 3786 pp.
745 3716 907 3787 Aug.,
933 3718 1247 3786 conferatur.
1268 3715 1435 3770 Paulo
1463 3722 1606 3786 post,
1622 3714 1833 3769 inimica
1858 3716 2014 3769 cada-

448 3802 548 3841 veri
585 3804 663 3842 us.

2133 543 2271 595 Elias
2293 544 2471 596 divino
2500 556 2651 607 nutu,
2682 548 2857 597 corvis
2880 544 3276 614 perstantibus.
3300 556 3406 610 quo
3432 544 3664 595 aleretur
3691 558 3703 594 :

2130 616 2426 679 praestitum
2453 624 2535 668 est
2562 614 2866 678 Vincentio,
2898 615 3233 681 obsequente
3261 626 3473 680 Quoque
3501 627 3664 665 corvo
3689 652 3703 676 ,

2129 699 2195 737 ne
2225 685 2614 739 comederetur.
2650 688 2747 752 Qui
2792 696 2845 736 ut
2893 687 3105 740 ccelitus
3142 698 3202 738 se
3260 682 3538 735 custodem
3569 681 3707 735 desi-

2127 763 2344 821 gnatum
2374 756 3064 818 ostenderet,adventantes
3087 756 3316 822 reliquas
3346 766 3472 805 aves
3492 753 3705 805 eminus

2128 840 2233 878 tton
2263 827 2409 894 segni
2440 826 2635 891 impetu
2666 826 3009 890 pertttrhabat
3044 842 3059 879 :
3089 826 3226 878 inter
3254 822 3704 894 quasiminanem

2125 891 2346 960 quoque
2367 897 2545 959 lupttm
2586 896 2804 965 propius
2832 896 3198 957 accedentem,
3249 893 3410 965 veluti
3439 891 3531 961 qui
3558 906 3701 944 eom-

2126 965 2348 1018 missum
2374 968 2677 1019 thesaurum
2692 964 2959 1035 sacrilega
2982 965 3202 1017 audacia
3225 964 3543 1035 attatttitiare
3569 977 3700 1035 prte-

2126 1045 2383 1100 sutneret,
2440 1036 2627 1102 pennis
2653 1047 2706 1089 et
2736 1037 2833 1089 alis
2872 1032 3217 1089 diverberans
3264 1033 3451 1101 procul
3499 1032 3699 1101 abegit.

2125 1105 2228 1175 Sed
2281 1106 2367 1159 ille
2396 1105 2537 1175 quod
2566 1122 2672 1160 non
2700 1116 2805 1160 tam
2839 1106 2903 1158 ad
2936 1106 3267 1159 inferendam
3300 1107 3533 1157 venisset
3561 1102 3700 1175 inju-

2124 1174 2280 1241 riam,
2304 1174 2462 1241 quain
2494 1178 2557 1228 ad
2586 1176 2880 1240 augendam
2904 1175 3148 1231 miraculi
3178 1189 3449 1243 pompam,
3477 1174 3704 1242 quadam

2124 1246 2205 1298 sui
2242 1246 2549 1299 habitudine
2576 1250 2819 1314 stupidus
2848 1247 3136 1300 indicabat.
3169 1247 3214 1300 υ
3248 1245 3527 1311 impudens
3553 1243 3707 1296 furor

2125 1326 2179 1367 et
2207 1317 2364 1368 stulta
2400 1317 2611 1371 ves-mia
2642 1318 2656 1371 l
2698 1319 2901 1371 Corvus
2948 1316 3263 1384 obsequitur
3288 1354 3302 1377 ,
3356 1314 3510 1381 lupus
3541 1328 3707 1368 vene-

2126 1398 2273 1457 ratur
2299 1427 2313 1448 ,
2363 1386 2626 1440 Dacianus
2657 1388 3012 1457 persequitur,
3045 1402 3144 1440 nec
3166 1387 3438 1457 erubescit
3467 1384 3604 1457 velle
3634 1399 3705 1457 se

2124 1455 2299 1510 adhuc
2320 1458 2466 1510 lerox
2495 1462 2733 1520 perdere.
2767 1453 2923 1523 quem
2955 1456 3318 1511 mansuefacta
3342 1453 3584 1510 bestialis
3628 1453 3707 1509 fe-

2126 1527 2258 1597 ritas
2290 1527 2566 1591 satagebat
2596 1537 2898 1597 protegere.

2194 1596 2323 1651 Car.
2359 1597 2467 1651 Vll.
2501 1627 2573 1637 —
2604 1594 2770 1653 Unde'
2793 1598 2856 1651 ad
2889 1596 3239 1668 occulendam
3290 1594 3541 1668 martyris
3589 1595 3707 1649 lau-

2123 1665 2266 1733 dem,
2299 1684 2403 1721 non
2425 1670 2531 1734 jatn
2566 1680 2854 1729 secretum,
2890 1669 2984 1722 scd
3018 1666 3332 1734 profundum
3358 1665 3551 1735 elegit:
3582 1681 3710 1721 creA.

2124 1738 2257 1790 deus
2278 1739 2380 1791 sibi
2406 1740 2469 1793 ad
2499 1739 2915 1793 delitescendam
2939 1740 3053 1806 ejus
3080 1741 3303 1806 gloriam
3338 1754 3440 1791 non
3467 1741 3703 1792 claustra

2128 1808 2283 1862 fidem
2309 1822 2603 1875 servatura,
2634 1810 2726 1863 sed
2753 1810 2914 1863 maria
2943 1828 2956 1862 :
2985 1809 3139 1877 quasi
3164 1825 3269 1863 non
3292 1808 3431 1862 idem
3452 1810 3707 1863 elementi

2124 1877 2375 1933 domtnus
2404 1890 2567 1947 esset,
2617 1898 2712 1948 per
2740 1896 2897 1947 quem
2929 1882 3126 1933 dudum
3173 1882 3219 1933 ei
3262 1880 3496 1933 carceris
3523 1878 3706 1931 abdita

2125 1951 2335 2004 cmledi
2384 1951 2590 2019 fulgore
2652 1950 2856 2005 radiata
2916 1952 3251 2003 minuissent.
3311 1950 3474 2002 Datur
3525 1949 3706 2001 nautis

2126 2021 2471 2081 mergendum
2497 2038 2691 2082 corpus
2711 2022 2762 2075 itt
2788 2021 3056 2084 ﬂuctibus,
3078 2030 3132 2073 tit
3150 2019 3215 2074 ad
3233 2019 3485 2074 auxilium
3509 2020 3705 2073 saltem

2123 2105 2337 2159 :equora
2373 2094 2715 2158 prolicerettt,
2750 2092 2833 2145 cui
2863 2094 2926 2143 ad
2960 2092 3277 2144 vincendum
3305 2088 3501 2145 Christi
3549 2090 3701 2143 mili-

2124 2171 2230 2215 tetn
2287 2174 2426 2215 terra
2472 2162 2778 2217 defecisset.
2834 2162 3141 2231 Enavigatis
3192 2162 3369 2226 itaque
3417 2176 3601 2230 magna
3636 2175 3706 2213 ex

2124 2243 2275 2299 parte
2298 2232 2415 2287 freti
2433 2234 2751 2302 gurgitibus,
2768 2234 3061 2301 projectum
3081 2235 3219 2286 inter
3234 2232 3515 2287 sorbentes
3533 2232 3705 2302 undas

2126 2301 2539 2371 prtepotens’est
2568 2304 2658 2357 Dei
2690 2305 2907 2358 dextera
2938 2312 3247 2367 consecuta,
3291 2315 3343 2357 et
3373 2316 3494 2368 mite
3540 2301 3707 2371 spiri-

2124 2383 2233 2427 tum
2258 2374 2507 2428 intulerat
2531 2376 2582 2427 itt
2610 2376 2823 2437 cmlum,
2848 2390 3044 2441 corpus
3074 2390 3193 2427 mox
3226 2375 3412 2427 retulit
3432 2372 3498 2426 ad
3522 2372 3709 2440 sepul-

2123 2458 2296 2499 crum.
2330 2447 2419 2499 Sic
2448 2445 2768 2515 praedicator
2797 2446 3057 2509 veritatis,
3093 2444 3393 2499 charissimi
3415 2484 3430 2509 ,
3462 2458 3563 2497 nec
3593 2454 3709 2496 tor-

2123 2525 2428 2569 mentorum
2482 2516 2709 2569 vincitur
2746 2517 2952 2580 pinnis,
3001 2531 3099 2570 nec
3146 2516 3412 2569 tenebrosi
3469 2515 3710 2567 careeris

2124 2599 2406 2653 superatur
2431 2588 2706 2651 angustiis.
2739 2584 2767 2623 ἀ
2797 2586 2911 2640 Non
2950 2602 2980 2640 a
3026 2587 3213 2640 hesdis
3240 2586 3545 2646 dilaniatur,
3593 2599 3706 2653 non

2126 2651 2393 2724 prefuntlo
2433 2659 2654 2719 celatur,
2688 2656 2781 2711 sed
2814 2657 2974 2709 littori
3007 2657 3272 2722 redditur,
3301 2654 3569 2724 pra-conio
3595 2651 3711 2707 dif-

2125 2726 2376 2793 famatur,
2402 2738 2458 2781 ut
2480 2728 2567 2794 qui
2594 2744 2719 2781 vere
2740 2726 3018 2781 confessus
3041 2728 3211 2781 fuerat
3240 2742 3432 2779 nomen
3459 2725 3708 2790 Deitatis,

2124 2800 2350 2853 veritate
2387 2798 2487 2853 sibi
2518 2800 2710 2853 adesse
2749 2801 3085 2865 experiretur
3110 2797 3306 2852 divinre
3335 2794 3583 2865 suffragia
3611 2797 3712 2849 bo-

2125 2870 2329 2923 nitatis.
2361 2869 2528 2936 Cujus
2571 2871 2864 2938 gloriosam
2904 2867 3103 2922 virtute
3143 2873 3303 2921 vitam
3344 2868 3413 2920 ita
3461 2868 3713 2935 pretiosae

2126 2943 2315 2994 mortis
2362 2943 2530 3007 gratia
2581 2937 2874 2999 det-oravit.
2912 2949 2969 2991 ut
3023 2939 3164 3004 quod
3209 2937 3439 2992 vivendo
3470 2937 3656 2991 docuit
3684 2978 3700 2997 ,

2123 3011 2404 3065 moriendo
2430 3020 2742 3065 Constanter
2766 3020 2789 3047 θ
2811 3011 3342 3074 astrueretzeratque
3363 3022 3709 3074 consequi-ns

2124 3094 2388 3149 quatenus
2436 3082 2502 3135 ad
2552 3084 2669 3151 ejus
2698 3081 2953 3135 visionem
2985 3094 3079 3148 per
3110 3092 3341 3134 mortem
3370 3082 3663 3146 attingeret
3692 3117 3711 3143 ,

2123 3167 2285 3221 quem
2319 3153 2611 3222 probabilis
2640 3154 2764 3206 vita:
2800 3152 3206 3207 cottversatiooe
3236 3165 3450 3219 semper
3476 3158 3707 3222 attesta-

2125 3219 2209 3277 tus
2259 3219 2483 3289 fuisset;
2534 3225 2713 3278 sciens
2760 3224 2902 3292 quod
2947 3222 3014 3275 de
3057 3231 3367 3288 contemptu
3419 3219 3713 3288 przesentis

2127 3298 2253 3347 vitae
2300 3295 2470 3364 gloria
2514 3295 2686 3361 surgit
2723 3293 3070 3348 beatitudinis
3117 3300 3333 3364 acterna:
3365 3309 3377 3344 :
3411 3299 3714 3364 praestante

2128 3361 2355 3419 Domitio
2388 3375 2573 3420 nostro
2600 3365 2728 3420 Jesu
2755 3366 2991 3431 Christo,
3020 3364 3113 3434 qui
3143 3361 3274 3417 vivit
3300 3372 3355 3417 et
3380 3372 3569 3431 regnat
3602 3361 3620 3398 τ
3654 3361 3714 3415 in

2125 3437 2323 3491 saecula
2350 3437 2696 3493 sazculorum.
2728 3435 2924 3491 Amen.

2168 3572 2225 3657 ’ἀ
2256 3575 2312 3629 ln
2343 3574 2529 3630 eadem
2560 3573 2818 3647 append.,
2873 3573 2999 3629 Non
3053 3572 3223 3628 bestiis
3274 3574 3528 3645 projectus
3569 3571 3716 3624 dila-

2126 3657 2323 3701 matur.

2201 3726 2225 3754 ε
2254 3716 2369 3780 AL,
2400 3717 2695 3772 astruxerit.

2203 3784 2224 3823 τ
2257 3790 2397 3858 App.
2424 3788 2564 3859 Aug.
2599 3788 2767 3853 addit,
2797 3786 2953 3842 Deus.

451 3920 3705 3943 W

1336 3998 1794 4063 ADMONITIO
1837 4000 1918 4061 IN
1960 3998 2443 4076 SEQUENTEM
2485 4000 2950 4063 SERMONEM.

521 4130 823 4198 Sequentem
851 4124 1325 4198 sermonemALeoni
1349 4124 1657 4198 inscriptum
1691 4122 1996 4198 Quesneltus
2024 4140 2052 4177 ε
2085 4122 2371 4198 Parisiensi
2399 4120 2575 4198 codice
2601 4121 2839 4198 mutituin
2868 4137 2954 4175 seu
2985 4122 3087 4191 ﬁne
3112 4129 3366 4194 expertem
3384 4121 3563 4198 edidit.
3592 4120 3716 4175 Nos

448 4191 696 4269 integrum
733 4214 759 4252 ε
787 4215 907 4251 mss.
950 4197 1078 4269 Vat.
1104 4195 1231 4251 1271
1267 4206 1312 4249 et
1338 4194 1481 4249 6454
1514 4191 2089 4269 ⁷ρνοῙενιιηυξηαιίᾳιιοι
2115 4194 2305 4248 scilicet
2338 4192 2589 4263 capitibus
2643 4193 2864 4260 additis,
2896 4207 3011 4262 quia
3045 4191 3185 4246 cum‘
3207 4191 3616 4247 antecedentibus
3664 4202 3715 4248 et

448 4264 577 4343 σιειζό
605 4285 649 4322 et
682 4270 826 4343 rebus
854 4270 975 4343 ipsis
998 4267 1268 4343 conterent,
1305 4281 1673 4343 ac_sermo_nem
1701 4264 1994 4343 perﬁciunt.

519 4342 665 4395 Idem
696 4332 995 4404 Quesnétius
1024 4341 1140 4391 huic
1169 4337 1387 4390 sermoni
1418 4337 1680 4389 monitum
1703 4332 1981 4404 'prwmisit,
2014 4352 2114 4404 quo
2149 4335 2208 4391 S.
2243 4334 2400 4388 Leoni
2449 4336 2679 4387 eumdem
2732 4349 2956 4387 asserere
2983 4333 3118 4387 visus
3141 4342 3222 4404 est
3251 4349 3272 4388 :
3306 4350 3328 4386 s
3360 4332 3715 4402 Subsequen-

447 4424 577 4469 teni.
604 4403 791 4481 inquit,
824 4411 890 4463 de
921 4409 979 4463 S.
1016 4410 1157 4463 l’etri
1186 4406 1449 4481 Cathedra
1479 4403 1814 4473 sermonem,
1866 4403 2032 4473 quem
2070 4406 2284 4481 publico
2340 4406 2530 4481 damus
2557 4447 2573 4469 ,
2620 4405 2980 4481 suppeditavit
3026 4403 3178 4459 nobis
3209 4413 3367 4481 vetus
3395 4406 3565 4481 codex
3599 4420 3713 4481 ms.

448 4474 785 4538 bibiotn'et-ae
820 4483 994 4541 ltegiae
1029 4495 1250 4530 numero
1278 4478 1375 4531 5H
1416 4490 1663 4541 notatus,
1709 4492 1777 4530 ex
1820 4492 1979 4544 quoa
2011 4479 2165 4529 nobis
2196 4476 2502 4541 descriptus
2529 4483 2628 4530 est.
2669 4475 2863 4530 Leonis
2896 4490 3087 4528 nomen
3119 4474 3398 4544 prteﬁxnm
3439 4474 3599 4529 habet
3649 4477 3713 4529 in

448 4557 631 4607 codice
664 4551 765 4603 hoc
793 4551 951 4602 modo
976 4566 990 4602 :
1015 4546 1080 4601 In
1106 4546 1359 4601 Cathedra
1386 4548 1445 4601 S.
1481 4546 1623 4600 Petri
1650 4547 1870 4615 apostoli
1902 4562 2066 4599 sermo
2094 4546 2156 4601 S.
2189 4546 2371 4599 Leonis
2398 4561 2580 4612 papa;
2611 4561 2711 4601 nec
2735 4546 2955 4599 dubium
2984 4547 3109 4614 quin
3135 4546 3330 4607 nostri,
3358 4556 3613 4612 quantum
3637 4562 3711 4601 ex

449 4626 590 4693 stylo
630 4620 955 4693 deprehendi
987 4628 1182 4693 potest,
1212 4620 1297 4693 qtti
1326 4616 1570 4693 Leonino
1596 4631 1894 4693 concinere
1919 4616 2048 4693 mihi
2081 4618 2301 4693 omnino
2333 4618 2570 4693 videtutl;
2599 4632 2697 4671 nec
2723 4616 3010 4693 quidquam
3034 4615 3427 4693 occurrit_unde
3458 4618 3545 4670 ille
3574 4631 3713 4693 pon-

452 4685 579 4746 til'ici
608 4685 791 4744 nostro
823 4685 1113 4759 alijndicart
1144 4688 1354 4741 debeat.
1388 4688 1498 4759 Hoc
1530 4701 1660 4740 sane
1684 4695 1834 4740 extra
1865 4685 2084 4740 dubium
2115 4690 2314 4759 dictum
2352 4702 2472 4759 esse
2521 4687 2708 4740 Romae
2758 4696 2813 4740 et
2858 4702 2886 4739 a
2908 4686 3181 4759 _Rom_ano
3219 4686 3399 4759 aliquo
3450 4686 3713 4759 pontifice

451 4766 611 4817 istum
642 4755 965 4823 ~ermonein,
1013 4771 1067 4811 ut
1106 4774 1171 4811 ex
1204 4759 1440 4825 plutihus
1486 4756 1619 4810 locis
1649 4760 1796 4824 argui
1829 4763 2025 4821 potest,
2056 4767 2110 4811 et
2142 4758 2321 4822 plures
2348 4758 2573 4826 phrases
2597 4771 2868 4817 vocesque
2908 4755 3076 4810 Leoni
3116 4756 3405 4810 familiares
3430 4757 3515 4826 hic
3544 4757 3711 4811 inve-

451 4833 576 4887 niri.
608 4832 814 4886 l‘eti-us.
846 4829 1009 4899 inquit
1041 4830 1163 4891 iste,
1195 4824 1382 4899 popqu
1413 4826 1503 4899 Dei
1526 4827 1767 4893 praelatus
1791 4837 1904 4899 est;
1933 4842 2052 4895 qua!
2078 4843 2202 4884 Vox.
2236 4830 2285 4899 in
2319 4824 2384 4880 eo
2413 4826 2713 4894 signiﬁcatu
2739 4840 2893 4899 rara,
2935 4827 3132 4893 legitur
3166 4827 3219 4899 in
3251 4826 3409 4899 epist.
3439 4824 3507 4881 12
3535 4828 3713 4897 (nunc

451 4904 477 4957 1
493 4908 563 4971 ί).
587 4917 633 4955 c.
658 4903 715 4954 il
739 4920 752 4955 ;
772 4902 871 4965 Qui
896 4896 1011 4969 «rgo
1031 4901 1117 4949 scit
1147 4896 1531 4971 sequibusttam
1557 4912 1663 4971 esse
1684 4898 2030 4971 praepositum,
2046 4914 2146 4951 non
2162 4897 2373 4971 moleste
2396 4902 2529 4971 [erat
2555 4898 2772 4971 aliquem
2789 4896 2887 4950 sibi
2911 4912 3018 4971 esse
3047 4898 3343 4971 prazlatutn.
3368 4896 3714 4971 ignitoscas—

452 4967 663 5027 lentum
693 4967 974 5038 spirituum
1004 4979 1173 5038 coetus
1206 4969 1291 5021 ltic
1321 4969 1499 5019 laudat
1531 4984 1543 5019 :
1590 4967 1811 5020 Paulum
1843 4969 2077 5038 ignitum,
2108 4984 2196 5021 cor
2220 4969 2396 5038 igniri,
2430 4968 2682 5035 Spiritum
2715 4979 2949 5021 sanctum
2995 4968 3175 5034 ignire,
3220 4967 3406 5020 scribit
3432 4967 3539 5021 Leo
3567 4967 3713 5023 locis

452 5046 503 5099 in
533 5036 743 5095 dissert
775 5041 811 5091 2
842 5042 1035 5092 notatis
1064 5057 1076 5091 :
1106 5036 1298 5092 Gratus
1325 5039 1508 5091 divinte
1535 5039 1768 5107 largitas.
1795 5036 1998 5091 sinister
2023 5036 2292 5091 haedorum
2338 5052 2577 5090 numerus
2598 5078 2613 5101 ,
2659 5048 2809 5091 cauta
2854 5038 3093 5104 provisio,
3143 5039 3355 5090 incauta
3405 5038 3662 5091 districtio
3695 5081 3711 5103 ,

452 5113 775 5185 frementium
797 5112 1071 5185 bestiarum
1095 5110 1312 5171 insidiis,
1334 5124 1403 5185 ea:
1430 5125 1515 5161 ore
1542 5114 1785 5185 veniatis,
1819 5122 1872 5161 et
1902 5110 2086 5185 plures
2115 5109 2210 5163 alii
2252 5110 2498 5185 loquendi
2519 5108 2671 5185 _modi
2715 5108 2950 5162 Leonem
3000 5110 3492 5185 representation!
3533 5111 3713 5163 certis

451 5178 666 5251 i-crtptis
690 5181 937 5234 similiter
962 5185 1291 5251 loquentem.
1325 5181 1455 5245 Qua:
1488 5184 1538 5251 in
1569 5180 1671 5251 isto
1697 5193 1951 5232 sermone
1986 5179 2055 5233 de
2081 5191 2239 5233 cantu
2262 5178 2602 5251 ecclesiatico
2628 5181 2798 5247 deque
2821 5188 3012 5231 ornatu
3042 5180 3367 5251 templorum
3406 5178 3708 5246 habentur,

451 5248 630 5315 nemo,
666 5256 877 5319 opinor,
928 5249 1241 5305 recentiorts
1281 5252 1454 5304 aetatis
1502 5249 1756 5302 iudicium
1800 5265 1920 5303 esse
1951 5260 2203 5318 suggeret
2240 5267 2253 5301 :
2291 5248 2357 5302 de
2384 5262 2542 5319 cantu
2567 5250 2709 5302 enim
2739 5263 2884 5319 smne
2917 5250 3162 5301 meminit
3190 5248 3249 5303 S.
3284 5249 3413 5312 Leo,
3442 5262 3710 5304 ornatum

450 5339 581 5379 Vero
606 5318 924 5390 templorum
960 5323 1009 5372 in
1039 5318 1244 5373 festins
1270 5325 1458 5374 diebus
1488 5330 1799 5379 usurpatum
1831 5321 1910 5373 vel
1942 5321 2093 5373 solus
2117 5319 2187 5375 40
2210 5320 2376 5390 (nunc
2403 5318 2494 5390 41)
2526 5334 2706 5390 sermo
2735 5319 2792 5375 S.
2824 5318 3043 5390 Leonis,
3073 5319 3163 5387 qui
3192 5319 3362 5373 estde
3387 5319 3711 5388 Quadrage-

450 5397 585 5449 siina
619 5386 824 5454 tertius,
854 5394 1029 5444 Statim
1069 5397 1136 5442 ah
1162 5390 1314 5443 initio
1339 5393 1523 5456 pruhtl
1553 5406 1582 5442 a
1612 5390 1806 5444 Leonis
1829 5402 1983 5445 aetate
2008 5407 2112 5445 non
2142 5386 2262 5443 esse
2289 5386 2544 5443 alienum.
2573 5388 2902 5443 Festivitatis
2940 5386 3230 5443 Cathedrte
3270 5391 3564 5455 antiquitas
3602 5386 3709 5443 εἶε-

451 5472 666 5520 seritur.
700 5475 808 5515 tum
843 5479 906 5515 ex
951 5462 1208 5515 laterculo
1248 5462 1561 5529 p-r.tiitiqtio
1593 5461 1729 5525 apud
1782 5460 2051 5528 [Egidium
2095 5460 2439 5524 But-herium,
2475 5461 2660 5528 inquo
2700 5460 2770 5513 ita
2804 5460 3032 5513 habetur
3060 5477 3101 5529 7:
3155 5474 3243 5513 vttt
3286 5458 3393 5514 kal.
3420 5456 3711 5515 Februarii

457 5536 645 5589 Natale
675 5534 812 5586 Petri
842 5535 904 5585 de
931 5532 1218 5596 (.‘atltedra;
1246 5528 1375 5591 tum.
1409 5540 1461 5584 et
1489 5533 1687 5585 certius
1719 5534 1951 5594 quidem.
1975 5548 2039 5586 ex
2071 5547 2277 5585 eanone
2319 5530 2392 5583 22
2429 5530 2641 5583 concilii
2679 5530 3008 5582 Turonensis
3030 5528 3092 5583 ll.
3127 5530 3185 5584 Si
3215 5532 3359 5584 enim
3389 5540 3516 5585 tunc
3550 5544 3707 5586 tem-

454 5610 623 5676 pUris,
656 5606 754 5658 hoc
785 5616 864 5676 est
903 5620 1044 5676 anno
1072 5600 1421 5676 ειη-πειρῶ,
1444 5605 1699 5676 agebitur
1738 5605 1789 5655 in
1829 5602 2034 5676 Galliis,
2060 5600 2381 5676 jampridem
2407 5601 2569 5676 dubio
2598 5603 2778 5676 procul
2806 5600 2860 5653 in
2892 5601 3131 5676 Ecclesia
3160 5600 3401 5676 Romana
3430 5603 3712 5657 celebrari

452 5671 728 5731 debuerat.
783 5675 946 5727 Immo
974 5674 1133 5728 etiam
1168 5677 1217 5726 in
1247 5672 1517 5727 Gallicana
1570 5675 1842 5741 antiquam
1878 5674 1986 5741 jam
2037 5684 2147 5726 tum
2199 5672 2361 5725 fuisse
2412 5671 2600 5741 probat
2658 5672 2797 5741 idem
2844 5685 3039 5723 canon.
3084 5672 3507 5735 Superstitiones
3556 5676 3715 5729 enim

452 5756 672 5817 propter
702 5760 833 5812 quas
862 5746 1179 5817 resecandas
1210 5743 1446 5817 sattcittis
1473 5739 1714 5817 est,_noii
1749 5744 1857 5817 nisi
1881 5739 2035 5817 post
2046 5745 2202 5817 longa
2235 5745 2301 5794 ab
2332 5740 2625 5817 illiusfesti
2657 5739 2991 5817 institutione
3022 5751 3322 5817 temporum
3356 5749 3527 5809 spatia
3559 5743 3678 5817 irrc
3708 5782 3713 5786 -

454 5811 582 5885 bere
606 5811 834 5885 cupisse
861 5816 1137 5885 probabile
1165 5824 1266 5871 est.
1297 5813 1451 5869 Adde
1470 5813 1612 5882 quod
1643 5816 1757 5869 haec
1784 5814 1969 5883 primis
1995 5813 2252 5869 Ecclesia:
2274 5812 2607 5879 temporibus
2628 5811 2793 5880 viguit
2819 5811 3169 5877 consuetudo,
3197 5820 3254 5865 tit
3274 5826 3459 5867 eorum
3486 5814 3715 5882 episci»
