3980 6352
236 348 326 404 521

1004 346 1070 402 ΙΝ
1107 344 1474 405 SERMONES
1514 350 1570 405 S.
1614 348 1858 405 LEONIS
1897 345 2112 403 MAGNI
2149 344 2739 408 OBSERVATIONES.

3401 355 3509 410 522

233 465 398 537 loysi
436 479 448 516 :
482 460 596 537 ligo
626 478 736 516 sum
764 478 854 537 qui
884 478 1027 537 sani,
1069 472 1117 537 et
1146 465 1252 518 [nec
1280 464 1413 519 dices
1446 467 1567 535 [iliis
1599 465 1769 521 Israel
1799 482 1816 520 :
1845 474 1894 527 Α
1923 463 2050 537 mihi
2095 464 2311 533 gloriam
2336 476 2505 529 tuam,
2530 465 2605 519 ait
2635 466 2893 521 Dominus
2921 485 2931 519 :
2972 466 3092 521 Non
3122 469 3312 537 poteris
3338 472 3510 525 videre

235 532 331 600 Qui
357 535 601 607 estimisit
630 550 709 587 me
728 532 795 607 ad
819 551 909 607 vos
940 532 1136 606 (Exod.
1171 551 1246 601 ιιι,
1278 537 1365 607 Μ)
1399 556 1411 591 :
1443 532 1638 607 quique
1660 553 1813 593 eum-

230 607 346 660 dem
407 606 661 677 Moysem
707 605 775 659 ob
818 605 1189 660 liberationem
1249 605 1475 661 ﬁliorum
1534 605 1693 663 Israel
1747 609 1812 661 ad

231 676 567 732 Pharaonem
596 676 848 741 miserat,
881 688 933 731 et
963 678 1008 730 ei
1039 678 1091 730 in
1124 688 1305 733 monte
1348 678 1474 732 Sina
1508 681 1675 749 legem
1718 681 1813 733 de-

228 748 397 814 derat,
431 765 592 817 atque
617 749 934 816 prOphetam
966 749 1131 802 Eliam
1158 750 1313 816 igneo
1335 766 1494 805 curru
1522 748 1579 805 in
1595 766 1810 806 aereum

228 820 421 875 caelum
448 820 763 883 devexerat,
796 821 892 873 hos
922 829 1086 873 testes
1112 822 1177 873 ad
1209 836 1319 875 suae
1349 822 1607 876 claritatis
1642 833 1813 876 trans-

228 892 603 963 ﬁgurationem
653 892 833 945 divina
875 898 1141 960 potestate
1194 907 1313 947 cum
1363 893 1639 963 discipulis
1679 909 1809 949 con-

226 962 596 1029 templandam
647 964 997 1029 perduxerat;
1033 963 1284 1017 nimirum
1321 980 1483 1018 unum
1504 962 1695 1019 eorum
1726 980 1813 1019 re—

227 1046 423 1086 vocans
476 1047 506 1086 a
561 1034 747 1087 lintine
800 1034 1029 1097 mortis,
1089 1034 1315 1087 alterum
1369 1052 1400 1089 a
1460 1037 1811 1090 translatione

222 1104 493 1178 paradisi.
511 1104 697 1178 Nullus
720 1106 861 1158 enim
891 1106 1029 1158 scire
1053 1112 1262 1178 poterat
1289 1108 1595 1173 sepulcrum
1621 1107 1807 1178 Moysi,

221 1174 321 1228 nisi
354 1175 447 1241 qui
473 1173 635 1242 jussit
663 1186 716 1229 et
742 1178 807 1229 ad
841 1189 901 1229 se
936 1191 1056 1227 eum
1097 1176 1377 1244 perduxit;
1428 1187 1481 1231 et
1519 1194 1676 1232 nemo
1706 1173 1811 1247 quo

220 1253 365 1299 esset
411 1247 560 1301 Elias
606 1250 897 1300 translatus
936 1259 1295 1315 cognoverat,
1336 1249 1437 1302 nisi
1464 1250 1553 1315 qui
1583 1265 1705 1303 eum
1742 1249 1807 1303 ad

218 1330 275 1370 se
315 1326 636 1390 Vocaverat.
681 1318 777 1372 llic
806 1327 887 1371 est
916 1319 1082 1390 enim
1107 1316 1422 1388 Unigenitus
1458 1318 1631 1373 Patris
1658 1360 1673 1385 ,
1717 1320 1807 1390 qui

217 1398 441 1456 propter
473 1389 695 1443 humani
740 1391 949 1457 generis
993 1388 1416 1456 redemptionem
1458 1390 1598 1445 ellici
1642 1388 1809 1446 voluit

218 1460 611 1527 primogenitus
630 1462 838 1513 matris.
868 1459 923 1513 ln
956 1458 1055 1512 hac
1082 1474 1309 1528 namque
1339 1462 1596 1516 hodierna
1630 1473 1805 1517 trans-

216 1528 543 1597 ﬁguratione
573 1530 877 1585 coadunare
906 1528 1076 1584 voluit
1112 1532 1388 1601 utriusque
1427 1534 1635 1601 pagina:
1674 1548 1803 1587 con-

218 1601 618 1673 cordationcm.
656 1601 723 1657 Ut
766 1603 908 1656 enim
941 1601 1245 1655 ostenderet
1275 1618 1333 1656 se
1370 1620 1490 1658 esse
1526 1604 1655 1673 legis
1704 1605 1807 1658 Do-

215 1671 423 1726 minum
458 1682 512 1727 et
542 1675 858 1741 praphetam
882 1714 898 1738 ,
929 1673 1027 1726 hos
1056 1673 1223 1725 voluit
1245 1675 1537 1740 perducere
1565 1671 1629 1727 ad
1661 1676 1809 1729 testi-

214 1745 461 1797 monium
491 1744 970 1814 evangelistarum.
1002 1744 1059 1797 In
1097 1743 1196 1796 hac
1229 1744 1491 1813 siquidem
1524 1747 1806 1805 transﬁgu-

214 1815 427 1884 ratione
459 1815 657 1884 placuit
678 1817 761 1881 ei,
791 1815 1149 1881 disnenaatori
1176 1814 1350 1870 Patris
1375 1816 1660 1871 ostendere
1688 1816 1804 1870 Filii

213 1883 689 1952 diSpensatorem,
737 1886 941 1941 scilicet
985 1885 1203 1939 Petrum
1255 1886 1450 1957 Moysi,
1502 1896 1555 1941 et
1599 1899 1804 1942 castum

213 1967 457 2011 veterem
478 1968 630 2011 casto
648 1973 787 2012 novo
802 1958 1177 2012 demonstrare
1192 1958 1379 2023 voluit,
1403 1959 1571 2012 Eliam
1587 1958 1799 2013 Joanni.

211 2025 363 2081 Duos
384 2029 530 2083 soles
554 2030 605 2083 in
628 2039 810 2082 monte
832 2028 1126 2083 cernebant
1150 2028 1308 2082 hodie
1328 2029 1593 2096 discipuli,
1617 2046 1800 2096 unum,

210 2100 305 2166 qui
347 2100 417 2152 ab
444 2103 524 2155 eis
558 2102 812 2154 omnibus
840 2099 1305 2169 contemplabatur
1334 2100 1390 2153 in
1434 2100 1801 2169 ﬁrmamento,

210 2179 265 2241 et
290 2169 529 2241 alterum
549 2212 566 2237 ,
601 2172 691 2241 qui
723 2170 1056 2241 splendidius
1101 2186 1167 2241 eo
1197 2171 1403 2239 fulgens
1434 2187 1462 2225 a
1501 2173 1709 2226 vatibus
1753 2183 1807 2227 et

209 2238 501 2311 discipulis
532 2238 874 2306 cernebatur,
907 2240 1074 2297 facies
1103 2240 1252 2296 Jesu.
1280 2238 1385 2297 ’Hic
1414 2257 1544 2297 vero
1568 2242 1683 2308 Sol,
1717 2244 1805 2311 qui

206 2310 259 2364 in
299 2323 489 2367 monte
515 2313 789 2379 rutilabat,
828 2314 981 2368 illum
1022 2313 1111 2382 qui
1143 2314 1195 2367 in
1219 2311 1560 2369 ﬁrmamento
1588 2323 1673 2368 est
1710 2310 1810 2367 sua

208 2385 468 2454 potentia
502 2384 824 2438 illustrabat.
853 2384 961 2439 Iste
987 2398 1219 2453 namque
1249 2382 1338 2438 Sol
1362 2384 1580 2454 iustitia:
1610 2384 1809 2439 ardens

205 2461 263 2505 et
295 2453 527 2519 lucens;
560 2455 800 2509 ardendo
829 2456 972 2510 enim
1010 2456 1061 2509 in
1112 2470 1169 2509 se
1195 2453 1441 2510 accendit
1470 2454 1690 2520 ﬁdeles,
1731 2458 1811 2510 lu-

206 2525 397 2597 cendo
446 2525 718 2597 illuminat
762 2540 974 2583 omnes.
1027 2528 1101 2580 De
1149 2527 1251 2597 isto
1291 2541 1521 2597 namque
1567 2526 1693 2582 Sole
1737 2528 1811 2580 ait

206 2592 461 2651 Joannes
494 2615 507 2649 :
535 2596 662 2650 Erat
702 2596 794 2651 lux
822 2613 943 2651 vera
976 2613 1088 2667 quae
1119 2596 1375 2667 illuminat
1419 2592 1617 2651 omnem
1647 2597 1812 2651 homi-

205 2683 337 2739 nen}
374 2669 653 2723 venientem
681 2670 734 2721 in
763 2669 899 2721 hunc
926 2665 1177 2722 mundum
1210 2665 1388 2739 (Joan.
1412 2684 1459 2731 ι,
1494 2667 1570 2739 9).

279 2738 425 2792 Car.
461 2739 548 2793 lll.
589 2770 657 2779 —
690 2739 887 2794 Verum
932 2750 991 2793 ut
1027 2742 1243 2794 claritas
1293 2740 1433 2793 illius
1466 2738 1619 2795 nabis
1662 2752 1813 2795 certo

204 2810 427 2863 certius
470 2812 867 2875 insinuaretur,
926 2822 1206 2880 postquam
1257 2810 1306 2862 in
1363 2811 1521 2864 aliam
1574 2813 1809 2879 speciem

204 2881 406 2934 mittis
450 2881 564 2950 ejus
597 2883 1005 2952 transﬁguratus
1032 2890 1135 2943 est,
1168 2889 1221 2934 et
1247 2896 1275 2933 a
1315 2881 1454 2935 nube
1486 2883 1656 2937 lucida
1689 2898 1809 2938 cum

202 2952 489 3019 apostolis
516 2953 882 3018 obumbratus,
908 2968 934 3005 a
962 2954 1122 3006 Patre
1153 2954 1415 3006 veraciter
1438 2960 1521 3006 est
1547 2952 1811 3007 clariﬁca-

202 3032 301 3076 tns
343 3040 361 3073 :
404 3022 505 3075 Hic
530 3036 625 3089 est,
649 3025 842 3092 inquit,
874 3021 1044 3077 Filius
1070 3039 1210 3075 meus
1235 3022 1592 3089 charissin’tus,
1644 3025 1812 3088 ipsum

201 3094 407 3146 audite
459 3093 608 3165 (Luc.
642 3110 731 3159 lx,
761 3094 872 3163 '55).
916 3094 1170 3165 Discipuli
1200 3109 1332 3148 vero
1380 3103 1577 3148 tantam
1622 3110 1810 3149 vocem

200 3179 327 3219 non
373 3164 622 3231 ferentes,
653 3166 963 3221 ceciderunt
986 3168 1035 3219 in
1062 3164 1285 3229 faciem,
1323 3165 1804 3235 recedentibusque

1924 535 2111 606 f_aciem
2160 551 2356 601 meam;
2394 539 2505 589 r'non
2544 539 2678 591 enim
2714 539 2899 593 videbit
2927 555 3007 594 me
3046 535 3230 606 homo,
3274 550 3322 594 et
3357 544 3506 597 vivet.

1924 602 2074 668 Ecce,
2101 606 2289 675 inquit,
2314 607 2551 681 estilocus
2564 611 2703 677 apud
2726 628 2823 679 me,
2849 621 2895 665 et
2916 610 3070 664 stabis
3099 602 3258 681 supra
3281 624 3509 681 petram;

1919 690 2131 741 cumque
2186 678 2420 729 transibit
2464 680 2629 752 gloria
2678 678 2826 744 mea,
2866 699 3051 750 ponam
3094 678 3221 736 tein
3258 678 3508 752 foramine

1920 758 2099 825 petrae,
2132 758 2176 799 et
2202 759 2462 817 protegant
2486 760 2532 803 te
2555 751 2764 806 dextera
2788 755 3101 825 mea,donec
3131 751 3474 823 pertranseam
3491 801 3507 825 ,

1920 816 2198 895 {altamque
2236 816 2445 871 manum
2491 838 2672 895 meam,
2725 834 2772 876 et
2802 824 2991 878 videbis
3034 816 3317 895 posjeriora
3362 816 3503 895 mea,

1916 887 2102 966 [aciem
2131 897 2299 966 autem
2328 906 2499 966 meam»
2522 891 2827 966 videreunon
2860 887 3047 963 poteris
3083 894 3279 966 (Exod.
3313 887 3506 961 xum,

1918 960 2013 1023 18,
2038 959 2110 1015 20
2134 960 2661 1037 seqq.)._Qt_iidnam,
2681 959 3011 1018 dilecti-simi
3030 1012 3044 1034 ,
3080 959 3161 1020 est
3189 966 3324 1021 hoc?
3352 959 3509 1037 quid;

1917 1044 2040 1083 nam
2092 1032 2360 1105 esthoc?
2398 1032 2790 1105 Numquidnam
2835 1032 3120 1091 Dominum
3167 1053 3324 1091 nemo
3370 1032 3508 1095 vidit
3586 1102 3590 1105 ν

1918 1103 2206 1176 umquam?
2244 1103 2654 1176 _Numqnidnam
2691 1108 2945 1161 mentitus
2992 1121 3073 1161 est
3107 1124 3242 1160 unus
3272 1109 3463 1165 horum
3488 1152 3504 1176 ,

1915 1172 2003 1250 qui
2026 1172 2169 1250 dixit
2194 1192 2205 1228 :
2232 1173 2569 1250 Deum_nent_u
2593 1177 2715 1250 vidit
2747 1194 3006 1245 umquam,
3041 1178 3138 1250 nisi
3169 1172 3505 1250 Unigenitus,

1915 1244 1999 1367 ἵηαὶ
2040 1253 2112 1297 est
2149 1245 2203 1297 in
2249 1250 2365 1298 sinu
2390 1243 2597 1309 Patris,
2636 1248 2743 1313 ipse
2783 1243 3040 1302 enarravit
3087 1243 3338 1319 (Joanft,
3375 1250 3505 1322 18)?

1969 1316 2312 1367 umauidnam
2372 1318 2711 1367 omniunte‘ns
2769 1318 2927 1367 Pater
2974 1320 3273 1367 inmniliilis
3314 1331 3366 1367 ιιι
3406 1324 3504 1367 im.

1969 1316 2312 1383 umquidnam
2372 1318 2711 1385 omnipotens
2769 1318 2927 1374 Pater
2972 1316 3273 1386 incapihilis
3314 1316 3366 1374 ct
3406 1316 3504 1375 im-

1915 1399 2171 1448 mensus,
2224 1397 2383 1458 atque
2414 1387 2698 1443 invisibilis
2725 1404 3015 1458 Corporens
3062 1406 3185 1445 esse
3231 1394 3500 1457 creditur,

1913 1465 2005 1510 aut
2036 1461 2277 1529 membra
2306 1457 2378 1510 illi
2406 1460 2745 1512 ascribuntur
2767 1463 3066 1529 corpomlia
3094 1506 3108 1529 ,
3146 1474 3202 1518 nt
3234 1465 3501 1517 referatur

1916 1540 2036 1598 eum
2070 1526 2270 1581 habere
2292 1530 2624 1596 posteriora?
2646 1526 2888 1598 Magnum
2919 1526 3141 1596 esthoc,
3175 1532 3504 1595 profundum

1916 1596 2155 1669 esthoc;
2206 1607 2259 1669 et
2290 1599 2513 1669 tantillis
2545 1612 2647 1653 tam
2680 1596 3002 1669 profundum
3049 1604 3232 1655 rimari
3282 1620 3385 1659 non
3418 1616 3503 1660 est

1915 1665 2093 1743 facile.
2129 1668 2233 1743 Sed
2268 1668 2349 1743 il_l_i_
2374 1669 2472 1722 soli
2502 1665 3011 1743 estiaperienduin,
3064 1673 3156 1743 qui
3200 1690 3320 1730 cum
3357 1676 3499 1741 vult,

1916 1734 2088 1814 brutis
2110 1739 2437 1814 animalibus
2468 1742 2642 1814 aperit
2668 1734 2733 1796 "os
2763 1744 2827 1795 ad
2852 1734 3199 1814 loquendum.
3247 1745 3290 1800 Ο
3318 1734 3502 1803 sancte

1916 1805 2150 1885 Spiritus
2181 1811 2339 1885 nobis
2371 1805 2549 1885 resera
2580 1812 2681 1864 hoc
2712 1805 2981 1885 summu'm
3010 1813 3183 1869 Patris
3206 1817 3500 1885 eloquium.

1914 1880 2191 1951 Attendite
2231 1881 2541 1951 diligentius
2566 1923 2581 1948 ,
2637 1883 2900 1940 attendite
2926 1927 2939 1950 ,
2969 1880 3340 1951 dilectissimi,
3375 1902 3502 1943 cau-

1912 1950 2057 2023 tius,
2110 1960 2308 2023 ethuna
2340 1950 2569 2023 mecum
2613 1952 2698 2008 hic
2743 1966 2976 2010 vestrum
3008 1967 3192 2023 parate
3241 1950 3499 2013 animum.

1982 2022 2111 2094 Cap.
2149 2021 2237 2077 ιν.
2270 2051 2343 2062 -
2372 2020 2501 2077 Cum
2547 2026 2890 2094 pertransiero
2914 2068 2928 2091 ,
2987 2020 3163 2094 inquit
3210 2027 3499 2094 Dominus,

1908 2091 2099 2170 videbis
2126 2095 2412 2170 posteriora
2422 2086 2563 2170 mea,
2584 2086 2775 2170 '[aciem
2802 2086 3160 2170 meamivid'ere
3183 2114 3283 2152 non
3313 2086 3502 2170 poteris

1913 2160 2326 2239 _(Exo_d._:xxsttr,
2347 2164 2459 2232 9.5).
2496 2160 2682 2239 Facies
2708 2182 2937 2235 namque
2968 2168 3174 2222 Domini
3199 2160 3502 2239 incompre-

1910 2231 2191 2287 hensibilis
2223 2231 2433 2307 Deitas;
2460 2237 2754 2307 posteriora
2783 2231 2911 2292 vero
2932 2239 3049 2307 ejus
3076 2239 3197 2293 Filii
3226 2231 3497 2297 crede-uda

1910 2313 1993 2382 est
2029 2316 2307 2374 assumpta
2335 2306 2658 2382 humanitas.
2692 2308 2936 2382 Profecto
2968 2306 3069 2382 per
3101 2310 3290 2365 facient
3315 2353 3328 2377 ,
3380 2328 3503 2382 qua:

1912 2376 2082 2443 prima
2135 2391 2257 2444 pars
2298 2388 2379 2430 est
2404 2378 2682 2445 corporis,
2734 2376 2991 2434 Divinitas
3034 2376 3336 2436 insinuatur
3375 2376 3503 2439 ante

1912 2448 2093 2521 omnia
2120 2447 2344 2521 saecula;
2379 2448 2673 2521 posteriora
2698 2466 2823 2504 vero
2846 2450 3045 2505 Christi
3070 2452 3373 2507 humanitas
3396 2466 3501 2521 est,

1914 2531 2032 2585 qum
2064 2516 2117 2570 in
2150 2516 2335 2570 ultima
2381 2517 2446 2570 ad
2494 2532 2592 2571 nos
2622 2534 2718 2587 per
2759 2522 3067 2576 inviolatam
3097 2525 3242 2578 venit
3283 2516 3501 2580 Mariam

1916 2597 2181 2664 tempora.
2217 2589 2277 2664 In
2298 2587 2398 2664 liae
2417 2588 2817 2664 siquidem_die,
2851 2593 2992 2663 quod
3020 2608 3120 2648 suo
3146 2594 3347 2649 famulo
3378 2611 3504 2664 pro-

1914 2660 2065 2734 misit
2084 2658 2275 2734 Moysi,
2308 2658 2536 2734 ﬁdeliter
2561 2676 2655 2727 per
2677 2658 2881 2717 Filium
2901 2664 3057 2718 Pater
3079 2658 3394 2734 complevit:
3425 2666 3500 2722 De

1916 2729 2018 2784 hac
2044 2729 2256 2798 quidem
2295 2731 2633 2784 solemnitate
2666 2734 2827 2799 hujus
2864 2734 2969 2789 diei
3006 2735 3173 2789 David
3204 2729 3285 2790 ait
3316 2755 3327 2788 :
3362 2734 3503 2791 Con-

1916 2800 2188 2870 fessionem
2218 2799 2383 2871 459
2413 2811 2457 2853 et
2496 2802 2727 2855 decorem
2775 2805 3017 2870 induisti,
3051 2807 3265 2861 amictus
3310 2808 3503 2861 lumine

1917 2873 2050 2942 sicut
2069 2870 2361 2925 vestimento
2380 2870 2500 2941 (Ps.
2525 2886 2640 2937 cm,
2665 2872 2737 2942 1).
2764 2874 3166 2930 Confessionem
3183 2877 3500 2933 etdecorem

1918 2941 2251 3018 indutus’est
2290 2942 2555 3018 Christus,
2589 2941 2709 2996 cum
2733 2945 2911 3018 gloria
2944 2959 3179 3015 paterna:
3208 2950 3356 3003 vocis
3380 2951 3497 3018 glo-

1917 3012 2267 3089 rilicatusest
2300 3013 2576 3089 :_atn_ictus
2618 3022 2701 3068 est
2732 3012 3106 3073 lumine-sicut
3137 3012 3462 3074 vestimento
3482 3062 3500 3089 ,

1917 3098 2038 3136 cum
2091 3084 2221 3157 solis
2252 3083 2550 3157 _splend_ore
2593 3101 2743 3139 suum
2792 3089 3068 3157 discipulis
3122 3083 3495 3146 coruscantem

1919 3154 2156 3225 ostendit
2176 3155 2403 3208 vultum.
2432 3154 2508 3209 De
2531 3154 2630 3209 hac
2652 3172 2863 3225 qtthue
2884 3154 3226 3215 solemnitate
3251 3160 3505 3217 Habacuc

201 3236 414 3307 Moyse
441 3245 497 3290 et
544 3224 657 3291 Elia
678 3279 693 3303 ,
748 3238 1005 3291 remansit
1036 3236 1149 3291 sola
1191 3224 1405 3289 soboles
1443 3237 1623 3290 divina
1647 3224 1803 3304 ,q'nae

1921 3224 2173 3307 propheta
2226 3226 2552 3307 mirabatur,
2600 3224 2719 3280 cum
2769 3224 2834 3283 ab
2886 3231 3009 3307 ipso
3046 3230 3438 3307 decantabatur
3480 3250 3495 3284 :

204 3309 452 3377 erigens
481 3322 574 3362 eos
601 3308 771 3378 inquit
802 3326 814 3361 :
861 3306 1038 3361 Nolite
1066 3309 1269 3371 timere,
1300 3308 1444 3377 quod
1476 3317 1559 3362 est
1582 3308 1762 3362 dicere
1798 3326 1808 3361 :

203 3378 483 3433 Timeant
510 3379 619 3443 illi,
650 3379 740 3449 qui
769 3394 874 3433 non
904 3380 1166 3443 credunt,
1217 3380 1440 3433 timeant
1467 3394 1600 3448 quos
1647 3378 1813 3447 phan-

202 3459 464 3503 tasmata
517 3451 761 3504 illudunt.
800 3450 939 3516 Vos,
992 3449 1081 3521 qui
1132 3449 1308 3503 Patris
1366 3450 1502 3503 Filio
1547 3451 1810 3516 obeditis,

204 3522 460 3590 ejusque
488 3524 695 3575 arcanis
726 3522 949 3576 secretis
972 3521 1277 3583 interestis,
1325 3536 1484 3587 quam
1511 3521 1581 3577 ob
1610 3535 1721 3574 rem
1749 3522 1816 3575 ti-

202 3593 354 3647 midi
385 3592 549 3646 estis?
572 3594 819 3647 Attamen
843 3595 1011 3646 sancti
1036 3592 1283 3659 discipuli
1309 3591 1474 3663 458
1524 3592 1815 3659 respicien-

204 3673 325 3727 tes,
355 3663 632 3718 neminem
665 3666 939 3731 viderunt,
964 3664 1063 3718 nisi
1092 3666 1266 3717 solum
1290 3664 1505 3727 Jesum;
1531 3675 1585 3717 ut
1617 3663 1815 3733 liquido

204 3735 693 3789 demonstraretur
742 3736 864 3804 quia
920 3750 1020 3790 vox
1079 3749 1200 3803 quas
1242 3734 1403 3804 missa
1466 3736 1665 3800 fuerat,
1709 3750 1813 3788 non

203 3805 435 3875 lloysi,
495 3820 597 3859 non
654 3803 788 3859 Elia:
813 3848 828 3872 ,
859 3807 953 3859 sed
986 3806 1262 3874 unigenito
1303 3803 1440 3859 Filio
1479 3805 1816 3859 solummodo

204 3885 575 3944 congruerat.
610 3876 683 3931 De
713 3877 813 3930 hac
842 3877 1041 3946 quippe
1069 3876 1277 3930 visione
1308 3876 1521 3944 quidam
1546 3875 1819 3931 facundis-

204 3949 403 4000 simus
453 3957 609 4015 poeta
661 3948 958 4001 admiratur
1010 3956 1171 4017 atque
1226 3948 1499 4001 collaudat
1565 3949 1818 4002 meritum

206 4018 423 4073 borum
460 4022 619 4072 trium
650 4018 1018 4088 apostolorum
1065 4020 1251 4074 dicens
1278 4017 1582 4090 (Sedulius,
1638 4020 1673 4072 Ι.
1727 4034 1815 4083 ιιι,

207 4106 255 4143 c.
298 4087 425 4143 284
454 4089 614 4160 seqq.)
644 4107 657 4141 :

207 4106 255 4143 τ.
299 4105 425 4143 264
454 4105 614 4160 seqq.)
644 4107 657 4141 :

308 4180 361 4245 ρ
387 4183 615 4245 meritum
637 4182 848 4234 sublime
871 4184 1037 4242 trium,
1058 4184 1235 4245 quibus
1257 4183 1337 4232 illa
1358 4184 1528 4232 videre

308 4242 541 4306 Contigit
565 4246 612 4292 in
636 4246 813 4294 mundo
829 4258 936 4306 qua:
956 4258 1052 4293 non
1072 4242 1189 4295 sunt
1206 4245 1390 4294 credita
1412 4246 1588 4293 mundo
1605 4244 1613 4294 l

308 4255 541 4353 ωιιιιξιι
565 4258 612 4292 tn
636 4255 813 4294 mundo
829 4258 936 4306 qua:
956 4258 1052 4293 non
1072 4255 1189 4295 sunt
1206 4255 1390 4294 credita
1412 4255 1588 4293 mundo
1605 4255 1613 4294 ι

290 4304 452 4369 ’Quid
517 4307 639 4367 quod
665 4314 719 4356 et
742 4307 914 4365 Eliam,
937 4308 1181 4357 etclarum
1206 4309 1385 4357 virtute
1410 4308 1625 4369 Moysem

310 4366 702 4419 Ignotos’oculis
724 4369 954 4418 viderunt
979 4370 1162 4418 lumine
1186 4370 1363 4419 cordis.

312 4404 395 4494 ﬁt
423 4432 579 4490 major
602 4404 848 4494 sithnqstra
873 4430 1011 4491 ﬁdes,
1032 4432 1159 4480 hunc
1181 4445 1293 4481 esse
1313 4445 1399 4494 per
1420 4432 1589 4480 orbem

308 4491 628 4555 Principium
652 4506 707 4541 ac
727 4492 892 4555 ﬁnem,
918 4494 1044 4543 hunc
1069 4494 1225 4555 Alpha
1257 4491 1487 4542 videlicet
1513 4501 1564 4543 et
1585 4521 1613 4543 ω
1638 4508 1648 4540 :

310 4554 488 4617 Quem
513 4555 725 4603 medium
750 4554 1266 4617 tales'circumfulsere
1290 4556 1557 4617 prophetas.

309 4616 469 4665 Alter
497 4618 651 4666 adhuc
673 4618 860 4677 vivens,
888 4616 1014 4666 alter
1031 4626 1165 4666 stans
1185 4616 1500 4667 lumine’vita:
1530 4633 1541 4667 :

310 4680 637 4740 Sidereoque
661 4692 799 4740 sono,
828 4680 967 4727 Meus
991 4680 1068 4728 hic
1090 4686 1165 4731 est
1184 4680 1353 4738 Filius,
1384 4684 1540 4740 alens,

313 4740 558 4790 Ostendit
577 4743 726 4790 verbo
740 4745 965 4803 genitum
989 4756 1082 4793 vox
1100 4742 1265 4791 Patria
1285 4742 1543 4792 Christum.

213 4846 365 4900 Hinc
390 4860 621 4915 namque
644 4845 814 4916 Moysi
837 4846 1149 4915 deprecanti
1170 4856 1330 4916 atque
1352 4848 1569 4914 dicenti,
1598 4850 1821 4907 Ostende

1918 3295 2168 3362 Domine,
2203 3298 2376 3349 audivi
2424 3300 2655 3350 auditum
2690 3308 2832 3353 tuum
2873 3295 2919 3354 et
2973 3302 3154 3365 timui,
3186 3302 3506 3357 considerari

1917 3376 2186 3442 aperatua
2208 3378 2254 3421 et
2287 3370 2483 3442 sapori.
2518 3367 2682 3436 (Iiab.
2720 3372 2910 3442 niti).
2945 3372 3211 3442 Numquid
3245 3373 3502 3428 fabricam

1918 3438 2106 3513 mundi
2132 3439 2232 3513 iste
2264 3439 2490 3513 miratus
2520 3442 2768 3513 expavit?
2790 3438 2934 3513 _Non.
2972 3443 3081 3513 Sed
3101 3438 3240 3513 quid
3274 3444 3501 3499 miratus

1917 3508 2170 3584 expavit?
2185 3509 2323 3562 Audi
2339 3510 2460 3578 quid
2481 3511 2754 3584 sequitur;
2778 3510 2842 3565 In
2861 3514 3049 3581 medio,
3072 3508 3266 3584 inquit,
3286 3514 3508 3569 duorum

1918 3580 2224 3654 animalium
2251 3582 2595 3654 cognosceris.
2618 3580 2664 3634 0
2696 3580 3179 3654 cltarissimi,’quid
3203 3594 3286 3640 est
3314 3586 3366 3637 in
3399 3602 3506 3640 me—

1919 3650 2005 3722 dio
2038 3651 2255 3703 duorum
2278 3650 2583 3704 animalium
2612 3656 2971 3722 cognosceris?
2995 3650 3102 3709 Nisi
3129 3667 3220 3710 aut
3251 3658 3305 3710 in
3328 3656 3510 3712 medio

1919 3720 2148 3775 duorum
2169 3730 2643 3797 testamentorum,
2675 3720 2766 3777 aut
2790 3727 2839 3777 in
2871 3727 3049 3781 medio
3071 3726 3273 3797 Moysis
3301 3736 3357 3781 et
3374 3727 3507 3782 Elia:

1919 3806 2044 3866 cum
2072 3807 2138 3866 eo
2168 3792 2323 3846 hodie
2346 3793 2406 3866 in
2426 3801 2609 3866 monte
2630 3797 3130 3866 sermocinantium.
3158 3792 3252 3851 llic
3274 3813 3508 3866 namque

1920 3872 2005 3938 est
2035 3862 2168 3931 lapis
2199 3863 2494 3938 angularis,
2523 3865 2574 3917 in
2605 3880 2709 3933 quo
2746 3865 2911 3938 460
2934 3881 3160 3936 uterque
3190 3870 3369 3938 paries
3396 3862 3510 3925 me-

1919 3933 2030 3987 ruit
2059 3933 2324 4002 copulari,
2355 3935 2559 3989 scilicet
2590 3933 3267 4003 vetus'I‘e'sﬁtmentumfet
3288 3955 3509 3995 novum.

1921 4003 2100 4080 Vetus
2126 4005 2482 4080 signiﬁcatum
2540 4015 2627 4080 est
2667 4021 2762 4076 per
2802 4008 3035 4079 Moysem
3085 4021 3138 4064 et
3169 4010 3338 4063 Ellam
3364 4052 3379 4075 ,
3415 4025 3512 4080 per

1921 4090 2057 4198 gnos
2088 4075 2174 4129 lex
2203 4084 2259 4131 et
2289 4075 2567 4145 pr0pheta3
2598 4075 2969 4148 designantur.
3001 4080 3210 4134 Novum
3259 4096 3387 4135 vero
3416 4075 3512 4151 per

1967 4156 2140 4198 etrum
2171 4157 2225 4198 et
2259 4144 2516 4198 Iacobum
2550 4157 2603 4198 et
2631 4147 2925 4198 Joannem-
2971 4166 3068 4198 ner
3096 4166 3232 4198 auos
3262 4162 3507 4198 sanctum

1967 4156 2140 4201 etrum
2171 4157 2225 4200 et
2259 4144 2516 4220 Jacobum
2544 4157 2603 4220 et
2631 4144 2926 4215 Joannem,
2971 4166 3068 4219 per
3096 4166 3232 4220 quos
3262 4144 3507 4205 sanctum

1922 4226 1977 4291 et
2029 4217 2392 4291 venerandum
2440 4217 2750 4291 designatur
2810 4217 3182 4291 Evangeliuin.
3238 4220 3362 4276 Sive
3417 4236 3513 4291 per

1922 4287 2159 4360 illoysem
2191 4296 2256 4360 et_
2276 4287 2445 4360 Eliam
2493 4288 2646 4360 prior
2668 4289 2759 4343 ille
2798 4287 3053 4346 Judaiéus
3102 4292 3365 4360 p0pulus,
3417 4287 3513 4359 per

1923 4357 2489 4432 PetrumLJacobum
2522 4370 2576 4413 et
2623 4358 2882 4414 Joannem
2930 4357 3513 4432 pOpttlusidesigna—tus

1925 4439 2007 4483 cst
2035 4429 2273 4499 gentilis.
2304 4429 2401 4485 Hic
2424 4444 2554 4484 vero
2583 4437 2668 4485 est
2697 4429 3236 4499 popttlus'ambulans
3276 4429 3342 4487 ιη’
3363 4444 3513 4489 lene-

1924 4501 2070 4572 l_)_ris,
2122 4502 2212 4569 qui
2245 4502 2375 4555 vidit
2406 4503 2579 4555 lucem
2614 4517 2892 4570 magnam;
2926 4504 2990 4558 ad
3015 4519 3173 4572 quam
3204 4504 3383 4559 lucem
3416 4519 3516 4559 nos

1927 4569 2245 4645 Unigenitus
2299 4569 2760 4645 Patrisjperducat
2801 4569 3269 4645 Contemplandam
3316 4576 3369 4630 in
3425 4577 3517 4634 illa

1851 4623 1902 4681 D
1927 4623 2356 4716 ρειῧέῖιᾱαιῐέ
2372 4623 3515 4716 minutissimisatissatis“;"uti;

1928 4716 2033 4767 erit
2060 4715 2241 4788 omnia
2266 4718 2317 4768 in
2349 4714 2618 4780 omnibus,
2652 4718 2739 4785 qui
2768 4730 2889 4788 cum
2925 4717 3033 4772 Deo
3055 4717 3215 4773 Patre
3236 4714 3293 4773 et
3312 4718 3515 4788 Spiritu

1929 4794 2114 4839 sancto
2137 4786 2269 4860 vivit
2296 4795 2350 4860 et
2375 4796 2581 4860 regnat,
2617 4797 2667 4840 et
2698 4787 3028 4860 gloriﬁcatur
3059 4789 3200 4843 Deus
3230 4805 3327 4860 per
3354 4786 3514 4844 num-

1928 4870 2087 4923 quatn
2130 4855 2361 4910 ﬁnienda
2395 4858 2587 4911 saecula
2620 4859 2960 4913 satculorum.
2994 4861 3190 4915 Amen.

213 4933 3508 4979 ._____________________________

1102 5024 2645 5147 OBSERVATIONES

546 5293 1506 5423 SERMONES
1586 5301 1714 5421 S.
1818 5302 1826 5419 ἶ

1939 5299 2472 5432 EONIS
2546 5302 3196 5434 MAGNI.

639 5567 801 5641 461
828 5567 894 5623 IN
923 5568 1303 5626 SERMONEM
1336 5570 1425 5626 Ill.

224 5666 356 5735 Quo
396 5678 549 5735 sensu
594 5660 656 5715 S.
686 5660 791 5715 Leo
830 5672 1056 5731 petram,
1098 5678 1255 5730 supra
1278 5682 1427 5735 quam
1460 5664 1697 5721 Christus
1716 5667 1817 5721 Ec.

418 5734 631 5787 clesiam
654 5735 951 5801 aedificavit,
976 5735 1043 5789 de
1068 5736 1173 5790 ﬁde
1202 5734 1369 5791 solida
1394 5740 1607 5807 accepit.

306 5850 365 5904 i.
392 5846 491 5902 His
512 5847 712 5901 Leonis
731 5848 910 5904 verbis
934 5863 1097 5906 serm.
1122 5851 1179 5922 5,
1210 5867 1260 5908 c.
1288 5851 1358 5906 2:
1392 5851 1650 5909 Soliditas
1681 5856 1821 5911 illius

525 5939 802 6003 ΡΑι-ιοι..
843 5941 1004 6005 LIV.

1932 5575 2085 5643 ﬁdei,
2116 5590 2230 5645 qua:
2258 5577 2311 5650 in
2352 5578 2700 5647 apostolorum
2744 5582 2973 5649 principe
3013 5591 3087 5634 est
3124 5581 3358 5650 laudata,

1939 5734 1965 5793 ι
1993 5717 2236 5793 Explicat
2266 5720 2429 5793 verba
2460 5717 2663 5793 Christi
2696 5720 2926 5793 Domini,
2976 5738 3096 5792 qua:
3121 5717 3518 5793 consequenter
3552 5790 3553 5793 η

1902 5820 1903 5823 η
1934 5787 2217 5864 describit;
2242 5790 2539 5858 asseritque
2589 5791 2913 5864 soliditatem
2946 5787 3095 5859 ﬁdei,
3128 5810 3248 5864 quas
3276 5787 3328 5849 in
3362 5790 3553 5855 Petro‘
3588 5794 3593 5797 ⁷

1937 5858 2148 5914 laudata
2179 5870 2281 5925 est,
2313 5875 2430 5913 esse
2464 5869 2666 5928 petram
2714 5863 2855 5916 illam
2890 5879 3052 5933 super
3084 5858 3257 5936 quam
3312 5881 3370 5921 se
3422 5867 3521 5937 Ee-

2933 5958 3003 6020 17

1932 5597 2085 5643 μασι,
2116 5597 2230 5645 quia
2258 5597 2311 5629 tn
2352 5597 2700 5647 apostatarum
2744 5597 2973 5649 princeps
3013 5597 3087 5634 est
3124 5597 3358 5650 laudata,
3406 5597 3497 5653 per
3583 5611 3593 5647 ι

1872 5656 2084 5721 petua
2113 5656 2225 5721 est,
2268 5647 2423 5721 istam
2473 5650 2871 5721 annotationem
2907 5652 3228 5718 Quesnellus
3267 5653 3499 5721 subjecit
3586 5714 3589 5717 λ
