4006 6348
462 314 564 383 527

459 436 673 493 suetudo
698 437 1059 509 prolixioribus
1088 450 1138 487 se
1165 433 1581 509 castigationibus
1625 450 1860 509 exercere
1882 434 2043 509 didi-
2070 442 2122 497 Α

460 510 629 573 cisset,
648 506 1037 577 amplecteretur
1058 514 1223 577 tamen
1239 506 1564 558 continentia:
1582 506 2039 576 sanctificationem

461 598 525 636 ea:
544 581 653 651 lege
676 576 974 645 venientem,
1003 585 1134 651 etc.,
1153 576 1292 651 banc
1313 578 1717 651 annmationem
1745 578 2002 648 appendit
2026 595 2039 632 :

469 671 487 705 ι
524 648 769 707 Viderint
798 666 901 723 qua
930 648 1464 723 rationegdoctrinam
1494 662 1645 703 suam
1676 664 1795 704 cum
1829 660 2044 723 sancto-

461 740 578 778 rum
608 721 827 777 Patroni
854 721 1189 776 documentis
1217 721 1503 775 conciliare
1533 722 1739 790 possint
1770 722 2041 791 posterio-

460 796 537 849 ris
576 797 678 848 tevi
722 794 979 863 theologi,
1032 794 1118 861 qui
1166 808 1231 846 ex
1287 792 1416 861 legis
1474 794 1659 863 gratia:
1713 794 2042 863 perfectione
2087 834 2096 846 .

459 865 734 920 breviores
761 866 1085 935 jejontorom
1110 863 1489 918 hodiernorum
1513 865 1893 933 castigationes
1917 880 2042 933 pro-

462 937 739 991 lixioribus
789 936 1100 1007 praeferunt.
1157 935 1231 990 Ita
1274 945 1685 1007 argumentatur
1734 935 2044 991 Alexander

460 1008 674 1065 Alensis
714 1006 854 1075 part.
881 1024 957 1075 IV,
986 1018 1177 1077 qumst.
1223 1006 1315 1069 28,
1348 1009 1413 1060 de
1437 1006 1666 1075 jejunio,
1700 1007 1942 1061 membro
1967 1009 1997 1061 7
2025 1050 2041 1075 ,

459 1090 563 1133 art.
593 1080 630 1133 2
657 1096 670 1131 :
708 1078 874 1146 Hora,
914 1079 1104 1150 inquit,
1134 1078 1425 1144 refectionis
1462 1078 1624 1146 magis
1655 1093 1882 1150 congrua
1917 1088 2045 1132 tem-

457 1165 583 1222 pore
607 1150 796 1222 jejunii
831 1158 903 1222 e_st
930 1149 1058 1222 hora
1088 1166 1242 1218 nona,
1277 1164 1429 1222 quam
1476 1164 1633 1218 usque
1672 1152 1739 1200 ad
1783 1166 2045 1218 vesperam

462 1220 509 1274 ..
530 1258 545 1273 .
566 1261 579 1274 .
610 1220 793 1275 Debuit
826 1220 1054 1274 Ecclesia
1078 1229 1244 1275 tenere
1268 1221 1513 1283 medium,
1532 1231 1589 1271 ut
1610 1229 1835 1287 temmre
1862 1222 2047 1289 jejunii

460 1293 790 1363 reﬁceremur
811 1292 1243 1363 temporeimedio.
1276 1290 1508 1363 Magistri
1543 1293 1625 1343 sui
1648 1292 1844 1363 premit
1875 1292 2041 1345 vesti-

456 1363 543 1432 gia
593 1362 651 1420 S.
686 1360 922 1417 Thomas
964 1362 1080 1425 2—2,
1127 1371 1320 1432 quaest.
1357 1360 1480 1423 147,
1514 1372 1615 1414 art.
1648 1361 1701 1425 7,
1746 1362 1810 1413 ad
1861 1364 1885 1416 1
1919 1380 1933 1416 :
1966 1363 2047 1415 Ad

458 1431 845 1507 primumergo,
872 1434 1061 1501 inquit,
1085 1431 1361 1507 dicendum
1384 1435 1520 1502 quod
1551 1433 1918 1507 status_veteris
1948 1433 2047 1507 Te-

456 1501 697 1559 stamenti
721 1501 1047 1575 comparatur
1077 1504 1232 1575 nocti,
1257 1501 1419 1557 status
1439 1519 1552 1575 vero
1574 1503 1687 1557 novi
1715 1501 2043 1571 Testamenti,

457 1577 595 1642 diei;
617 1574 895 1630 secundum
914 1575 1041 1627 illud
1062 1575 1130 1627 ad
1151 1574 1305 1646 Rom.
1334 1590 1463 1629 xm:
1492 1574 1612 1627 No.1:
1630 1577 1907 1646 praecessit,
1941 1576 2049 1629 dies

459 1646 1130 1719 autemiappropinquavit.
1170 1644 1239 1697 Et
1283 1646 1395 1698 ideo
1436 1646 1487 1699 in
1527 1643 1682 1699 veteri
1727 1643 2048 1719 Testamento

457 1715 945 1791 iejunabantusque
965 1718 1033 1791 ad
1062 1727 1280 1791 noctem,
1306 1733 1405 1791 non
1435 1727 1603 1769 autem
1634 1718 1688 1769 in
1709 1732 1840 1791 navo
1866 1715 2046 1791 Τεειατ

458 1788 649 1843 mento.
696 1788 868 1844 Aliter
896 1788 1302 1857 phi|050phator
1332 1788 1442 1842 Leo
1480 1798 1663 1842 noster
1706 1788 1757 1840 in
1798 1789 2049 1854 praesenti

458 1875 713 1916 sermone
739 1880 751 1914 :
778 1858 1050 1925 Mandata,
1076 1858 1264 1928 inquit,
1298 1869 1342 1912 et
1362 1870 1615 1929 prwcepta
1645 1858 1885 1925 moralia,
1918 1861 2050 1912 sicut

458 1939 580 1984 sunt
602 1932 740 1985 edita
766 1938 1107 2000 perseverant,
1136 1929 1257 2000 quia
1285 1945 1387 1983 non
1418 1930 1563 1982 aliud
1600 1930 1862 1982 insinuant
1895 1947 2053 2000 quam

458 2003 760 2074 loquuntur,
794 2012 840 2055 et
871 2002 1010 2072 apud
1038 2000 1385 2074 Christianam
1412 2000 1733 2074 devotionem
1774 2013 2050 2074 augmento

458 2070 712 2140 crescunt,
752 2088 852 2126 non
894 2070 1173 2127 cessatione
1199 2071 1462 2141 deﬁciunt.
1507 2072 1572 2125 Et
1597 2070 1775 2125 infra:
1809 2070 2051 2134 Quamvis

458 2145 622 2198 multa
650 2146 955 2199 accesserint
997 2160 1061 2197 ex
1092 2140 1313 2196 novitate
1342 2142 1541 2213 gratior,
1581 2140 1712 2195 nihil
1740 2151 1909 2195 tamen
1950 2145 2049 2195 im-

457 2216 711 2269 minutum
754 2216 818 2267 de
855 2215 1159 2284 antiquitate
1197 2214 1437 2284 jostitite.
1476 2215 1881 2284 Consequentur
1930 2231 2051 2281 pro-

456 2286 675 2340 lixiores
720 2283 1099 2356 castigatiOnes
1123 2283 1289 2356 5.68
1314 2299 1588 2348 exercere,
1631 2283 1887 2356 Ecclesia:
1915 2299 2045 2339 con-

458 2356 800 2411 suetudinem
844 2371 965 2412 esse
1009 2355 1343 2411 demonstrat
1387 2356 1599 2423 egregia
1656 2355 1755 2408 ista
1804 2356 2047 2411 ratione:

458 2427 651 2493 Quibus
674 2429 807 2481 enim
833 2427 1083 2482 donatum
1110 2436 1219 2480 erat
1247 2442 1394 2498 posse
1418 2427 1556 2493 quod
1580 2427 1748 2498 majus
1771 2435 1861 2489 est,
1898 2428 2045 2481 inde-

456 2515 573 2553 cens
595 2499 694 2570 fuit
734 2515 835 2570 non
879 2498 1135 2570 celebrare
1178 2496 1328 2570 quod
1361 2499 1527 2550 minus
1565 2496 1763 2570 est._ln
1797 2502 2047 2552 eumdem

454 2566 671 2625 sensum
707 2569 893 2624 scribit
920 2584 1083 2624 serm.
1118 2566 1279 2624 “de
1300 2567 1452 2622 Pass.
1482 2583 1529 2621 c.
1564 2568 1635 2622 5:
1662 2566 2042 2638 lnprteceptis,

454 2640 648 2709 inquit,
677 2640 960 2694 moralibus
986 2638 1132 2693 nulla
1164 2640 1348 2710 prioris
1392 2638 1701 2692 Testamenti
1741 2639 1944 2693 decreta
1969 2656 2047 2692 re-

452 2712 689 2781 probata,
719 2712 810 2767 sed
830 2712 1118 2783 evangelica
1144 2710 1438 2781 magisterio
1462 2711 1625 2783 multa
1650 2719 1765 2783 sunt
1784 2720 1939 2763 aucta
1955 2727 1974 2765 .'
1994 2722 2047 2765 ut

453 2785 765 2854 perfectiora
812 2793 864 2854 et
888 2781 1144 2836 lucidiora
1184 2790 1347 2854 essent
1379 2782 1584 2854 dantiag
1605 2781 1844 2854 salutem,
1892 2798 2046 2854 quam

453 2851 803 2925 prominentia
835 2852 1180 2925 Salvatorem.
1210 2851 1331 2907 Vid.
1365 2851 1591 2925 serm.‘6
1618 2853 1686 2905 de
1714 2851 1929 2925 Jejunio
1951 2852 2046 2907 de-

456 2922 581 2979 cimi
605 2926 830 2989 mensis,
858 2939 907 2979 c.
938 2922 991 2978 1.
1023 2923 1093 2979 Ut
1118 2939 1246 2978 vero
1277 2938 1399 2977 cum
1430 2922 1638 2977 duobus
1670 2923 1867 2976 coaevis
1896 2923 2045 2977 theo-

456 2996 612 3066 logiae
642 2995 981 3051 scholasticae
1017 2994 1331 3063 primatibus
1359 2994 1496 3066 duos
1526 2995 1762 3062 aequales
1783 2994 2042 3063 antiquio-

452 3064 535 3119 ris
561 3067 845 3136 theologine
873 3066 1057 3120 Patres
1084 3066 1447 3136 conferamus,
1477 3064 1643 3136 Leoni
1670 3066 2038 3136 succinentem

451 3134 767 3193 Salvianum
792 3136 1073 3191 audiamus
1099 3136 1193 3191 lib.
1223 3151 1261 3190 ιι
1282 3135 1349 3191 ad
1375 3135 1673 3191 Ecclesiam
1697 3134 2036 3203 catholicam,

452 3210 540 3261 ubi
588 3208 705 3263 haac
746 3208 909 3263 habet
950 3219 1074 3262 ante
1110 3206 1346 3262 medium
1378 3224 1391 3260 :
1426 3205 1534 3263 Sed
1569 3208 1751 3277 quaerit
1788 3208 2034 3279 fortasse,
2067 3217 2113 3279 (ι

451 3279 643 3349 inquit,
675 3280 881 3349 aliquis,
912 3279 1037 3349 quid
1063 3279 1127 3333 sit
1165 3279 1299 3348 quod
1330 3294 1467 3331 nunc
1505 3279 1618 3349 plus
1645 3280 1819 3346 exigat
1841 3278 1978 3333 Deus
2008 3298 2039 3333 α

451 3345 769 3421 Christianis
798 3366 889 3419 per
926 3345 1287 3421 Evangelium,
1332 3365 1487 3416 quam
1505 3345 1777 3421 ⁸ιιειιιίίιείε
1805 3361 1923 3402 ante
1948 3368 2040 3421 per

451 3420 662 3494 legem?_
689 3418 879 3494 Aperta
918 3418 1169 3494 istius'rei
1201 3421 1342 3494 ratio
1368 3430 1464 3494 est.
1495 3418 1636 3494 Ideo,
1660 3421 1796 3494 enim
1834 3418 2041 3494 majora

450 3491 587 3561 nunc
631 3492 850 3545 Domino
880 3500 1055 3545 nostro
1083 3491 1343 3558 solvimus,
1377 3491 1501 3560 quia
1526 3491 1730 3561 majora
1758 3491 2037 3557 debenius;

453 3560 625 3616 Judaei
662 3564 847 3633 quippe
877 3562 1127 3617 habebant
1153 3563 1430 3632 quamdam
1462 3560 1694 3633 umbram
1723 3578 1915 3629 rerum,
1948 3580 2039 3617 nos

449 3630 729 3698 veritatem,
751 3630 903 3699 'etc.;
937 3642 992 3687 et
1020 3640 1145 3689 ante
1166 3630 1372 3701 aliquot
1398 3633 1566 3687 lineas
1592 3650 1605 3685 :
1632 3630 1765 3686 Plus
1799 3643 1923 3686 tunc
1962 3637 2039 3687 in-

449 3704 726 3778 dulgentia
750 3712 858 3757 erat
877 3714 923 3758 et
949 3705 1066 3778 plus
1088 3705 1337 3778 licentiae;
1368 3715 1487 3778 tunc
1518 3718 1629 3757 esus
1650 3704 1884 3778 carnium
1906 3721 2040 3774 prte-

448 3775 736 3837 dicabatur,
769 3792 905 3829 nunc
927 3775 1269 3841 abstinentia;
1300 3785 1421 3847 tunc
1450 3775 1503 3827 in
1533 3779 1668 3827 omni
1690 3776 1794 3847 vita
1811 3777 2042 3847 jejunio-

448 3862 565 3899 rum
591 3848 887 3918 paucissimi
923 3848 1062 3912 dies,
1092 3863 1230 3900 nunc
1272 3845 1418 3914 quasi
1450 3860 1608 3898 unum
1638 3845 1905 3916 jejunium
1939 3848 2041 3901 vita

448 3919 769 3991 om_nis,_etc.
811 3935 831 3969 ι
1428 3985 1455 3991 _
1639 3985 1673 3991 η
1822 3984 1827 3991 ⁸

520 3989 574 4040 9..
620 3989 745 4043 Haec
767 3998 943 4043 autem
971 4002 1197 4043 censura
1230 4002 1388 4057 quam
1420 3985 1743 4052 Quesnellus
1773 3985 1919 4043 nulla
1948 4005 2039 4044 ne-

450 4059 705 4114 cessitate
757 4058 951 4114 Leonis
1004 4058 1306 4128 explicandi
1348 4067 1439 4111 aot
1497 4058 1803 4113 vindicandi
1848 4061 2041 4115 adver-

448 4145 542 4183 sus
575 4131 1050 4201 praestantissimos
1093 4130 1368 4197 theologos
1389 4129 1803 4201 Aacgpraasertim
1852 4139 2039 4186 contra

449 4199 624 4268 ipsum
654 4202 1025 4272 theologorum
1058 4202 1352 4270 principem
1382 4199 1441 4254 S.
1475 4199 1737 4254 Thomam
1769 4210 1877 4255 tam
1912 4217 2039 4270 pro-

448 4272 555 4327 lixe
598 4274 840 4343 digessit,
871 4288 1029 4343 quam
1062 4288 1169 4326 non
1201 4273 1374 4325 solum
1425 4272 1807 4340 iuopportuua,
1850 4274 1943 4327 sed
1986 4284 2040 4328 et

448 4344 760 4398 enrbitans
786 4345 876 4410 sit,
908 4344 1092 4413 paucis
1125 4344 1478 4397 ostendimus.
1512 4343 2035 4411 Reprehenduntur,

448 4429 513 4467 ac
538 4415 582 4469 si
608 4432 672 4469 ea:
699 4415 825 4485 legis
848 4416 1028 4487 gratiae
1050 4416 1362 4487 perfectione
1390 4415 1643 4487 breviores
1675 4415 2039 4467 hodiernorum

447 4484 768 4559 jejuniorum
809 4484 1167 4559 castigationes
1198 4484 1561 4551 prolixioribus
1592 4486 1928 4559 prtetulerint.
1963 4489 2035 4539 Ex

451 4556 566 4624 ipso
590 4557 803 4625 quidem
828 4567 1082 4610 contextu
1104 4556 1273 4625 liquet
1299 4571 1415 4620 eos,
1440 4556 1777 4608 conSIderata
1807 4556 1886 4608 sui
1913 4567 2038 4609 tem-

449 4601 928 4695 plorisudisciplina,
967 4641 1069 4694 qua
1097 4601 1357 4696 jequniom
1401 4601 1527 4678 liora
1560 4640 1696 4677 nona
1729 4626 2040 4696 solvebatur
2068 4601 2116 4658 D

452 4697 627 4765 potius
660 4712 819 4764 quam
849 4712 1095 4765 vespere,
1129 4712 1419 4767 congruam
1443 4696 1729 4767 quamdam
1761 4695 1919 4764 hujus
1944 4699 2035 4752 lto-

446 4781 523 4820 τω
569 4769 833 4821 rationem
884 4766 1397 4838 quassivisse,’qu:c
1430 4766 1531 4836 legi
1575 4767 1761 4838 gratia:
1811 4769 2037 4838 mystico

447 4851 609 4909 sensu
635 4840 984 4909 conveniret:
1010 4837 1090 4893 sic
1118 4839 1258 4892 enim
1291 4837 1347 4893 et
1368 4838 1455 4890 alii
1486 4839 1688 4907 antiqui
1717 4837 1902 4893 Patres
1931 4855 2037 4909 my-

445 4908 612 4962 sticus
661 4908 1109 4962 instituendorum
1151 4911 1346 4963 rituum
1392 4910 1628 4962 rationes
1674 4911 1919 4963 attulere.
1966 4908 2037 4966 At

448 4980 724 5034 breviores
742 4981 929 5049 jejonii
952 4980 1330 5049 castigationes
1352 4995 1471 5033 cum
1497 4980 1872 5048 prolixioribus
1895 4997 2035 5035 com-

448 5064 693 5117 parasse,
722 5062 774 5105 et
803 5050 920 5104 illas
943 5050 1025 5102 his
1056 5054 1205 5118 quasi
1250 5051 1595 5118 perfectiores
1623 5052 1936 5106 antetulisse
1965 5068 2031 5107 ex

448 5135 604 5175 nova:
634 5122 766 5191 legis
801 5120 1126 5190 perfectione
1156 5124 1398 5188 nuspiam
1436 5122 1695 5176 invenies.
1728 5122 1857 5187 Quis
1884 5124 2029 5178 enim

448 5206 594 5247 sana:
624 5194 820 5246 mentis
850 5193 901 5245 id
931 5193 1165 5263 cogitet?
1195 5194 1346 5260 Quod
1376 5194 1419 5246 si
1444 5194 1629 5246 horam
1668 5208 1860 5247 nonam
1892 5209 2030 5263 pra:-

448 5263 688 5335 tulerunt
716 5262 1056 5328 veSpertinaz,
1086 5278 1191 5317 non
1237 5266 1437 5318 idcirco
1466 5264 1769 5319 breviorem
1802 5262 2030 5335 castiga-

446 5335 649 5389 tionem
681 5334 907 5404 longiori
948 5336 1320 5401 anteposuisse
1351 5335 1563 5389 dicendi
1594 5344 1719 5389 sunt
1748 5353 1760 5390 :
1787 5352 1907 5390 nam
1939 5334 2026 5390 ea-

446 5405 567 5460 dem
612 5406 825 5460 circiter
850 5407 1129 5474 castigatio
1169 5406 1366 5478 haberi
1396 5409 1590 5475 potuit,
1622 5408 1663 5460 si
1691 5407 1808 5475 quis
1840 5408 2027 5478 viginti
2066 5472 2071 5478 ,

444 5485 672 5543 quatuor
722 5478 973 5530 horarum
1015 5478 1190 5545 spatio
1234 5476 1540 5541 abstinens,
1589 5480 1721 5531 hora
1752 5476 1913 5533 nona‘
1937 5480 2022 5534 vel

444 5561 668 5615 vespere
706 5549 862 5601 unica
906 5550 1238 5601 comestione
1267 5556 1488 5601 utatur:
1522 5564 1640 5616 quae
1668 5551 1809 5603 enim
1854 5550 2024 5604 absti-

444 5620 623 5670 nentia
650 5617 868 5672 brevior
896 5628 980 5673 est
1009 5619 1237 5673 solventi
1264 5618 1526 5687 jejunium
1551 5623 1682 5673 hora
1705 5634 1862 5683 nona,
1892 5621 2022 5676 sub-

443 5688 686 5754 sequenti
721 5689 945 5759 longiori
990 5689 1315 5743 abstinentia
1346 5690 1739 5757 quodammodo
1763 5708 2020 5761 compen-

442 5768 616 5832 satur;
650 5772 709 5832 ac
738 5768 991 5832 praeterea
1019 5773 1139 5832 cum
1173 5761 1248 5813 illi
1278 5762 1509 5831 theologi
1544 5762 1823 5831 loquantur
1857 5766 2019 5832 potis-

442 5827 634 5881 simum
665 5829 731 5881 de
764 5830 968 5892 jejunio
1010 5827 1485 5899 Quadragesimec,‘
1512 5827 1652 5901 quod
1701 5835 1830 5889 liora
1859 5827 2013 5891 ‘uona

2086 1835 2128 1893 Β

1239 318 1301 373 ΙΝ
1343 315 1709 375 SERMONES
1748 318 1807 374 S.
1845 314 2095 374 LEONIS
2133 313 2351 375 MAG-Nl
2388 314 2981 375 OBSERVATIONES.

3604 328 3694 387 528

2150 444 2265 491 tum
2295 435 2623 512 solvebatur,
2654 435 2900 512 eamdem
2928 434 3311 512 abstinentiam
3340 445 3391 492 et
3421 446 3697 512 castigatio-

2149 523 2269 562 nem
2296 523 2391 576 per
2410 509 2695 562 continuas
2728 509 2890 563 horas
2917 506 3107 575 viginti
3134 516 3364 577 quatuor
3384 506 3698 576 considerare

2146 588 2436 654 potuerunt
2458 580 2509 634 in
2530 594 2596 634 eo
2614 581 2706 654 qui
2730 595 2760 633 a
2791 578 3083 654 nonahora
3108 580 3267 633 unius
3289 580 3397 654 diei
3425 594 3537 649 post
3559 602 3702 654 pran-

2144 654 2293 732 dium
2324 651 2390 705 ad
2435 666 2631 732 nonam
2660 652 2884 732 alterius
2914 650 3019 704 dici
3061 650 3244 732 horam
3282 651 3510 719 jejunat,
3546 650 3703 732 >569

2144 738 2207 777 ac
2239 724 2289 776 in
2314 738 2379 776 eo
2410 724 2502 794 qui
2527 723 2738 792 jejunat
2764 740 2792 777 a
2824 737 3053 793 vespere
3081 723 3132 776 in
3158 738 3432 789 vesperem
3462 723 3699 787 :adeo'u't

2145 809 2301 850 nonae
2330 804 2422 849 aut
2445 796 2772 863 veSpertinaa
2800 795 3150 849 comestionis
3189 796 3416 849 varietas
3446 798 3493 852 in
3535 801 3706 860 eadem

2144 867 2331 937 viginti
2355 876 2585 937 quatuor
2611 866 2867 921 horarum
2899 865 3226 921 abstinentia
3257 867 3454 922 minimi
3479 869 3704 930 fecerint.

2603 976 2670 1031 IN
2708 978 3090 1033 SERMONEM
3132 977 3273 1032 XXI.

2147 1072 2225 1126 De
2254 1072 2479 1141 formula
2505 1087 2537 1124 a
2574 1070 2741 1125 Leone
2770 1072 3002 1125 adhibita
3030 1088 3077 1124 c.
3107 1072 3140 1125 5
3167 1087 3180 1124 :
3204 1071 3415 1126 Gratias
3451 1074 3556 1129 Deo
3582 1076 3709 1134 Patri

2435 1158 2530 1213 per
2561 1142 2752 1197 Filium
2784 1143 2901 1212 ejus
2922 1144 2975 1198 in
3002 1141 3204 1213 Spiritu
3237 1152 3441 1198 sancto.

2227 1276 2246 1309 ι
2283 1258 2409 1311 Haec
2449 1257 2704 1329 precandi
2752 1256 2978 1311 formula
3011 1256 3064 1311 in
3114 1256 3301 1323 primis
3342 1257 3593 1314 catholica
3619 1271 3712 1329 est,

2150 1329 2315 1400 immo
2360 1343 2492 1382 vero
2537 1327 2856 1383 Christianae
2906 1328 3182 1398 religionis
3226 1339 3521 1400 summa_et
3561 1327 3717 1400 pleni-

2151 1399 2301 1474 tudo,
2353 1401 2551 1474 quippe
2598 1400 2749 1474 cujus
2790 1400 3065 1474 proprium
3108 1408 3191 1474 est
3232 1400 3399 1474 colere
3438 1398 3598 1453 Deum
3639 1421 3720 1474 per

2151 1470 2433 1535 Christum,
2482 1471 2709 1525 Tertull.
2743 1478 2881 1526 teste
2910 1471 2960 1524 in
2993 1472 3359 1539 Apologetico,
3406 1487 3522 1540 cap.
3552 1470 3717 1539 21(οι

2152 1541 2293 1614 apud
2316 1542 2568 1614 Optatum
2593 1544 2627 1614 l.
2658 1558 2714 1595 ιιι
2736 1560 2748 1594 :
2770 1542 3037 1614 Paganum
3060 1542 3289 1611 appellas
3308 1558 3442 1603 eum,
3467 1545 3548 1611 qui
3574 1545 3723 1601 Deum

2156 1612 2365 1666 Patrem
2390 1628 2480 1682 per
2508 1611 2707 1666 Filium
2733 1611 2990 1684 ejus'ante
3012 1629 3157 1665 aram
3172 1614 3465 1682 rogaverit?
3497 1616 3577 1680 Et,
3594 1618 3723 1684 quod

2154 1686 2395 1738 omnium
2422 1686 2590 1738 instar
2606 1694 2691 1739 est
2716 1686 2954 1748 testium,
2981 1684 3221 1738 Ecclesia
3254 1685 3445 1750 partim
3476 1684 3526 1739 in
3548 1687 3724 1743 officiis

2155 1758 2287 1822 suis,
2318 1756 2510 1825 partim
2542 1758 2592 1809 in
2625 1754 2841 1826 publica
2864 1755 3113 1809 sacrificii
3144 1769 3302 1824 prece
3328 1755 3476 1808 illam
3498 1770 3726 1826 usurpat.

2155 1826 2354 1897 anes
2402 1825 2668 1897 siquidem
2719 1828 2973 1880 collectas
3021 1840 3146 1880 suas
3194 1826 3265 1880 ita
3318 1825 3592 1881 concludit
3631 1825 3728 1884 Per

2157 1895 2435 1965 Christum,
2468 1895 2600 1961 etc.,
2626 1898 2975 1952 mediatorem
2994 1898 3202 1952 scilicet
3232 1897 3330 1951 Dei
3359 1907 3415 1953 et
3438 1897 3726 1955 hominum.

2156 1971 2222 2023 Et
2250 1978 2308 2023 ut
2339 1970 2391 2023 in
2440 1969 2595 2024 altari
2643 1983 2857 2036 semper
2885 1969 2950 2021 ad
2982 1968 3194 2023 Patrem
3242 1969 3509 2039 dirigatur
3548 1973 3731 2039 oratio,

2154 2040 2417 2094 sancitum
2448 2050 2531 2094 est
2573 2040 2699 2093 olim
2740 2056 2767 2092 a
2807 2040 3036 2093 concilio
3067 2040 3483 2108 Carthaginensi
3519 2042 3655 2109 quod
3680 2059 3733 2099 ut

2155 2111 2370 2175 dicitur,
2419 2126 2542 2165 can.
2569 2110 2660 2165 25.
2692 2109 2830 2165 Olim
2865 2120 3067 2177 tamen,
3101 2112 3227 2165 dum
3259 2112 3497 2166 ferveret
3522 2113 3735 2170 Ariano-

2154 2198 2271 2236 rum
2302 2183 2543 2248 hteresis,
2594 2197 2697 2236 non
2730 2184 2898 2249 {equis
2921 2184 3141 2238 omnino
3166 2183 3396 2237 auribus
3422 2183 3539 2238 hinc
3563 2186 3736 2240 audie-

2155 2253 2311 2308 batur
2356 2253 2607 2322 loquendi
2630 2254 2856 2308 formula
2885 2268 2913 2307 a
2940 2253 3125 2308 Leone
3153 2262 3419 2323 usurpata
3452 2271 3468 2311 :
3492 2256 3735 2323 quoniam

2154 2323 2375 2393 impium
2403 2325 2504 2379 sub
2540 2328 2622 2379 his
2652 2326 2829 2379 verbis
2860 2325 3082 2380 lueresis
3110 2338 3221 2379 suae
3253 2341 3482 2380 sensum
3518 2328 3740 2383 occulta-

2153 2396 2284 2449 bant
2308 2397 2515 2461 Ariani,
2545 2398 2635 2465 qui
2663 2396 2802 2450 hanc
2827 2396 3165 2468 doxologiam
3186 2396 3255 2468 ad
3281 2398 3491 2452 calcem
3524 2397 3741 2468 hy‘mno-

2153 2483 2272 2520 rum
2304 2482 2523 2522 suorum
2551 2478 2770 2521 cantare
2813 2467 2955 2522 soliti
2985 2478 3137 2522 erant
3185 2466 3295 2521 hoc
3328 2469 3496 2523 modo
3525 2487 3537 2521 :
3564 2466 3740 2523 Gloria

2152 2536 2303 2591 Patri
2346 2555 2435 2608 per
2466 2537 2662 2592 Filium
2697 2540 2749 2591 in
2787 2537 2987 2603 Spiritu
3016 2548 3228 2605 sancto;
3280 2539 3439 2608 cujus
3484 2542 3561 2594 rei
3602 2542 3744 2597 testis

2151 2619 2234 2663 est
2263 2609 2654 2677 Philostorgius
2684 2611 2735 2664 in
2768 2610 2807 2663 l.
2844 2626 2902 2664 ut
2932 2611 3067 2664 Hist.
3098 2611 3164 2665 Et
3187 2626 3313 2665 eam
3338 2612 3412 2666 ob
3435 2628 3551 2665 rem
3584 2611 3744 2666 Euse-

2150 2680 2271 2735 bius
2301 2681 2585 2749 Pamphili,
2620 2680 2888 2736 referente
2917 2681 3140 2738 Socrate
3173 2683 3210 2736 Ι.
3244 2698 3285 2736 ιι
3321 2683 3463 2736 Hist.
3497 2698 3547 2738 c.
3578 2682 3668 2747 2t,
3695 2683 3747 2739 in

2150 2754 2511 2821 suspicionem
2529 2751 2990 2820 Arianidogmatis
3017 2755 3159 2808 venit
3190 2755 3340 2823 apud
3374 2755 3662 2822 quosdam,
3686 2769 3748 2809 eo

2150 2823 2293 2948 good
2336 2825 2534 2893 smpius
2567 2824 2621 2878 in
2652 2824 2866 2894 scriptis
2895 2823 3011 2877 suis
3047 2826 3245 2893 repetit
3282 2828 3401 2880 haec
3434 2826 3619 2891 verba,
3655 2824 3749 2880 Per

2192 2895 2432 2948 hristum.
2463 2895 2593 2948 Ouaa
2634 2906 2687 2948 et
2718 2895 3071 2948 scriptoribus
3114 2898 3324 2948 passim
3372 2897 3749 2948 ecclesiasticis

2192 2895 2432 2949 hristum.
2463 2895 2593 2960 Quae
2634 2906 2687 2949 et
2718 2895 3071 2960 scriptoribus
3114 2898 3324 2964 passim
3372 2897 3752 2953 ecclesiasticis

2148 2965 2436 3021 familiaria
2478 2976 2603 3020 sunt
2626 3008 2640 3032 ,
2692 2967 2745 3020 in
2782 2968 3075 3035 primisque
3111 2967 3622 3037 apostolo'Paolo:
3660 2969 3753 3033 Qui

2148 3047 2317 3091 tamen
2363 3040 2585 3109 perversi
2626 3038 2879 3108 dogmatis
2924 3040 3186 3107 magister,
3245 3041 3431 3110 inquit
3483 3040 3752 3105 Socrates,

2146 3125 2426 3179 numquam
2450 3119 2524 3163 est
2553 3110 2900 3162 existimatus.
2941 3128 2960 3161 ι
2996 3110 3121 3164 Htcc
3150 3111 3343 3165 omnia
3376 3111 3720 3179 Quesnellus.

2584 3225 2652 3281 ΙΝ
2690 3224 3064 3280 SERMUVEM
3106 3224 3309 3281 XXIII.

2146 3317 2224 3374 De
2248 3320 2354 3375 alia
2381 3319 2570 3374 Leonis
2598 3319 2873 3387 locutione,
2906 3336 3006 3390 qua
3032 3336 3077 3371 ε.
3104 3320 3127 3373 ι
3164 3329 3427 3373 naturam
3458 3320 3688 3375 divinam
3716 3332 3760 3376 et

2214 3390 2495 3445 humanam
2522 3396 2599 3445 ita
2629 3392 2681 3443 in
2712 3390 2916 3445 Christo
2942 3391 3114 3444 unitas
3142 3394 3243 3459 ait,
3278 3398 3343 3446 ut
3367 3400 3583 3447 natura:
3610 3392 3759 3450 alteri

2216 3462 2384 3517 altera
2412 3463 2747 3517 misceretur.

2221 3574 2241 3608 ‹
2271 3555 2531 3628 Similiter
2546 3555 2740 3628 (inquit
2766 3557 2821 3610 in
2838 3557 3189 3628 annotatione
3205 3557 3587 3628 Quesnellus)
3603 3572 3760 3613 serm.

2142 3629 2176 3681 Δ
2204 3627 2257 3682 in
2294 3627 2487 3696 Epipb.
2530 3628 2668 3681 Deus
2698 3626 2795 3681 Dei
2826 3626 2874 3681 F
2876 3628 2997 3683 ilius
3032 3639 3242 3683 natura:
3274 3632 3461 3683 carnis
3500 3626 3763 3684 immixtus

2143 3697 2361 3770 dicitur.
2393 3699 2712 3768 Huiusmodi
2747 3699 2998 3766 loquendi
3029 3700 3221 3754 modos
3256 3702 3652 3770 scrupulosius
3679 3716 3767 3757 re-

2144 3768 2394 3842 fugerunt
2435 3770 2746 3824 scholastici
2794 3771 3026 3840 theologi
3085 3787 3254 3840 quam
3303 3768 3414 3826 illi
3443 3772 3766 3842 antiquioris

2143 3840 2427 3911 theologire
2458 3851 2706 3913 parentes
2726 3856 2954 3911 quorum
2986 3843 3242 3910 princeps
3259 3840 3637 3912 Augustinus,
3660 3844 3768 3913 cpi-

2143 3913 2280 3965 stola
2306 3914 2359 3977 5,
2384 3913 2450 3967 ad
2477 3912 2851 3981 Volusianum,
2880 3914 3015 3967 hanc
3040 3914 3457 3970 incarnationis
3481 3912 3771 3970 Dominicat

2143 3983 2512 4056 definitionem
2567 3995 2671 4037 tam
2712 3985 2924 4056 plenam
2974 4000 3131 4052 quam
3177 3984 3425 4041 brevem
3476 3988 3767 4056 proponit:

2146 4054 2378 4109 Mixtura
2418 4054 2516 4107 Dei
2544 4064 2591 4108 et
2622 4056 2862 4109 hominis.
2895 4054 2955 4109 Si
2989 4063 3181 4123 tamen,
3234 4066 3302 4111 ut
3343 4054 3543 4112 statim
3574 4054 3774 4124 subdit,

2142 4128 2344 4199 recedat
2388 4127 2594 4179 auditor
2633 4143 2665 4179 η
2693 4128 3410 4199 σοηιυειιιάὶῃεγεονροναηι,
3462 4146 3571 4199 qua
3613 4130 3775 4184 solent

2144 4198 2248 4250 duo
2270 4196 2491 4266 liquores
2511 4199 2583 4251 ita
2606 4197 2943 4263 commisceri,
2975 4197 3139 4268 470
3166 4209 3229 4251 ut
3267 4196 3665 4255 neuter'servet
3688 4201 3773 4254 in-

2145 4270 2431 4340 tegritatem
2480 4286 2647 4321 suam.
2692 4268 2846 4323 Unde
2883 4279 2936 4322 et
2970 4280 3127 4335 paulo
3159 4280 3293 4337 post
3327 4282 3570 4327 veretur
3598 4288 3672 4328 ne
3701 4273 3779 4327 in-

2143 4340 2303 4407 digne
2348 4340 2414 4393 ad
2455 4342 2707 4394 unionem
2752 4340 2845 4393 Dei
2877 4348 2931 4393 et
2963 4341 3222 4405 hominis,
3271 4343 3462 4398 immo
3494 4346 3700 4397 animae
3724 4350 3776 4399 el

2143 4411 2382 4479 Corporis
2430 4411 2706 4464 mixtionis
2738 4412 2821 4465 vel
2867 4410 3112 4464 mixturae
3159 4429 3379 4467 nomen
3422 4414 3777 4470 admittatur.

2145 4481 2400 4556 S‘ecurius
2420 4491 2597 4556 tamen
2621 4482 2785 4535 locuti
2804 4490 2930 4556 sunt
2952 4482 3188 4536 nondum
3211 4484 3593 4554 litigantibus
3614 4487 3780 4556 Euty.

2144 4552 2370 4626 cliianis,
2418 4554 2567 4622 quia
2612 4555 3000 4607 consuetudine
3026 4552 3359 4623 corporoui,
3404 4560 3563 4626 quod
3601 4552 3780 4623 Angit.

2145 4625 2317 4698 stinus
2348 4633 2649 4698 monuerat,
2689 4640 2804 4698 non
2831 4626 3165 4690 recedentes,
3198 4625 3452 4682 naturas
3484 4640 3617 4698 post
3647 4629 3751 4683 adu

2143 4696 2413 4769 nationem
2440 4696 2491 4748 in
2517 4711 2673 4747 unam
2694 4697 2960 4769 coaluisse
2980 4699 3445 4755 soniuiaverunt.
3467 4696 3607 4754 Post
3628 4700 3783 4769 cujus

2144 4766 2363 4820 haeresis
2403 4777 2578 4820 ortum
2618 4767 2824 4820 cautius
2868 4781 2931 4821 ac
2974 4768 3384 4834 pensiculatius
3432 4772 3663 4827 locutus
3696 4766 3781 4825 est

2140 4834 2267 4901 Leo,
2319 4855 2400 4909 ne,
2450 4837 2902 4903 quemadmodum
2932 4837 3357 4894 Theodoretum
3412 4842 3787 4909 admonebat,

2140 4918 2317 4960 contra
2334 4908 2693 4971 Nestorianos,
2717 4918 2804 4961 aut
2821 4909 3171 4979 Eutychianos
3188 4927 3374 4979 agens
3402 4914 3571 4967 alteri
3604 4908 3785 4967 eorum

2139 4980 2394 5055 videretur
2414 4990 2553 5049 terga
2574 4982 2799 5055 vertisse,
2818 4982 2905 5033 sed
2928 4991 3168 5055 utrosque
3180 4980 3407 5055 Christi
3425 4985 3615 5038 hostes
3638 4999 3786 5055 teque

2137 5048 2283 5104 lance
2322 5048 2501 5103 vitaret
2540 5061 2689 5121 atque
2725 5053 2992 5104 damnaret
3032 5048 3231 5121 (Epist.
3261 5053 3369 5120 95,
3396 5058 3478 5110 al.
3503 5058 3629 5121 63).
3653 5048 3790 5110 Cum

2136 5136 2297 5187 porro
2324 5135 2518 5175 natura:
2547 5124 2695 5175 alteri
2720 5122 2883 5176 altera
2910 5123 3140 5176 immixta
3178 5136 3291 5189 est,
3340 5129 3675 5180 notandum
3708 5138 3789 5181 est

2135 5208 2239 5246 non
2270 5195 2445 5267 solum
2468 5193 2519 5247 id
2552 5193 2691 5261 quod
2719 5193 2917 5267 passim
2948 5193 3059 5248 Leo
3089 5206 3295 5251 noster
3327 5197 3624 5267 declarat,
3659 5213 3793 5252 ncu-

2134 5272 2270 5316 tram
2301 5266 2466 5319 fuisse
2498 5265 2854 5333 permixtione
2881 5266 3196 5328 confusam;
3240 5270 3353 5322 sed
3384 5270 3572 5323 etiam
3605 5265 3674 5324 ea
3706 5285 3793 5323 ra-

2133 5335 2276 5389 tione
2306 5338 2403 5389 IIOC
2433 5336 2629 5389 factum
2656 5350 2794 5395 esse,
2829 5335 2971 5402 quod
3000 5352 3114 5389 cum
3153 5336 3415 5392 Verbum
3450 5340 3586 5403 Dei,
3624 5349 3683 5393 ut
3712 5340 3789 5392 ait

2132 5408 2482 5482 Augustinus,
2526 5407 2830 5482 permixtum
2856 5416 2933 5459 est
2953 5409 3137 5460 anima:
3174 5407 3422 5482 hAabenti
3462 5428 3692 5482 corpus,
3724 5411 3794 5465 si-

2130 5480 2236 5551 mul
2267 5490 2311 5530 et
2340 5480 2565 5551 animam
2591 5480 2809 5548 suscepit
2849 5487 2896 5531 et
2932 5494 3119 5545 corpus
3155 5479 3262 5551 (S.
3292 5482 3481 5549 Aug..
3510 5479 3677 5551 epist.
3707 5486 3789 5551 5).

2128 5548 2409 5626 Quomodo
2439 5561 2615 5603 autem
2645 5551 2970 5626 permixtum
2996 5552 3067 5603 sit
3083 5549 3306 5626 anima:
3340 5548 3638 5620 Verbum,
3668 5548 3795 5626 quis

2127 5620 2381 5688 explicet,
2415 5636 2535 5694 cum
2561 5622 2833 5694 explicare
2860 5634 2966 5694 non
2992 5622 3191 5694 audeat
3216 5622 3647 5694 Augustinus?
3678 5620 3797 5681 Hoc

2125 5705 2287 5766 unum
2335 5692 2482 5757 dicit,
2529 5692 2671 5759 quod
2703 5691 2975 5766 Sapientia
3014 5691 3132 5759 Dei,
3179 5691 3458 5762 quae'est
3489 5700 3623 5766 ejus
3662 5698 3796 5752 Ver-

2126 5763 2270 5827 bum,
2304 5766 2485 5840 ubique
2506 5778 2733 5834 prasens
2754 5771 2799 5815 et
2830 5764 3023 5840 latens,
3037 5779 3316 5840 nusquam
3339 5763 3649 5840 conclusa,
3673 5785 3799 5824 ηιις.

2123 5851 2274 5903 quant
2302 5836 2536 5900 discissa,
2567 5850 2820 5906 nusquam
2860 5835 3079 5906 tumida,
3109 5836 3206 5889 sed
3242 5838 3375 5895 sine
3406 5843 3566 5898 mole
3598 5835 3801 5912 ubique
