4006 6348
517 343 612 402 551

1293 342 1365 399 ΙΝ
1401 341 1760 400 SERMONES
1799 341 1859 399 S.
1901 339 2149 400 LEONIS
2186 340 2407 400 MAGNI
2445 343 3037 403 OBSERVATIONES.
3679 361 3768 422 552

511 476 642 534 etc.,
669 467 890 547 ac'tlnit:
923 467 986 526 Si
1003 469 1258 547 φήςει-σο
1286 475 1457 547 spreta
1484 464 1714 547 per/idne
1741 464 1962 534 caligine
1989 465 2104 547 ejus
2128 463 2186 524 Α
2210 541 2223 547 _
2284 462 2377 517 llic
2401 462 2535 547 jure
2567 470 2621 517 te
2669 465 3140 547 obstupescentcm
3164 463 3311 547 mihi
3336 467 3535 547 videor
3557 473 3754 547 intueri,

509 556 567 612 se
596 542 881 612 preceptis,
913 557 976 594 ac
985 536 1238 612 jussibus,
1264 549 1310 590 et
1333 536 1526 590 nisibus
1554 536 2096 612 obtemperarepolue-

507 607 606 674 rit,
632 607 781 680 creti,
806 607 1131 681 praedicique
1148 612 1344 681 jqnuas
1369 617 1580 662 securus
1596 608 1816 662 intrabit
1840 648 1857 672 ,
1893 607 2100 681 Amen;

509 677 942 737 codicemistum
971 677 1162 734 litteris
1189 677 1609 749 Longohardicis
1633 681 1742 747 jam
1771 693 1799 731 a
1826 678 2101 749 sexcentis

506 763 558 807 et
600 756 738 807 ultra
766 753 918 806 annis
937 759 1220 807 exaratum
1249 748 1367 806 esse
1387 793 1402 817 ,
1427 753 1677 821 quoniam
1711 748 2100 821 Desideriiab-

503 823 648 877 batis
682 823 880 878 montis
908 821 1121 888 Casini,
1154 825 1243 890 qui
1293 817 1480 891 postea
1517 822 1792 878 Romanus
1849 817 2096 890 pontifex

507 895 730 947 nomine
755 892 944 948 Victor
967 895 1031 948 lil
1061 895 1302 961 exstitit,
1339 894 1492 964 jussu
1532 897 1767 963 scriptus
1797 893 1927 957 luit,
1957 899 2014 945 ut
2043 892 2099 944 in

506 978 629 1032 cap.
662 965 762 1030 65,
796 965 889 1021 lib.
931 980 990 1020 nt
1016 964 1298 1021 Chronictr.
1341 965 1656 1021 Casinensis
1687 965 1900 1031 legitur,
1945 971 2001 1018 et
2037 971 2101 1017 ut

507 1035 668 1107 istius
693 1037 892 1092 codicis
916 1037 1206 1092 ostendunt
1232 1037 1592 1104 characteres,
1623 1037 1715 1107 qui
1747 1035 1853 1090 illis
1873 1034 2101 1107 aliorum

511 1105 756 1162 codicum
787 1108 855 1162 de
876 1107 1132 1163 mandato
1157 1109 1396 1177 ejusdem
1437 1105 1698 1162 Desiderii
1739 1106 1948 1161 abbatis
1977 1119 2102 1159 exa-

445 1223 448 1227 .
511 1185 754 1233 ratorum
807 1179 1014 1235 similes
1057 1189 1200 1234 sunt.
1240 1177 1482 1234 Praefatis
1521 1177 1649 1233 mihi
1687 1177 2103 1232 communicatis

439 1262 445 1290 ι
509 1249 752 1318 notitiis,
807 1259 950 1306 tuam
982 1265 1107 1321 erga
1137 1266 1225 1304 me
1254 1253 1640 1316 humanitatem
1671 1249 1884 1321 abunde
1915 1245 2102 1321 testari

511 1321 752 1382 voluisti,
779 1336 900 1376 cum
928 1320 1156 1376 aliorum
1181 1322 1452 1377 sexdecim
1480 1334 1786 1374 sermonum
1806 1320 1907 1374 sub
1929 1320 2103 1372 nomi-

486 1397 489 1402 ’
513 1406 588 1446 ne
607 1391 848 1460 ejusdem
874 1393 1043 1448 sancti
1063 1391 1255 1446 Leonis
1283 1393 1336 1446 in
1364 1394 1482 1446 aliis
1501 1391 1776 1446 codicibus
1805 1391 2104 1445 manuscri-

513 1464 622 1544 ptis
650 1475 982 1544 repertorum
1015 1464 1160 1544 initia
1193 1472 1248 1518 et
1273 1467 1406 1544 lines
1438 1463 1670 1544 miseris.
1703 1467 1772 1516 At
1811 1475 2104 1544 novem_ex

512 1533 625 1587 illis
665 1548 708 1604 7a
733 1543 805 1601 _te
843 1533 1093 1589 indicatis
1130 1536 1240 1604 jam
1273 1535 1371 1589 sub
1422 1534 1644 1589 alterius
1682 1534 1852 1587 sancti
1881 1533 2104 1588 nomine

513 1615 637 1659 esse
659 1603 956 1672 impressos
981 1605 1106 1660 novi
1131 1603 1146 1669 ς
1179 1605 1506 1674 reliquorum
1525 1619 1659 1660 vero
1704 1605 1892 1674 ignoro
1919 1613 2106 1658 aucto-

512 1689 627 1728 res.
671 1675 749 1729 Ex
780 1678 863 1729 his
891 1677 1028 1730 duos
1065 1677 1205 1745 apud
1237 1677 1671 1743 Quesnelliauam
1705 1676 1955 1729 adinveni
1999 1677 2103 1728 im-

481 1763 484 1766 '
511 1746 848 1813 pressioncm
868 1788 884 1813 ,
927 1747 1022 1800 sed
1073 1747 1266 1817 integri
1291 1749 1516 1802 minime
1549 1757 1704 1812 sunt,
1761 1761 1880 1803 cum
1909 1755 2106 1817 partes

511 1829 826 1888 sermonum
856 1818 1001 1884 sint;
1035 1833 1171 1874 unus
1195 1816 1498 1884 ’videhcet,
1525 1820 1616 1888 qui
1655 1817 1840 1887 incipit
1861 1816 2103 1873 Hauora~

512 1886 685 1952 bilem,
718 1900 847 1956 etc.,
879 1899 962 1945 est
985 1904 1109 1960 pars
1148 1891 1411 1944 sermonis
1435 1889 1461 1942 1
1495 1886 1565 1945 de
1605 1886 1971 1960 anniversario
2016 1890 2105 1945 die

483 1960 914 2034 Assumptionis
957 1977 1067 2034 sua:
1099 1979 1114 2018 :
1173 1961 1338 2034 474,
1376 1962 1510 2016 alter
1547 1973 1626 2015 est
1665 1975 1845 2015 sermo
1879 1959 1949 2014 48
1972 2002 1989 2028 ,
2039 1963 2106 2015 de

512 2028 954 2101 Quadragesima.
1010 2033 1088 2088 Ex
1135 2028 1462 2087 "immissis
1512 2035 1689 2102 itaque
1725 2033 1961 2101 quinque
2012 2047 2104 2086 su-

510 2113 756 2173 persunt,
781 2118 920 2173 quos
950 2102 1087 2159 facta
1116 2107 1406 2160 collatione
1425 2147 1437 2168 ,
1463 2120 1583 2158 cum
1616 2105 1784 2156 sancti
1810 2103 2003 2156 Leonis
2026 2105 2106 2158 ni-

512 2171 627 2248 tido
650 2171 944 2248 apertoque
984 2176 1126 2248 stylo
1157 2176 1379 2230 minime
1415 2177 1747 2230 concordare
1771 2176 1973 2248 inveni.
1999 2176 2106 2229 Pu-

511 2246 620 2316 tavi
650 2247 811 2300 etiam
842 2249 892 2300 in
927 2246 1361 2302 boc’amicorum
1396 2249 1466 2300 uti
1490 2248 1724 2316 judicio,
1763 2248 1854 2315 qui
1880 2246 1932 2299 in
1957 2261 2106 2301 eam-

514 2311 640 2369 dem
670 2331 844 2370 meam
873 2320 1085 2373 iverunt
1112 2321 1453 2372 svntentiam.

587 2385 1021 2457 lndagationibus
1063 2393 1177 2443 islis
1231 2390 1456 2443 minime
1494 2387 1946 2455 acquiescendum
1984 2401 2106 2442 esse

515 2455 676 2523 duxi,
709 2455 801 2513 sed
823 2463 1017 2514 iterum
1041 2461 1347 2515 Vaticanaiu
1373 2460 1762 2514 bibliothecam
1791 2460 1975 2522 adire,
2009 2474 2106 2512 no-

514 2541 746 2596 vamque
772 2532 1026 2586 adhibere
1048 2533 1372 2602 diligentiam
1403 2545 1613 2600 aequum
1655 2531 1875 2602 putavi;
1916 2530 2106 2598 rogavi

513 2610 802 2667 promer-ea
864 2599 1166 2657 erutlitum'
1199 2607 1374 2657 virum
1426 2599 1772 2656 Laurentium
1823 2599 2106 2669 Zaccagna

516 2669 754 2736 ejusdem
794 2672 1136 2727 bibliothecae
1179 2674 1474 2729 secundum
1506 2673 1783 2728 custodem
1811 2713 1826 2738 ,
1885 2684 1940 2726 ιιι
1971 2671 2108 2727 mihi

514 2742 725 2810 copiam
778 2746 976 2798 laceret
1027 2746 1232 2801 indices
1281 2744 1671 2814 perquirendi:
1730 2745 1808 2798 illi
1862 2745 2104 2810 petitioni

513 2827 650 2866 mea:
679 2815 1084 2880 perhumaniter
1135 2817 1374 2871 indulsit.
1424 2815 1532 2870 Nec
1576 2815 1778 2868 inutilis
1821 2815 1918 2868 fuit
1969 2829 2105 2871 nova

512 2885 853 2952 perquisitio.
917 2887 1088 2941 Unum
1123 2888 1300 2958 itaque
1327 2889 1630 2942 invenimus
1653 2886 1893 2940 codicem
1921 2887 2104 2955 signa-

513 2961 629 3007 tum
652 2969 879 3010 numero
913 2958 1068 3025 l276,
1089 2972 1211 3013 ante
1240 2959 1498 3013 ducentos
1537 2973 1709 3011 annos
1740 2960 2020 3025 scriptum,
2052 2959 2105 3012 in

514 3026 889 3100 cujusgpagiua
917 3030 1006 3097 89,
1051 3047 1078 3081 a
1134 3041 1314 3098 tergo,
1346 3031 1539 3100 legitur
1574 3045 1676 3082 vox
1728 3043 1863 3083 ARCE
1903 3029 2109 3098 absque

516 3095 891 3167 diphthongo;
945 3095 1001 3154 in
1037 3095 1374 3156 altero—vero
1401 3095 1599 3155 'codice
1637 3102 1844 3167 signato
1877 3095 2107 3155 numero

516 3165 678 3241 1261,
706 3165 822 3237 pag.
857 3169 943 3235 78,
969 3174 1219 3227 columna
1245 3173 1481 3226 secunda
1499 3213 1514 3237 ,
1539 3186 1567 3224 a
1604 3165 1783 3241 tergo,
1825 3189 1857 3224 a
1881 3187 1975 3226 sex
1993 3173 2106 3225 cir-

2135 1854 2185 1914 B

2207 541 2315 610 Eam
2357 544 2628 610 palgmem
2660 549 2900 610 errorem
2936 535 3020 610 alr
3045 535 3272 610 eruditis
3299 536 3466 610 viris,
3487 542 3570 610 qui
3607 535 3758 608 sancti

2199 605 2403 678 Leonis
2447 607 2621 678 opem
2665 609 2866 676 pluries
2901 607 3152 672 edidere,
3204 607 3421 663 minimc
3447 605 3758 678 observatum

2203 676 2392 749 fuisse.
2443 677 2518 732 Ne
2549 679 2853 747 dedigueris
2881 689 3162 748 propterea
3201 679 3421 734 brevem
3449 697 3638 740 moram
3667 676 3760 749 tuis

2206 748 2552 816 interponere
2582 752 2793 815 studiis,
2815 765 2876 802 ac
2901 765 2961 803 ea
2988 765 3108 819 quae
3141 759 3260 818 post
3302 766 3457 818 supra
3489 756 3671 813 relatas
3695 748 3763 818 ia.

2205 828 2322 873 ctas
2353 822 2720 890 inilagationes
2748 822 3070 877 eruditionis
3093 823 3262 892 gratia
3286 826 3492 877 exaravi
3514 830 3671 883 amico
3701 834 3764 890 le-

2205 904 2334 960 gere
2357 907 2561 946 animo.

2209 959 2224 986 ⁵
2277 959 2460 1017 Primo
2484 965 2643 1032 igitur
2663 965 2784 1019 loco
2811 963 2878 1018 ad
2911 963 3180 1019 Vaticanis
3219 963 3452 1018 basilica:
3474 968 3668 1023 scalam
3692 988 3767 1030 me

2210 1044 2492 1107 converto,
2516 1050 2673 1104 quam
2699 1035 3070 1107 praegrandem
3099 1035 3259 1088 fuisse
3287 1036 3491 1107 reperi,
3516 1040 3657 1106 cujus
3678 1045 3766 1097 tri-

2201 1105 2350 1174 ginta
2374 1107 2610 1175 quinque
2623 1105 2912 1160 marmorei
2931 1108 3128 1171 gradus
3140 1107 3204 1159 ad
3221 1106 3452 1161 basilicae
3464 1105 3768 1176 Superiorem

2208 1189 2389 1230 aream
2413 1178 2725 1246 praebebant
2748 1179 3052 1238 ascensum,
3087 1179 3286 1248 quique
3316 1178 3366 1248 in
3395 1179 3621 1248 quinque
3643 1185 3772 1240 ordi-

2206 1262 2304 1301 nes
2324 1247 2599 1302 distribmi
2627 1257 2803 1314 erant,
2832 1249 2907 1302 ita
2940 1259 2996 1302 ut
3021 1247 3248 1316 quilibet
3268 1247 3634 1315 ordo’septem
3655 1269 3771 1310 con-

2207 1326 2379 1372 staret
2397 1320 2652 1387 gradibus
2689 1336 2702 1372 :
2737 1335 2858 1373 nam
2897 1320 3177 1374 architecti
3217 1318 3270 1372 in
3310 1320 3563 1389 graduum
3611 1324 3773 1382 distri-

2209 1389 2430 1444 butione
2459 1391 2718 1459 imparem
2745 1406 3027 1445 numerum
3060 1391 3354 1445 observant
3385 1405 3402 1445 :
3429 1402 3609 1447 natura
3647 1397 3775 1452 enim

2207 1473 2444 1535 semper,
2473 1477 2592 1515 cum
2627 1463 2989 1535 ascendimus,
3017 1460 3081 1535 ad
3106 1463 3382 1535 sinistrum
3412 1463 3594 1535 pedem
3621 1469 3777 1535 primo

2211 1533 2536 1587 movendum
2561 1547 2660 1587 nos
2688 1534 2930 1598 inclinat,
2959 1543 3011 1587 et
3031 1533 3085 1586 in
3107 1533 3298 1587 eodem
3314 1534 3534 1603 gradum
3566 1533 3778 1603 plerum-

2207 1617 2314 1679 que
2341 1604 2578 1679 sistimus
2601 1604 2865 1679 :_undesi
2897 1603 3096 1679 gradus
3137 1619 3294 1672 pares
3320 1605 3444 1666 sint,
3479 1605 3660 1661 dexter
3695 1625 3779 1679 pes

2213 1673 2268 1728 in
2301 1675 2492 1730 ultimo
2521 1676 2664 1730 sistit
2691 1678 2882 1746 gradu,
2917 1675 3135 1730 sinister
3152 1691 3281 1731 vero
3308 1687 3551 1730 remanet
3577 1673 3779 1745 suspen-

2212 1759 2338 1812 sus,
2371 1747 2522 1816 quasi
2577 1747 2697 1815 ipse
2730 1747 2897 1802 vellet
2943 1760 3226 1802 ascensum
3261 1748 3568 1803 terminare.
3625 1751 3784 1815 Quare

2211 1818 2513 1872 ascendens
2553 1817 2841 1888 quamdam
2887 1818 3086 1887 patitur
3125 1818 3461 1890 molestiam,
3518 1820 3633 1890 quia
3673 1837 3778 1878 cum

2213 1899 2403 1943 natura
2431 1891 2653 1944 sinistro
2686 1891 2823 1958 pede
2852 1891 2985 1944 velit
3012 1890 3249 1958 quietem
3269 1889 3550 1956 invenire,
3582 1889 3666 1946 illa
3694 1911 3778 1950 ne-

2211 1974 2476 2028 quaquam
2508 1960 2720 2016 fruitur.

2286 2032 2451 2097 llujus
2481 2032 3144 2096 scalm‘delineamentum,
3175 2042 3232 2086 ut
3253 2033 3550 2101 antiquitus
3583 2043 3708 2098 erat,
3739 2037 3785 2090 in

2213 2100 2390 2154 tabula
2427 2102 2493 2156 12
2532 2106 2639 2159 mei
2669 2107 2852 2172 operis
2881 2104 2949 2158 de
2977 2106 3156 2158 Sacris
3189 2100 3458 2159 [Ediﬁciis
3488 2121 3514 2155 a
3545 2102 3786 2160 Constan-

2215 2173 2330 2227 tino
2353 2173 2546 2244 Magno
2569 2177 2902 2232 constructis
2926 2217 2940 2239 ,
2966 2191 3212 2244 expono,
3254 2175 3347 2229 ubi
3376 2174 3628 2230 distincte
3653 2179 3790 2246 quin-

2210 2260 2314 2314 que
2335 2250 2596 2315 graduum
2621 2247 2842 2302 ordines
2865 2263 2984 2300 eum
3001 2247 3336 2302 intermixtis
3365 2248 3565 2301 arcolis
3585 2263 3789 2302 cernun-

2212 2325 2299 2388 tur
2325 2335 2335 2368 :
2361 2332 2528 2386 quare
2553 2319 2745 2388 singuli
2779 2318 2997 2374 ordines
3019 2335 3087 2373 ex
3109 2326 3320 2387 septem
3343 2318 3658 2372 constabant
3685 2334 3790 2387 gra-

2211 2385 2390 2460 dibus.
2424 2385 2684 2443 Arearum
2720 2406 2880 2460 vero,
2912 2405 3030 2460 quze
3062 2391 3114 2444 in
3165 2385 3331 2443 scalis
3376 2385 3790 2457 interponuntur,

2214 2458 2336 2530 linis
2379 2469 2496 2523 est,
2556 2473 2614 2513 ut
2645 2458 2947 2515 ascendens
2989 2463 3040 2514 in
3093 2461 3444 2515 ascendendo
3491 2462 3792 2530 defatigatus

2211 2529 2484 2598 paulisper
2517 2533 2749 2600 quietem
2787 2529 3188 2586 deambulaudo
3211 2573 3225 2595 ,
3260 2538 3382 2587 sive
3429 2529 3791 2600 oonsisteudo,

2215 2612 2473 2655 Inveniat.
2528 2604 2586 2656 In
2635 2603 2796 2657 scala:
2837 2619 2965 2656 vero
3003 2605 3322 2660 summitate
3353 2603 3528 2671 major
3566 2604 3796 2658 omnibus

2212 2671 2332 2744 aliis
2358 2674 2498 2727 areis
2521 2674 2620 2727 alia
2653 2687 2766 2742 est,
2808 2690 2930 2728 cum
2973 2675 3042 2729 ibi
3071 2675 3335 2743 majorem
3369 2678 3604 2739 quietem
3626 2690 3796 2744 ascen-

2211 2741 2367 2816 dens,
2401 2757 2695 2816 antequam
2727 2741 3014 2800 :cdilicium
3049 2741 3411 2815 ingrediatur,
3445 2741 3684 2800 invenire
3711 2745 3797 2799 de-

2212 2813 2356 2868 beat.
2401 2813 2457 2869 ιιι
2491 2813 2639 2870 biSce
2669 2820 2840 2871 sancti
2874 2820 3017 2872 Petri
3061 2813 3221 2872 scalis
3254 2823 3499 2872 maxima
3529 2828 3794 2881 eratarea,

2212 2901 2371 2958 quam
2399 2899 2710 2958 suggestum
2752 2905 2888 2942 area:
2916 2891 3212 2958 superioris
3249 2903 3479 2943 saueius
3509 2888 3617 2944 Leo
3633 2889 3800 2958 appel-

2212 2954 2310 3018 lat,
2336 2958 2403 3011 ad
2435 2956 2793 3014 differentiam
2824 2954 3052 3014 aliarum
3085 2959 3434 3015 inferiorum.

2287 3028 2391 3082 Per
2438 3028 2596 3098 hujus
2641 3031 2802 3086 scala:
2844 3031 3043 3098 gradus
3101 3031 3260 3100 ptisci
3315 3031 3512 3086 ﬁdeles
3561 3029 3800 3084 orationis

2210 3106 2362 3169 voto,
2406 3101 2519 3154 sive
2549 3105 2737 3169 gratia,
2786 3102 3154 3157 indill‘ereuler
3185 3103 3467 3157 habebant
3511 3115 3797 3163 ascensum,

2212 3168 2366 3224 ﬂexis
2390 3168 2595 3226 scilicet
2614 3173 2862 3241 genibus,
2889 3185 2945 3226 ut
2975 3190 3040 3228 ex
3070 3174 3321 3242 Gregorii
3359 3173 3428 3229 IV
3453 3186 3517 3227 ac
3549 3173 3758 3227 Adriani
3785 3171 3802 3226 Ι

515 3238 652 3312 citer
679 3236 896 3296 sacculis
937 3236 1516 3312 exarato,'patentibus
1551 3236 1776 3307 litteris,
1824 3243 2108 3312 qumsitam
2133 3236 2181 3301 C
2214 3243 2355 3312 apud
2382 3236 2859 3298 biblimhécarium
2881 3242 3016 3300 Vitis
3046 3236 3358 3300 deducitur.

517 3307 596 3383 (α)
613 3325 770 3366 unus
801 3327 984 3368 vocem
1006 3317 1128 3383 legi,
1149 3307 1268 3381 qum
1280 3315 1426 3370 dubii
1450 3316 1798 3381 quaestionem
1822 3307 2003 3368 s'olvit.
2031 3313 2107 3369 De

515 3379 621 3435 hac
650 3397 678 3455 a
708 3397 794 3455 me
818 3379 1350 3455 adliibita‘diligentia
1381 3396 1433 3440 te
1462 3379 1669 3441 certum
1698 3386 1927 3439 reddere
1951 3386 2104 3450 duxi,

513 3459 576 3532 ut
597 3453 733 3532 scias
766 3454 817 3510 in
837 3453 1351 3532 -Ιιιιολνοεεγσῖράλμα
1377 3458 1696 3532 irrepsisse,
1742 3468 1790 3510 et
1835 3458 2108 3532 quomodo

514 3521 608 3577 illa
661 3524 885 3594 legenda
929 3527 1000 3582 sit
1045 3521 1462 3582 animadvertas.
1494 3521 1653 3580 'Nam
1685 3521 1802 3580 una
1844 3521 2104 3592 litterula,

516 3599 862 3653 amanuensis
885 3598 1089 3653 incuria
1123 3601 1347 3664 omissa,
1381 3609 1550 3652 totum
1579 3600 1828 3652 immutat
1864 3613 2108 3666 sensum,

488 3669 493 3686 ‘
519 3672 576 3723 ul
607 3667 904 3724 clarissime
922 3685 987 3724 ex
1015 3671 1154 3725 infra
1179 3670 1422 3724 dicendis
1449 3671 1750 3738 apparebit.

593 3738 698 3792 Ara
733 3741 892 3809 igitur
921 3741 1070 3795 locus
1101 3753 1184 3796 est
1211 3742 1298 3796 ille
1327 3743 1380 3794 in
1419 3755 1525 3808 quo
1555 3756 1707 3794 sacra
1738 3741 1847 3794 Deo
1877 3739 2111 3796 oll'erun-

518 3815 653 3874 tur;
698 3823 821 3865 area
859 3826 988 3866 vero
1019 3813 1108 3866 illa
1140 3822 1224 3868 est
1277 3812 1526 3880 planities
1567 3828 1683 3878 qua:
1739 3812 1788 3866 iu
1841 3814 2108 3866 scalarum

519 3881 853 3953 summitate,
901 3884 1222 3953 quandoque
1269 3882 1433 3938 etiam
1480 3884 1532 3936 in
1578 3882 1756 3937 medio
1801 3897 1864 3936 ac
1909 3883 1964 3936 in
1994 3884 2110 3937 aliis

517 3952 784 4023 partibus.
811 3968 932 4007 cum
962 3952 1345 4010 scaltemultos
1377 3954 1574 4008 habent
1613 3954 1843 4021 gradus,
1875 3955 2113 4023 interpo-

519 4022 801 4086 nitur,-ad
829 4026 977 4096 hoc;
1030 4039 1087 4079 ut
1125 4026 1479 4080 ascendentes
1523 4039 1624 4094 per
1674 4026 1791 4078 illas
1818 4067 1830 4087 ,
1892 4022 2114 4094 propter

519 4105 779 4146 ascensus
806 4094 1176 4151 dlllicultatem
1210 4109 1273 4150 ac
1303 4098 1575 4158 latiorem,
1623 4096 1695 4149 ibi
1725 4097 2110 4164 aliquantulum

517 4176 756 4237 pausare
791 4169 1021 4222 valeant.
1061 4168 1188 4223 llaec
1221 4183 1324 4237 vox
1348 4181 1469 4222 una:
1505 4167 1697 4237 legitur
1723 4167 1776 4220 in
1809 4181 2058 4224 sermone
2081 4169 2112 4221 7

516 4237 687 4308 sancti
735 4235 933 4294 Leonis
981 4253 1127 4308 papa
1169 4240 1237 4292 de
1265 4235 1578 4293 Nativutate'
1602 4239 1854 4303 Domini,
1901 4254 2018 4308 cap.
2055 4240 2109 4292 4.

516 4305 794 4360 Sermonis
819 4305 1078 4378 particula
1110 4311 1187 4364 sic
1215 4325 1274 4362 se
1304 4311 1464 4364 habet
1489 4329 1502 4362 :
1546 4309 1622 4362 De
1649 4311 1835 4362 tatibus
1865 4305 2113 4365 institutis

517 4380 666 4430 etiam
689 4379 784 4432 illa
807 4389 1078 4450 generatur
1104 4383 1367 4446 impietas,
1390 4393 1444 4434 ut
1468 4379 1545 4434 sol
1568 4381 1890 4433 inchoatione
1913 4381 2114 4435 diurna:

517 4450 649 4523 lucis
685 4466 992 4520 exsurgens,
1020 4469 1054 4506 α
1091 4452 1394 4523 quibusdam
1428 4452 1861 4523 insipientiortbua
1893 4451 1954 4504 de
1977 4454 2114 4523 locis

517 4522 938 4577 eminentioribus
978 4520 1221 4578 adoretur
1261 4539 1279 4576 :
1317 4526 1455 4592 quod
1499 4520 1736 4574 nonnulli
1770 4524 1919 4574 etiam
1961 4520 2114 4576 Chri-

2283 3312 2516 3388 Ostenso
2542 3314 2706 3388 igitur
2728 3315 2852 3388 quid
2886 3332 2986 3370 vox
3021 3334 3140 3371 area
3163 3320 3271 3384 sit,
3307 3315 3553 3388 quidque
3580 3314 3632 3368 in
3659 3327 3806 3388 sensu

2214 3387 2387 3459 sancti
2433 3385 2633 3459 Leonis
2675 3387 2979 3459 signiticet,
3015 3405 3192 3459 opera:
3242 3385 3486 3458 pretium
3549 3385 3717 3455 poscit
3743 3392 3806 3459 ut

2211 3455 2453 3532 ejusdem
2489 3454 2757 3526 pontilicis
2797 3459 2864 3512 ad
2893 3454 3082 3514 ﬁdeles
3114 3454 3561 3532 objurgationem
3591 3454 3805 3512 examini

2212 3526 2516 3581 Subiiciam.

2337 3599 2543 3671 onuulli
2576 3598 2783 3669 antiqui
2816 3600 3008 3658 lldeles
3047 3609 3343 3671 antequam
3387 3599 3703 3654 Vaticanam
3740 3596 3809 3650 in-

2211 3669 2573 3743 grederentur
2625 3671 2902 3726 basilicam
2932 3714 2946 3739 ,
3013 3683 3137 3743 post
3189 3669 3471 3727 scalarum
3517 3681 3811 3743 ascensum.

2214 3739 2428 3813 {scilicet
2452 3745 2504 3796 in
2553 3743 2668 3813 ipsa
2696 3745 2965 3798 scalarum
3006 3739 3239 3799 maxima
3280 3760 3437 3807 arca,
3489 3741 3693 3813 Natalis
3715 3739 3812 3794 Do-

2216 3811 2350 3885 mini
2380 3811 2467 3885 die
2513 3811 2888 3878 se'sistebaut,
2943 3826 3376 3885 tiasceutcinque
3423 3811 3809 3885 soleiuadora:

2215 3882 2365 3956 bant,
2396 3884 2561 3938 ducto
2590 3894 2908 3953 argumento
2938 3902 2965 3940 a
3000 3880 3313 3942 lllauicl'ucis
3337 3929 3351 3949 ,
3382 3887 3492 3956 qui
3525 3880 3816 3956 liujusmodi

2216 3954 2507 4024 profanum
2537 3957 2894 4010 observabant
2930 3961 3111 4010 ritum.
3154 3957 3342 4026 Quare
3366 3954 3563 4012 ﬁdi-les
3586 3955 3686 4021 ipsi
3709 3968 3814 4016 pro-

2215 4030 2451 4095 priorum
2507 4029 2703 4081 rituum
2749 4029 2916 4097 ignari
2948 4071 2962 4090 ,
3018 4042 3336 4083 itaeceutem
3386 4029 3666 4082 Christum
3708 4038 3816 4078 eum

2215 4099 2426 4152 oriente
2454 4098 2567 4153 sole
2596 4099 3019 4165 confundebaut,
3056 4101 3342 4154 adorando
3384 4109 3690 4154 creaturam
3733 4110 3820 4165 pro

2213 4169 2492 4224 Creatore.
2525 4168 2778 4225 Strictius
2804 4171 2916 4223 lucc
2933 4163 3221 4238 exponam.
3261 4171 3522 4227 Gentiles
3539 4169 3656 4223 fere
3671 4163 3820 4238 476

2216 4255 2426 4309 omnes,
2454 4252 2508 4296 et
2541 4245 2838 4307 praesertim
2863 4243 3188 4304 Orientales,
3213 4244 3393 4296 solem
3419 4242 3651 4296 deorum
3685 4255 3820 4307 priu-

2214 4312 2385 4379 cipem
2410 4327 2530 4367 esse
2557 4311 2918 4366 crediderunt.
2959 4310 3125 4367 Dicet
3173 4314 3220 4367 id
3258 4313 3610 4367 admirandis
3639 4311 3814 4364 lectio-

2218 4383 2301 4436 nis
2331 4391 2491 4454 atque
2522 4384 2844 4438 eruditionis
2865 4387 2955 4439 ‘vir
2985 4383 3196 4454 Gaspar
3229 4385 3462 4439 Baitius
3496 4386 3550 4438 in
3581 4379 3821 4454 suisnd-

2214 4449 2577 4532 versat-iurum
2604 4449 3173 4532 'Commetit..riis__lib.
3204 4473 3327 4518 xu,
3366 4474 3497 4532 Cap.
3682 4449 3824 4532 idem

2216 4525 2569 4596 ostenditivir
2598 4525 2890 4596 multijogie
2922 4527 3242 4581 eruditionis
3287 4540 3340 4582 et
3369 4523 3543 4581 varia:
3588 4523 3826 4596 lectionis

515 4593 672 4678 sintut
698 4595 825 4674 adeo
845 4609 898 4647 se
927 4596 1356 4678 relligioscfucere
1385 4602 1604 4674 putant,
1637 4602 1692 4678 ut
1723 4595 2110 4678 priusquamud
2139 4616 2192 4678 ι)
2217 4595 2427 4678 Guspar
2451 4593 2878 4678 Joannis-vossii
2909 4602 2956 4651 iu
3007 4615 3105 4678 suo
3146 4607 3392 4678 tractatu
3422 4600 3495 4652 de
3530 4594 3823 4678 idolii-tria

515 4657 582 4712 B.
619 4660 759 4735 lfetri
787 4664 1004 4734 apbstoli
1023 4657 1318 4725 basilicam,
1350 4657 1463 4735 qua:
1493 4664 1582 4716 uni
1630 4662 1736 4735 Deo
1759 4657 1888 4716 rivo'
1917 4674 1964 4717 et
1995 4669 2110 4720 véro

517 4741 591 4784 est
624 4733 876 4798 dedicata,
912 4737 1226 4804 perveniant,
1256 4733 1511 4807 superatis
1534 4733 1798 4807 gradibus,
1829 4735 2010 4803 quibus
2040 4737 2110 4789 ad

517 4812 812 4877 suggestum
837 4821 953 4860 ius
983 4808 1262 4877 superioris
1290 4806 1608 4867 ascenditur,
1637 4821 1876 4859 converso
1899 4813 2111 4876 corpore

518 4873 587 4946 ad
616 4885 904 4946 nascentem
925 4893 978 4929 se
999 4873 1157 4930 solem
1183 4877 1466 4946 reﬂectant,
1500 4887 1544 4928 et
1568 4877 1788 4928 curratis
1831 4873 2112 4932 cervicibus

515 4944 573 4996 in
603 4944 849 4997 honorem
893 4963 946 5000 se
988 4944 1249 5014 splendidi
1292 4947 1427 5000 orbis
1474 4947 1742 5000 inclinent.
1798 4947 1946 5010 Quod
1999 4951 2110 5015 ﬁeri

517 5015 705 5085 partim
736 5017 1037 5087 ignorantia:
1057 5019 1198 5079 vitio,
1223 5019 1411 5086 partim
1437 5020 1744 5086 pagnnitatis
1773 5019 1957 5084 spiritu
1978 5022 2113 5074 mul-

517 5097 625 5159 tum
683 5087 979 5141 tabescimus
1025 5099 1072 5142 et
1105 5091 1356 5143 dolemus.
1409 5089 1548 5153 Quia
1584 5105 1630 5142 et
1670 5091 1711 5142 si
1743 5089 1950 5159 quidam
1980 5092 2110 5159 forte

517 5156 807 5210 Creatorem
841 5160 1010 5224 potius
1049 5161 1253 5230 pulchri
1298 5160 1508 5214 luminis
1541 5177 1694 5230 quam
1722 5156 1886 5230 ipsum
1911 5156 2105 5230 lumen,

516 5231 654 5296 quod
684 5238 756 5281 est
782 5238 1051 5295 creatura,
1077 5239 1378 5285 venerantur
1397 5272 1412 5296 ,
1443 5232 1801 5285 abstinendum
1840 5243 2006 5285 tamen
2035 5245 2110 5288 est

517 5300 580 5374 ab
610 5300 726 5374 ipsa
759 5298 1056 5374 hujusmodi
1099 5304 1266 5367 specie
1293 5300 1460 5374 ofﬁcii,
1504 5319 1658 5374 quam
1689 5319 1801 5355 cum
1826 5304 1879 5356 in
1926 5312 2110 5360 nostris

515 5368 726 5434 invenit,
747 5368 837 5440 qui
852 5371 1066 5426 deorum
1093 5375 1291 5426 cultum
1313 5368 1548 5438 reliquit",
1586 5391 1753 5427 nonne
1787 5374 1919 5427 hanc
1939 5391 2110 5430 secum

518 5449 718 5513 partem
744 5443 999 5513 opinionis
1027 5454 1254 5507 vetustte,
1281 5455 1538 5508 tamquam
1567 5444 1881 5509 probabilem
1899 5489 1913 5513 ,
1942 5457 2107 5502 reten-

519 5511 676 5575 tabt't,
705 5511 859 5582 quam
888 5511 1193 5569 Christianis
1223 5523 1271 5567 et
1310 5515 1483 5582 impiis
1515 5515 1696 5568 viderit
1736 5533 1842 5570 esse
1876 5511 2108 5572 commu-

519 5597 633 5658 item
662 5585 686 5636 ?
731 5583 894 5658 575
924 5587 1215 5656 Abjiciatur
1245 5601 1368 5658 ergo
1401 5602 1431 5638 a
1467 5589 1830 5658 consuetudine
1870 5588 2103 5654 ﬁdelium

519 5653 816 5708 damnanda
844 5653 1184 5726 perversitas,
1224 5653 1320 5712 nec
1339 5655 1504 5711 honor
1525 5658 1614 5710 uni
1652 5657 1759 5712 Deo
1790 5653 1994 5715 debitus
2017 5678 2102 5715 eo-

519 5738 638 5777 rum
664 5726 846 5780 ritibus
868 5729 953 5798 qui
981 5730 1225 5784 creaturis
1253 5729 1538 5783 deserviunt
1568 5731 1857 5785 misceatur.

2218 4668 2460 4736 plurimis
2493 4671 2542 4720 in
2593 4669 2775 4735 locis;
2829 4670 2970 4723 idem
3014 4669 3319 4724 Kircherus
3379 4671 3437 4725 in
3488 4686 3594 4725 suo
3643 4664 3829 4734 Edipo

2215 4737 2553 4810 @gyptiaco.
2605 4738 2737 4793 Cum
2783 4741 2942 4810 igitur
3001 4741 3437 4796 Maniclueorum
3498 4741 3748 4810 h.ci'es:s
3782 4736 3829 4790 in

2217 4809 2624 4876 McsOpOtamia,
2657 4809 2917 4865 Orientali
2950 4812 3132 4882 plaga,
3182 4827 3343 4865 suum
3378 4811 3641 4866 habuerit
3677 4809 3828 4882 origi-

2219 4895 2364 4944 nem,
2397 4891 2458 4933 ut
2488 4882 2671 4934 scribit
2703 4881 3064 4948 Constantina,
3099 4885 3212 4937 sive
3237 4884 3553 4939 Salaminre
3584 4883 3634 4936 in
3666 4881 3832 4950 Cypro

2218 4949 2738 5028 episcopussanctus
2771 4955 3098 5028 Epiphanius
3122 4956 3397 5028 adversus
3427 4949 3832 5028 ῌιειεβεμειιηιτ

2219 5023 2326 5076 resi
2349 5022 2448 5085 46,
2475 5025 2588 5077 sive
2617 5024 2706 5086 66.
2742 5020 2934 5078 tiiirutii
2977 5041 3082 5080 non
3113 5039 3194 5081 est
3221 5025 3378 5091 quod
3425 5026 3533 5094 ipsi
3561 5020 3832 5094 Manichazi

2218 5094 2391 5148 solem
2437 5094 2817 5159 adoraveriut;
2867 5097 3005 5162 quod
3047 5097 3222 5152 innuit
3274 5092 3550 5164 magnum
3585 5095 3712 5149 illud
3744 5092 3835 5144 Ec-

2217 5165 2397 5237 clesia}
2441 5167 2619 5237 lumen
2659 5176 2879 5221 sanctus
2911 5170 3242 5237 Augustinus
3270 5209 3285 5232 ,
3343 5168 3444 5222 lib.
3479 5166 3552 5222 de
3602 5165 3833 5237 litorea,

2220 5236 2413 5290 lneres.
2453 5236 2544 5298 46,
2568 5237 2637 5292 de
2658 5239 2858 5292 eisdem
2896 5234 3204 5294 Manichzris
3242 5240 3331 5293 sic
3365 5239 3625 5292 scribens
3658 5254 3670 5288 :
3709 5234 3835 5287 Ora-

2221 5309 2385 5382 tiones
2412 5309 2611 5382 faciunt
2652 5309 2719 5361 ad
2745 5311 2903 5363 solem
2933 5327 3021 5378 per
3068 5312 3203 5364 diem
3253 5324 3690 5382 quaquaversum
3737 5306 3836 5382 cir-

2221 5380 2378 5431 cumit
2401 5376 2508 5441 ,‘ad
2537 5380 2713 5457 lunam
2740 5399 2828 5451 per
2849 5376 3062 5457 noctem,
3095 5383 3138 5436 si
3167 5376 3397 5457 apparet
3417 5382 3490 5435 ad
3510 5376 3838 5457 Aquiloniam

2219 5458 2439 5522 partem,
2471 5467 2573 5520 qua
2605 5453 2684 5505 sol
2706 5468 2818 5504 cum
2845 5455 3085 5507 occiderit
3111 5453 3178 5506 ad
3224 5454 3500 5506 crientem
3548 5453 3836 5522 revertitur.

2219 5519 2397 5588 Quare
2421 5519 2491 5595 ad
2532 5523 2675 5595 illam
2702 5524 2828 5595 caeli
2872 5524 3077 5595 plagam
3120 5525 3209 5578 ubi
3241 5524 3525 5578 videbant
3571 5522 3662 5576 illa
3715 5519 3838 5570 hora

2218 5593 2448 5662 spectari
2471 5594 2667 5662 solem,
2703 5594 2775 5649 ibi
2798 5611 2859 5651 se
2884 5596 2949 5649 ad
2967 5593 3126 5652 illum
3153 5597 3515 5654 adorandum
3551 5603 3838 5656 converte-

2218 5663 2366 5718 bant.
2419 5665 2640 5718 Summo
2671 5665 2828 5733 igitur
2861 5683 3015 5723 mane
3041 5669 3123 5722 sol
3148 5671 3342 5725 oriens
3381 5672 3670 5727 Vaticana:
3694 5666 3837 5722 busi-

2220 5737 2335 5791 licae
2383 5733 2571 5790 faciem
2624 5739 2868 5807 respicit,
2901 5740 3155 5812 illamque
3194 5758 3294 5810 per
3347 5745 3563 5798 multas
3609 5742 3837 5798 illustrat

598 5869 678 5930 (al
706 5870 849 5924 Hanc
870 5871 1112 5926 eamdem
1133 5871 1416 5926 lectionem
1440 5871 1562 5926 aliis
1589 5873 1759 5927 tribus
1777 5887 1908 5928 mss.
1933 5874 2306 5930 conﬁrmatam
2338 5874 2661 5935 invenimus,
2675 5872 2742 5930 de
2761 5875 2955 5938 quibus
2981 5875 3099 5932 vide
3117 5884 3228 5932 not.
3243 5875 3342 5940 i7,
3368 5880 3427 5933 in
3452 5895 3628 5935 serm.
3643 5877 3730 5930 97.
