4006 6348
240 340 332 424 δμ
661 285 711 293 ,ἡ
793 419 799 424 _
989 334 1064 406 ω
1104 331 1466 392 SERMONES
1503 331 1559 388 S.
1597 330 1849 408 LE1)le
1887 329 2102 394 MAGNI
2141 326 2737 392 OBSERVATIONES.

3410 325 3516 386 542

235 419 389 536 nibus
417 448 486 507 ad
506 419 868 532 Epiphaniam
897 463 1022 574 pag.
1047 449 1174 514 267,
1204 461 1257 506 et
1282 464 1377 518 pro
1404 447 1621 533 (χλιχ.
1638 460 1812 531 trans-
1838 452 1887 508 A
1919 448 2115 532 Citristi
2146 450 2458 534 consulatus
2482 451 2702 533 adjecit,
2727 449 3253 536 Maniobacorumque
3281 453 3512 539 haeresis

235 527 602 574 lato'muhero
638 519 764 574 imo.
795 517 956 574 'leaen
1003 537 1089 574 unt
1125 521 1231 574 vult
1257 509 1455 574 CCXL.
1502 521 1660 574 Ratio
1695 536 1812 574 eius
1923 521 2262 574 tmttaProbt
2301 533 2648 574 nnoeratorts
2677 533 2731 574 et
2776 523 2981 574 Palllllll
3027 526 3328 574 consulatui
3373 530 3509 574 nsi.

221 509 343 590 ’ἱξίό
357 509 764 590 Metennio,
791 509 1089 591 "legendunt
1125 509 1231 576 vult
1257 509 1455 578 CCXL.
1487 509 1660 576 'Ratio
1695 524 1812 589 ejus

223 603 313 652 est
337 595 481 666 quod
505 592 744 666 Probigt
762 591 1311 666 Pauliniconsulatus
1340 593 1594 666 iuciditin
1613 608 1812 666 annum

223 661 951 736 Rre'ChristiJCGLXXVII
986 664 1038 718 in
1089 679 1195 736 tera
1225 663 1567 736 Dionysiana.
1591 664 1716 736 ‘Quo
1745 679 1813 719 ex

224 741 459 793 humero
481 734 681 803 XXXI,
716 736 905 805 inquit,
936 737 1090 789 annis
1115 731 1382 801 deductis,
1406 731 1660 792 CCXLVI
1686 737 1812 790 anni

219 808 424 879 reliqui
449 819 572 879 sunt
602 806 674 861 ab
700 807 1014 879 ascensione
1043 807 1286 872 Domini;
1331 807 1550 862 totidem
1583 807 1811 872 scilicet,

221 878 362 945 quot
404 895 474 935 ex
517 878 751 950 aliorum
783 878 1315 950 (-hronOgraphorunt
1359 881 1628 935 sententia
1660 881 1814 950 ponit

219 950 588 1022 Epiphanius.
639 948 752 1022 Leo
796 959 974 1022 autem
1001 948 1209 1005 'noster
1256 950 1444 1006 horum
1485 948 1814 1005 sententiam

219 1015 484 1088 secutus;
505 1037 581 1077 rit
602 1020 671 1091 (si
694 1021 902 1091 Petavii
926 1024 1188 1077 correctio
1215 1022 1506 1091 subsistit),
1531 1036 1812 1076 numerum

222 1090 728 1149 rotundum‘CCXL
755 1107 850 1161 pro
876 1090 1125 1148 CCXLVI
1160 1090 1473 1163 usurpans:
1499 1093 1639 1163 quod
1673 1094 1814 1146 inter

222 1166 662 1220 conciona'ndum
689 1165 922 1218 maxime
950 1165 1164 1218 evenire
1191 1166 1347 1231 solet,
1382 1166 1468 1219 ubi
1500 1166 1563 1220 ad
1597 1163 1813 1218 strictos

219 1235 595 1307 'chronoiogi'te
645 1236 829 1304 apices
876 1250 982 1289 non
1027 1237 1342 1290 attenditur.
1382 1236 1614 1307 Propius
1640 1235 1816 1289 adhuc

217 1308 288 1360 ad
338 1306 506 1363 illaut
534 1309 796 1376 epocltam
841 1307 1063 1361 accedet
1110 1307 1254 1372 Leo,
1306 1308 1347 1360 si
1381 1324 1479 1376 pro
1505 1306 1686 1361 CCLX
1721 1321 1814 1374 po-

209 1382 397 1434 suerit
443 1377 596 1444 CCL,
645 1378 788 1448 quod
820 1379 1036 1447 quidem
1085 1376 1246 1448 habet
1288 1379 1612 1448 Oxoniensis
1643 1378 1811 1432 codex

215 1465 369 1504 unus
398 1465 500 1505 ms.
535 1451 589 1504 in
619 1447 874 1504 archiviis
903 1447 1160 1504 Laudinis
1187 1459 1516 1504 asservatus.
1549 1447 1610 1503 Et
1657 1463 1810 1517 sane,

211 1533 271 1574 ut
301 1537 431 1576 cum
459 1523 573 1594 typi
599 1521 894 1594 excudeudi
925 1521 1266 1594 ordinantur,
1287 1521 1604 1594 faciliusest
1627 1537 1816 1594 nume-

209 1597 347 1648 rum
376 1591 540 1648 unum
585 1594 640 1647 in
673 1591 901 1647 alterius
936 1595 1123 1664 locum
1145 1635 1160 1659 ,
1207 1591 1622 1664 dormitantibus
1649 1591 1818 1664 488

209 1665 427 1732 operis,
449 1665 786 1732 irrepere,et
807 1678 904 1732 pro
934 1661 1027 1718 XL
1056 1663 1250 1719 excudi
1277 1663 1390 1730 LX,
1424 1665 1494 1717 ita
1523 1661 1811 1718 interscri-

205 1734 463 1790 bendum
511 1735 720 1790 facilius
765 1746 848 1789 est
877 1749 1160 1790 numerum
1191 1748 1358 1790 unum
1396 1734 1557 1790 alicui
1589 1750 1816 1790 summa

208 1807 536 1873 superaddi,
567 1817 630 1860 ut
656 1805 700 1861 Χ
735 1806 800 1860 ad
830 1806 926 1860 Ι..)

281 1880 351 1931 2.
398 1878 648 1935 Secundo
681 1877 734 1931 in
773 1892 838 1933 ea
877 1880 1059 1944 verba,
1105 1881 1279 1935 Probo
1318 1880 1628 1948 imperatore
1677 1877 1817 1933 Pau-

207 1949 435 2021 tjnoque
469 1966 600 2004 coss.
651 1965 670 2003 :
723 1966 742 2000 ι
791 1949 926 2003 llinc
971 1951 1219 2020 corrige,
1271 1954 1462 2021 inquit,
1512 1949 1818 2005 Cassiodori

203 2018 423 2075 Fastos
453 2022 790 2086 censulares,
837 2021 928 2087 qui
981 2018 1138 2075 hunc
1170 2018 1508 2076 censulatum
1540 2022 1818 2076 Aureliani

206 2106 261 2162 et
307 2091 617 2147 Marcellini
659 2092 957 2147 consulatui
995 2094 1305 2147 immediate
1334 2092 1650 2162 subjiciunt.
1685 2094 1816 2148 Cor-

203 2161 332 2230 rige
394 2166 555 2219 etiam
600 2163 840 2220 Annales
885 2165 1320 2230 ecclesiasticos,
1365 2161 1453 2230 qui
1504 2165 1566 2217 ad
1617 2180 1818 2220 annum

201 2233 312 2288 Ch.
383 2233 488 2292 ΞΠ
535 2235 676 2290 hunc
718 2235 1054 2288 consulatum
1102 2249 1221 2289 cum
1272 2237 1502 2304 septimo
1543 2236 1816 2290 Aureliani

201 2305 572 2375 imperatoris
621 2322 762 2360 anno
799 2314 1150 2374 componunt.
1201 2306 1333 2362 Cum
1371 2309 1512 2361 enim
1546 2321 1610 2361 ex
1668 2307 1818 2360 l'astis

201 2378 483 2432 omnibus
529 2378 762 2432 Probum
813 2375 1204 2446 Paulinumque
1255 2379 1416 2433 simul
1475 2379 1815 2433 consulatum

270 2450 462 2504 ssisse
496 2457 704 2503 constet
731 2491 745 2513 ,
793 2446 1139 2520 Probumqne
1171 2452 1549 2519 imperatorem
1581 2450 1818 2518 appellet

247 2535 322 2572 eo
365 2529 578 2586 noster,
627 2535 856 2575 neceSse
882 2532 962 2574 est
995 2519 1062 2573 ut
1089 2531 1215 2590 pOsI.
1255 2519 1528 2575 Aureliani
1565 2531 1813 2588 mortem,

201 2591 397 2647 immo
441 2599 498 2646 et
541 2601 658 2661 post
689 2590 881 2656 Taciti,
912 2592 998 2645 cui
1029 2593 1236 2646 Probus
1267 2592 1548 2655 successit,
1584 2593 1813 2659 obitum,

201 2661 547 2716 Consulatus
589 2663 682 2717 ille
712 2662 876 2716 Probi
908 2662 1222 2733 Paulinique
1269 2664 1574 2732 Contigerit.
1617 2662 1812 2717 Conci-

203 2733 282 2784 nit
318 2733 557 2787 Eusebii
601 2734 988 2802 Chronologia,
1023 2736 1110 2804 qui
1143 2749 1283 2788 anno
1310 2734 1346 2788 2
1393 2735 1551 2790 Probi
1583 2735 1816 2802 impera-

203 2805 356 2857 toris
383 2804 802 2860 Manicbaaorum
831 2806 1094 2873 originem
1119 2808 1376 2872 assignat.
1404 2805 1602 2860 Facilis
1635 2815 1814 2861 tamen

202 2877 693 2931 conciliandorum
723 2885 1006 2930 auctorum
1036 2877 1251 2931 diversa
1299 2878 1366 2931 de
1399 2878 1814 2932 Maniclncomm

197 2961 397 3018 sectae
419 2948 582 3000 initiis
605 2946 955 3018 scribentium
985 2949 1089 3001 via.
1106 2949 1212 3004 Alii
1239 2949 1304 3002 dc
1327 2951 1442 3018 ipso
1468 2949 1702 3011 Manete,
1722 2949 1814 3004 alii

199 3017 271 3073 de
330 3019 470 3088 ejus
517 3017 782 3088 magistris
811 3018 1106 3090 Scytltiano
1139 3033 1191 3074 et
1221 3017 1444 3085 liudda,
1503 3020 1572 3075 de
1617 3020 1815 3088 quibus

197 3103 391 3160 supra
415 3131 430 3156 ,
488 3090 840 3160 intelligendi.
892 3093 1067 3160 Aliqui
1099 3091 1164 3146 de
1192 3092 1305 3157 ipsa
1333 3092 1540 3156 origine
1585 3092 1813 3146 monstri

197 3159 404 3233 iiiius;
445 3159 689 3216 nonnulli
723 3162 789 3216 de
814 3163 978 3216 variis
1001 3159 1119 3232 ejus
1149 3163 1519 3233 eruptionibus
1552 3163 1602 3216 in
1627 3161 1816 3218 Eccle—

1923 521 2069 575 initia
2092 521 2262 576 .Probi
2301 524 2648 591 imperatoris
2677 533 2731 578 et
2776 523 2981 578 Paulini
3027 521 3328 581 consulatui
3373 530 3509 586 assi-

1917 593 2121 664 gnavit.
2153 592 2367 648 Octava:
2395 596 2556 650 etiam
2583 595 2976 664 persecutionis
3015 597 3224 651 notatio
3251 599 3351 653 Soli
3385 599 3506 659 Pro-

1918 660 2380 741 speriCltronico
2404 660 2822 741 referenda‘est
2842 684 2866 741 _:
2900 665 3169 741 Eusebius
3198 671 3344 741 enim
3376 686 3506 741 per-

1917 736 2228 791 secutiones
2258 739 2474 806 quidem
2517 741 2626 814 suis
2668 739 2802 793 locis
2838 738 3096 794 indicavit
3130 742 3182 814 in
3211 736 3505 814 Chronico,

1919 821 2024 886 non
2073 817 2252 886 autem
2281 811 2568 886 expressit
2618 825 2900 886 numerum
2953 825 3114 881 quem
3147 811 3202 867 in
3235 811 3507 886 Prospero

1921 877 2243 952 invenimus.
2275 880 2414 935 Hinc
2446 891 2624 936 autem
2675 883 2798 935 anni
2844 877 3058 952 quoque
3109 877 3390 941 annotatio
3439 904 3506 944 ex

1920 950 2109 1075 godgm
2156 951 2702 1075 Ιίτοειιθτὶϐιιιυοηὶοο
2749 950 3090 1023 ειῳριιιαήάο
3145 956 3372 1012 collecta
3423 959 3505 1014 di-

1951 1037 2014 1075 eu
2057 1037 2085 1075 a
2117 1037 2174 1075 es
2205 1062 2218 1075 .

1918 1033 2085 1076 ceuua
2117 1033 2218 1076 est.

1991 1090 2055 1165 5.
2082 1093 2136 1148 Si
2169 1110 2306 1165 vero
2340 1104 2486 1150 recta
2530 1097 2843 1165 supputatio
2883 1097 3018 1151 facta
3059 1098 3331 1164 credatur,
3371 1100 3504 1154 scri-

1913 1163 2126 1218 bendos
2153 1164 2332 1238 fuerat
2381 1170 2557 1235 potius
2584 1163 2755 1222 annus
2782 1167 2888 1222 250
2917 1183 3077 1238 quam
3107 1168 3235 1226 260.
3268 1170 3325 1224 Si
3356 1171 3502 1227 enim

1919 1235 2261 1308 a__coiisulatu
2299 1238 2648 1294 Geminorum
2673 1280 2689 1303 ,
2733 1239 2816 1293 cui
2868 1235 3045 1308 passio
3081 1254 3130 1295 et
3167 1243 3502 1298 resurrectio

1918 1305 2120 1383 Christi
2161 1308 2212 1361 itt
2257 1309 2445 1383 iisdem
2485 1309 2809 1364 editiouibus
2837 1305 3148 1383 attribuitur
3179 1312 3501 1383 (postrema:

1919 1378 2179 1450 siquidem
2221 1381 2488 1448 editioni,
2521 1397 2641 1450 quae
2681 1383 2876 1447 prodiit
2925 1397 3014 1435 an.
3047 1378 3501 1444 tﬁsftribuenda

1920 1459 2003 1502 est
2043 1449 2132 1503 illa
2166 1452 2432 1520 opinionis
2462 1449 2717 1516 mutatio,
2746 1469 2851 1522 qua
2885 1451 3124 1521 Prosper
3151 1454 3501 1510 Geminorum

1922 1523 2223 1593 consulatui
2254 1525 2721 1592 niaitifestationcm
2747 1540 2842 1579 seu
2883 1524 3320 1593 prazdicationem
3346 1525 3504 1581 Chri-

1920 1592 2010 1666 sti,
2049 1591 2215 1648 tribtts
2270 1591 2446 1666 autem
2475 1607 2598 1666 post
2643 1597 2798 1650 annis
2829 1591 3135 1664 passionem
3169 1607 3222 1652 et
3254 1613 3501 1654 resurre-

1921 1662 2155 1738 Ctionem
2199 1665 2450 1735 ascripsit
2475 1662 2532 1738 δε
2563 1667 2632 1730 si,
2676 1662 2916 1736 inquam,
2948 1667 3015 1722 ab
3041 1683 3106 1722 eo
3149 1667 3501 1724 Geminorum

1922 1737 2202 1789 consulatu
2244 1738 2312 1792 ad
2359 1739 2695 1794 consulatum
2733 1738 2894 1792 Probi
2943 1747 2999 1792 et
3021 1738 3252 1798 Paulini,
3283 1741 3368 1794 cui
3401 1740 3504 1794 ini-

1848 1843 1894 1903 B
1926 1807 2053 1903 911'"
2070 1808 2312 1903 Βῗὲδὲ
2343 1808 3504 1903 Ηέἴξὲῗὶὴθὲἓνυῖξζ,ίέἷθίξῗὲῗῖλιῗῗξὲθοίὶίὶτηιῖῗῖζ

1926 1886 2027 1942 tes,
2067 1879 2308 1951 invenies
2337 1880 2553 1949 quidem
2596 1882 2652 1936 in
2702 1880 2860 1935 editis
2901 1881 3213 1935 consulatus
3253 1880 3383 1946 247,
3409 1879 3503 1951 qui

1924 1950 2156 2002 rotundo
2184 1966 2430 2018 numero,
2464 1960 2521 2006 ut
2547 1967 2691 2019 saepe
2716 1952 2793 2015 lit,
2823 1951 2977 2005 latius
2999 1951 3189 2006 haberi
3217 1950 3506 2020 potuerunt

1923 2035 2019 2088 pro
2044 2036 2184 2076 anno
2213 2022 2340 2086 ⁸250,
2369 2037 2472 2077 non
2502 2038 2631 2078 vero
2657 2022 2786 2078 260.
2821 2025 2890 2076 At
2919 2022 3311 2077 observandum
3344 2031 3427 2077 cst
3453 2023 3504 2078 in

1921 2092 2135 2160 vulgato
2159 2093 2409 2163 Prosperi
2437 2095 2704 2148 Chronico
2735 2095 2871 2149 alios
2909 2095 3223 2148 consulatus
3262 2094 3506 2150 librario-

1923 2179 2039 2234 rum
2090 2165 2292 2220 incuria
2323 2165 2554 2220 omissos
2575 2207 2590 2229 ,
2639 2166 2775 2219 alios
2805 2173 2982 2218 autem
3029 2180 3306 2234 perperam
3339 2165 3504 2219 fuisse

1923 2233 2176 2306 insertos,
2205 2246 2258 2290 ut
2284 2237 2459 2306 colligi
2490 2247 2663 2303 potest
2689 2253 2754 2292 ex
2777 2235 2994 2290 Canone
3013 2233 3255 2306 paséltali
3281 2234 3503 2290 Victovii

1924 2303 2193 2373 Aquitani,
2227 2308 2316 2376 qui
2341 2303 2654 2362 consulatus
2687 2324 2757 2363 ex
2782 2303 3052 2377 Prospero
3079 2309 3383 2362 accuratius
3409 2323 3506 2362 ex-

1921 2378 2154 2446 scripsit,
2189 2395 2287 2434 ncc
2312 2396 2415 2432 non
2445 2395 2510 2432 ex
2539 2378 2658 2432 aliis
2683 2378 3035 2442 argumentis,
3063 2394 3182 2445 quae
3206 2379 3505 2433 luculenter

1921 2451 2197 2519 proposuit
2219 2450 2455 2506 Joannes
2480 2449 2694 2504 Vander
2713 2450 2926 2519 Haagen
2952 2453 3004 2502 itt
3029 2449 3504 2505 Observatiunibus

1919 2518 1987 2591 ad
2009 2518 2310 2574 Chronicon
2334 2519 2654 2591 Prostieri,§
2679 2522 2748 2576 49
2767 2532 2819 2574 et
2837 2518 2997 2591 "seqq.
3022 2519 3191 2591 Porro
3220 2535 3288 2576 ex
3312 2521 3502 2576 eodem

1920 2587 2141 2644 Victorii
2191 2593 2407 2646 Canone
2471 2587 2650 2660 atque'
2671 2607 2738 2646 ex
2777 2592 2895 2645 aliis
2924 2587 3112 2660 “ipsius
3153 2587 3494 2658 Prosperiani

1919 2661 2173 2733 Clironici
2215 2665 2358 2718 netis
2401 2665 2598 2733 liquet,
2637 2666 2973 2716 consulatum
3007 2663 3378 2729 Geminorum,
3416 2663 3502 2717 cui

1919 2731 2266 2804 assignantur
2317 2731 2496 2804 passio
2547 2743 2602 2789 et
2651 2736 2979 2788 resurrectio
3007 2735 3239 2800 Christi,
3267 2735 3346 2804 ab
3386 2735 3504 2803 ipso

1918 2801 2188 2871 Prospero
2234 2801 2400 2860 finiese
2427 2805 2645 2861 afﬁxum
2673 2805 2725 2860 ei
2748 2819 2890 2859 anno
2927 2807 3018 2875 qui
3047 2803 3337 2872 respondet
3360 2801 3503 2858 anno

1919 2890 2042 2928 tera:
2074 2877 2307 2944 vulgaris
2339 2878 2595 2947 vigesimo
2625 2888 2836 2933 octavo.
2876 2876 2933 2932 Si
2973 2891 3103 2931 vero
3131 2875 3330 2947 abch
3362 2887 3504 2947 anno

1919 2950 2307 3018 certorvulgaris
2329 2945 2645 3017 computare
2676 2949 2900 3016 incipias
2945 2961 3115 3018 Inque
3161 2945 3227 3001 ad
3258 2945 3416 3000 Probi
3448 2957 3505 3002 et

1917 3015 2126 3072 Paulini
2169 3015 2550 3086 consulatum,
2601 3019 2691 3088 qui
2719 3015 2993 3074 concurrit
3031 3015 3156 3072 cum
3188 3033 3331 3073 anno
3379 3021 3504 3074 atrae

1919 3091 2154 3156 vulgaris
2204 3090 2308 3146 277
2336 3134 2350 3157 ,
2405 3089 2646 3145 invenies
2693 3091 2777 3144 bis
2805 3090 3114 3145 consulibus
3154 3090 3504 3159 (computatis

1918 3159 2188 3231 terminis)
2217 3163 2523 3218 decurrisse
2551 3177 2749 3216 annum
2775 3162 3206 3216 ducentesimum
3238 3162 3504 3230 quinqua-

197 3231 381 3304 εἰπε),
430 3233 625 3303 partim
657 3233 1008 3304 Orientaletn,
1036 3231 1715 3303 7partiut‘Occidentaletn;
1755 3249 1818 3289 ac
1845 3232 1892 3296 C
1923 3233 2208 3301 gesimum,
2239 3235 2329 3304 qui
2378 3233 2557 3289 minus
2586 3247 2837 3290 accurate
2865 3235 3106 3302 impletus
3133 3248 3162 3285 a
3195 3231 3380 3287 Leone
3407 3247 3506 3300 ap-

195 3301 448 3376 ρεπιυηὶ
500 3306 588 3358 alii
637 3303 704 3358 de
749 3319 996 3359 errorum
1028 3301 1146 3374 eius
1192 3303 1568 3375 damnatione,
1615 3305 1684 3359 de
1711 3321 1815 3376 qua

195 3371 316 3429 Lac
349 3386 550 3430 noster
579 3377 909 3430 mentionem
934 3371 1114 3430 facit.»

265 3447 332 3501 5.
393 3446 582 3500 Tertio
630 3448 693 3520 in,
733 3455 796 3502 ea
846 3447 1034 3509 verba,
1067 3447 1194 3502 Cum
1241 3459 1416 3520 octava
1437 3450 1553 3520 jam
1594 3447 1648 3520 in
1676 3445 1816 3503 Chri-

197 3517 420 3571 stianos
447 3519 751 3588 persecutio,
783 3527 922 3571 ctc.:
955 3536 973 3566 σ
1000 3520 1055 3572 Si
1084 3520 1150 3572 de
1179 3517 1474 3582 Aureliani,
1501 3519 1690 3588 inquit,
1722 3522 1819 3574 im-

263 3593 500 3643 ratoris
536 3591 910 3661 persecutione
949 3591 1209 3658 loquitur,
1243 3601 1300 3643 ut
1329 3590 1540 3643 videtur
1570 3591 1813 3661 omnino,

236 3675 321 3714 ac
361 3674 483 3714 non
529 3671 717 3714 octava
757 3658 878 3732 fuit,
913 3661 1006 3732 sed
1039 3676 1202 3724 nona,
1235 3661 1687 3732 quemadmodum
1719 3658 1816 3717 nu;

195 3740 400 3785 meral
429 3732 764 3799 AuguSIinus
811 3731 877 3786 de
924 3731 1081 3786 Civit.
1120 3732 1217 3787 Dei
1253 3731 1358 3786 lib.
1412 3747 1560 3795 xvm,
1604 3748 1724 3801 cap.
1757 3736 1812 3801 3,

197 3813 250 3873 et
289 3818 372 3873 ex
425 3802 652 3856 aliarum
710 3803 1144 3872 persecutionum
1187 3804 1597 3858 enumeratione
1628 3805 1812 3873 liquet.

196 3871 252 3946 §i
295 3871 637 3946 Charitonis
683 3871 938 3945 martyris
965 3886 1104 3940 acta,
1158 3889 1278 3946 qua:
1307 3875 1464 3946 apud
1493 3871 1714 3931 Suriunt
1746 3878 1814 3932 24

195 3942 544 4018 §epte_mbr.
574 3942 844 4018 leguntur,
876 3947 1032 4018 digna
1077 3942 1202 4018 sunt
1229 3942 1426 4016 quibus
1454 3945 1632 4001 hacin
1665 3959 1816 4015 parte

197 4013 343 4070 Ides
378 4013 672 4079 habeatur,
700 4015 917 4072 Tacitus
936 4013 1108 4072 Probi
1143 4013 1510 4084 prus—decessor
1555 4013 1679 4072 huic
1705 4019 1812 4085 jam

195 4089 590 4159 persecutioni
643 4089 803 4142 tinem
855 4090 1221 4158 imposuerat;
1265 4097 1321 4143 ut
1371 4090 1602 4159 benigne
1650 4091 1815 4144 inter-

195 4158 430 4230 pretari
472 4158 628 4228 juvet
657 4160 772 4213 lucc
817 4160 1009 4215 Leonis
1036 4162 1227 4226 verba,
1270 4177 1390 4230 qme
1423 4158 1815 4227 persecutionis

195 4229 376 4302 etiam
416 4229 697 4284 exordium
725 4231 974 4286 videntur
1003 4229 1343 4301 signiﬁcare:
1378 4230 1508 4284 Cum
1531 4234 1644 4302 jam
1671 4232 1814 4286 ebul-

196 4299 339 4367 iiret,
414 4308 552 4365 etc.,
581 4316 901 4370 quamquam
936 4299 1068 4357 mss.
1121 4302 1281 4357 codd.
1334 4312 1442 4356 tres
1478 4299 1816 4359 Oienienses

193 4371 449 4438 habent,
481 4373 792 4428 daeviret.»
829 4376 950 4428 lltec
977 4378 1159 4427 omnia
1190 4371 1539 4440 Quesnellus.

268 4443 330 4496 4.
383 4441 595 4497 Omnes
640 4443 797 4513 hujus
846 4445 948 4498 loci
999 4446 1285 4501 clironiCas
1326 4447 1633 4501 natationes
1665 4460 1811 4500 sum-

191 4524 318 4586 ptas
356 4513 675 4586 deteximus
704 4533 767 4569 ex
801 4517 1010 4586 integro
1044 4517 1293 4584 Ptosperi
1323 4515 1616 4586 Chronico.
1667 4519 1809 4572 Inter

193 4585 312 4676 tres
343 4585 509 4640 enim
541 4595 630 4639 aut
667 4588 846 4676 potius
876 4585 1106 4676 quatuor
1147 4587 1305 4676 huius
1335 4585 1811 4676 Cltronicineditio-
1839 4615 1895 4676 Ι)

191 4669 316 4719 nes,
358 4671 510 4725 quas
533 4660 935 4728 accuratissime
963 4658 1248 4728 distinguit
1274 4674 1338 4713 ac
1371 4659 1557 4713 statuit
1588 4657 1649 4718 P.
1684 4661 1814 4716 Hie-

195 4741 485 4799 ronymus
531 4741 562 4780 a
606 4727 765 4784 Prato
813 4727 948 4784 diss.
997 4731 1030 4786 5
1073 4727 1465 4799 in’Sttlpiciuut
1519 4730 1806 4799 Severum,

193 4797 337 4870 tom.
380 4797 458 4866 ll,
489 4814 636 4852 num.
666 4801 735 4854 δὲ
761 4810 814 4855 et
859 4816 1036 4870 scqq.,
1084 4801 1253 4856 altera
1273 4797 1346 4856 ex
1377 4801 1585 4855 duabus
1617 4797 1804 4870 priori

196 4869 326 4941 bus,
369 4884 502 4932 seu,
536 4873 586 4941 si
613 4873 801 4935 mavis,
831 4869 986 4925 tertia
1015 4870 1067 4926 in
1102 4887 1214 4926 rem
1241 4882 1580 4940 praesentem,
1608 4869 1708 4936 qua
1740 4874 1810 4928 de

196 4939 538 5011 Ianicltaeis
567 4940 756 4996 Roma:
801 4943 1030 4997 detectis
1078 4939 1273 5011 agitur,
1307 4943 1474 4998 Leoni
1522 4944 1640 4997 usui
1690 4959 1810 4999 esse

193 5014 415 5081 potuit.
451 5010 634 5067 Prima
686 5028 844 5082 quam
873 5010 1391 5084 Prosper’vulgavit
1437 5031 1528 5070 an.
1560 5013 1686 5077 455.
1720 5031 1808 5069 se-

199 5086 422 5148 cunda,
452 5097 576 5151 qua
602 5084 801 5156 desinit
829 5101 917 5138 an.
946 5083 1073 5151 M5,
1107 5094 1162 5140 et
1200 5083 1508 5139 confirmari
1541 5098 1715 5156 potest
1745 5103 1810 5140 ex

197 5157 409 5210 codice
460 5158 677 5224 antiquo
723 5155 1022 5210 Veronensi
1063 5156 1385 5219 Saibanteo,
1422 5159 1511 5224 qui
1545 5155 1809 5224 integrum

197 5224 478 5295 Prosperi
523 5221 829 5282 Clironicon
864 5227 965 5283 hoc
996 5243 1141 5282 anno
1170 5221 1449 5294 desinens,
1480 5229 1530 5283 id
1563 5221 1814 5283 estitanc

198 5297 388 5369 ipsam
443 5297 734 5353 secundam
787 5299 1082 5369 editionem
1129 5297 1382 5368 Prosperi
1435 5309 1810 5369 repraesentat.

197 5368 401 5423 Tertia
434 5411 449 5436 ,
495 5384 614 5438 quae
668 5371 978 5425 extenditur
1023 5368 1089 5424 ad
1127 5386 1328 5424 annum
1378 5368 1548 5437 usque
1576 5372 1702 5426 445.
1737 5373 1811 5426 Ex

198 5441 396 5510 aliqua
456 5453 586 5496 Vero
642 5441 833 5496 harum
885 5441 1182 5497 editiOuum
1232 5442 1472 5496 Leonem
1523 5443 1816 5510 profecisse

197 5508 450 5584 min
469 5513 779 5569 memoratis
805 5510 1076 5568 chronicis
1105 5513 1470 5568 natationibus
1500 5508 1818 5569 describen-

200 5583 288 5656 dis
328 5591 450 5636 duo
488 5594 637 5640 certa
682 5585 884 5639 indicia
923 5585 1326 5639 demonstrant.
1361 5585 1522 5640 Probi
1551 5587 1814 5656 siquidem

199 5653 568 5726 ipperatoris
615 5665 672 5712 et
702 5656 909 5713 Paulini
954 5656 1267 5712 consulatus
1316 5658 1371 5712 in
1428 5672 1536 5713 uno
1563 5653 1816 5726 Prosperi

199 5722 492 5801 grauido
541 5729 739 5799 legitur
788 5746 801 5780 :
857 5745 980 5785 nam
1032 5729 1286 5799 ProSper,
1343 5731 1433 5801 qui
1477 5745 1548 5801 ex
1600 5722 1816 5801 Eusebii

203 5795 494 5880 Chronico
521 5795 954 5880 ab'Hicronymo
981 5795 1408 5880 Latitte'reddit'o
1439 5800 1819 5880 plcraque_de-

205 5871 444 5938 carpsit,
464 5873 673 5940 primus
700 5875 940 5927 omnium
973 5890 998 5926 a
1029 5872 1278 5942 paSsiune
1298 5889 1394 5928 seu
1424 5871 1820 5928 resurrectione

1925 3304 2174 3372 pellatur.

1996 3376 2049 3430 6.
2087 3375 2540 3430 Dissimulandum
2589 3375 2806 3446 quidem
2839 3391 2944 3431 non
2997 3385 3108 3442 est,
3161 3375 3214 3430 in
3254 3373 3506 3443 Prosperi

1923 3442 2196 3501 Chronico
2250 3448 2294 3502 si
2337 3442 2711 3515 expungantur
2758 3449 3068 3502 consulatus
3097 3446 3206 3500 duo
3234 3442 3506 3500 certo'ex-

1921 3518 2214 3588 pungendi,
2261 3528 2316 3572 et
2354 3521 2626 3573 addantur
2663 3527 2914 3588 quatuor,
2955 3519 3043 3589 qui
3088 3528 3237 3572 certe
3275 3517 3504 3572 addendi

1919 3602 2066 3660 sunt,
2103 3601 2159 3641 ut
2189 3590 2435 3646 laudatus
2461 3589 2677 3645 Vander
2706 3591 2921 3660 Haagen
2967 3589 3233 3655 probavit,
3265 3589 3422 3643 Probi
3449 3596 3505 3642 et

1919 3655 2134 3713 Paulini
2159 3661 2498 3717 consulatum
2527 3678 2554 3715 a
2584 3655 2866 3716 consulat'u
2909 3660 3258 3717 Geminorum
3312 3660 3507 3714 cadere

1920 3731 1974 3784 itt
2026 3747 2224 3785 annum
2270 3732 2406 3798 249,
2446 3727 2896 3801 quemadmodum
2945 3743 2998 3788 et
3027 3731 3166 3801 apud
3207 3730 3499 3786 Victorium

1920 3802 2136 3856 accidit.
2171 3803 2275 3859 Sed
2308 3820 2428 3858 cum
2463 3807 2516 3857 in
2565 3804 2930 3860 consulatibus
2971 3804 3220 3859 notandis
3252 3801 3503 3870 Prosperi

1921 3885 1974 3926 et
2007 3873 2226 3928 Victorii
2254 3875 2467 3930 codices
2493 3876 2601 3929 sint
2625 3877 2905 3931 evidenter
2931 3875 3192 3945 corrupti,
3225 3889 3331 3927 non
3363 3872 3504 3926 mul-

1921 3953 2032 3998 tum
2065 3947 2115 3999 itt
2158 3945 2242 3999 bis
2281 3945 2637 4000 insistendum
2667 3948 2898 4002 videtur.
2946 3947 3082 4001 Cum
3113 3961 3246 3999 vero
3276 3945 3507 4012 Prosper

1915 4015 2024 4082 jam
2079 4017 2352 4085 aliquanto
2389 4030 2514 4072 ante
2575 4018 2734 4072 Probi
2777 4030 2833 4072 et
2888 4018 3098 4073 Paulini
3136 4018 3502 4079 consulatum,

1917 4085 2084 4158 490
2108 4103 2170 4141 ac
2196 4089 2450 4155 deinceps
2481 4089 2662 4155 etiam,
2690 4090 2859 4143 veteri
2893 4093 3051 4142 unius
3080 4091 3203 4142 anni
3237 4088 3500 4155 anticipa-

1921 4157 2065 4243 none
2094 4159 2330 4240 deserta,
2363 4160 2613 4242 consules
2637 4164 2853 4243 preprio
2879 4161 3140 4243 cujusque
3167 4171 3307 4212 anno
3331 4157 3503 4211 ascri-

1918 4227 2048 4284 bere
2073 4231 2319 4298 cmperit,
2337 4233 2507 4286 satius
2533 4242 2616 4285 est
2639 4231 2867 4286 credere
2891 4227 3108 4301 proprio
3129 4244 3345 4301 quoque
3367 4243 3507 4282 anno

1917 4301 2224 4368 assignasse
2274 4303 2611 4356 consulatum
2653 4303 2812 4356 Probi
2851 4299 3013 4372 atque
3057 4299 3294 4365 Paulini,
3335 4299 3408 4354 ita
3449 4309 3507 4372 ut

1919 4387 2059 4426 unus
2086 4372 2422 4436 consulatus,
2445 4373 2534 4442 qui
2565 4373 2882 4442 praepositus
2913 4370 3107 4438 fuerat,
3134 4385 3415 4442 perperam
3451 4370 3502 4423 in

1918 4443 2199 4498 codicibus
2246 4445 2574 4513 postpositus
2608 4446 2833 4514 legatur,
2871 4459 2933 4498 ac
2979 4453 3263 4512 propterea
3295 4443 3505 4495 illorum

1920 4517 2237 4569 consulatus
2259 4530 2386 4569 vere
2416 4516 2750 4568 concurrerit
2778 4531 2897 4569 cum
2925 4529 3068 4570 anno
3109 4524 3230 4584 post
3259 4526 3505 4568 resurre-

1920 4586 2154 4640 Ctionem
2199 4585 2401 4641 Christi
2457 4585 2583 4641 2.50.
2635 4586 2768 4640 Cum
2816 4587 2998 4650 itaque
3043 4587 3098 4641 S.
3138 4587 3247 4640 Leo
3284 4593 3510 4638 casteras

1921 4655 2208 4712 chronicas
2240 4658 2544 4714 natationes
2573 4673 2636 4711 ex
2669 4657 2920 4722 Prosperi
2965 4658 3235 4712 Chronico
3260 4668 3508 4723 sumpse-

1921 4731 2010 4792 rit,
2036 4744 2236 4783 annum
2259 4743 2474 4798 quoque
2497 4730 2621 4795 £50,
2639 4745 2700 4782 ex
2734 4729 2924 4782 emtem
2953 4743 3049 4798 per
3077 4726 3510 4794 supputationem

1921 4811 2212 4854 annotasse
2265 4801 2522 4854 credibile
2576 4809 2700 4863 est,
2753 4815 2859 4853 non
2909 4817 3041 4853 vero
3079 4799 3207 4854 9.60.
3238 4798 3345 4853 Sed
3374 4811 3512 4851 unus

1921 4880 2131 4925 tantum
2163 4871 2330 4926 codex
2361 4870 2689 4926 Oxoniensis
2715 4886 2742 4923 a
2770 4871 3061 4938 Quesncllo
3109 4870 3356 4923 laudatus
3385 4883 3508 4922 eum

1920 4957 2123 4996 annum
2155 4941 2393 5011 prefert.
2423 4942 2557 4997 Cum
2593 4957 2726 4996 vero
2753 4943 2935 4996 caeteri
2968 4956 3154 4996 ontnes
3187 4950 3298 4995 tum
3339 4939 3513 4995 Colle-

1921 5013 2164 5069 ctionunt
2207 5023 2315 5067 tum
2352 5013 2814 5068 Lectionariorum
2854 5023 2906 5067 et
2935 5014 3089 5067 multi
3113 5020 3171 5068 et
3197 5012 3400 5080 antiqui
3423 5025 3513 5065 co-

1920 5084 2099 5150 dices,
2141 5099 2276 5154 quos
2317 5083 2601 5154 diligenter
2649 5083 3043 5154 exquisivimus
3088 5093 3248 5153 atque
3285 5082 3514 5137 contuli-

1919 5172 2062 5224 mus,
2092 5165 2148 5210 et
2178 5156 2319 5210 inter
2347 5157 2444 5209 bos
2475 5155 2884 5224 antiquissimus
2912 5155 3030 5209 Vat.
3062 5155 3237 5221 5855,
3282 5154 3515 5224 habeant

1921 5222 2121 5281 annum
2155 5228 2283 5295 260,
2314 5238 2370 5281 et
2403 5244 2508 5281 non
2543 5222 3109 5282 nu‘tncricisRomanis
3140 5227 3283 5280 notis
3311 5222 3512 5295 CCLX,

1921 5314 2039 5368 qu:r.
2064 5299 2220 5352 facile
2249 5294 2279 5351 a
2307 5299 2541 5353 librariis
2565 5299 2759 5352 mutari
2790 5307 2846 5352 et
2871 5299 3042 5352 vitiari
3068 5297 3389 5367 potuissent,
3415 5294 3509 5346 sed

1923 5371 2192 5424 distinctis
2231 5370 2408 5424 verbis
2446 5384 2760 5438 expressum
2795 5369 3178 5423 ducentesimus
3217 5377 3262 5421 et
3303 5380 3514 5434 sexage-

1923 5443 2102 5506 simus,
2141 5455 2263 5511 qua:
2288 5457 2398 5495 non
2431 5442 2502 5494 ita
2527 5440 2683 5495 facile
2712 5440 3066 5496 mutationem
3090 5439 3374 5511 recipiunt,
3407 5448 3514 5511 non

1923 5514 2039 5568 ausi
2085 5506 2274 5567 sumus
2322 5527 2350 5565 a
2404 5515 2612 5582 vulgata
2662 5513 2895 5568 lectione
2945 5510 3254 5582 discedere.
3285 5506 3512 5574 Experi-

1924 5595 2108 5640 mento
2151 5585 2296 5639 enim
2345 5580 2672 5652 patefactum
2701 5594 2783 5638 est
2809 5593 3068 5653 quantum
3116 5599 3144 5634 υ
3179 5580 3516 5653 primafvaet

1926 5656 2174 5726 originali
2228 5649 2462 5710 lectione
2493 5649 2922 5710 desciverint'illi
2955 5654 3044 5724 qui
3071 5668 3137 5707 ex
3175 5651 3423 5714 arbitrio,
3453 5649 3516 5705 li-

1925 5738 2012 5782 cet
2037 5728 2367 5795 conjecturis
2399 5728 2811 5782 vehementibus
2839 5726 3007 5790 ducti,
3028 5726 3334 5780 nuntericas
3355 5735 3519 5792 quas-

1926 5799 2050 5854 dam
2083 5800 2388 5854 notationes
2443 5801 2719 5867 corrigere
2754 5797 3055 5852 voluerunt.
3087 5795 3276 5865 Neque
3303 5806 3517 5851 moveat

1928 5885 2183 5926 excessus
2225 5871 2472 5928 decennii
2503 5911 2518 5937 ,
2561 5871 2649 5940 qui
2704 5870 2755 5924 itt
2785 5883 2875 5922 an.
2926 5867 3033 5924 260
3063 5867 3382 5925 manifestus
3413 5877 3511 5922 cst.
