4006 6348
184 371 290 426 5ιὸ

935 367 1000 424 ΙΝ
1036 364 1405 424 SEBMONES
1446 364 1503 421 S.
1546 365 1794 422 LEONIS
1833 360 2047 421 MAGNI
2087 366 2682 426 OBSERVATIONES.

3354 372 3456 427 546

185 489 547 557 πήριαηιίεει,
569 486 657 551 qui
680 485 953 557 gloriatur,
988 488 1042 557 in
1076 485 1301 557 Domino
1323 485 1594 557 glorietur.
1623 485 1757 557 Cum
1788 487 1841 545 Α
1867 492 2170 557 patrantur,
2206 486 2348 542 idem
2387 489 2739 557 Augustinus,
2769 501 2920 555 mque
2956 500 3017 543 ac
3047 487 3105 543 S.
3140 485 3271 555 Leo,
3295 503 3455 557 gene-

182 572 309 611 vero
337 558 394 611 8.
422 556 533 611 Leo
554 556 695 624 apud
719 571 978 627 paganos,
1001 556 1221 612 Iudaeos
1247 564 1305 611 et
1336 555 1640 618 haereticos,
1665 555 1757 625 qui

181 638 321 682 recta
352 628 455 682 ﬁde
484 638 693 689 carent,
736 628 939 697 jejunia
964 628 1047 684 vel
1085 628 1188 682 hoc
1215 628 1504 695 superbiai,
1539 627 1624 680 vel
1654 628 1760 680 alio

178 700 307 753 sitio
356 698 545 753 infecta
580 699 808 766 putarit,
840 714 903 754 ac
952 700 1064 769 pari
1096 700 1275 767 aliquo
1304 713 1471 768 pravo
1502 698 1607 751 ﬁne
1634 712 1761 751 cor-

177 782 327 839 rupta
354 771 758 839 praesumpserit
783 781 978 825 caetera
1004 775 1255 824 virtutum
1280 771 1562 823 muralium
1598 783 1761 835 Opera

177 858 291 912 qua:
320 843 388 896 ab
429 842 534 894 illis
566 844 721 905 ﬁunt,
752 843 881 895 nihil
916 844 1110 896 mirum
1139 843 1181 895 si
1217 840 1306 894 illa
1346 841 1541 894 exinde
1569 840 1759 909 inﬁde-

179 918 321 971 litate
354 912 576 984 polluta,
614 924 669 966 et
712 914 850 981 apud
894 915 1114 968 eosdem
1162 912 1291 965 nihil
1320 913 1597 983 integrum,
1631 912 1761 964 nihil

184 997 385 1037 castum
413 984 638 1051 reperiri
664 984 972 1039 afﬁrmavit.

246 1056 296 1107 5.
326 1055 513 1123 Neque
544 1055 745 1109 idcirco
776 1054 1132 1125 colligendum
1165 1062 1249 1109 est
1278 1069 1399 1108 eum
1432 1054 1636 1119 peccati
1667 1053 1762 1107 ab-

174 1130 349 1179 solute
371 1141 435 1181 ac
461 1126 762 1192 generatim
791 1128 1076 1180 damnasse
1096 1125 1278 1179 omnia
1299 1128 1561 1179 virtutum
1595 1138 1760 1191 opera

173 1212 289 1265 qua:
337 1210 491 1252 extra
538 1196 831 1251 Ecclesiam
874 1198 941 1251 ab
979 1197 1090 1251 illis
1138 1196 1405 1259 eduntur;
1448 1211 1569 1249 nam
1610 1194 1765 1248 laude

175 1270 329 1335 digna
364 1283 427 1323 ac
459 1269 620 1335 bona,
648 1278 705 1321 ut
739 1269 991 1333 vidimus,
1023 1282 1279 1336 expresse
1309 1267 1512 1330 docuit,
1548 1283 1666 1335 qua:
1694 1281 1758 1319 ex

171 1338 289 1392 ﬁdei
322 1338 475 1394 fonte
502 1354 608 1392 non
643 1339 929 1407 prodeunt,
961 1340 1005 1394 si
1033 1340 1177 1393 omni
1221 1353 1389 1407 pravo
1421 1339 1527 1392 fine
1553 1347 1763 1391 semoto

170 1426 232 1462 ex
275 1410 493 1465 virtutis
537 1410 741 1465 motivo
791 1413 1173 1479 producantur.
1223 1410 1411 1463 Solum
1450 1424 1569 1462 cunt
1622 1410 1763 1479 inter

173 1493 411 1549 paganos
461 1480 704 1549 aliosque
758 1478 1035 1547 infideles,
1086 1480 1368 1535 deﬁciente
1436 1490 1581 1533 recta
1634 1478 1758 1547 ﬁde,

167 1550 369 1619 aliquis
417 1565 615 1621 pravus
673 1552 813 1617 finis,
859 1554 1051 1607 saltem
1105 1552 1380 1621 philautite
1449 1552 1534 1604 vel
1586 1550 1763 1605 inanis

167 1567 369 1619 anquts
453 1567 615 1605 ravos
673 1567 813 1617 nnis,
859 1567 1051 1607 saltem
1105 1567 1380 1621 pnnauuze
1449 1567 1534 1604 vet
1586 1567 1760 1605 inanis

165 1623 381 1690 gloria,
404 1567 659 1677 gcillime
690 1623 964 1693 subrepat,
1003 1626 1113 1691 ipsa
1143 1624 1279 1676 bona
1317 1637 1501 1690 opera,
1532 1638 1644 1691 qum
1676 1623 1760 1690 fa-

164 1708 272 1745 cere
308 1696 426 1747 sine
464 1693 686 1747 bonitate
734 1712 834 1747 non
875 1711 1168 1764 possumus,
1210 1695 1408 1757 vitiari,
1442 1706 1492 1745 et
1541 1702 1763 1764 eatenus

165 1778 265 1817 nec
308 1765 533 1836 integra,
572 1780 669 1818 nec
712 1775 853 1819 casta
879 1763 882 1764 ⁷
910 1781 1031 1819 esse
1094 1764 1411 1836 affirmavit,
1448 1767 1519 1817 uti
1568 1763 1759 1836 eodem

166 1849 333 1905 sensu
368 1834 716 1905 Augustinus,
743 1837 974 1903 Prosper
1013 1837 1208 1903 aliique
1249 1835 1434 1889 Patres
1466 1834 1758 1888 tradidere.

162 1904 296 1975 Hinc
355 1904 580 1961 serm.4
621 1906 687 1960 de
732 1906 949 1961 Nativit.
1000 1906 1230 1969 Domini,
1288 1920 1339 1959 c.
1391 1910 1443 1973 6,
1480 1913 1757 1975 postquam

162 1974 364 2030 vitiosa
400 1977 812 2032 Manicheorum
850 1978 1049 2047 jejunia
1091 1976 1458 2047 reprehendit,
1485 1978 1758 2029 auditores

160 2061 287 2101 suos
319 2048 401 2101 ad
435 2059 632 2103 rectam
674 2048 832 2103 ﬁdem
888 2049 1175 2102 tenendam
1224 2048 1471 2101 hortatus
1520 2058 1603 2100 est
1659 2047 1759 2101 hac

161 2120 480 2186 prrsertim
526 2119 754 2183 ratione,
784 2124 906 2190 quia
934 2120 1065 2172 nihil
1088 2120 1195 2173 sine
1223 2120 1315 2171 illa
1344 2127 1598 2190 sanctum,
1628 2116 1759 2190 nihil

161 2198 373 2263 castum
401 2199 493 2263 est,
519 2190 647 2243 nihil
673 2188 843 2263 vivunt
868 2209 889 2245 :
907 2194 1084 2263 justus
1106 2190 1242 2242 enim
1265 2205 1328 2242 ex
1354 2189 1459 2263 ﬁde
1486 2189 1635 2263 vivit;
1668 2188 1758 2242 ubi

158 2262 325 2314 verba
363 2262 496 2315 nihil
520 2272 713 2315 castum
761 2261 994 2316 indicato
1022 2275 1185 2315 sensu
1230 2261 1574 2328 intelligenda
1612 2269 1754 2312 sunt.

222 2330 280 2385 6.
322 2331 431 2385 Hic.
454 2343 627 2386 autem
670 2344 972 2401 postremus
1005 2339 1181 2387 textus
1216 2332 1376 2385 aliam
1421 2332 1759 2385 observatio-

157 2417 276 2456 nem
333 2404 668 2472 suppeditat.
703 2402 838 2457 Dum
879 2405 1024 2457 enim
1057 2406 1172 2457 sine
1213 2403 1315 2457 fide
1344 2401 1473 2455 nihil
1502 2411 1754 2467 sanctum,

158 2474 285 2543 nihil
318 2473 502 2526 uiuunt
532 2475 722 2538 tradit;
756 2474 1049 2529 inﬁdelium
1088 2489 1249 2542 opera
1277 2490 1397 2543 qua:
1427 2474 1570 2526 nullo
1594 2488 1758 2541 pravo

156 2542 257 2597 ﬁne
295 2543 676 2609 inficerentur,
714 2560 837 2599 vera
883 2546 1165 2600 sanctitate
1195 2560 1258 2600 ac
1298 2542 1496 2599 merito
1538 2556 1757 2599 arternat

156 2618 279 2668 vitae
314 2629 497 2669 vacua
521 2617 709 2669 innuit.
745 2616 819 2671 lta
852 2617 1013 2671 etiam
1044 2632 1209 2672 serm.
1233 2617 1288 2679 8,
1319 2616 1386 2669 de
1411 2616 1611 2681 Quadr.
1631 2631 1676 2668 ρ.
1702 2616 1754 2681 1,

153 2686 208 2739 S.
252 2685 526 2740 Pontifex
549 2687 885 2757 jejunaturos
932 2704 1178 2755 monens,
1210 2703 1276 2741 ne
1306 2688 1414 2739 ulla
1452 2686 1759 2757 inﬁdelitate

155 2758 497 2827 polluantur,
532 2756 666 2812 hanc
695 2760 957 2813 rationem
991 2758 1145 2812 affert
1178 2777 1189 2810 :
1226 2758 1435 2812 Dicente
1456 2758 1589 2809 enim
1616 2756 1756 2827 Apo-

156 2828 312 2891 stolo,
337 2826 513 2881 Omne
529 2828 660 2898 quod
690 2845 791 2883 non
814 2840 887 2883 est
911 2846 973 2883 ex
998 2832 1120 2895 ﬁde,
1139 2839 1399 2900 peccatum
1422 2836 1516 2890 est,
1553 2828 1757 2882 inutilia

155 2909 306 2951 aunt
361 2916 429 2951 ac
478 2916 603 2953 vana
642 2916 813 2953 eorum
844 2902 1076 2971 jejunio,
1101 2899 1239 2971 Aquas
1288 2899 1611 2952 illusionibus
1653 2900 1757 2952 suis
1791 2936 1797 2941 -

154 2971 434 3022 mendacii
456 2982 595 3038 pater
619 2972 826 3037 decipit,
844 2968 911 3024 et
937 2987 1054 3025 vero
1083 2968 1272 3023 Christi
1301 2987 1418 3023 caro
1439 2986 1539 3023 non
1572 2972 1752 3037 pascit.

155 3040 378 3107 Quibus
407 3042 581 3095 verbis
614 3056 808 3095 nomen
839 3044 1037 3113 peccati
1062 3043 1128 3095 ab
1153 3042 1412 3110 Apostolo
1435 3041 1753 3113 adhibitum,

155 3115 217 3192 de
245 3113 531 3180 operibus
557 3111 850 3194 generatim
884 3111 1153 3194 inutilibus
1176 3113 1415 3194 etuanis,
1454 3112 1504 3194 id
1532 3124 1617 3193 est
1644 3128 1758 3194 me-

155 3184 255 3236 rito
287 3197 366 3236 ac
402 3184 620 3250 praemio
646 3194 852 3237 artemo
876 3184 1207 3249 carentibus,
1231 3184 1573 3253 interpretari
1607 3184 1755 3238 vide—

1865 555 2026 630 ratim
2055 556 2329 630 damnavit
2355 574 2421 612 ex
2452 555 2569 613 solo
2610 574 2774 628 pravo
2810 559 2937 626 ﬁne,
2980 574 3087 630 quo
3125 576 3187 615 ea
3234 555 3450 625 infecta,

1863 626 2001 682 raris
2029 628 2243 684 casibus
2271 631 2532 699 exceptis,
2563 626 2864 699 generatim
2907 626 3204 702 praesumit.

2262 764 2333 819 ΙΝ
2374 764 2754 821 SERMONEM
2794 767 3065 823 LXXXII.

1863 853 1944 910 De
1974 856 2055 909 die
2102 858 2337 929 martyrii
2380 857 2484 913 SS.
2517 862 2865 929 apostolorum
2898 859 3038 914 Petri
3060 871 3110 915 et
3140 861 3316 917 Pauli.
3348 862 3452 919 La-

1936 929 2114 981 terculi
2168 927 2635 1018 uncommonth
2664 936 3199 1018 'atqlue_prwslantia,
3246 938 3455 1018 ejusque

1936 1000 2423 1126 pactorstjetegitur.
2458 999 2536 1053 De
2568 999 2890 1057 Kalendario
2930 1021 2992 1057 ac
3023 999 3310 1061 testimonio
3342 999 3454 1062 Po-

1958 1087 2071 1124 emn
2145 1089 2158 1124 t
2186 1088 2273 1126 vn.

1938 1186 1989 1238 l.
2021 1183 2344 1251 Quesnellus
2387 1188 2441 1241 in
2491 1187 2609 1243 haec
2650 1190 2811 1245 verba
2857 1190 3057 1246 Leonis
3103 1206 3266 1248 serm.
3291 1194 3361 1251 85
3388 1195 3455 1250 de

1866 1254 2040 1309 Natali
2073 1256 2169 1311 SS.
2200 1259 2578 1325 Apostolorum
2622 1261 2768 1315 Petri
2800 1271 2854 1315 et
2880 1262 3029 1317 Pauli
3078 1278 3128 1317 c.
3163 1266 3185 1318 l
3228 1283 3239 1316 :
3272 1263 3339 1319 In
3372 1267 3455 1319 die

1867 1329 2105 1403 martyrii
2148 1344 2327 1382 eorum
2370 1332 2527 1385 istam
2581 1334 2910 1387 notationem
2962 1335 3239 1403 subjecit:
3280 1354 3299 1388 ‹
3338 1337 3455 1402 Quo

1868 1398 2182 1475 die,_qnove
2222 1417 2408 1475 mense
2445 1418 2671 1470 agonem
2698 1418 2865 1473 ‘suun.
2897 1398 3289 1473 compleverint
3327 1398 3455 1475 apo-

1868 1470 1995 1522 stoli
2039 1470 2225 1524 Petrus
2262 1483 2314 1549 et
2342 1473 2563 1549 Paulus,
2585 1485 2652 1549 et
2675 1470 2908 1549 quonam
2939 1470 3188 1549 similiter
3212 1470 3454 1549 martyrii

1869 1553 2057 1593 eorum
2084 1542 2342 1596 memoria
2370 1547 2594 1599 solemni
2629 1542 2921 1601 festivitate
2951 1548 3075 1601 olim
3104 1542 3378 1604 coleretur
3400 1550 3454 1604 in

1869 1610 2297 1685 Ecclesia,isunt
2332 1618 2423 1685 qui
2470 1632 2533 1669 ex
2580 1616 2853 1671 hodieruis
2904 1620 3157 1674 Ecclesiae
3200 1620 3353 1675 fa~tis
3400 1630 3454 1676 et

1868 1684 2257 1761 consuetudine
2286 1684 2504 1761 decerni
2537 1690 2732 1743 nolint.
2763 1688 2951 1743 Nullus
2978 1694 3146 1754 enim,
3179 1692 3450 1761 inquiunt,

1871 1754 2451 1830 testis_e§t_admodntn
2480 1761 2753 1830 antiquus,
2788 1762 2874 1830 qui
2916 1761 3061 1815 illum
3094 1764 3234 1816 diem
3255 1754 3449 1818 'utkal.

1868 1822 1990 1897 Julii
2016 1823 2177 1896 495
2201 1830 2459 1897 assignet.
2489 1822 2926 1885 Vetustissitinnn
2966 1843 3143 1887 autem
3176 1844 3451 1889 auctorem

1793 1876 1837 1935 Β
1867 1876 2460 1971 habemTt‘i'sTLeogique
2490 1901 2591 1967 ipsi
2615 1902 2898 1969 aequalem,
2932 1907 3018 1971 qui
3053 1876 3451 1960 solemnitatcm

1865 1965 2219 2039 depositionis
2245 1965 2613 2039 apostolorum
2655 1965 2848 2027 octavo
2893 1965 2979 2028 die
3032 1984 3157 2029 ante
3196 1974 3453 2030 kalendas

1866 2035 2084 2090 Martias
2119 2035 2443 2095 celebratam
2479 2044 2642 2097 fuisse
2671 2057 3075 2099 cmnmemorat.
3114 2046 3162 2100 Is
3187 2056 3271 2101 est
3299 2048 3453 2103 Pole-

1864 2122 2017 2187 meus
2066 2109 2302 2187 Silvius,
2352 2113 2507 2187 cujus
2561 2115 2877 2170 laterculum
2924 2132 3075 2170 sacra
3125 2119 3454 2187 profanaque

1865 2175 2002 2231 festa
2046 2181 2195 2257 plu_ra
2236 2175 2631 2257 continentem,
2665 2202 2829 2253 penes
2877 2202 2935 2241 se
2986 2175 3251 2257 integrum
3285 2175 3455 2247 fuisse

1866 2251 2352 2330 te_statur_Joannes
2376 2251 2673 2330 Bollandus
2697 2259 2747 2310 in
2782 2251 3367 2330 praefatione'generali
3397 2262 3449 2316 in

1865 2319 2136 2400 YitasSS.
2171 2338 2290 2400 cap.
2320 2326 2376 2390 4,
2411 2326 2437 2396 §
2469 2328 2537 2391 ὅς
2569 2332 2723 2396 cujus
2754 2319 3000 2384 laterculi
3046 2319 3323 2400 specimen
3360 2348 3454 2387 eo-

1863 2390 1985 2445 dem
2018 2394 2137 2447 loco
2171 2390 2575 2472 editumddocet
2598 2390 2695 2453 nos
2728 2390 3129 2472 depositionein
3175 2404 3449 2472 apostolo-

1862 2477 2004 2536 rum,
2036 2481 2141 2519 non
2170 2466 2241 2520 29
2265 2468 2432 2529 Junii,
2458 2479 2517 2524 ut
2545 2485 2685 2523 nunc
2717 2466 2921 2536 ﬁtfsed
2959 2474 3029 2525 22
3056 2466 3332 2529 Februarii
3364 2490 3452 2531 ce-

1862 2531 2128 2614 lebratam
2152 2536 2315 2614 fuisse
2342 2541 2664 2614 in_Ecclesia
2690 2531 2952 2597 Romana.
2986 2545 3059 2597 lta
3084 2546 3230 2599 enim
3256 2546 3447 2614 habet;

1865 2619 1958 2658 vtn
2004 2605 2151 2675 (kal.
2178 2608 2362 2679 Mart.)
2395 2612 2681 2666 Οεροςιτιυ
2708 2614 2807 2669 SS.
2842 2617 3005 2669 PETRI
3030 2633 3095 2669 n'r
3129 2617 3313 2671 ΡΑυιι.
3346 2605 3453 2671 Ro;

1860 2690 1965 2753 {me
2004 2680 2241 2753 scripsit,
2291 2684 2335 2735 si
2387 2684 2556 2737 codici
2610 2683 2764 2747 ﬁdes,
2820 2687 3016 2742 SlIVlIIS
3071 2689 3197 2753 ille;
3247 2687 3342 2743 sed
3398 2700 3453 2743 et

1860 2745 2060 2827 Leonis
2086 2745 2254 2827 nostri
2284 2745 2867 2827 mtate,imperaiitibus
2898 2745 3206 2814 Theodosio
3231 2759 3451 2827 juniore

1862 2828 1916 2871 et
1967 2818 2362 2889 Valentiniano,
2424 2818 2810 2881 Posthumiano
2862 2837 2917 2883 et
2972 2828 3187 2886 Zenone
3231 2818 3319 2885 vv.
3362 2846 3448 2887 cc.

1860 2902 2041 2969 coss.,_
2067 2892 2118 2944 id
2152 2902 2253 2969 est,
2278 2910 2430 2969 anno
2470 2896 2666 2969 Christi
2711 2898 2847 2965 448,
2892 2915 3155 2969 suumque
3193 2916 3336 2956 anno
3362 2918 3453 2957 se-

1860 2962 2056 3037 quenti_
2082 2966 2313 3037 perfecit
2356 2962 2925 3036 laterculum,Asterio
2959 2962 3202 3037 consule,
3239 2976 3340 3027 hoc
3371 2984 3454 3028 cst

1861 3044 2003 3112 anno
2030 3031 2391 3112 44§._Yerum
2456 3031 2803 3095 difﬁcile'est
2856 3052 2913 3095 ut
2965 3031 3200 3112 propter"
3235 3047 3451 3099 unicum

1862 3104 2081 3157 incertae
2107 3104 2231 3160 ﬁdei
2257 3108 2499 3164 codicem
2519 3121 2703 3164 contra
2726 3115 2905 3167 omnia
2930 3104 3118 3169 eamus
3139 3128 3232 3169 seu
3260 3114 3455 3169 Kalen-

1862 3173 2032 3253 daria,
2061 3190 2158 3253 seu
2189 3182 2594 3250 martyrologia,
2626 3198 2723 3236 seu
2763 3184 2864 3237 alia
2917 3184 3221 3253 hujusmodi
3267 3187 3455 3241 Eccle-

158 3262 365 3326 ῳῃμι
637 3268 699 3307 ea
730 3269 946 3323 quoque
977 3245 1558 3323 miseric'ordig-opera
1580 3255 1647 3307 ab
1674 3256 1751 3308 in.
1784 3260 1831 3326 c
1863 3245 1958 3297 Sile
1991 3248 2192 3326 veteris
2229 3245 2602 3326 monumenta,
2630 3270 2749 3321 quas
2777 3245 3054 3326 hacten'us
3099 3257 3270 3311 lucem
3306 3258 3457 3312 vide‘

156 3322 425 3395 ﬁdelibus
476 3324 636 3395 edita,
672 3322 1097 3395 complectatur,
1137 3341 1256 3395 qua:
1312 3322 1459 3379 nullo
1503 3334 1757 3394 corrupto

157 3394 268 3476 line
292 3404 521 3476 proth
544 3394 709 3466 494
732 3397 898 3465 ipsam
925 3407 1124 3476 natura
1149 3398 1554 3476 communi-onem
1567 3400 1762 3476 juvan-

160 3466 218 3538 do
244 3465 469 3518 homini
508 3465 765 3535 impensa,
798 3483 890 3520 sua
928 3467 1079 3520 laude
1125 3483 1227 3520 non
1257 3465 1580 3538 fraudando,
1597 3468 1647 3521 id
1677 3477 1761 3522 est

158 3536 323 3601 bona,
359 3539 805 3603 pronuntiaverat
835 3553 1001 3592 serm.
1032 3539 1085 3602 7,
1117 3536 1344 3608 quaeque
1386 3536 1609 3605 proinde
1653 3540 1756 3593 hoc

158 3608 271 3661 solo
311 3608 506 3662 latiori
532 3622 690 3662 sensu
720 3619 928 3676 peccata
957 3609 1064 3663 dici
1090 3620 1312 3677 queunt,
1346 3620 1607 3677 quatenus
1642 3613 1761 3665 sine

159 3678 260 3733 ﬁde
322 3679 458 3749 viva
508 3679 573 3733 ad
618 3690 875 3733 aeternum
927 3681 1199 3748 premium
1249 3680 1382 3734 nihil
1435 3682 1755 3749 proﬁciunt:

159 3751 303 3803 unde
340 3748 455 3822 hoc
481 3750 864 3822 eodemserm.
897 3751 925 3802 7
956 3750 1167 3820 scripsit
1198 3767 1212 3804 :
1246 3752 1393 3817 Quod
1424 3748 1523 3805 non
1546 3768 1611 3805 ex
1641 3753 1761 3822 ﬁdei

158 3821 410 3891 procedit
436 3823 594 3891 fonte,
618 3820 685 3872 ad
711 3822 921 3891 prmmia
946 3832 1135 3875 (eterna
1164 3839 1263 3875 non
1297 3824 1534 3891 pervenit.

223 3893 282 3945 7.
316 3889 448 3944 Duo
474 3889 654 3962 itaque
684 3889 941 3946 virtutum
982 3894 1267 3947 muralium
1290 3889 1452 3961 Opera
1484 3894 1543 3948 8.
1572 3895 1753 3962 ponti-

158 3960 247 4035 fex
277 3963 345 4035 in
372 3960 679 4016 inﬁdelibus
706 3966 835 4035 satis
862 3964 1129 4017 distinxit.
1155 3964 1276 4017 Alia
1306 3960 1370 4018 ex
1397 3960 1607 4033 objecto
1634 3968 1757 4035 qui-

158 4032 277 4087 dem
309 4033 491 4099 bona,
524 4043 575 4085 at
606 4048 771 4101 pravo
802 4034 907 4088 ﬁne
946 4042 1200 4103 corrupta
1229 4045 1283 4088 et
1309 4032 1473 4099 mala;
1501 4037 1603 4089 alia
1634 4032 1758 4091 vero

159 4104 313 4175 nullo
351 4119 527 4172 pravo
555 4103 659 4158 ﬁne
680 4104 1017 4169 infecta,non
1044 4114 1151 4159 tam
1183 4120 1249 4159 ex
1278 4106 1485 4175 objecto
1512 4123 1671 4175 quam
1688 4124 1757 4161 ex

158 4172 264 4229 ﬁne
292 4175 526 4228 virtutis
555 4175 713 4241 bona,
746 4176 839 4229 sed
872 4176 1066 4229 merito
1106 4186 1324 4229 :eterna:
1345 4172 1479 4230 'vitze
1518 4172 1755 4246 expertia

158 4258 208 4298 et
236 4246 492 4300 inutilia.
531 4246 607 4300 De
642 4248 798 4315 primi
849 4250 1063 4316 generis
1111 4249 1363 4315 operibus
1415 4249 1657 4302 absolute
1706 4259 1760 4303 et

155 4317 472 4386 generatim
512 4317 814 4383 afﬁrmavit,
870 4316 1000 4371 nihil
1040 4318 1312 4386 integrum,
1356 4318 1484 4371 nihil
1535 4329 1754 4386 castum,

158 4398 290 4455 αα,
318 4388 473 4456 apud
519 4388 759 4441 inﬁdeles
809 4392 1053 4457 reperiri,
1081 4392 1207 4459 quia
1236 4390 1529 4458 generatim
1576 4396 1757 4445 omnia

160 4459 473 4513 inﬁdelium
508 4459 644 4513 bona
682 4473 844 4525 Opera
884 4461 1065 4528 aliquo
1111 4463 1306 4513 vitioso
1360 4464 1462 4513 line
1513 4476 1757 4515 corrum-

158 4540 395 4597 puntur.
417 4529 591 4599 Opera
620 4544 746 4583 vero
785 4530 1009 4585 secundi
1036 4532 1255 4600 generis
1304 4532 1673 4586 conditionate
1704 4545 1757 4587 et

160 4602 314 4668 quasi
354 4615 454 4669 per
482 4602 853 4667 exceptionem
896 4603 948 4655 in
978 4602 1086 4656 illis
1113 4603 1349 4669 admisit,
1384 4604 1427 4655 si
1458 4619 1523 4656 ex
1557 4608 1757 4657 lllOllVf)

159 4672 391 4725 virtutis
435 4672 693 4735 edantur;
737 4672 878 4741 quod
920 4686 1104 4726 casum
1150 4674 1460 4742 possibilem
1518 4685 1573 4729 et
1606 4676 1760 4729 valde

158 4757 355 4796 rarum
389 4743 642 4796 insinuat.

224 4816 281 4868 8.
325 4814 388 4866 Id
409 4828 541 4867 vero
558 4830 586 4886 Va
613 4813 878 4886 damnatis
908 4817 1367 4886 propositionibus
1393 4826 1498 4869 tam
1527 4817 1761 4871 alienum

158 4895 262 4958 est,
294 4899 473 4958 quam
520 4885 587 4935 ab
637 4885 826 4939 iisdem
857 4886 1171 4958 alienusgest
1203 4890 1259 4942 8.
1284 4888 1636 4957 Augustinus,
1672 4890 1761 4958 qui

154 4956 221 5010 de
248 4955 522 5024 operibus
548 4963 801 5008 Virtutum
830 4958 967 5025 apud
999 4956 1243 5012 inﬁdeles
1281 4955 1391 5013 non
1421 4955 1764 5013 dissimiliter

156 5029 413 5081 tradidit.
457 5026 515 5078 In
552 5027 689 5097 libro
727 5028 794 5080 de
832 5027 1033 5094 Spiritu
1083 5040 1137 5082 et
1168 5030 1321 5094 Lilt.,
1351 5045 1470 5097 cap.
1501 5030 1597 5094 26,
1629 5030 1765 5085 scri-

154 5107 320 5172 ptum_
344 5098 569 5167 reliquit
601 5115 613 5148 :
654 5095 719 5150 In
752 5114 962 5151 numero
992 5101 1144 5172 etiam
1170 5095 1432 5154 hominum
1459 5103 1758 5172 impiorum,

155 5187 244 5220 nec
282 5169 461 5221 Deum
491 5171 937 5242 t'erumgveraciter
965 5170 1241 5225 colentium
1264 5173 1497 5242 quaedam
1526 5169 1662 5242 iacta
1686 5173 1762 5225 vel

153 5242 406 5309 legimus,
445 5238 824 5313 uelgnouimus,
853 5242 929 5313 uel
972 5238 1291 5309 audiuimus,
1323 5259 1434 5313 qua:
1472 5238 1755 5297 secundum

151 5313 383 5381 Iustitia:
401 5311 634 5385 regulam
670 5328 773 5385 non
802 5311 971 5364 solum
1007 5330 1107 5366 non
1145 5311 1433 5385 vituperare
1466 5330 1756 5385 possumus,

155 5398 337 5435 rerum
365 5384 529 5454 etiam
567 5383 746 5435 merito
775 5385 1021 5454 justeque
1061 5383 1353 5438 laudamus.
1405 5383 1474 5440 ld'
1508 5388 1761 5440 convenit

153 5468 277 5506 cum
313 5452 424 5506 illis
456 5453 653 5525 Leonis
680 5452 835 5507 laude
863 5471 959 5506 suo
994 5457 1288 5525 fraudando
1327 5474 1428 5510 non
1466 5466 1603 5511 sunt.
1638 5458 1756 5513 Mox

152 5535 343 5597 autem
385 5524 571 5597 subdit
603 5540 618 5577 :
655 5525 978 5595 Quamquam
1005 5528 1051 5580 si
1091 5528 1333 5580 discutias
1356 5545 1453 5597 quo
1475 5528 1579 5596 ﬁne
1606 5529 1753 5596 ﬁant,

284 5596 638 5663 intersistatur,
662 5611 776 5661 qua:
814 5598 1037 5670 iustitia:
1061 5599 1282 5670 debitam
1319 5596 1526 5654 laudem
1574 5601 1758 5670 defen-

150 5667 461 5736 sionemque
488 5678 799 5742 mereantur.
816 5668 1024 5736 Quibus
1041 5669 1171 5742 dum
1193 5672 1427 5725 insinuat
1450 5686 1510 5725 ea
1534 5667 1758 5742 justitia:

150 5750 329 5808 open
347 5753 474 5815 sine
492 5739 674 5815 aliquo
696 5753 860 5805 pravo
882 5742 987 5815 fine
1003 5740 1357 5815 nisinuentum
1387 5745 1473 5811 iri,
1500 5739 1756 5815 pleraque

152 5822 297 5863 sane
342 5808 583 5878 perinde.
624 5808 911 5878 depravata
963 5812 1018 5865 in
1068 5813 1269 5869 iisdem-
1298 5808 1703 5871 cerlovcreilidit
1737 5835 1749 5870 :

150 5880 309 5939 unde
331 5879 455 5936 aliis
489 5881 543 5934 in
572 5881 706 5936 locis
730 5882 984 5937 virtutqu
1011 5900 1331 5952 opera,qn:e
1361 5890 1427 5942 ab
1452 5887 1755 5946 inﬁdelibus

1863 3326 2018 3398 pun};
2044 3322 2217 3398 qualia
2242 3334 2366 3375 sunt
2390 3323 2882 3398 Sacramentariutn
2914 3327 2969 3383 S.
2989 3326 3233 3395 Gregorii
3257 3329 3455 3398 Magni,

1863 3387 2013 3470 Ordo
2062 3393 2364 3470 Romanus,
2390 3396 2562 3470 ipsum
2604 3396 2662 3451 8.
2696 3398 3005 3470 Hieronymi
3049 3387 3452 3453 Loctionarium

1863 3463 2107 3533 omnium
2166 3463 2634 3533 antiquissimum;
2709 3470 2761 3521 in
2836 3463 2919 3522 his
2976 3470 3119 3523 enini
3205 3470 3456 3525 omnibus

1866 3529 1963 3584 SS.
2010 3531 2153 3606 Petri
2185 3542 2240 3587 et
2286 3534 2436 3591 Pauli
2486 3529 2751 3606 depositio
2798 3554 2896 3594 seu
2948 3540 3128 3595 natale
3173 3541 3332 3596 tertia
3365 3543 3455 3597 die

1862 3609 2007 3679 ante
2034 3600 2292 3679 kalendas
2321 3606 2492 3663 Julias
2540 3600 2867 3679 assignatur.
2903 3611 3071 3665 lmmo
3119 3620 3173 3666 et
3213 3613 3267 3667 in
3301 3624 3455 3667 vetu-

1863 3671 2099 3753 stissima
2119 3678 2443 3753 membrana
2468 3695 2569 3753 seu
2589 3671 2994 3752 martyrologio.
3020 3683 3160 3753 quod
3185 3699 3215 3738 e
3238 3683 3457 3738 schedis

1864 3740 2133 3825 Lieriberti
2160 3746 2448 3825 Rosweydi
2481 3740 2773 3825 Bollandus
2797 3740 2916 3822 ipse
2935 3740 3204 3809 obtulerat
3234 3753 3455 3825 JEgidio

1864 3811 2150 3887 Eucherio,
2200 3811 2450 3887 quodque
2499 3823 2597 3877 iste
2646 3838 2744 3876 suo
2794 3811 3086 3879 c'omment.
3132 3827 3185 3879 in
3234 3811 3455 3881 Victorii

1862 3884 2138 3940 Canonem
2189 3884 2433 3953 inseruit,
2483 3893 2700 3947 disertis
2745 3897 2923 3949 verbis
2981 3908 3157 3949 octavo
3205 3896 3455 3951 kalendas

1864 3952 2067 4035 Martii,
2102 3973 2234 4035 non_
2257 3952 2527 4035 depositio
2576 3968 2942 4030 apostolorum
2999 3969 3139 4021 Petri
3188 3978 3243 4021 et
3276 3968 3453 4035 Pauli,

1862 4026 2161 4108 sednnatale
2194 4026 2343 4085 Petri
2375 4034 2439 4108 de
2483 4026 2986 4108 sathédralegitur;
3012 4048 3065 4093 et
3095 4054 3153 4092 ιιι
3192 4026 3456 4094 kalendas

1862 4095 1989 4174 Julii
2017 4103 2318 4174 assignatur
2357 4105 2473 4159 dies
2505 4107 2748 4174 martyrii
2800 4095 3180 4170 Kpostolorum
3210 4110 3261 4162 in
3308 4110 3453 4163 hunc

1864 4170 2083 4243 modum
2121 4187 2218 4225 :lll
2241 4173 2347 4229 kal.
2371 4174 2525 4241 Julii,
2558 4170 2699 4229 Pet-ri
2721 4182 2773 4230 in
2813 4178 3173 4243 Catacumbas,
3211 4190 3257 4232 et
3298 4179 3456 4233 Pauli

1867 4238 2120 4294 Ostiense.
2150 4243 2309 4298 Certe
2341 4261 2461 4299 cum
2512 4238 2596 4302 isti
2644 4248 2888 4301 laterculi
2932 4238 3169 4303 invicem
3219 4250 3287 4303 de
3318 4252 3457 4304 anti-

1863 4313 2065 4388 quitate
2110 4324 2339 4383 certent,
2376 4318 2537 4385 longe
2582 4319 2754 4385 major
2807 4320 2858 4373 ei
2909 4319 3043 4374 ﬁdes
3090 4320 3337 4388 debetur,
3367 4321 3455 4375 cui

1863 4382 2223 4452 suffragantur
2250 4398 2302 4439 et
2328 4382 2552 4457 antiqua
2583 4382 2763 4443 oni—nia
2801 4390 3058 4445 Ecclesiae
3104 4382 3453 4446 monumenta

1862 4462 1941 4533 et_
1968 4466 2246 4533 auctorum
2289 4463 2527 4513 omnium
2579 4476 2896 4526 consensus,
2940 4476 3100 4533 quam
3150 4461 3330 4526 alteri,
3365 4466 3455 4533 qui

1864 4524 2012 4603 solus
2060 4528 2324 4603 novellam
2357 4534 2593 4599 suggerit
2622 4524 3039 4599 Opinionem,'et
3084 4532 3137 4587 in
3186 4524 3345 4603 quem
3378 4524 3457 4588 la-

1865 4596 1966 4669 cile
1995 4607 2077 4650 est
2100 4599 2349 4652 mendum
2382 4596 2683 4669 irrepsisse.
2726 4623 2744 4655 »
2782 4596 3052 4658 Hactenus
3091 4596 3220 4669 ille;
3238 4616 3292 4659 et
3323 4605 3458 4661 satis

1870 4667 2026 4743 bene.
2080 4667 2597 4743 Soliumrdisplic—et,
2655 4675 2796 4743 quod
2848 4667 3200 4731 memoratos
3232 4676 3459 4731 Polemii

1871 4738 2021 4792 Silvii
2065 4750 2119 4794 et
2167 4738 2419 4817 llucherii
2463 4738 2749 4799 laterculos
2792 4747 3006 4800 invicem
3047 4747 3111 4799 de
3154 4748 3461 4817 antiquitate

1869 4821 2063 4882 certare
2102 4814 2409 4882 scripserit;
2452 4832 2573 4869 nam
2625 4817 2913 4871 Iatercnlus
2957 4818 3204 4873 Buclterii
3256 4814 3459 4875 Saeculo

1870 4878 1984 4934 fere
2012 4878 2227 4951 integro
2250 4878 2405 4938 Silvii
2432 4886 2691 4940 laterculo
2723 4890 2962 4941 anterior
2992 4898 3094 4943 est.

1938 4952 1992 5004 2.
2019 4952 2095 5030 _Ut
2124 4964 2302 5030 autem
2346 4956 2665 5011 Bucheriani
2698 4960 2944 5013 laterculi
2974 4970 3105 5014 astas
3129 4970 3289 5030 atque
3321 4975 3461 5030 pra--

1869 5025 2062 5102 stantia
2093 5028 2302 5102 planius
2324 5030 2670 5102 percipiatur,
2691 5030 2913 5099 diesque
2943 5033 3183 5102 martyrii
3202 5025 3455 5101 SS.Iapn-

1868 5098 2128 5172 stolorum
2162 5096 2388 5172 Petriet
2417 5101 2567 5153 Pauli
2599 5102 2799 5153 certior
2826 5096 2962 5168 'ﬁat,
2996 5102 3063 5156 de
3083 5096 3212 5172 'ejus
3240 5096 3462 5156 auctore

1864 5166 2120 5221 nonnulla
2160 5170 2402 5223 exactius
2460 5174 2887 5227 animadvertere
2916 5166 3141 5241 juverit,
3176 5189 3295 5241 quae
3335 5174 3461 5226 har-

1868 5246 2024 5291 tenus
2069 5242 2135 5293 ab
2180 5241 2303 5293 aliis
2354 5243 2643 5296 observata
2686 5259 2791 5296 non
2832 5246 3084 5298 vidimus.
3128 5246 3244 5299 Duo
3276 5254 3457 5298 autem

1869 5310 2034 5379 (quod
2065 5311 2321 5380 sciamus)
2352 5313 2568 5367 codices
2616 5314 2756 5367 hunc
2786 5315 3104 5370 laterculum
3135 5316 3417 5369 continent
3444 5330 3457 5368 :

1866 5383 2004 5453 alter
2032 5383 2313 5447 vetustior,
2339 5394 2392 5436 at
2427 5386 2665 5450 mutilus,
2700 5387 2839 5453 apud
2870 5387 3229 5440 Bollandistas
3256 5394 3453 5439 exstat.

1866 5452 1945 5504 lix
1984 5452 2085 5507 hoc
2131 5455 2428 5509 Bucherius
2480 5452 2837 5510 memoratum
2888 5457 3203 5525 laterculum
3242 5464 3297 5509 et
3327 5469 3459 5525 qua-

1866 5531 1988 5576 tuor
2039 5526 2141 5578 alia
2194 5536 2538 5581 monumenta
2590 5529 2777 5591 edidit,
2834 5529 3082 5582 nimirum
3138 5524 3454 5593 Catalogum

1868 5594 2446 5670 prtefectorunt_Urbis
2469 5640 2482 5662 ,
2516 5597 2830 5670 Catalogum
2887 5598 3253 5653 Romanorum
3296 5595 3462 5669 496

1864 5668 2201 5791 pontificum,
2244 5668 2524 5723 Fastorum
2564 5668 2925 5724 consularium
2986 5668 3377 5737 fragmentum,
3405 5668 3459 5725 et

1914 5738 2246 5791 alendarium
2273 5740 2856 5791 Romano-nrofanum.
2878 5742 2961 5791 cui
2986 5751 3217 5791 quatuor
3241 5755 3459 5791 menses

1914 5738 2246 5793 alendarium
2273 5740 2856 5809 Romano-profanum,
2878 5742 2961 5794 cui
2986 5751 3217 5809 quatuor
3241 5755 3460 5797 menses

1865 5814 2080 5869 desunt.
2109 5814 2259 5866 Alter
2308 5828 2439 5868 vero
2483 5813 2785 5881 recentior,
2818 5812 2912 5866 sed
2948 5812 3158 5883 integer
3205 5813 3481 5872 inventus

1864 5894 1947 5942 est
1994 5884 2047 5939 in
2097 5884 2417 5941 bibliotheca
2454 5884 2734 5941 Caesarea.
2763 5898 2871 5943 auo
2918 5884 3283 5943 Cusninianus
3334 5897 3465 5947 usus
