4006 6348
555 263 655 320 587

554 382 727 436 fuerat
747 377 801 433 in
826 376 1242 433 Commentariis
1268 374 1336 429 ad
1363 372 1690 429 Cassiodorii
1719 368 2049 433 Chronicon,
2080 380 2134 426 et

554 450 748 508 exinde
772 460 900 506 ante
925 448 1250 513 Bucberium
1273 445 1586 514 Catalognm
1626 444 2000 514 prailectoruin
2026 442 2134 499 Ur-

555 522 635 577 bis
680 522 1006 592 vulgaverat.
1045 519 1121 573 Ex
1153 521 1253 572 lioc
1284 525 1465 592 autem
1517 515 1872 592 Lambecius,
1897 525 2034 592 tom.
2066 514 2132 570 lV

553 587 900 649 Bibliotliecre
956 588 1230 652 Caesarem,
1284 589 1556 656 integrum
1618 587 2027 652 Kalendarium,
2082 595 2138 640 et

555 676 742 721 noster
762 662 1051 718 cardinalis
1078 659 1320 715 Norisius
1351 659 1403 713 iu
1430 675 1595 728 Opere
1621 661 1688 714 de
1707 659 1942 728 Epocliis
1972 660 2138 730 Syro-

556 736 904 791 Macedonum
951 735 1190 799 integros
1247 731 1418 787 fastos
1471 731 1781 798 publicavit.
1837 730 2138 785 Novissime

555 817 732 861 autem
778 805 1015 876 Joannes
1067 803 1353 876 Georgius
1381 803 1606 876 Eccard,
1655 801 1842 858 toni.l
1885 801 2138 876 Corporis

556 876 804 931 Historiae
833 873 989 929 medii
1024 875 1124 930 sevi
1154 871 1233 929 ex'
1259 874 1450 929 eodem
1490 875 1675 928 codice
1707 884 1901 942 printer
1944 871 2138 928 Kalen-

553 947 1026 1018 darium.quatuor
1072 946 1271 1018 reliqua
1315 955 1661 1000 monumenta
1689 945 1880 999 eodem
1924 943 2132 1018 ordine,

554 1035 662 1088 quo
721 1014 1064 1088 tirofei'uiitiir
1127 1014 1616 1083 ἰηπιιηιιιιδοτίριυ,
1676 1025 1731 1088 et
1768 1031 1891 1070 cum
1949 1014 2137 1070 iisdem

555 1087 729 1145 etiam
771 1089 1117 1144 librariorum
1168 1089 1441 1142 erroribus
1471 1087 1873 1141 accuratissime
1915 1088 2136 1140 recusit.

555 1161 632 1214 Es
674 1162 860 1216 borum
911 1168 1089 1214 autem
1127 1159 1364 1230 quinque
1406 1158 1852 1230 documentorum
1884 1157 2139 1230 observa-

555 1232 699 1287 tione
723 1232 885 1302 liquet
911 1233 1112 1302 Omnia,
1138 1226 1296 1297 impth
1312 1239 1436 1302 ante
1458 1230 1793 1294 Constantio,
1810 1226 1847 1302 _l‘
1846 1229 1986 1281 uisse
2009 1242 2139 1302 coti-

555 1299 942 1374 scriptmNam
973 1302 1023 1355 in
1053 1301 1379 1374 Kalendario
1416 1301 1660 1374 [initiatio
1704 1299 1926 1374 prolatio
1962 1300 2140 1374 nullus

555 1371 772 1429 notatur
789 1375 986 1428 natalis
1011 1375 1128 1427 dies
1157 1372 1542 1440 imperatorum
1566 1373 1652 1437 qui
1677 1373 1784 1424 sint
1808 1371 2140 1438 posteriores

558 1446 899 1509 Constantio;
937 1445 1022 1496 liic
1050 1454 1224 1497 autem
1260 1443 1560 1510 appellatur
1588 1442 1768 1506 titulo,
1795 1455 1902 1495 non
1930 1441 2056 1507 divi,
2084 1452 2144 1495 ut

558 1518 738 1572 caueri
785 1517 895 1584 jam
946 1516 1048 1567 vita
1098 1512 1285 1572 functi,
1316 1514 1410 1566 sed
1459 1512 1685 1575 domini,
1715 1512 1858 1582 quod
1910 1513 2140 1584 viventis

556 1583 812 1644 indicium
828 1596 928 1642 est.
947 1585 1091 1638 Fasti
1121 1585 1432 1639 consulares
1462 1592 1515 1636 et
1539 1584 1823 1649 Catalogus
1853 1583 2139 1651 praefecto-

553 1673 674 1712 rum
707 1657 866 1717 Urbis
893 1655 1146 1712 desinunt
1171 1672 1258 1709 an.
1291 1653 1416 1710 554.
1448 1654 1786 1717 Laterculus,
1816 1654 1906 1722 qui
1940 1653 2139 1708 Buche-

553 1731 740 1784 rianus
783 1728 963 1784 voeari
1003 1728 1164 1792 solet,
1197 1738 1250 1783 et
1294 1725 1604 1782 inscribitur
1643 1726 1905 1790 Depositio
1944 1736 2140 1795 marty-

553 1816 667 1852 rum
691 1810 738 1856 et
763 1771 1300 1868 episcoporum,,dum
1331 1807 1479 1850 llOl-ll
1507 1797 1647 1850 diem
1677 1771 1856 1852 obitus
1879 1805 1934 1851 et
1964 1771 2138 1868 locu-in
2171 1771 2220 1832 Β

559 1866 850 1939 sepulturae
881 1871 1244 1940 Romanorum
1271 1869 1606 1940 pontiﬁcum,
1628 1870 1878 1921 terminat
1903 1869 1953 1921 in
1977 1866 2138 1933 .lulio,

553 1945 641 2011 qui
689 1943 822 1996 obiit
862 1957 962 2000 an.
1004 1939 1124 1996 552.
1173 1940 1410 1993 Tandem
1464 1939 1770 2011 ACatalogus
1805 1954 2142 1993 summorum

551 2009 863 2083 pontiﬁcum
880 2014 950 2067 ita
975 2012 1313 2066 concluditur
1343 2013 1393 2064 iii
1419 2009 1635 2083 Liberio
1652 2009 1776 2064 Julii
1800 2024 2140 2073 successore,

553 2082 612 2139 ut
659 2095 873 2140 notetur
913 2084 1130 2152 quidem
1172 2082 1551 2143 ordinationis,
1586 2097 1692 2134 non
1734 2089 1909 2135 autem
1953 2083 2144 2135 mortis

552 2157 669 2223 ejus
716 2156 866 2220 dies,
895 2154 1346 2223 quemadmodum
1391 2153 1442 2206 in
1493 2153 1927 2208 antecessoribus
1962 2152 2144 2206 fuerat

551 2227 882 2296 designatus,
909 2225 1054 2295 quod
1080 2240 1201 2280 eum
1231 2225 1406 2279 adhuc
1435 2226 1782 2296 superstitem
1805 2223 2032 2278 indicat.
2067 2224 2142 2277 Ex

550 2295 636 2352 his
675 2294 859 2356 autem
904 2294 1378 2350 observationibus
1426 2312 1566 2350 uutis
1609 2305 1660 2348 et
1702 2294 1847 2348 idem
1900 2309 2142 2348 omnium

552 2368 820 2437 ejusmodi
861 2381 1327 2422 monumentorum
1378 2381 1587 2428 auctor,
1623 2375 1680 2419 et
1722 2366 1936 2421 Liberio
1980 2373 2144 2433 atque

551 2439 864 2504 Constantio
892 2453 1106 2494 corvus
1155 2437 1484 2508 agnoscitur.
1516 2440 1592 2491 Ex
1637 2437 1986 2508 Kalendariq
2011 2451 2144 2490 vero

553 2510 784 2637 Brofano
827 2513 1062 2566 auctoris
1122 2506 1316 2564 nomen
1365 2511 1590 2571 eruitur,
1644 2511 1897 2563 nimirum
1949 2506 2144 2561 Furius

603 2582 850 2637 ionVsius
896 2581 1221 2636 Pliilocalus.
1248 2581 1382 2635 Cum
1411 2597 1572 2637 porro
1601 2581 1780 2634 omnia
1824 2588 1879 2633 et
1905 2593 2056 2633 Sacra
2089 2589 2144 2631 et

603 2582 850 2652 ionysius
896 2581 1221 2636 Pliilocalus.
1248 2581 1382 2635 Cum
1411 2597 1572 2648 porro
1601 2581 1780 2634 omnia
1824 2588 1879 2633 et
1900 2593 2056 2652 sacra
2089 2589 2145 2631 et

553 2650 921 2722 profanaqute
954 2654 1005 2706 in
1053 2653 1139 2705 bis
1185 2652 1550 2708 monumentis
1598 2661 1852 2705 notantur
1884 2650 2144 2722 Bouiana

552 2721 683 2789 Sitit,
712 2737 772 2784 et,
798 2723 1157 2796 peculiaribus
1184 2739 1245 2796 ac
1279 2723 1655 2796 minutissimis
1684 2724 1862 2796 etiam
1881 2721 2158 2796 Romanis.

555 2797 703 2854 urbis
741 2792 815 2850 et'
840 2795 1095 2850 Ecclesia:
1138 2794 1343 2848 notitiis
1381 2793 1598 2857 referta,
1635 2794 1777 2848 liunc
1806 2792 2141 2846 Pliilocaliim

553 2865 744 2922 Romae
765 2867 859 2927 bas
883 2867 1103 2920 notitias
1131 2865 1384 2920 didicisse
1414 2876 1468 2918 et
1496 2866 1781 2933 scripsisse
1803 2865 2143 2932 exploratum

553 2939 786 3005 videtur,
811 2936 954 3008 quod
983 2939 1048 2989 ad
1073 2936 1232 2992 (idem
1264 2938 1346 2991 liis
1373 2936 1714 2991 documentis
1743 2933 2141 2990 conciliandam

559 3008 846 3081 plurimum
877 3008 1108 3062 confert.

628 3081 684 3136 5.
706 3079 973 3136 Praiwrea
997 3082 1048 3132 in
1071 3093 1185 3134 rem
1215 3087 1535 3147 praesentem
1559 3076 2007 3132 dissimulandum
2035 3091 2142 3130 non

557 3159 642 3205 est
683 3151 926 3206 laterculi
969 3150 1288 3204 Buclieriani
1341 3149 1608 3220 integrum
1659 3159 1862 3220 textum
1901 3147 2140 3220 essebis
2167 3157 2214 3218 (ζ

559 3223 739 3278 verbis
767 3236 1079 3288 expreswtn
1110 3238 1123 3274 :
1152 3235 1206 3274 Ill
1232 3220 1338 3274 Ital.
1363 3218 1481 3274 Jul.
1516 3219 1670 3272 Petri
1683 3220 1737 3272 in
1777 3218 2139 3282 Catacunibas,

558 3303 606 3347 et
633 3292 794 3348 Pauli
827 3291 1060 3346 Ostiense
1084 3291 1247 3357 Tusco
1265 3301 1313 3346 et
1336 3289 1504 3346 Basso
1527 3307 1692 3346 conss.
1727 3290 1810 3344 Ex
1840 3290 1938 3344 bac
1960 3300 2142 3343 autem

556 3363 1001 3424 Catacunibarnni
1051 3371 1108 3418 et
1133 3362 1447 3420 consulatus
1477 3363 1751 3416 notatione
1787 3361 1928 3415 diem
1970 3361 2141 3414 alicn-

555 3435 640 3505 jus
686 3435 1056 3492 translationis
1089 3437 1265 3502 potius
1292 3449 1450 3502 quam
1499 3432 1692 3505 mortis
1736 3435 1837 3505 lioc
1885 3432 2144 3505 laterculo

556 3503 893 3575 designatum
927 3508 1144 3571 quidam
1187 3506 1444 3571 suspicati
1473 3515 1620 3560 sunt.
1643 3503 1713 3557 At
1744 3504 1883 3558 lianc
1912 3503 2145 3557 diftictil-

562 3587 724 3632 tatem
752 3579 866 3643 ipse
895 3576 1203 3631 Pliilocalus
1229 3577 1390 3630 solvit
1419 3591 1484 3629 ex
1516 3575 1726 3630 duobus
1753 3575 1878 3627 aliis
1907 3589 2143 3643 opuscu-

560 3647 647 3710 lis,
675 3649 728 3702 in
758 3649 954 3716 quibus
979 3646 1094 3701 dies
1125 3647 1369 3716 martyrii
1397 3645 1499 3704 SS.
1525 3646 1891 3716 apostolorum
1921 3645 2066 3700 Petri
2091 3656 2148 3698 et

559 3717 712 3774 Pauli
757 3721 1079 3784 signatum“
1115 3717 1218 3772 Ital.
1258 3716 1454 3784 Julias,
1494 3717 1746 3772 nimirum
1793 3719 1843 3770 in
1889 3716 2147 3785 Catalogo

558 3787 924 3846 Romanorum
948 3791 1261 3858 pontilicutii
1294 3789 1377 3842 liis
1406 3789 1618 3858 verbis:
1642 3787 1838 3841 Passus
1861 3789 2024 3855 est(S.
2047 3788 2146 3840 Pe-

559 3864 694 3930 trus)
743 3877 857 3914 cum
912 3857 1093 3930 Paulo
1123 3859 1177 3912 tl.
1223 3875 1280 3914 ιιι
1310 3859 1418 3914 Ital.
1462 3857 1602 3923 Jul.,
1645 3874 1765 3928 pag.
1793 3858 1862 3913 26
1893 3857 2160 3930 editionis.

563 3927 828 4000 Eccardi;
856 3941 910 3984 et
957 3933 1009 3984 in
1057 3929 1232 4000 Fastis
1261 3927 1790 3998 consularibuspag.
1843 3931 1911 3984 10
1937 3948 1950 3983 :
1981 3927 2148 4000 497

564 3997 772 4056 Nerone
793 4001 1010 4067 (ἔφθανε,
1049 3999 1242 4055 Vetere.
1275 4000 1394 4055 Hoc
1411 4017 1553 4056 cons.
1580 3997 1718 4070 passi
1748 4011 1866 4055 sunt
1889 3997 2074 4054 Petrus
2101 3997 2149 4052 Et

560 4072 766 4126 Paulus
793 4088 871 4128 ttt.
904 4073 1008 4127 Ital.
1038 4073 1150 4126 Jul.
1191 4073 1360 4128 Verba
1392 4089 1575 4141 passus
1614 4082 1668 4125 et
1695 4073 1836 4142 passi
1861 4083 1976 4125 sunt
2003 4071 2147 4125 diem

561 4146 806 4214 profecto
833 4145 1022 4202 mortis
1068 4157 1328 4213 expresse
1352 4145 1610 4202 indicant.
1646 4143 1829 4212 itaque
1857 4148 1902 4196 si
1931 4159 2041 4196 uno
2071 4142 2150 4195 la-

561 4217 793 4282 terculo,
823 4215 900 4270 uti
941 4215 1124 4270 vocari
1176 4217 1338 4280 solet,
1379 4215 1714 4268 Buclieriano
1745 4217 2036 4284 separatim
2080 4214 2150 4268 ab

561 4288 683 4344 aliis
710 4287 983 4356 otiusculis
1011 4285 1354 4341 emisiderato
1392 4301 1457 4340 es
1487 4287 1802 4342 consulatus
1849 4284 2148 4354 prmsertim

561 4359 837 4414 additioue
879 4357 1110 4412 dubitari
1144 4365 1374 4426 poterat,
1422 4373 1549 4411 nnni
1582 4356 1782 4411 ibidem
1820 4373 1886 4410 ex
1915 4357 2149 4410 auctoris

561 4438 742 4485 mente
791 4430 1157 4484 translationis
1205 4428 1321 4482 dies
1380 4427 1695 4498 designetur
1742 4430 1921 4498 potius
1985 4442 2147 4496 quam

565 4508 774 4576 mortis,
807 4510 956 4576 certe
980 4516 1094 4576 _ex_
1120 4499 1418 4576 collatione
1457 4500 1716 4576 ejusdem
1749 4499 1992 4576 laterculi
2023 4512 2147 4550 cum

565 4572 687 4630 aliis
707 4571 917 4626 duobus
942 4571 1187 4640 ejusdem
1215 4572 1452 4626 auctoris
1479 4571 1750 4640 opusculis
1779 4572 1998 4640 dubium
2025 4583 2148 4622 esse

564 4645 759 4710 nequit
788 4643 916 4710 quin
948 4639 999 4696 in
1033 4659 1097 4698 eo
1137 4653 1324 4698 auctor
1362 4658 1514 4710 atque
1553 4657 1615 4696 ac
1648 4645 1697 4695 in
1744 4643 1858 4694 istis
1912 4639 2149 4694 indicare

565 4715 796 4772 Voluerit
826 4713 1064 4782 martyrii
1097 4713 1261 4778 diem,
1297 4728 1419 4768 cum
1456 4729 1562 4782 quo
1593 4714 1732 4766 forte
1769 4715 1929 4765 etiam
1972 4721 2150 4763 trans-

567 4787 697 4840 latio
737 4797 828 4840 aut
854 4785 995 4839 aliud
1046 4786 1239 4840 factum
1284 4785 1439 4839 nobis
1492 4786 1730 4852 ignotum
1770 4795 1822 4836 et
1871 4787 2152 4836 consulatu

541 4854 728 4924 o'l‘usci
765 4870 828 4910 ac
867 4856 1016 4912 Bassi
1047 4857 1357 4910 deuotatum
1404 4855 1760 4909 concurrerit.
1795 4853 1926 4908 llaec
1962 4853 2030 4908 de
2059 4868 2152 4906 auo

558 4939 714 4982 ctot‘e
744 4937 798 4980 et
823 4941 988 4982 sensu
1014 4926 1258 4980 lalerculi
1291 4926 1638 4981 Buclieriani.

513 4997 518 5002 ’
635 4996 692 5066 ιε
723 4997 892 5052 Porro
918 4996 1142 5052 Silvium
1169 4999 1676 5060 aneturemalterius
1697 4995 2000 5052 Kaleiidarii
2031 5011 2154 5065 pro-

568 5070 672 5123 fani
705 5069 916 5124 Gallum
947 5071 1264 5138 scriptorem
1293 5069 1476 5127 fuisse.
1511 5082 1614 5123 neu
1645 5083 1709 5122 es
1739 5082 1804 5121 eo
1843 5067 2015 5121 solum
2059 5083 2153 5121 co-

567 5142 844 5210 gnoscitur
883 5141 1024 5210 quod
1069 5155 1226 5195 suum
1271 5142 1590 5209 opusculum
1638 5139 1838 5192 dicavit
1885 5139 2154 5194 Eucherio

565 5214 841 5280 episcopo,
868 5212 957 5279 qui
981 5211 1320 5282 Lugdunensi
1350 5211 1609 5265 Ecclesiae
1637 5210 1863 5279 praefuit,
1891 5221 1950 5262 ut
1971 5210 2155 5265 videre

566 5294 647 5336 est
675 5281 1158 5351 apud-Bollandum
1202 5283 1382 5339 tom.l
1418 5283 1696 5346 Januarii,
1744 5282 1795 5334 in
1841 5281 2155 5350 prailatione

564 5372 612 5408 c.
645 5361 698 5419 4,
729 5353 762 5425 §
789 5356 843 5422 5,
878 5370 1063 5408 verum
1090 5357 1252 5409 etiam
1288 5353 1556 5422 celligitur
1583 5368 1648 5408 ex
1691 5351 1811 5425 Vita
1857 5354 1914 5408 S.
1966 5354 2152 5406 tlilarii

551 5424 918 5502 Arelatensis,
949 5425 1001 5480 in
1028 5442 1131 5502 qua
1159 5426 1356 5502 Silvius
1385 5438 1521 5502 inter
1541 5426 1672 5478 alios
1694 5424 1986 5492 scriptores
2008 5425 2154 5493 ejus-

567 5496 714 5558 deut,
737 5497 924 5559 Hilarii
970 5499 1338 5553 wiicionantis
1383 5496 1658 5550 auditores
1704 5507 2052 5552 recensetur:
2102 5507 2160 5551 et

566 5570 1101 5646 ltitieetiamauctor
1125 5567 1378 5624 Cbronici
1407 5569 1653 5646 Prosperi
1683 5565 1925 5646 Tironis“
1939 5569 2156 5623 nomine

569 5631 721 5709 ediii,
752 5643 842 5709 qiti
872 5643 1064 5699 Gallus,
1085 5643 1216 5700 item
1241 5650 1323 5696 est
1350 5631 1558 5703 auctor,
1585 5638 1649 5691 ad
1673 5653 1802 5692 anu.
1831 5641 1930 5693 459
1955 5657 2159 5694 memo-

556 5690 1526 5782 Eidiiiierifs'ériiialiéia'siiituin
1539 5690 1646 5765 'ab”
1666 5690 1802 5764 aliis
1829 5690 2156 5779 pensi-iiiis-

573 5799 731 5856 sum.
762 5801 829 5843 eo
855 5789 998 5858 quod
1029 5789 1126 5842 sibi
1162 5788 1212 5841 in
1241 5785 1408 5842 Gallia
1437 5791 1594 5839 notus
1624 5783 1817 5840 iuerat.
1852 5783 2022 5857 Hujus
2064 5799 2159 5841 atto

2173 4548 2225 4608 D

1321 258 1385 314 IN
1423 255 1790 315 SERMONES
1826 255 1884 312 S.
1926 252 2166 309 LEONIS
2206 251 2421 309 MAGNI
2460 251 3048 309 OBSERVATIONES.

3697 269 3787 329 543

2244 379 2349 424 tein
2383 367 2540 426 Silvii
2567 365 2951 446 Kalendarium
2984 384 3091 446 non
3119 382 3362 446 sacrum,
3403 373 3493 429 sed
3534 379 3790 446 profanum

2240 450 2360 507 est;
2412 457 2644 511 eumque
2687 443 2822 498 alios
2871 442 3162 520 laterculos
3203 440 3485 520 habuisse,
3533 440 3595 503 ex
3623 440 3798 520 quibo}

2239 524 2660 590 excerperet,._et
2688 528 2788 590 suo
2804 516 2960 590 stylo
2984 513 3094 590 alia
3138 512 3314 590 iusius
3351 512 3676 590 ειροευῑεβέ,
3701 512 3794 586 an;

2240 594 2480 642 mutasse
2521 586 2608 639 vel
2658 581 2960 653 addidisse,
2983 581 3270 640 Bollandus
3302 584 3352 638 in
3385 581 3677 654 prailatione
3705 581 3797 655 iii

2237 659 2496 710 ostendit.
2572 657 2717 712 Inter
2778 657 2998 725 profana
3059 670 3240 712 autem
3311 663 3621 728 paucissima
3662 681 3795 728 sacra

2242 728 2378 801 l'esta
2402 729 2578 783 obiter
2606 729 2804 801 ibidem
2839 740 3110 801 notantur,
3138 738 3194 782 ut
3224 728 3402 801 videre
3425 741 3505 801 est
3531 736 3660 801 apud
3684 737 3797 796 Boi-

2241 798 2501 855 landistas
2533 811 2661 853 tom.
2710 800 2773 854 Vl
2823 800 2968 854 Junii
3020 810 3154 868 part.
3209 815 3267 863 it,
3313 799 3401 855 ubi
3451 798 3798 868 Kalendarium

2243 872 2510 940 integrum
2540 870 2692 926 Silvii
2726 872 2928 926 editum
2969 872 3090 926 fuit.
3131 870 3275 924 Inter
3314 871 3430 926 have
3470 885 3639 932 autem
3683 882 3798 942 les-ta

2245 943 2479 996 notabile
2508 953 2590 996 est
2623 942 2814 996 festum
2846 943 2902 997 S.
2939 943 3201 997 Vincentii
3234 944 3479 1014 martyris
3514 945 3688 1004 stkal.
3709 939 3799 1007 lie-

2242 1013 2466 1088 bruarii,
2499 1015 2638 1088 quod
2669 1025 2777 1068 tum
2810 1015 2950 1088 apud
2981 1015 3255 1074 Romanos
3287 1013 3393 1088 non
3429 1019 3799 1088 celebrabatur,

2243 1092 2301 1138 et
2327 1085 2576 1160 similiter
2608 1084 2810 1160 festum
2827 1086 3258 1160 Maeliabaioruni
3285 1083 3394 1140 kal.
3420 1083 3656 1157 Augusti,
3679 1083 3802 1160 quod

2244 1165 2402 1214 mtate
2431 1156 2614 1210 eadem
2651 1156 2816 1210 Leoni
2849 1173 3025 1212 coanva
3056 1158 3241 1212 Roma:
3269 1168 3504 1224 captum
3535 1156 3807 1220 nonluisse

2244 1225 2577 1303 OSletldilllll§
2603 1227 2655 1280 in
2697 1227 3086 1303 admonitione_
3104 1227 3380 1303 praemissa
3418 1241 3580 1290 serni.
3615 1233 3678 1288 l8
3708 1241 3806 1303 Ap-

2243 1299 2506 1369 peiidicis.
2543 1297 2727 1352 [icium
2757 1314 2887 1353 vero
2916 1302 3016 1354 lioc
3043 1299 3427 1355 Kalendarinm
3458 1306 3730 1369 scriptum,
3757 1297 3809 1362 ut

2244 1368 2563 1434 Quesnellus
2589 1369 2809 1435 indicat,
2835 1373 3080 1438 nuspiani
3103 1381 3328 1439 apparet
3351 1387 3418 1428 ex
3439 1373 3811 1432 codice..luiino

2243 1455 2312 1511 ex
2345 1444 2620 1511 notatione
2647 1441 2761 1508 ipsa
2805 1444 3160 1511 depositionis
3194 1440 3292 1500 SS.
3334 1445 3694 1509 apostolorum
3728 1463 3812 1508 vin

2243 1508 2352 1564 Ital.
2391 1510 2624 1573 Martias,
2658 1512 2744 1566 cui
2773 1508 3242 1568 tria’inonumenia
3267 1508 3412 1567 Furii
3439 1513 3813 1578 Pliilocalicuin

2244 1583 2465 1655 ueteris
2486 1583 2732 1655 omnibus
2762 1585 3143 1638 ecclesiasticis
3183 1585 3525 1640 documentis
3567 1583 3814 1655 refragan-

2246 1661 2370 1715 tur,
2415 1652 2542 1706 illttd
2586 1653 2968 1710 Kaletidariiitn
3018 1658 3201 1710 Roma:
3243 1655 3412 1712 scribi
3455 1671 3558 1714 non
3604 1652 3816 1723 potuisse

2244 1723 2443 1792 liquet;
2481 1724 2642 1792 idque
2679 1726 2848 1778 multo
2897 1728 3233 1782 manifestius
3279 1727 3482 1784 evincit
3528 1729 3815 1795 antiquissi-

2248 1811 2394 1848 iiititii
2428 1800 2901 1850 sacratiientarium
2934 1799 3231 1854 Romanum
3262 1798 3466 1854 Leonis
3491 1799 3698 1860 nomine
3723 1803 3821 1856 edi-

2249 1876 2362 1939 tum
2393 1869 2837 1939 etArecudetidutn
2869 1885 2898 1920 a
2926 1870 3078 1925 nobis
3111 1880 3240 1924 tom.
3279 1872 3342 1934 ll,
3377 1868 3523 1939 quod
3563 1868 3747 1924 Leonis
3771 1884 3827 1931 et,

2250 1937 2601 2014 ipsiusSilvii
2636 1951 2850 2014 aetatem
2896 1943 3146 2014 redolens
3187 1941 3289 2014 (uti
3319 1937 3536 2014 eodem
3573 1942 3825 1998 volumine

2247 2011 2584 2080 ostendetur)
2617 2010 2758 2065 diem
2811 2013 3051 2080 martyrii
3103 2010 3424 2068 cor'unideni
3475 2014 3822 2079 apostolorum

2249 2095 2435 2134 mense
2461 2079 2642 2144 Junio,
2677 2094 2723 2132 ιιι
2753 2079 2997 2135 octavam
3033 2099 3218 2138 mense
3243 2084 3414 2146 Julio,
3446 2093 3572 2136 tunc
3608 2083 3826 2138 celebra-

2248 2158 2361 2225 tum
2393 2151 2630 2225 esliibirt.
2661 2154 2794 2220 Quin
2824 2169 2887 2207 ex
2925 2153 3042 2225 ipso
3085 2155 3267 2211 Leone
3319 2155 3554 2222 idipsiini
3599 2156 3830 2225 colligere

2248 2220 2393 2295 licet.
2430 2223 2474 2275 ls
2502 2225 2645 2276 enim
2671 2240 2833 2280 serui.
2859 2225 2929 2280 85
2958 2224 3144 2280 habito
3167 2228 3218 2281 in
3242 2220 3437 2282 octava
3469 2226 3696 2290 ipsorum
3720 2220 3826 2295 cap.

2250 2293 2277 2346 1
2345 2293 2548 2346 indicat
2601 2296 2650 2347 iti
2701 2296 2786 2348 die
2839 2297 3139 2352 festivitatis
3196 2298 3517 2353 eoriiiiidem
3573 2293 3831 2354 liberatam

2245 2362 2411 2418 fuisse
2447 2365 2666 2438 Itoniam
2693 2382 2720 2417 a
2742 2365 2909 2438 498
2935 2369 3206 2423 Vandalis.
3239 2369 3372 2423 Haec
3402 2377 3584 2421 autem
3609 2367 3834 2423 liberatio

2247 2451 2368 2490 cum
2401 2436 2642 2492 ineidcrit
2678 2440 2730 2490 in
2758 2436 2899 2490 diem
2928 2439 2996 2493 29
3026 2441 3190 2504 Junii,
3225 2451 3284 2494 iit
3318 2443 3370 2494 iii
3397 2439 3754 2495 admunilione
3777 2439 3834 2492 ad

2247 2507 2496 2580 eumdem
2526 2521 2832 2580 sermonem
2861 2515 3259 2575 constituimus,
3289 2511 3473 2566 eidem
3507 2525 3718 2580 quoque
3741 2509 3835 2564 diei

2248 2592 2368 2638 eam
2402 2578 2773 2652 festivitatem,
2809 2596 2870 2635 ac
2914 2584 3138 2646 proinde
3177 2584 3319 2636 diem
3361 2583 3603 2652 martyrii
3627 2578 3648 2638 ,⁷
3691 2581 3838 2637 fuisse

2247 2658 2543 2716 ascriptum
2570 2651 2940 2723 intelligimus.
2972 2653 3314 2708 Proliabilitts
3337 2651 3612 2723 igitur’est
3633 2652 3838 2708 Silvium

2247 2723 2572 2775 scribeiitetii
2605 2721 2660 2775 in
2695 2722 2902 2787 Galliis,
2933 2721 3420 2794 Rotiianurutnque
3447 2727 3711 2794 festorum
3747 2725 3839 2778 nii-

2248 2805 2352 2866 nus
2383 2794 2636 2866 ρει-ἕψω,
2670 2799 2758 2862 qui
2795 2797 2846 2847 in
2874 2798 3106 2866 allegato
3135 2793 3395 2862 Prosperi
3428 2796 3658 2850 Tironis.
3686 2793 3842 2850 Chro-

2248 2865 2372 2934 nico
2420 2864 2636 2918 turbata:
2681 2867 2963 2918 admodum
2990 2864 3191 2921 'ntentis
3220 2868 3448 2933 dicitur,
3495 2883 3589 2934 per
3617 2881 3841 2921 errorem

2248 2933 2336 2987 die
2376 2950 2468 2988 viti
2498 2934 2602 2990 Ital.
2639 2935 2856 2989 Martias
2891 2947 3110 2994 notasse
3148 2940 3556 3003 depositionetn
3585 2939 3680 2994 SS.
3712 2937 3843 2992 Pctri

2248 3014 2303 3079 et
2334 3005 2488 3079 Pauli
2513 3021 2608 3074 pro
2640 3006 2821 3060 Natali
2854 3008 2914 3062 S.
2948 3008 3092 3062 Petri
3121 3011 3193 3064 de
3219 3009 3520 3073 Cathedra,
3569 3009 3709 3079 quod
3733 3009 3845 3079 buic

2248 3077 2354 3131 diei
2388 3079 2438 3130 in
2473 3078 2731 3132 Pliilocali
2761 3081 3014 3134 laterculo
3045 3083 3360 3135 ascrilllllll‘.
3410 3077 3732 3136 Forte’cum
3771 3078 3842 3134 ie-

2246 3159 2389 3222 stum
2419 3149 2705 3203 tlatliedras
2735 3149 2792 3206 S.
2827 3151 2969 3205 Petri
3010 3167 3140 3208 sviti
3185 3150 3297 3206 kal.
3349 3152 3679 3208 Februarias
3719 3149 3848 3222 apud

2247 3217 2432 3276 Gallos
2455 3222 2784 3276 celebratum
2813 3224 3045 3285 videret,
3079 3227 3271 3278 eodem
3308 3224 3403 3280 die
3435 3224 3712 3278 Romanos
3738 3217 3846 3276 eam

2247 3290 2591 3346 festivitatem
2627 3305 2751 3364 tunc
2779 3293 3086 3364 celebrasse
3115 3289 3484 3360 existimavit,
3523 3309 3588 3348 ac
3615 3303 3847 3364 propter-

2247 3378 2309 3437 ea
2353 3364 2544 3437 l_'e.~tt_iiii
2590 3378 2680 3437 viti
2712 3362 2822 3437 kal.
2853 3363 3070 3420 Martias
3111 3368 3164 3420 in
3204 3367 3489 3437 aliquibus
3530 3362 3854 3437 documentis

2248 3433 2586 3489 Bitclieriano
2616 3436 2877 3489 siltlilibm
2907 3448 3142 3490 notatam
3170 3480 3185 3505 ,
3232 3433 3349 3492 no'n
3402 3438 3684 3492 cathedras
3705 3476 3732 3501 ,.
3763 3433 3850 3488 sed

2249 3505 2604 3571 depositionis
2631 3507 2771 3560 diem
2811 3509 3061 3574 opinatus
3100 3520 3204 3563 est.
3252 3509 3337 3563 Ita
3381 3511 3606 3565 sublata
3644 3520 3852 3576 prorsus

2250 3577 2466 3651 videtur
2491 3577 2590 3651 bac
2620 3577 2674 3630 in
2706 3594 2764 3651 re
2795 3578 2944 3651 Silvii
2975 3582 3302 3649 auctoritas,
3336 3596 3466 3651 quae
3501 3596 3608 3635 una
3651 3581 3853 3633 univer-

2249 3648 2323 3702 sis
2348 3648 2553 3703 criticis
2582 3649 2853 3719 negorium
2882 3649 3206 3706 lucescebat.

2729 3784 2794 3839 ιΝ
2832 3786 3208 3841 SEBMONEM
3250 3786 3371 3844 XC.

2339 3877 2476 3944 Quid
2500 3877 2567 3929 de
2595 3877 2793 3930 duobus
2818 3880 3096 3944 amoribus,
3132 3878 3227 3932 Dei
3251 3889 3304 3933 et
3339 3880 3556 3945 mundi,
3593 3879 3655 3935 S.
3685 3873 3784 3934 Leo

2520 3949 2770 4002 docuerit.
2808 3949 3069 4014 Qucsnelli
3098 3950 3318 4022 postilla
3349 3967 3603 4006 excussa.

2328 4061 2376 4115 l.
2409 4060 2804 4115 Celeberrimus
2833 4073 2915 4116 cst
2939 4059 3139 4118 Leonis
3164 4071 3354 4118 textus
3387 4063 3462 4117 de
3488 4061 3708 4120 duobus
3730 4076 3866 4118 amo-

2251 4131 2400 4187 ribus
2437 4132 2530 4185 Dei
2562 4142 2616 4186 et
2643 4132 2845 4190 mundi.
2878 4133 2960 4186 bis
2993 4134 3169 4186 verbis
3197 4149 3512 4203 expressus
3551 4149 3718 4190 serm.
3751 4134 3782 4187 5
3806 4133 3868 4185 de

2252 4203 2466 4272 Jejunio
2493 4204 2705 4272 septimi
2731 4205 2940 4258 mensis.
2959 4219 3010 4258 c.
3037 4206 3102 4260 δε
3125 4203 3241 4257 Duo
3270 4221 3512 4276 namque
3542 4220 3742 4260 amores
3760 4211 3870 4260 sunt

2253 4291 2315 4328 ea:
2343 4275 2525 4342 quibus
2551 4291 2723 4330 omnes
2751 4277 3000 4341 prodeunt
3026 4277 3346 4342 voluntates,
3385 4281 3466 4329 ita
3504 4277 3721 4332 diversa
3756 4291 3884 4342 quor

2255 4345 2505 4410 litatibus,
2539 4348 2668 4399 sicut
2700 4346 2996 4399 dividuntur
3024 4348 3350 4401 auctoribus.
3401 4347 3707 4406 Rationalt's
3750 4347 3874 4398 enim

2253 4418 2476 4483 artiums,
2509 4417 2594 4485 qui
2623 4419 2732 4470 sine
2757 4417 3032 4472 dilectione
3062 4433 3170 4472 esse
3196 4435 3306 4472 non
3340 4429 3546 4487 potest,
3576 4427 3670 4473 aut
3695 4415 3876 4476 Deis“

2253 4499 2473 4559 uitiator,
2502 4499 2592 4540 aut
2615 4489 2814 4541 mundi.
2841 4489 2933 4541 llis
2955 4489 3134 4543 verbis
3159 4489 3511 4554 Qtiesnellus
3537 4493 3681 4546 hanc
3702 4488 3878 4559 p08,!“-

2253 4557 2358 4611 latii
2389 4559 2557 4611 altisit
2583 4577 2595 4610 :
2631 4559 2891 4627 Quidquid
2920 4577 2982 4612 e1:
3009 4577 3182 4620 artiore
3208 4561 3310 4614 Dei
3340 4577 3456 4615 non
3483 4571 3581 4627 est,
3609 4578 3680 4615 ea:
3704 4557 3878 4612 amore

2254 4641 2325 4682 est
2357 4631 2555 4693 mundi,
2591 4639 2640 4684 et
2671 4633 2784 4682 ideo
2813 4641 3098 4698 peccatum.
3123 4631 3262 4685 Cum
3297 4647 3440 4698 vero
3475 4637 3598 4692 haec
3624 4629 3892 4688 sententia.

2254 4703 2320 4754 ad
2351 4701 2743 4769 propositiones
2773 4702 2880 4754 Baii
2922 4703 3332 4771 Quosnelliqiie‘
3359 4706 3663 4760 damnatas
3701 4700 3878 4762 τεῦξιτὶ

2254 4783 2423 4840 possu
2445 4773 2611 4840 (unde
2634 4772 2722 4840 hic
2743 4775 2976 4827 maxime
3000 4776 3056 4828 S.
3083 4775 3368 4840 pomilicis
3396 4785 3587 4830 textus
3611 4790 3642 4827 a
3675 4771 3878 4830 Baianis

2257 4853 2312 4896 et
2332 4845 2725 4910 Qucsiiellianis
2757 4845 3066 4912 ingeritur),
3097 4845 3224 4911 quid
3254 4846 3313 4900 iii
3353 4845 3881 4914 proscriptistliesi-

2256 4914 2358 4968 bus
2384 4917 2692 4968 damnatum
2724 4917 2813 4980 sit,
2845 4925 2894 4968 et
2928 4925 3185 4983 quantum
3219 4931 3253 4970 ει
3283 4917 3762 4981 damnatoseusu
3789 4914 3878 4967 ab-

2259 4986 2367 5039 sint
2393 4984 2592 5040 Leonis
2623 4986 2806 5049 verba,
2840 4988 3149 5041 accuratius
3181 4988 3596 5057 explicandum
3629 4999 3733 5044 est.

2259 5117 2422 5191 499
2450 5118 2478 5190 §
2511 5118 2551 5174 1.
2585 5118 2953 5192 Proponuntur
2981 5119 3241 5174 damnata:
3276 5123 3686 5192 propositiones
3715 5121 3778 5178 de
3803 5128 3885 5171 du-

2331 5189 2678 5273 plici’amore,
2707 5189 2900 5261 etquid
2925 5191 2978 5245 in
3014 5192 3076 5246 iis
3116 5189 3494 5263 proscriptum
3540 5189 3705 5262 fuerit
3743 5208 3889 5261 aspo-

2331 5272 2489 5316 nitur.

2331 5355 2388 5409 2.
2419 5355 2563 5410 Inter
2589 5355 2816 5409 Baianas
2846 5370 3003 5425 prop.
3044 5355 3116 5411 58
3156 5364 3248 5409 est
3291 5357 3674 5428 huiusmodi:
3719 5355 3891 5410 Omnis

2258 5442 2406 5500 amor
2427 5436 2676 5481 creatura
2717 5437 2806 5500 aut
2847 5429 3032 5481 vitiosa
3077 5437 3164 5500 est.
3193 5429 3484 5499 cupiditas
3525 5446 3640 5500 qua
3677 5428 3894 5500 mundus

2259 5498 2516 5568 diligitur,
2546 5513 2660 5567 quas
2687 5514 2716 5549 a
2747 5496 2952 5552 Joanne
2978 5496 3310 5570 prohibetur,
3349 5511 3451 5558 aut
3479 5496 3896 5570 ldudabilisjlla

2261 5571 2488 5624 Charitas
2503 5588 2607 5639 qua
2627 5585 2715 5638 per
2735 5569 2992 5636 Spiritum
3010 5581 3242 5623 sanctum
3265 5572 3324 5624 in
3347 5570 3748 5640 corde-diﬁcia
3763 5569 3897 5624 Deus

2263 5642 2774 5716 amatumEt-prop.
2946 5641 3288 5716 [notantibus
3321 5645 3447 5697 suis
3477 5647 3896 5716 actibus-peculi-

2266 5722 2347 5765 tor.
2385 5715 2535 5784 serpit
2579 5713 2866 5784 dominanti-
2913 5714 3203 5782 cupiditati.
3264 5713 3428 5772 ltiter
3480 5713 3908 5784 ριιοεκηέιπκ

2267 5799 2421 5858 prop.
2453 5783 2559 5840 Mt
2593 5781 2718 5841 Non
2742 5795 2862 5842 sunt
2883 5781 2986 5843 nisi
3015 5786 3117 5843 duo
3147 5797 3403 5858 amores,
3447 5781 3600 5845 mide
3637 5787 3916 5850 mutam
