4006 6348
193 271 285 327 549

953 268 1018 325 IN
1057 266 1425 326 SERMDNES
1463 269 1522 326 S.
1565 269 1812 329 LEONIS
1849 272 2067 329 MAGNI
2107 271 2699 330 OBSERVATIONES.

3340 274 3448 338 550

187 392 226 436 et
272 380 481 459 actiones
530 393 704 431 omnes
727 387 932 459 rostra:
975 390 1254 459 nascuntur
1275 396 1293 433 :
1338 396 1482 434 amor
1526 380 1637 444 Dei,
1670 398 1752 451 qui
1782 388 1838 446 Α
1861 400 1978 459 rum
2002 384 2426 455 proiiosititinum
2452 385 2702 442 sensibus
2731 386 2869 459 absit
2895 387 3091 442 Leonis
3113 403 3264 443 mens
3290 400 3455 459 atque

186 452 343 506 omnia
365 450 470 521 agit
490 459 695 520 propter
718 447 903 513 Deum.
926 467 1174 522 quemque
1203 451 1341 506 Deus
1372 447 1751 521 remuneratur;

184 534 222 575 et
246 538 385 595 arnor
404 536 631 595 quo‘nos
664 522 799 595 ipsos
820 537 883 574 ac
908 524 1157 577 mundum
1184 523 1468 593 diligimus,
1500 528 1585 594 qui
1618 526 1754 595 quod

183 597 239 647 od
270 591 425 666 Deum
449 591 772 666 referendum
815 601 886 646 est
924 611 1023 646 non
1070 594 1221 665 refert
1247 636 1262 660 ,
1287 591 1357 648 let
1403 591 1754 666 propter-hoc

181 668 333 735 ipsum
360 664 417 731 ﬁt
444 663 633 716 malus.
661 664 729 716 Et
756 678 906 732 prop.
931 666 1001 719 45
1024 682 1035 718 :
1065 663 1251 719 Amore
1275 666 1365 720 Dei
1390 667 1441 719 in
1464 663 1618 720 corde
1642 684 1757 734 pec-

180 737 352 788 catoris
382 751 484 788 non
508 736 733 799 amplius
758 747 1023 804 regnante,
1052 754 1251 799 necesse
1271 748 1343 790 est
1376 746 1429 790 ut
1454 738 1507 790 in
1536 754 1595 791 eo
1638 753 1753 790 car-

180 808 501 879 nalisfegnet
531 806 812 875 cupiditas,
840 823 1109 876 omnesque
1128 810 1349 860 actiones
1374 814 1486 879 ejus
1529 825 1758 873 corrum-

177 888 270 945 pat.
296 877 373 931 De
392 891 579 929 amore
610 890 864 945 regnante
890 880 939 931 in
966 879 1131 933 corde
1161 877 1434 934 hominum
1467 879 1552 933 hic
1576 896 1757 933 sermo

177 959 267 1010 est.
294 959 350 1002 et
375 948 445 1005 ita
474 962 663 1001 omnes
691 957 841 1001 actus
870 964 935 1003 ex
966 960 1221 1018 regnante
1258 965 1442 1005 amore
1476 955 1758 1018 provenire

179 1020 471 1082 traduntur,
505 1030 561 1072 ut
594 1020 691 1085 ipsi
717 1027 868 1072 actus
902 1020 1157 1075 virtutum
1192 1024 1242 1075 in
1277 1024 1663 1089 peccatoribus,
1699 1025 1750 1076 in

176 1090 359 1153 quibus
385 1104 490 1144 non
526 1089 642 1155 Dei,
673 1091 767 1143 sed
799 1094 977 1144 mundi
1008 1090 1160 1146 amur
1190 1102 1407 1159 regnat.
1441 1094 1541 1145 hoc
1573 1109 1757 1149 amore

176 1159 348 1215 inlecti
377 1171 594 1228 peccata
626 1176 749 1215 esse
780 1163 1048 1216 debeant:
1080 1166 1223 1218 unde
1251 1174 1331 1215 ρδι
1358 1164 1459 1216 alia
1496 1164 1607 1218 Baii
1631 1181 1752 1233 pro-

176 1233 360 1300 positio
386 1232 457 1287 35
484 1249 496 1285 :
534 1232 696 1286 Omne
726 1234 861 1302 quod
886 1236 991 1305 agit
1018 1246 1248 1304 peccator
1271 1233 1344 1289 vel
1367 1250 1537 1289 servus
1564 1232 1759 1307 peccati

174 1313 430 1371 peccatum
455 1312 549 1357 est.

233 1376 284 1428 5.
323 1375 449 1429 Hinc
470 1390 628 1441 quam
656 1375 783 1430 falsa
808 1385 861 1429 et
883 1376 1112 1430 abSurda
1140 1377 1246 1429 sint
1272 1392 1428 1432 nemo
1452 1393 1556 1431 non
1582 1378 1748 1433 videt.

172 1444 311 1500 Sient
344 1447 486 1499 enim
512 1447 664 1513 justi,
698 1449 751 1500 in
778 1448 971 1515 quibus
998 1460 1185 1517 regnat
1216 1464 1367 1502 amor
1414 1449 1545 1514 Dei,
1596 1450 1758 1505 edere

174 1528 393 1584 queunt,
421 1528 477 1571 et
505 1519 799 1573 identidem
843 1519 1003 1572 etiam
1053 1523 1219 1575 edunt
1272 1521 1559 1573 nonnullus
1607 1533 1758 1575 actus

172 1590 360 1643 leviter
385 1590 576 1657 malos,
611 1605 716 1643 non
745 1589 959 1658 quidem
990 1606 1056 1643 ex
1087 1607 1271 1646 amore
1312 1592 1494 1644 mundi
1538 1593 1588 1645 in
1628 1592 1759 1659 ipsis

171 1662 499 1720 dominante,
531 1664 618 1727 qui
652 1676 772 1713 cum
799 1662 1061 1714 eharitatc
1090 1664 1179 1717 Dei
1213 1662 1466 1715 habituali
1499 1672 1553 1715 ct
1588 1663 1639 1715 in
1666 1663 1758 1731 juo

169 1732 253 1783 stis
281 1741 548 1799 regnante
579 1732 829 1801 componi
861 1736 1069 1801 nequit,
1102 1734 1195 1785 sed
1239 1749 1305 1787 ex
1348 1734 1524 1801 aliquo
1567 1732 1754 1788 levmri

169 1802 519 1872 etii-repente
546 1817 733 1857 amere
766 1804 943 1856 mundi
974 1845 985 1863 .
1020 1818 1105 1858 ex.
1148 1819 1255 1872 gr.,
1309 1804 1483 1857 inanis
1528 1806 1717 1871 glorim
1740 1847 1755 1870 ,

167 1871 323 1939 gulae,
358 1884 487 1935 etc.,
521 1890 631 1943 quo
655 1888 753 1928 nec
776 1874 1039 1942 cupiditas
1073 1876 1124 1927 in
1159 1871 1359 1927 iisdem
1407 1875 1716 1929 dominatur
1739 1918 1756 1943 ,

167 1959 252 1999 nec
279 1944 579 1999 habitantis
602 1945 698 1999 Dei
718 1960 868 1999 amor
889 1946 1197 2012 exiliellitur,
1223 1948 1293 1999 ita
1310 1961 1342 1998 a
1367 1948 1755 2013 peceaturibus,

168 2017 213 2068 in
240 2016 446 2081 quibus
474 2025 663 2083 regnat
689 2018 870 2070 mundi
898 2032 1069 2081 amor,
1103 2018 1324 2083 produci
1371 2027 1601 2085 possunt
1642 2022 1760 2086 qui-

164 2086 274 2157 dam
332 2097 489 2141 aetus
537 2089 663 2141 boui
709 2102 775 2141 ex
819 2103 1003 2141 amore
1046 2090 1223 2157 aliquo
1262 2087 1495 2151 virtutis,
1528 2104 1615 2141 ex.
1648 2104 1756 2155 gr.,

165 2156 277 2211 tidei
309 2202 327 2223 ,
386 2158 499 2226 spei
527 2200 541 2221 ,
594 2161 995 2222 misericordim,
1039 2156 1317 2221 orationis,
1347 2168 1479 2223 etc.,
1512 2163 1601 2227 qui
1632 2159 1762 2215 licet

164 2242 255 2280 non
283 2228 372 2281 sit
400 2229 489 2283 ille
510 2244 661 2283 amor
686 2229 779 2283 Dei
808 2245 913 2299 quo
938 2245 1165 2297 regnans
1195 2231 1376 2282 mundi
1400 2246 1551 2282 amur
1574 2233 1757 2299 expel-

162 2300 325 2362 latur.
363 2308 537 2361 tamen
571 2315 673 2354 non
704 2311 786 2355 est
827 2316 979 2353 amor
1015 2300 1235 2369 mundi,
1268 2316 1366 2369 nec
1409 2302 1475 2353 ad
1518 2316 1757 2356 amorem

161 2370 355 2424 mundi
389 2371 574 2425 referti
609 2382 809 2443 potest.
832 2373 943 2426 liae
974 2372 1041 2425 de
1066 2366 1563 2425 caus-.i’l‘ridentina
1596 2388 1758 2443 syno-

162 2445 249 2494 dus
279 2456 431 2495 sess.
467 2443 521 2504 6.
552 2458 673 2497 ean.
708 2443 760 2509 7,
794 2442 1220 2497 Lutberanorum
1250 2444 1440 2512 dogma
1466 2442 1756 2499 dicentium

160 2515 347 2566 omnia
407 2528 565 2581 opera
619 2528 737 2581 qua:
784 2514 1215 2581 justilicationem
1272 2514 1587 2581 praecedunt,
1637 2530 1758 2569 esse

159 2592 387 2652 peccata
409 2625 424 2647 ,
444 2574 809 2638 "anathemate
852 2585 1079 2654 perculit
1105 2602 1118 2636 :
1161 2584 1219 2637 Si
1245 2574 1355 2653 quis
1387 2574 1585 2638 dixerit‘
1603 2601 1760 2654 opera

157 2657 327 2706 omnia
352 2671 471 2724 qua?
490 2667 605 2709 ante
619 2656 1039 2727 justi/irationem
1064 2656 1195 2725 fiunt
1216 2672 1327 2708 vere
1350 2671 1459 2709 esse
1482 2668 1754 2723 peccata...

154 2727 439 2778 anathema
467 2730 552 2780 sit.
585 2728 900 2781 Damnatum
929 2742 1056 2795 ergo
1074 2739 1162 2795 est
1188 2728 1369 2781 dicere
1392 2729 1568 2781 omnia
1594 2743 1755 2795 opera

154 2813 263 2865 qua:
300 2814 421 2851 non
456 2797 718 2866 prodeunt
746 2815 776 2851 a
806 2792 1077 2853 charitate
1096 2792 1188 2851 Dei
1221 2807 1477 2865 regnante
1514 2798 1567 2851 iu
1594 2792 1759 2854 corde

154 2868 446 2922 hominum
476 2870 744 2939 pertinere
772 2870 1131 2941 adAauioretn'
1162 2879 1218 2923 et
1265 2868 1757 2941 concupiscentiam

152 2941 373 3001 mundi,
401 2934 713 3007 tie—proinde
741 2934 873 2994 esse
888 2950 1137 3009 peccata;
1166 2940 1319 3009 quod
1338 2934 1512 2994 tamen
1540 2942 1757 3009 posdlla

153 3011 446 3077 Quesnelli
477 3012 722 3079 superius
753 3012 1025 3076 descripta
1060 3012 1276 3064 indicat.

213 3085 271 3136 4.
310 3082 481 3149 Quod
514 3085 555 3135 si
587 3084 705 3148 quis
736 3085 1023 3137 nonnullas
1052 3097 1119 3147 es
1149 3082 1418 3149 damnatis
1448 3082 1613 3149 500
1643 3082 1755 3137 the-

1860 455 2135 523 doctrina;
2167 472 2323 527 quem
2354 460 2397 514 si
2426 457 2755 527 sibimetipsi
2778 460 3106 519 contrarium
3138 460 3281 516 nolis
3300 455 3449 516 coin-

1858 528 2090 602 minisci,
2126 530 2489 602 testimonium
2520 531 2797 597 praesentis
2818 532 3083 586 sermonis
3109 531 3180 588 90
3206 536 3446 602 proscri—

1858 600 1964 668 ptis
1990 599 2229 655 thesibus
2263 600 2440 656 favere
2466 601 2573 656 dici
2600 616 2705 656 non
2737 610 2930 670 potest.

1864 714 2021 788 501
2057 714 2174 787 §ll.
2212 716 2341 784 Qua:
2373 718 2438 769 sit
2488 719 2699 787 propria
2718 719 2956 844 9ιὸεοηὶηἱ
2990 729 3156 775 textus
3203 724 3451 778 sententia

2517 805 2670 843 serm.
2799 830 2809 841 .

2517 805 2670 843 serm.
2718 805 2809 843 3U.

1934 879 1987 931 6.
2018 875 2132 929 Non
2170 877 2524 953 desuntsane
2553 883 2641 948 qui
2671 895 2907 936 amorem
2943 884 3033 937 Dei
3064 899 3092 937 a
3113 884 3172 942 S.
3200 886 3453 953 pontifice
3524 893 3533 903 '

1861 946 1968 1001 late
2005 961 2275 1015 sumptum
2307 946 2617 1003 existimant
2660 968 2755 1018 pro
2785 953 3021 1021 quolibet
3051 946 3234 1009 amore
3274 958 3447 1010 virtu—

1860 1026 1994 1091 tum,
2025 1030 2081 1073 et
2102 1035 2338 1072 amorem
2372 1023 2552 1073 mundi
2578 1037 2674 1091 pro
2708 1026 2946 1089 quolibet
2973 1024 3222 1080 vitiorum
3244 1041 3447 1082 amore.

1860 1088 2012 1143 Sicut
2058 1094 2198 1144 enim
2233 1091 2408 1143 omnis
2458 1088 2611 1146 amor
2658 1088 2907 1147 vitiorum
2947 1106 3071 1161 apte
3120 1096 3349 1153 refertur
3383 1100 3451 1156 ad

1861 1175 2098 1215 amorem
2129 1162 2331 1220 mundi.
2381 1173 2643 1231 quatenus
2676 1165 2908 1218 mundus
2944 1168 3067 1219 vitia
3116 1178 3259 1223 amat
3287 1178 3343 1224 et
3374 1170 3451 1223 fn-

1862 1241 1969 1306 vet.
2006 1234 2075 1286 ita
2104 1232 2170 1287 ad
2203 1234 2292 1288 Dei
2325 1250 2563 1287 amorem
2591 1234 2776 1289 referri
2812 1236 2915 1289 late
2947 1247 3122 1306 potest
3160 1255 3310 1294 amor
3334 1256 3449 1295 om-

1862 1304 2010 1356 nium
2044 1306 2320 1367 virtutum,
2352 1316 2614 1369 quatenus
2651 1307 2793 1361 Deus
2822 1304 3013 1361 omnes
3051 1310 3281 1364 virtutes
3310 1320 3469 1367 amat.

1862 1388 1925 1426 ac
1974 1376 2231 1449 prmeipit.
2276 1377 2443 1431 Immo
2488 1392 2606 1449 eum
2639 1380 2815 1432 oumis
2847 1379 3015 1434 virtus
3054 1383 3124 1435 sit
3164 1380 3370 1449 justitia
3401 1391 3455 1438 et

1866 1452 2086 1523 veritas.
2135 1447 2206 1501 uti
2244 1450 2449 1523 saepius
2499 1447 2551 1502 in
2591 1464 2739 1502 sacra
2788 1451 3064 1523 Scriptura
3112 1447 3463 1523 appellatur,

1864 1514 2006 1569 Deus
2033 1529 2210 1571 autem
2237 1514 2441 1584 justitia
2472 1534 2533 1573 ac
2566 1523 2763 1574 veritus
2791 1524 2878 1582 sit,
2916 1522 3080 1576 Deum
3132 1514 3241 1576 lato
3288 1514 3465 1580 sensti2

1864 1600 2046 1665 amare
2072 1588 2175 1642 dici
2202 1598 2427 1665 _potest,
2474 1590 2563 1657 qui
2595 1592 2821 1665 virtutes
2846 1608 2910 1665 ex
2955 1596 3171 1662 proprio
3212 1596 3448 1665 ipsarum

1870 1660 2093 1735 motive,
2126 1659 2269 1713 nulla
2321 1676 2479 1735 prava
2526 1663 2831 1735 cupiditate,
2862 1659 3166 1719 intermixta
3194 1704 3209 1728 ,
3231 1659 3447 1735 'diligit.

1873 1727 1928 1781 In
1982 1729 2119 1782 hanc
2169 1727 2489 1784 si-ntentiam
2546 1727 2613 1787 SI
2657 1734 2963 1800 pontiﬁcem
3021 1736 3308 1802 aliquando
3353 1727 3452 1799 Dei

1791 1774 1841 1833 Β
1868 1814 2107 1871 amorem
2140 1805 2433 1870 sumpsisse
2480 1818 2574 1869 pro
2616 1774 2800 1858 aiinore
2830 1774 3073 1871 cujusvis"
3106 1774 3316 1862 itirtutis

1870 1868 1960 1939 ligi
1997 1882 2169 1937 potest
2201 1868 2402 1926 ex'illis
2432 1868 2596 1927 serui.
2625 1874 2716 1936 95,
2749 1890 2799 1931 c.
2831 1877 2865 1930 6
2891 1868 3081 1929 {Nihil
3105 1877 3251 1930 aliud
3270 1889 3343 1933 est
3374 1879 3453 1934 di—

1866 1940 2023 2020 ligere
2054 1942 2217 2020 Deum
2240 1960 2388 2010 quam
2410 1960 2579 1997 amare
2600 1947 2880 2016 justitiam.
2908 1946 2981 2020 ita
3007 1963 3133 2017 ergo
3154 1949 3244 2015 qui
3272 1965 3452 2020 quanta

1865 2011 1997 2084 libet
2043 2014 2291 2066 virtutem
2340 2027 2502 2080 amat,
2551 2011 2671 2070 cum
2720 2029 2862 2070 amet
2908 2011 3207 2084 justitiam}
3248 2011 3318 2074 ei
3351 2012 3453 2075 hoe

1864 2082 2127 2152 principio
2156 2084 2353 2139 Leonis
2400 2086 2562 2139 Dentn
2597 2088 2797 2154 pariter
2824 2082 3016 2155 diligit.
3046 2088 3149 2155 Qui
3193 2082 3320 2147 vero
3351 2092 3451 2146 ali-

1863 2170 2021 2231 quem
2045 2168 2222 2209 actum
2244 2156 2453 2210 virtutis
2469 2170 2686 2212 exercet
2708 2175 2770 2213 ex
2799 2165 2999 2214 motivo
3021 2163 3252 2219 virtutis.
3274 2164 3448 2231 ipsam

1862 2226 2125 2300 virtutem
2144 2237 2285 2281 amet
2317 2244 2542 2283 necesse
2569 2240 2667 2283 est.
2707 2231 2764 2284 In
2790 2234 2888 2285 hac
2909 2247 3040 2286 vero
3068 2226 3352 2300 hypothesi
3382 2234 3451 2290 de

1864 2295 2059 2364 duplici
2108 2299 2199 2351 Dei
2244 2308 2300 2353 et
2349 2300 2529 2352 mundi
2580 2316 2804 2369 amore,
2854 2303 2919 2355 ad
2949 2295 3175 2370 quorum
3219 2307 3446 2359 alterum

1863 2382 2051 2445 attines
2091 2378 2241 2423 actus
2283 2370 2571 2445 voluntatis
2604 2370 2871 2445 referendi
2904 2375 3038 2439 sint,
3068 2376 3234 2429 satius
3262 2376 3449 2445 procul

1864 2440 2026 2515 dubio
2056 2442 2585 2515 estactnsvirtutum
2609 2444 2890 2515 muralium
2910 2485 2923 2505 ,
2965 2445 3053 2513 qui
3085 2461 3149 2501 ex
3180 2440 3315 2515 puro
3345 2449 3449 2502 vir-

1868 2510 1995 2587 tutis
2024 2512 2227 2587 motive
2254 2512 2506 2587 eduntur,
2538 2515 2601 2565 ad
2632 2513 2726 2567 Dei
2777 2510 3013 2570 amorem
3046 2517 3149 2571 late
3180 2510 3449 2587 sumptum

1864 2581 2094 2645 referre,
2129 2580 2287 2651 quam
2305 2584 2370 2635 ad
2400 2599 2638 2638 amorem
2670 2588 2874 2639 mundi.
2908 2588 2985 2639 Ad
3018 2587 3113 2641 Dei
3137 2588 3281 2642 enim
3306 2580 3451 2643 amo«

1865 2666 1977 2705 rem
2008 2664 2272 2721 quatenus
2305 2658 2543 2707 revocari
2573 2666 2771 2722 queant
2798 2656 2985 2709 saltem
3016 2658 3121 2711 late
3150 2674 3215 2713 ex
3244 2659 3449 2714 indica-

1867 2731 1915 2779 ta
1936 2728 2157 2797 ratione
2185 2726 2439 2793 explicari
2467 2734 2523 2781 et
2549 2725 2769 2797 intelligi
2804 2736 3008 2794 potest;
3033 2742 3294 2797 quatenus
3314 2746 3447 2785 vero

1863 2794 2257 2871 referantur'ad
2279 2812 2516 2871 amorem
2546 2794 2861 2866 mundi,'qui
2887 2794 3089 2867 positus
3118 2800 3167 2854 in
3192 2802 3445 2871 maligno,

1876 2866 2124 2935 vitiorum
2149 2907 2163 2927 ,
2198 2876 2253 2920 ut
2277 2867 2589 2941 innuimus,
2619 2882 2726 2941 non
2758 2866 2934 2941 autem
2957 2871 3216 2938 virtutum
3244 2866 3452 2928 amator

1866 2944 1949 2989 est
1979 2948 2139 3001 atque
2162 2952 2371 2997 suasor.
2406 2946 2462 2991 et
2499 2939 2728 2992 ita‘sane
2760 2940 3059 2995 referantur
3082 2955 3136 2994 ut
3164 2945 3253 3011 qui
3286 2948 3450 2997 virtu-

1866 3012 1950 3059 tes
1980 3019 2123 3059 amat
2147 3023 2205 3061 ac
2228 3018 2443 3062 exercet
2463 3024 2527 3063 ex
2561 3010 2761 3062 motivo
2781 3012 3014 3075 virtutis,
3043 3028 3133 3067 eas
3164 3010 3233 3067 ex
3267 3014 3449 3069 mundi

1867 3091 2052 3137 amoxe
2077 3078 2300 3145 diligere
2320 3090 2375 3133 et
2404 3094 2662 3135 exercere
2690 3080 2951 3137 dicendus
2990 3082 3087 3148 sit,
3116 3100 3275 3139 nemo
3304 3093 3450 3141 sanie

155 3153 303 3207 sibus
341 3146 420 3206 ita
451 3146 694 3208 emollire
725 3155 939 3207 studeat
980 3163 1039 3208 ut
1086 3146 1190 3207 non
1240 3146 1305 3206 de
1355 3146 1617 3221 regi'ialit'e
1666 3154 1758 3209 Dei
1788 3158 1836 3223 α
1871 3150 2062 3223 memis
2091 3146 2366 3223 intelliget.

152 3239 341 3278 amore
392 3226 447 3278 in
502 3225 604 3278 illis
649 3240 828 3278 sermo
866 3226 966 3288 sit,
1013 3224 1106 3279 sed
1150 3226 1219 3277 de
1256 3239 1441 3279 amore
1471 3224 1564 3277 Dei
1601 3227 1761 3280 latius

155 3305 387 3364 sumpto
407 3337 421 3361 ,
452 3310 559 3362 quo
600 3296 771 3363 Opera
791 3295 1091 3350 referantur
1116 3296 1168 3350 in
1200 3297 1366 3349 Deum
1389 3338 1403 3361 ,
1447 3295 1758 3351 damnatum

242 3369 369 3421 iter
399 3375 485 3421 est
518 3368 695 3422 dicere
724 3381 919 3431 omnes
958 3376 1107 3422 actus
1135 3368 1372 3435 virtutis,
1417 3368 1760 3435 quantumvis

216 3454 356 3503 nos,
391 3438 437 3491 si
471 3439 571 3491 hoc
600 3453 783 3492 amore
810 3455 913 3491 non
947 3439 1246 3493 referantur
1287 3438 1340 3491 in
1386 3437 1553 3491 Deum
1579 3478 1595 3501 ,
1638 3454 1760 3493 esse

155 3517 410 3575 peccata,
436 3518 495 3561 ut
526 3509 692 3562 innuit
720 3519 983 3576 postrema
1013 3525 1134 3579 pars
1165 3510 1560 3575 Quesnelliana:
1594 3509 1759 3565 thesis

152 3580 231 3633 Η.
259 3580 417 3634 Nam
448 3589 510 3633 ut
539 3580 953 3647 prmscindatiius
989 3596 1019 3633 a
1056 3581 1263 3649 celebri
1297 3579 1439 3643 inter
1479 3579 1759 3649 theologos

154 3654 466 3719 questiOne
489 3640 555 3704 de
581 3652 839 3705 relatione
870 3666 1091 3718 operum
1121 3650 1174 3704 in
1209 3640 1400 3714 Deum,
1431 3663 1635 3705 certum
1661 3640 1761 3720 per

150 3736 344 3776 omnes
379 3722 679 3777 catholicos
709 3731 793 3777 est
822 3724 1071 3775 virtutum
1103 3723 1386 3775 muralium
1418 3736 1579 3790 opera
1603 3766 1618 3792 ,
1666 3738 1759 3778 ne-

154 3794 272 3846 dum
305 3810 342 3846 a
387 3794 778 3860 peccatoribus,
804 3793 897 3847 sed
926 3793 992 3845 ab
1024 3793 1326 3846 inﬁdelibus
1353 3792 1512 3847 etiam
1544 3802 1759 3859 peracta

154 3879 211 3939 es
241 3870 472 3919 inotivo
498 3864 730 3939 virtutis,
765 3880 853 3934 per
880 3881 950 3939 se,
983 3879 1079 3917 seu
1114 3866 1305 3939 saltem
1348 3880 1411 3917 ex
1451 3864 1617 3939 pﬂicjo
1643 3907 1658 3930 ,
1704 3876 1764 3920 ut

151 3938 321 4002 aiunt,
365 3950 494 3990 esse
524 3936 685 4001 bona,
718 3938 926 3990 tametsl
958 3952 1064 3988 non
1111 3935 1410 3988 referantur
1448 3935 1499 3987 iu
1550 3935 1716 3989 Deum
1745 3953 1759 3989 :

158 4024 273 4059 nam
313 4024 422 4074 per
448 4022 541 4061 eos
574 4010 793 4073 pariter,
827 4008 917 4075 qui
950 4006 1224 4060 relationis
1256 4007 1495 4062 debitum
1524 4008 1763 4062 severius

154 4086 531 4148 pmpugnant,
560 4077 674 4133 haec
703 4080 926 4131 omissu)
955 4078 1155 4131 bonum
1186 4092 1321 4145 Opus
1354 4079 1405 4130 in
1436 4091 1495 4131 se
1542 4094 1647 4131 non
1685 4080 1764 4132 vi-

155 4154 265 4212 tiat,
304 4150 417 4204 sed
446 4149 660 4203 aliunde
687 4152 1021 4203 emittentem
1051 4149 1407 4202 contaminat.

220 4226 278 4275 5.
313 4222 489 4275 Certe
520 4219 575 4274 S.
609 4220 718 4274 Leo
749 4221 816 4273 ab
853 4231 1077 4287 utroque
1108 4235 1272 4288 pravo
1301 4234 1462 4273 sensu
1508 4220 1763 4273 remotis-

151 4292 327 4346 simus
355 4304 465 4345 est.
502 4292 713 4345 Etenim
738 4302 901 4345 serm'.
930 4289 1026 4354 48,
1053 4290 1122 4344 de
1161 4290 1427 4359 Quadrag.
1477 4290 1566 4354 10,
1609 4306 1658 4344 c.
1704 4291 1758 4356 5,

154 4363 200 4416 in
251 4364 641 4432 peccatoribus
684 4362 1004 4416 Christianis
1031 4404 1046 4429 ,
1094 4366 1145 4415 in
1178 4363 1368 4430 quibus
1396 4362 1577 4414 mundi
1610 4376 1763 4415 amor

153 4434 499 4499 dominatur,
534 4444 585 4486 et
614 4433 772 4486 ﬁdem
812 4446 1009 4487 rectam
1041 4444 1095 4486 et
1137 4434 1239 4485 alia
1280 4433 1537 4485 virtutum
1578 4448 1761 4486 mora-

157 4504 281 4557 lium
320 4520 497 4575 opera
529 4505 755 4559 inveniri
802 4518 962 4573 posse
1000 4506 1233 4575 latretur;
1275 4503 1541 4575 etisolum
1589 4519 1651 4557 ea
1695 4520 1761 4558 ex

154 4574 381 4631 deiectu
432 4575 709 4630 charitatis
755 4576 946 4629 saltem
996 4574 1283 4629 habitualis
1330 4574 1504 4628 fructu
1557 4582 1761 4629 teterno

153 4662 325 4705 vacua
359 4654 608 4706 testatur.
645 4646 893 4712 Quamvis
923 4647 1090 4707 enim,
1139 4646 1311 4714 inquit
1340 4686 1354 4710 ,
1406 4662 1651 4717 magnum
1694 4648 1759 4700 sit

152 4719 347 4775 habere
398 4717 557 4786 [idem
599 4728 790 4771 rectam
836 4733 1111 4786 sanamque
1154 4718 1475 4781 doctrinam,
1525 4726 1567 4768 et
1602 4719 1762 4771 multa

152 4788 308 4841 {aude
343 4778 605 4857 di'gna’sit
632 4789 952 4841 circumcisio
982 4778 1117 4858 gula:
1142 4829 1157 4851 ,
1187 4788 1368 4841 lenitas
1408 4778 1762 4841 mansuetudi-

154 4862 249 4927 εἰς,
278 4862 496 4930 paritas
520 4862 785 4925 castitatis,
814 4860 969 4913 nuda
990 4874 1158 4913 tamen
1181 4869 1297 4912 sunt
1318 4875 1489 4913 omnes
1509 4861 1619 4912 sine
1639 4863 1763 4913 cha-

153 4934 307 4984 ritote
332 4932 579 4994 virtutes,
597 4948 689 4986 nec
718 4940 878 5001 potest
904 4934 1007 4984 dici
1030 4932 1081 4984 in
1110 4930 1336 5000 qualibet
1366 4946 1567 4983 morum
1592 4930 1761 4986 excel-

152 5002 319 5075 lentia
350 5005 697 5075 [luctuosum
723 5003 857 5075 quod
880 5020 978 5075 non
1006 5003 1293 5075 dilectionis
1318 5012 1493 5075 partus
1524 5002 1758 5075 ediderit.

153 5071 434 5128 Practer'ea
457 5071 623 5128 serm.
648 5073 738 5139 44,
772 5072 839 5127 de
869 5074 1136 5142 Quadrag.
1168 5073 1223 5140 7,
1258 5071 1390 5139 αδ,
1435 5074 1660 5143 loquens
1691 5073 1760 5129 de

154 5148 421 5211 operibus
454 5146 841 5215 misericordia:
888 5159 1006 5214 qua:
1055 5161 1157 5198 non
1202 5161 1264 5199 ea:
1312 5146 1432 5211 ﬁdei
1477 5148 1761 5215 procedunt

156 5220 315 5286 fante,
350 5232 420 5269 ac
446 5214 676 5286 proinde
712 5217 780 5269 ab
822 5218 951 5285 ipsis
1000 5215 1304 5271 inﬁdelibus
1348 5214 1576 5270 eduntur
1602 5256 1614 5280 ,
1667 5217 1762 5285 qui

156 5285 329 5351 Deum
366 5285 681 5356 ignorantes
709 5288 840 5343 nihil
869 5290 920 5341 in
954 5290 1127 5358 ipsum
1157 5287 1479 5354 referebant,
1514 5302 1574 5341 ea
1606 5288 1760 5340 laude

154 5373 250 5413 sua
277 5359 581 5427 [gaudenda
614 5376 712 5425 non
737 5375 867 5425 esse,
900 5374 964 5413 ac
993 5358 1216 5427 proinde
1254 5360 1389 5412 bona
1424 5360 1685 5423 asseruit,
1716 5359 1762 5412 si

156 5422 862 5486 ernonvo‘misemmms
904 5422 1046 5483 nullo
1094 5432 1403 5485 intermixto
1450 5445 1611 5498 pravo
1658 5422 1763 5485 line

154 5500 555 5568 metantur,
593 5514 645 5557 et
676 5504 852 5555 solum
881 5516 945 5555 ea
975 5510 1187 5569 peccata
1220 5502 1334 5555 fere
1376 5515 1494 5556 esse
1536 5502 1755 5568 docuit,

154 5586 225 5626 ὼ
248 5573 541 5642 quodnon
571 5588 636 5630 ex
667 5576 873 5627 motive
902 5573 1285 5639 virtutis,_.sed
1331 5589 1395 5627 ex
1445 5574 1717 5641 philautim
1740 5616 1756 5637 ,

366 5647 579 5717 gloriae,
601 5655 694 5709 aut
724 5646 831 5700 alio
854 5657 1108 5717 corrupto
1134 5647 1237 5717 line
1265 5660 1325 5699 ea
1355 5645 1667 5714 plerumque
1693 5646 1759 5698 ab

158 5690 481 5787 imtbus
518 5690 655 5772 edita
704 5690 1074 5786 praesumpsii;
1120 5714 1321 5783 dequo
1353 5690 1470 5770 \r'ide
1501 5690 1758 5773 obsis-rva-

401 5788 650 5847 inserta;
682 5790 778 5848 79.
808 5786 891 5845 En
921 5788 1084 5862 igitur
1122 5794 1377 5861 quautum
1413 5804 1443 5844 a
1484 5788 1764 5844 damnata-

1790 4550 1849 4610 Ῑ)
1869 4550 2085 4639 quatias
2106 4550 2339 4624 satis;
2358 4550 2498 4624 illiti
2519 4588 2530 4623 :

1940 3220 1991 3272 7.
2023 3220 2128 3292 sed
2166 3222 2309 3273 aliud
2338 3231 2418 3275 est
2443 3222 2582 3275 hanc
2611 3222 2948 3292 hypothesim
2974 3240 3001 3278 a
3033 3225 3302 3280 damnatis
3335 3226 3450 3282 the-

1866 3290 2023 3366 sibus
2040 3291 2249 3366 abesse,
2276 3292 2416 3346 aliud
2450 3309 2577 3347 vero
2603 3290 2800 3351 Leonis
2822 3296 3005 3366 verba.
3036 3310 3155 3366 quae
3185 3310 3325 3351 nunc
3352 3313 3447 3352 ex—

1864 3362 2187 3437 pendimus,
2224 3363 2326 3437 hoc
2367 3379 2533 3437 sensu
2578 3365 2885 3435 accipienda
2938 3362 3080 3421 esse.
3125 3367 3256 3433 Qure
3289 3383 3450 3437 porro

1865 3435 2132 3509 sententia
2159 3433 2345 3509 iisdem
2370 3436 2549 3489 verbis
2591 3433 2805 3504 proprie
2828 3437 3025 3509 subsit,
3056 3437 3210 3509 facile
3246 3433 3451 3509 perspi-

1866 3505 1975 3580 ciij
1998 3506 2041 3557 si
2069 3504 2216 3580 duas
2235 3505 2638 3580 observationes
2664 3509 2972 3574 praemittas.
3000 3508 3201 3571 Prima,
3229 3509 3286 3565 S.
3321 3504 3453 3580 pon-

1868 3576 2063 3629 tilicem
2096 3575 2335 3649 scribere
2373 3575 2507 3633 duos
2551 3592 2764 3631 amores
2805 3594 2925 3635 csse
2953 3595 3018 3633 ea:
3057 3580 3239 3649 quibus
3277 3575 3452 3637 omnes

1869 3649 2130 3724 prodeunt
2164 3647 2469 3724 voluntates,
2519 3663 2622 3703 non
2655 3664 2784 3703 vero
2814 3666 2876 3704 ea:
2902 3647 3084 3724 quibus
3129 3668 3302 3705 omnes
3331 3671 3451 3724 pro-

1867 3717 2024 3790 deunt
2050 3718 2323 3771 voluntatis
2345 3729 2519 3783 actus;
2550 3734 2613 3773 ac
2645 3717 2925 3790 propterea
2952 3722 3020 3776 de
3044 3722 3174 3790 ipsis
3200 3717 3447 3779 volunta-

1868 3788 2165 3865 tibus_,__non
2194 3801 2370 3843 autem
2400 3792 2465 3865 de
2492 3791 2716 3860 singulis
2736 3788 3027 3865 voluntatis
3048 3788 3256 3847 actibus
3280 3796 3450 3865 loqui-

1870 3868 1974 3913 tur.
2008 3860 2139 3914 Hinc
2180 3870 2357 3921 autem
2385 3861 2510 3916 dum
2556 3877 2647 3917 eas
2687 3864 2993 3918 voluntates
3037 3860 3448 3932 pronuntiat—ita

1867 3931 2443 3997 qualitatibus’dirersas
2462 3978 2474 3999 ,
2508 3934 2648 3986 sicut
2679 3935 2974 3988 dividuntur
3001 3931 3319 4001 auctoribus,
3352 3953 3447 3994 seu

1867 4003 2176 4067 altioribus,
2219 4002 2416 4058 indicat
2442 4006 2745 4059 voluntates
2776 4007 3033 4071 diversas,
3079 4007 3131 4061 id
3159 4018 3241 4061 est
3282 4009 3449 4065 bonas

1868 4072 1951 4125 vel
1991 4073 2187 4149 nullas,
2238 4084 2399 4149 pro_ut
2425 4074 2848 4149 diversoatnore
2880 4077 3020 4131 inter
3046 4093 3105 4131 se
3144 4077 3452 4149 discrepant

1867 4156 1931 4221 ac
1960 4144 2286 4221 dividuntur.
2322 4145 2587 4221 secunda,
2614 4146 2756 4221 duos
2801 4162 3013 4221 amores
3060 4149 3219 4221 502
3247 4144 3338 4205 hie
3361 4167 3451 4205 ac-

1867 4214 1972 4282 cipi
2023 4229 2127 4267 non
2157 4215 2224 4268 de
2265 4216 2504 4283 quolibet
2534 4216 2626 4270 Dei
2660 4231 2844 4272 amore
2874 4220 2957 4272 vel
2992 4214 3219 4285 mundi:
3246 4222 3337 4274 sed
3381 4224 3451 4277 de

1868 4298 2061 4362 amore
2083 4295 2343 4362 regnante
2371 4289 2423 4339 in
2452 4288 2731 4362 voluntate
2777 4287 3007 4362 hominis
3028 4334 3042 4356 ,
3089 4306 3155 4344 ex
3188 4306 3252 4345 eo
3283 4292 3451 4362 liquet

1867 4355 2011 4425 quod
2032 4356 2098 4409 de
2126 4357 2546 4431 solo_ejusmodi
2569 4373 2755 4412 amore
2787 4355 3047 4414 verilicari
3091 4372 3249 4431 queat
3276 4355 3450 4416 116πηί-

1870 4441 1992 4500 nem
2018 4427 2271 4481 constitui
2288 4430 2372 4482 vel
2398 4427 2491 4481 Dei
2512 4439 2810 4496 amatorem,
2830 4447 2923 4485 seu
2942 4427 3164 4500 justum,
3199 4434 3278 4488 vel
3303 4452 3451 4488 mun-

1867 4498 1943 4562 di,
1979 4514 2070 4575 seu
2104 4511 2499 4575 peccatorenr:
2550 4500 2692 4575 unde
2722 4502 2886 4575 etiam
2935 4498 3088 4575 initio
3134 4498 3322 4575 eapitis
3361 4521 3451 4559 se-

2569 4570 2668 4623 IIic
2699 4573 2856 4645 _(Dei)
2895 4572 3109 4640 a/ﬂctus
3132 4616 3147 4641 ,
3180 4570 3279 4645 quo
3304 4594 3452 4630 amor

1827 4652 2096 4697 .terrenus
2142 4642 2465 4706 excluditur;
2515 4657 2636 4711 quae
2680 4642 2745 4696 de
2791 4659 2976 4700 amore
3022 4645 3113 4700 Dei
3140 4642 3451 4705 dominante

1868 4728 1992 4766 vera
2037 4723 2181 4789 sunt.
2212 4714 2265 4789 Id
2292 4714 2615 4789 confirmant
2646 4715 2815 4789 multo
2864 4715 3185 4789 luculentius
3214 4718 3296 4771 illa
3332 4734 3452 4789 quae

1868 4799 1992 4863 mox
2039 4784 2303 4863 subjecit:
2338 4783 2406 4837 Et
2453 4785 2567 4837 ideo
2610 4788 2813 4863 aeternis
2860 4786 3002 4863 bonis
3049 4783 3455 4863 inseparabiliter

1864 4854 2217 4907 inltwrendum
2258 4857 2404 4925 (qua:
2433 4870 2672 4911 amorem
2706 4858 2875 4911 ultimi
2908 4858 3029 4912 ﬁnis
3056 4854 3452 4925 praidominau-

1872 4935 1979 4980 tem
2006 4927 2359 4996 signiﬁcant),
2384 4928 2752 4997 temporalibus
2765 4940 2934 4982 autem
2961 4941 3281 4991 transeunter
3310 4944 3457 4990 uten-

1868 4998 2151 5123 dum,[;i0_u
2186 4999 2488 5066 fruendum,
2521 5014 2620 5055 nec
2666 5000 3038 5056 inliterendum
3074 5012 3341 5076 tamquam
3374 5008 3452 5059 ut-

1869 5078 2001 5122 ttuio
2066 5087 2135 5123 ut.

1869 5072 2001 5122 timo
2026 5072 2135 5123 (ini.

1941 5142 1995 5195 8.
2031 5143 2122 5195 llis
2144 5142 2435 5209 prtemissis
2466 5159 2533 5198 en
2583 5155 2801 5212 apertus
2830 5154 2885 5197 et
2916 5146 3179 5212 genuinus
3206 5147 3456 5200 Auctoris

1870 5227 2083 5267 sensus.
2129 5212 2246 5267 Duo
2273 5229 2473 5267 amores
2505 5224 2645 5277 sunt,
2680 5230 2742 5267 ea:
2764 5216 2946 5283 quibus
2990 5232 3163 5270 omnes
3202 5218 3455 5285 prodeunt

1870 5285 2175 5356 voluntates,
2205 5285 2276 5356 ita
2305 5285 2521 5356 diversa;
2550 5286 2821 5351 bonitatis,
2856 5288 2939 5342 vel
2985 5288 3204 5343 malitia)
3230 5289 3457 5356 qualita-

1871 5354 2022 5417 tibus,
2056 5357 2185 5409 sicut
2216 5354 2521 5409 dividuntur'
2542 5358 2855 5413 auctoribus.
2898 5358 3028 5425 Quae
3059 5354 3310 5413 nimirum
3340 5356 3457 5411 afti-

1871 5430 2084 5481 ciuntur
2108 5428 2200 5482 Dei
2235 5442 2440 5492 amore,
2482 5429 2619 5482 adeo
2640 5437 2697 5482 ut
2730 5430 2890 5482 Deum
2923 5444 3034 5497 prm
3062 5429 3310 5484 omnibus
3333 5426 3457 5484 dilio

1873 5509 2021 5568 gaut,
2052 5508 2108 5553 et
2132 5505 2293 5555 homo
2314 5500 2509 5554 exinde
2544 5500 2636 5553 Dei
2658 5508 2861 5554 amator
2879 5506 2965 5564 sit,
2991 5515 3083 5555 seu
3112 5502 3165 5554 in
3195 5500 3460 5557 charitate

1874 5573 1987 5637 Dei,
2023 5581 2149 5626 sunt
2177 5572 2479 5626 voluntates
2519 5573 2704 5636 boote;
2750 5573 2907 5627 malae
2928 5587 3057 5631 vero
3089 5572 3193 5627 illic
3222 5580 3364 5637 sunt,
3390 5574 3458 5633 .in

1868 5644 2062 5712 quibus
2113 5643 2295 5699 mundi
2340 5660 2491 5698 amor
2522 5644 2597 5699 ita
2641 5643 2945 5703 dominatur
2968 5684 2991 5706 ,.
3021 5654 3077 5696 ut
3110 5646 3269 5701 homo
3291 5684 3304 5708 ,
3362 5646 3455 5701 Dei

1868 5715 2130 5771 charitate
2157 5716 2395 5783 exclusi,
2429 5716 2613 5768 mundi
2652 5724 2850 5783 amator
2877 5714 3258 5769 conStituatur.
3295 5715 3460 5772 Cum.

1870 5794 1972 5857 que
1998 5791 2268 5844 rationalis
2306 5780 2511 5843 animus
2539 5786 2646 5841 sine
2675 5780 2944 5841 dilectione
2990 5786 3041 5841 in
3060 5786 3063 5791 ’
3085 5788 3293 5858 partem
3321 5789 3460 5850 αιιοε
