4006 6348
251 389 341 447 553
1077 387 1450 448 PILEFATIO
1487 387 1552 444 IN
1595 387 1974 447 EPISTOLAS
2037 390 2094 447 S.
2136 389 2381 449 LEONIS
2421 390 2666 449 MAGNI.
3402 397 3509 456 554

249 501 454 557 tliecarii
485 501 707 558 nomine
739 503 998 574 appellari
1029 506 1190 572 solet,
1218 516 1272 562 et
1293 506 1488 562 Leonis
1513 507 1679 562 vitam
1702 508 1919 576 scripsit
1941 509 2114 562 serius
2143 510 2341 564 sacculo
2369 524 2481 573 vui,
2509 509 2623 564 haec
2653 508 2720 563 de
2765 508 3005 577 ejusdem
3034 511 3273 580 epistolis
3303 515 3463 570 tradit
3489 533 3507 574 ;

243 595 378 654 Idem
401 597 717 651 beatissimus
751 597 852 654 Leo
879 598 1295 672 archiepiscopus
1320 601 1509 655 multas
1543 603 1782 672 epistolas
1815 601 1936 668 ﬁdei
1978 600 2136 664 misit,
2179 617 2294 671 quae
2321 602 2471 655 hodie
2514 600 2722 656 archiva
2767 600 3011 657 Ecclesia:
3058 603 3301 658 Romana:
3330 619 3510 660 recon-

245 691 354 744 dita:
383 701 630 746 tenentur.
666 692 770 746 Hic
793 693 1018 758 ﬁrmavit
1045 695 1338 764 frequenter
1366 697 1472 749 suis
1506 696 1734 766 epistolis
1767 695 2020 763 synodum
2057 693 2540 748 Cltalcedonensem.
2575 695 2653 747 Ad
2687 694 3006 749 Martianum
3036 695 3322 767 Angustum
3373 703 3512 753 misit

241 788 464 857 epistolas
486 802 583 853 xit,
618 789 685 840 ad
718 788 935 843 Leonem
961 791 1248 860 Augustum
1269 793 1509 862 epistolas
1538 807 1652 855 xiii,
1683 791 1750 844 ad
1783 789 2096 844 Flavianum
2122 792 2418 862 episc0pum
2438 791 2680 861 epistolas
2708 807 2783 855 ix,
2816 794 2881 844 ad
2910 793 3174 864 episcopos
3201 809 3291 862 per
3323 792 3510 848 Orien-

239 891 328 932 tem
357 880 594 949 epistolas
622 896 773 949 xviii,
802 898 893 952 per
918 897 1048 950 quas
1073 882 1230 950 ﬁdem
1262 882 1447 952 synodi
1472 884 1813 950 conﬁrmavit.
1849 881 2011 936 Vides
2037 881 2317 935 arcltivum
2359 884 2712 952 apostolicum
2747 883 2846 936 ltoc
2877 900 3086 953 quoque
3113 893 3356 954 tempore
3380 886 3514 941 alle-

241 978 374 1045 gari,
401 975 452 1029 itt
482 991 589 1045 quo
623 975 819 1030 Leonis
840 977 1085 1045 epistolae
1117 993 1157 1028 si
1181 977 1502 1041 rvabantur;
1534 989 1585 1031 et
1614 977 1739 1031 licet
1769 987 2138 1031 memorentur
2167 978 2302 1031 sola:
2331 976 2574 1046 epistolae
2598 993 2693 1045 pro
2718 977 2984 1031 catholica
3012 977 3114 1033 lide
3136 993 3321 1034 centra
3353 979 3512 1052 Enty-

236 1069 468 1122 chianam
504 1070 753 1124 haeresim
785 1068 1022 1139 scriptae,
1057 1069 1239 1138 plures
1273 1079 1452 1123 tamen
1483 1084 1640 1138 quam
1669 1085 1788 1138 quae
1818 1067 1883 1122 ad
1928 1083 2025 1122 nos
2056 1078 2440 1138 pervenerunt,
2468 1070 2520 1122 in
2543 1083 2610 1122 eo
2630 1068 2849 1122 archivo
2883 1079 2992 1122 tum
3024 1071 3292 1125 exstitisse
3319 1085 3512 1140 ουειιος

242 1160 463 1225 scimus;
497 1176 672 1228 neque
701 1161 843 1215 enim
874 1161 1119 1232 epistolae
1150 1177 1271 1232 qua:
1303 1162 1611 1216 exstant‘ad
1644 1162 1878 1216 Leonem
1912 1162 2209 1232 Augustum
2242 1173 2366 1216 sunt
2395 1176 2513 1227 xttt,
2545 1162 2609 1215 ad
2636 1161 2949 1218 Flavianum
2979 1179 3054 1217 ix.

299 1253 353 1305 5.
393 1251 461 1304 At
488 1265 609 1305 cum
641 1251 990 1306 collectiones
1019 1256 1300 1320 generales
1332 1267 1597 1306 canonum
1626 1260 1678 1304 ct
1706 1252 2052 1320 epistolarum
2099 1252 2464 1307 Romanorum
2502 1253 2810 1322 pontilicum
2845 1269 2873 1306 a
2925 1254 3150 1323 privatis
3203 1255 3513 1314 hominibus

229 1346 357 1400 olim
387 1347 701 1414 compositae
734 1347 786 1400 in
819 1349 1086 1416 privatum
1118 1363 1294 1410 usum,
1331 1349 1398 1400 ita
1427 1348 1708 1416 propagari
1734 1356 1787 1401 et
1815 1347 2060 1401 obtinere
2083 1355 2389 1412 ruperunt,
2422 1353 2480 1400 ut
2505 1345 2669 1400 iidem
2702 1344 2928 1400 Romani
2960 1347 3226 1401 antistites
3255 1348 3511 1418 epistolas

230 1439 568 1492 decesson
597 1438 794 1507 sacpius
827 1454 932 1494 non
959 1455 1024 1493 ex
1054 1439 1365 1508 apostolicis
1397 1440 1632 1504 scriniis,
1667 1439 1758 1494 sed
1782 1455 1847 1494 ex
1872 1441 1936 1493 iis
1957 1441 2365 1495 collectionibus
2389 1451 2660 1494 sumerent
2684 1456 2698 1504 ;
2726 1451 2852 1493 tunc
2882 1441 3076 1494 factum
3106 1451 3189 1496 est
3211 1451 3268 1495 ut
3291 1458 3507 1496 earum-

237 1531 357 1585 dem
377 1530 726 1599 epistularum
754 1533 1084 1602 autographa
1112 1532 1470 1600 exemplaria,
1496 1547 1616 1602 quae
1647 1544 1801 1585 erant
1824 1531 1876 1586 in
1901 1535 2198 1600 apostolico
2229 1533 2471 1596 arcltivo,
2501 1531 2701 1588 sensim
2728 1534 2996 1601 neglecta,
3026 1544 3325 1604 temporum
3350 1536 3512 1590 vicis-

227 1622 551 1678 situdinibus
585 1623 981 1688 interciderint,
1028 1638 1091 1679 ac
1134 1632 1416 1693 propterea
1457 1625 1694 1692 antiqua:
1735 1624 1849 1676 istae
1876 1625 2157 1692 generales
2201 1626 2550 1680 collectiones
2592 1626 2699 1680 sint
2732 1628 3051 1680 vetustiores
3082 1641 3143 1680 atc
3179 1629 3510 1685 celebriores

225 1717 403 1772 fontes
436 1734 500 1771 ex
537 1719 734 1788 quibus
761 1720 1122 1791 antiquiorum
1150 1719 1462 1788 pentiticum
1493 1717 1912 1775 constitutiones
1939 1717 2262 1786 accepimus,
2304 1719 2438 1770 adeo
2471 1727 2525 1771 ut
2555 1733 2661 1772 non
2695 1718 2817 1771 aliae
2847 1718 3203 1789 quorumdam
3236 1719 3511 1778 Romano-

221 1827 340 1867 rum
371 1811 669 1869 antistitum
696 1814 940 1884 epistolae
966 1812 1034 1868 ad
1062 1827 1161 1868 nos
1202 1811 1564 1880 pem-nerint,
1621 1811 1724 1866 nisi
1765 1826 1883 1881 quae
1928 1810 2196 1880 ejusmodi
2242 1809 2652 1864 collectionibus
2683 1823 3017 1864 conservatae
3050 1813 3290 1868 luerunt.
3324 1814 3398 1869 De
3422 1813 3510 1870 bis

221 1908 655 1972 collectionibus,
681 1921 736 1963 et
768 1909 836 1962 de
867 1921 1000 1963 mss.
1038 1907 1337 1973 codicibus,
1362 1908 1451 1978 qui
1474 1921 1570 1962 eas
1603 1905 2061 1976 complectuntur,
2092 1903 2265 1959 fusius
2290 1903 2555 1973 agendum
2581 1905 2684 1958 erit
2711 1905 2761 1956 in
2790 1911 3019 1959 tractatu
3043 1920 3200 1974 quem
3223 1912 3369 1961 tome
3402 1917 3510 1962 ter-

221 2001 292 2055 tio
327 2002 588 2057 insertum
614 2003 873 2072 reperies.

281 2097 350 2152 4.
387 2097 538 2151 Nunc
567 2095 634 2151 de
659 2095 790 2151 solis
818 2094 1062 2165 epistolis
1107 2093 1306 2150 Leonis
1335 2095 1531 2160 acturi,
1571 2107 1636 2149 ea
1658 2101 1866 2148 tantum
1894 2091 2154 2148 debemus
2177 2089 2485 2161 expendere
2511 2104 2629 2159 quas
2669 2089 2720 2143 in
2765 2088 2954 2145 iisdem
3003 2089 3413 2146 collectionibus
3441 2091 3511 2147 at!

215 2190 435 2243 easdem
459 2189 716 2259 epistolas
737 2191 1032 2259 pertinent:
1058 2189 1108 2242 id
1136 2189 1350 2243 interim
1379 2196 1802 2255 praemonentes,
1831 2186 1972 2256 quod
1993 2201 2060 2240 ex
2088 2184 2245 2239 dictis
2268 2186 2532 2252 sequitur,
2558 2184 2654 2237 has
2676 2193 2914 2237 vetustas
2934 2185 3215 2252 generales
3237 2185 3511 2240 collectio-

217 2295 311 2335 nes
350 2282 623 2337 habendas
654 2296 775 2337 esse
821 2282 988 2336 veluti
1015 2281 1336 2352 originarios
1377 2281 1575 2348 fontes,
1605 2280 1672 2336 ad
1715 2295 1854 2351 quos
1883 2280 2232 2348 epistolarum
2282 2278 2450 2334 editio
2491 2277 2791 2333 revocanda
2830 2277 2953 2332 erit.
2989 2279 3133 2334 Inter
3166 2277 3340 2334 fontes
3379 2295 3512 2336 vero

224 2375 344 2443 pari
379 2377 586 2433 ratione
614 2377 935 2446 originarios
961 2375 1252 2432 censendae
1279 2386 1404 2430 sunt
1430 2378 1591 2431 etiam
1638 2375 1911 2430 nonnullae
1942 2375 2179 2444 antiquae
2215 2374 2568 2428 collectiones
2611 2374 2963 2442 particulares
3007 2371 3121 2428 sive
3158 2373 3510 2444 quarumdam

221 2468 614 2536 Ecclesiarum,
648 2471 761 2525 sive
786 2469 1135 2540 epistolarum
1160 2468 1380 2534 Leonis,
1404 2485 1521 2540 quae
1545 2485 1667 2524 cum
1696 2485 1766 2524 ex
1797 2468 2027 2524 laudatis
2056 2469 2399 2539 generalibus
2437 2466 2852 2523 collectionibus
2881 2477 3110 2538 sumptae
3140 2483 3243 2523 non
3288 2469 3508 2535 fuerint,

211 2575 274 2616 ex
310 2563 588 2631 primaevis
619 2562 812 2618 Leonis
840 2561 1244 2634 exemplaribus
1275 2563 1545 2632 prodiere.

272 2654 340 2711 5.
386 2654 744 2713 Collectiones
771 2665 975 2718 autem,
1007 2672 1131 2726 quae
1155 2656 1228 2710 ita
1259 2658 1402 2710 solas
1436 2655 1632 2711 Leonis
1663 2655 1920 2725 epistolas
1962 2655 2240 2721 exhibent,
2282 2666 2340 2710 ut
2371 2655 2658 2709 maximam
2707 2655 2899 2710 saltem
2929 2655 3156 2710 istarum
3199 2663 3406 2725 partem
3438 2671 3510 2714 ex

209 2748 664 2805 antecedentibus
690 2749 1104 2804 collectionibus
1139 2749 1422 2804 evidenter
1447 2749 1794 2818 sumpserint.
1831 2751 2158 2817 pesteriores
2200 2759 2515 2813 noscuntur,
2548 2757 2604 2802 et
2650 2761 2876 2803 eatenus
2918 2749 3224 2817 originarta:
3253 2749 3362 2803 dici
3407 2767 3508 2806 nc-

210 2849 450 2910 queunt,
479 2856 577 2896 nec
600 2840 737 2896 tales
765 2849 822 2894 ut
853 2839 1270 2910 antiquioribus,
1302 2856 1370 2895 ex
1393 2841 1588 2910 quibus
1627 2840 1882 2895 derivata:
1924 2839 2160 2905 luerunt,
2194 2840 2546 2910 praeferendac
2589 2840 2717 2896 sint.
2753 2840 2891 2896 Utile
2923 2849 3099 2896 tamen
3139 2842 3235 2895 luit
3281 2842 3507 2899 istarum

214 2934 444 2989 codices
473 2935 669 3002 pariter
693 2932 976 2999 conferre;
1009 2949 1129 3003 quae
1157 2935 1300 2987 enim
1331 2946 1699 3003 provenerunt
1729 2949 1793 2989 ex
1821 2933 2280 2989 etnendattioribus
2314 2936 2698 2995 manuscrintis
2730 2935 3071 3002 antiquarum
3098 2935 3507 3006 collectionum,

215 3029 496 3084 lectiones
515 3027 767 3082 meliores
793 3037 844 3082 et
877 3027 1283 3082 emendationes
1306 3044 1411 3080 non
1442 3030 1864 3083 contemnendas
1897 3027 2190 3083 identidem
2225 3028 2525 3096 praebuere.
2556 3027 2811 3093 Quaedam
2835 3029 2997 3081 etiam
3041 3044 3106 3082 ex
3147 3028 3227 3082 his
3254 3031 3509 3098 epistolas

217 3124 534 3185 continent,
561 3136 684 3191 qua:
710 3137 833 3178 cum
862 3120 915 3175 in
944 3120 1181 3190 antiquis
1207 3121 1348 3174 notis
1379 3119 1794 3176 collectionibus
1823 3135 1927 3174 non
1960 3122 2322 3182 inveniantur,
2360 3128 2589 3188 sumpta:
2620 3121 2768 3175 luere
2792 3134 2859 3174 ex
2902 3121 3022 3175 aliis
3063 3121 3300 3190 antiquis
3342 3123 3510 3177 colle-

211 3216 502 3272 ctionibus
529 3215 684 3284 plane
711 3214 911 3285 ignotis
935 3229 950 3268 :
981 3213 1124 3268 unde
1145 3214 1198 3268 in
1233 3214 1332 3268 hac
1363 3225 1512 3283 parte
1538 3230 1638 3284 pro
1667 3216 1973 3283 originariis
2003 3213 2188 3269 haberi
2218 3215 2439 3270 debent.
2469 3215 2591 3268 llaec
2618 3215 2884 3285 generalis
2905 3214 3284 3270 collectionum
3312 3215 3507 3273 distin-

203 3309 317 3364 ctio
357 3305 729 3378 praemittenda
766 3304 887 3370 fuit,
917 3314 974 3359 ut
1003 3320 1110 3360 non
1146 3320 1340 3360 omnes
1363 3321 1482 3375 quae
1519 3321 1640 3359 mox
1673 3304 2055 3359 iudicabuntur
2089 3321 2242 3375 aeque
2273 3307 2644 3369 aestimentur;
2676 3315 2872 3375 etquae
2919 3308 3225 3377 originariaa
3271 3318 3327 3363 et
3371 3311 3508 3364 anti-

202 3416 359 3471 quae,
386 3413 506 3467 quae
527 3411 653 3453 vero
687 3398 1017 3452 recentiores
1045 3407 1100 3451 et
1132 3395 1452 3466 profectitire
1480 3406 1625 3460 sunt,
1661 3396 2058 3459 discernantur,
2089 3397 2228 3467 quod
2271 3397 2339 3451 ad
2381 3412 2569 3452 eorum
2621 3413 2773 3451 ttsum
2815 3399 2867 3451 in
2919 3399 3224 3454 recolendis
3263 3402 3509 3471 epistolis

202 3501 366 3548 recte
396 3491 809 3558 instituendum,
836 3500 892 3547 et
914 3489 983 3545 ad
1013 3489 1118 3545 alia
1148 3491 1340 3557 multa,
1369 3504 1490 3559 quae
1513 3488 1626 3544 suis
1656 3487 1789 3544 locis
1817 3494 2150 3559 aperientur,
2183 3489 2387 3544 utiliter
2421 3489 2817 3559 cognoscenda,
2855 3494 3097 3546 maxime
3140 3497 3506 3551 necessarium

201 3583 428 3654 experti
449 3598 656 3638 sumus.

267 3676 333 3730 6.
385 3671 743 3729 Collectiones
765 3681 945 3729 autem
971 3672 1353 3742 manuscripts:
1393 3672 1745 3743 epistolarum
1787 3672 1846 3729 S.
1889 3672 2089 3730 Leonis
2135 3673 2290 3729 nobis
2332 3673 2511 3730 adhuc
2539 3675 2766 3741 cognitae
2795 3683 2921 3730 sunt
2951 3686 3182 3746 quatuor
3209 3688 3264 3732 et
3291 3679 3502 3749 viginti.

200 3773 274 3829 Ex
311 3775 411 3828 his
439 3788 531 3828 xttt
557 3773 624 3829 ad
653 3774 1000 3830 collectiones
1026 3774 1275 3842 antiquas
1305 3771 1585 3841 generales
1611 3771 1941 3833 referuntur,
1970 3788 2066 3827 sex
2108 3772 2174 3824 ad
2222 3773 2471 3841 antiquas
2510 3773 2886 3841 particulares,
2929 3773 3166 3845 quinque
3215 3791 3346 3831 vero
3376 3788 3507 3832 sunt

199 3865 567 3922 collectiones
597 3865 924 3921 recentiores
952 3862 1192 3932 ejusdem
1222 3861 1494 3932 pontiﬁcis
1526 3862 1852 3933 peculiares.
1889 3862 2355 3931 Quemadmodum
2391 3879 2518 3916 vero
2562 3863 2645 3918 liae
2683 3864 2903 3932 singulae
2945 3865 3085 3920 inter
3124 3881 3184 3922 se
3233 3868 3497 3937 epistola-

199 3976 325 4015 τοίη
365 3974 614 4022 numero,
641 3959 854 4025 ordine,
887 3957 1112 4028 aliisque
1148 3956 1557 4012 characteribus
1591 3956 1966 4026 discrepantes
2005 3956 2272 4010 diversam
2307 3955 2571 4024 originem
2609 3956 2862 4024 produnt,
2906 3959 2975 4010 ita
3007 3973 3196 4013 omnes
3241 3959 3503 4029 cujusque

201 4053 553 4108 collectionis
597 4052 812 4107 codices
852 4051 989 4106 adeo
1027 4051 1345 4122 plerumque
1383 4051 1512 4119 ipsis
1543 4051 1868 4106 lectionibus
1915 4059 2238 4120 congruunt,
2292 4061 2348 4104 ut
2377 4051 2542 4120 (quod
2588 4053 2640 4104 in
2670 4052 2986 4120 praefatione
3024 4055 3090 4108 ad
3121 4054 3409 4110 Sermones
3441 4059 3506 4110 de

200 4148 409 4204 iisdem
433 4146 772 4201 sermonibus
799 4145 1134 4216 monuimus)
1165 4158 1628 4216 supervacaneum
1659 4146 1972 4214 plerumque
2001 4144 2072 4199 sit
2095 4145 2278 4214 plures
2301 4143 2611 4209 consulere,
2645 4145 3014 4215 majoretnqne
3046 4146 3327 4201 utilitatem
3369 4147 3504 4202 refe.

200 4248 284 4292 rat
305 4237 410 4306 qui
436 4233 570 4289 duos
600 4245 692 4289 aut
723 4243 831 4289 tres
857 4234 1194 4291 diversarum
1223 4237 1607 4292 collectionum
1637 4251 1770 4290 mss.
1801 4236 1990 4300 libros,
2017 4249 2176 4304 quam
2209 4236 2296 4303 qui
2330 4236 2633 4305 permultos
2659 4236 2816 4290 unius
2843 4237 3181 4293 collectionis
3220 4238 3504 4298 evolverit.

201 4330 372 4385 Nunc
390 4329 460 4382 de
489 4325 710 4396 singulis
737 4325 1055 4396 peculiaria,
1079 4327 1254 4397 quoad
1285 4326 1483 4383 Leonis
1509 4326 1803 4396 epistolas;
1837 4341 1958 4379 nam
1988 4335 2182 4380 caetera
2211 4341 2331 4392 quae
2358 4327 2423 4380 ad
2454 4326 2789 4396 generalium
2834 4329 3214 4385 collectionum
3261 4328 3507 4392 intimam

199 4424 580 4497 cognitionem
606 4431 876 4494 spectant,
903 4424 955 4479 in
981 4432 1212 4480 tractatu
1243 4439 1404 4493 quem
1435 4432 1582 4478 tomo
1611 4422 1777 4478 tertio
1811 4423 2112 4477 inseremus
2140 4422 2459 4490 exponenda
2483 4417 2836 4475 remittimus.

1045 4535 1084 4600 εξ
1114 4534 1177 4587 ll.
1211 4535 1288 4586 De
1305 4549 1398 4586 ms.
1414 4533 1652 4586 Vaticano
1667 4534 1873 4598 Regina
1895 4534 2088 4585 Suecia
2120 4531 2423 4584 collectionis
2445 4533 2637 4596 prima.

270 4642 335 4696 7.
385 4639 559 4697 Prima
590 4637 859 4711 generalis
887 4637 1137 4693 collectio
1165 4637 1403 4691 omnium
1427 4678 1441 4702 ,
1477 4645 1533 4689 ut
1560 4635 1852 4700 credimus,
1884 4635 2279 4706 antiquissima,
2311 4645 2366 4690 et
2401 4635 2661 4688 hactenus
2691 4633 2897 4704 ignota,
2926 4641 3199 4692 “uenitur
3233 4627 3285 4693 in
3313 4639 3505 4697 codice

201 4733 473 4791 Vaticano
505 4732 718 4803 Reginae
746 4730 952 4787 Sueciae
986 4730 1145 4784 1997.
1181 4727 1317 4784 Octo
1344 4727 1540 4783 Leonis
1569 4730 1830 4798 epistolas
1859 4727 2077 4784 exhibet
2117 4746 2132 4782 :
2177 4727 2227 4794 l,
2260 4726 2481 4782 Rustico
2518 4727 2571 4782 in
2611 4739 2799 4783 nostra
2825 4729 3062 4784 editione
3091 4731 3248 4800 epist.
3281 4734 3412 4798 “37;
3439 4734 3505 4799 ll.

197 4826 483 4896 episcopis
512 4821 841 4880 Mauritania:
867 4819 1029 4890 epist.
1067 4820 1169 4885 l2;
1215 4818 1321 4882 Ill,
1366 4817 1624 4873 Flaviano
1653 4818 1814 4888 epist.
1849 4819 1958 4882 28;
1999 4817 2088 4882 IV,
2129 4817 2379 4872 Turribio
2405 4815 2570 4886 epist.
2605 4818 2702 4885 £5;
2746 4817 2810 4885 ν,
2844 4818 3036 4875 Siculis
3064 4821 3227 4891 epist.
3269 4821 3364 4888 16;
3402 4821 3505 4891 νι.

199 4917 410 4974 Nicett
436 4914 596 4984 epist.
622 4911 752 4978 l59;
788 4910 876 4966 Vll
893 4949 909 4977 ,
943 4909 1277 4980 Aquileiensi
1305 4908 1560 4978 episcOpo
1586 4910 1746 4976 epist.
1785 4908 1848 4980 ll;
1884 4909 1992 4964 Vlll
2010 4952 2024 4974 ,
2055 4909 2300 4978 Septimo
2327 4909 2489 4979 epist.
2513 4909 2570 4963 2.
3508 4911 3512 4916 '

1423 5021 1453 5086 ς
1484 5021 1574 5072 Ill.
1611 5021 1688 5071 De
1709 5020 1996 5071 collectione
2029 5019 2263 5072 secunda.

270 5117 332 5172 8.
382 5115 517 5172 Huic
539 5114 850 5172 collectioni
876 5113 1133 5169 Vaticano
1156 5110 1338 5183 Regia:
1359 5152 1376 5178 ,
1401 5110 1460 5165 in
1492 5123 1597 5178 qua
1621 5109 1909 5178 Catalogus
1941 5107 2307 5162 Romanorum
2338 5107 2654 5178 pontificum
2683 5106 2879 5162 desinit
2910 5109 2964 5164 in
2992 5109 3309 5178 Hormisda,
3341 5112 3505 5182 subji-

200 5208 386 5262 cimus
411 5208 570 5260 aliam
595 5221 714 5276 qua:
749 5206 1050 5276 catalogum
1086 5204 1300 5274 praefert
1330 5202 1385 5257 in
1412 5200 1610 5270 Vigilio
1636 5200 1997 5262 desinentem,
2029 5208 2085 5254 et
2110 5200 2420 5256 eontinetur
2443 5200 2495 5254 in
2530 5217 2633 5255 ms.
2665 5200 2982 5257 Corbeiensi
3017 5205 3334 5258 venerandae
3363 5204 3500 5259 tanti.

200 5296 428 5367 quitatis
455 5294 510 5349 in
542 5295 866 5350 bibliotheca
896 5294 954 5350 S.
987 5294 1242 5351 Germani
1273 5309 1299 5345 a
1333 5292 1508 5348 Pratis
1541 5291 1644 5344 PP.
1677 5290 2148 5344 Benedii-tinorum
2190 5289 2600 5357 Parisiensium,
2635 5293 2778 5346 unde
2817 5292 3162 5349 Corbeiensis
3200 5296 3445 5348 collectio
3475 5311 3506 5352 ιι

199 5388 525 5444 Constantio
551 5388 875 5456 appellatur.
920 5388 1070 5444 Licet
1111 5387 1316 5442 nullum
1361 5386 1519 5453 ltujus
1548 5385 1882 5440 collectionis
1908 5384 2151 5441 codicem
2181 5385 2326 5441 nacti
2358 5386 2550 5453 simus,
2579 5403 2698 5441 cutn
2734 5397 2911 5441 tamen
2943 5385 3260 5454 Quesnellus
3288 5403 3346 5438 ea
3378 5400 3507 5442 usus

200 5484 297 5551 sit,
330 5493 388 5538 et
417 5492 776 5537 memoratum
807 5481 1051 5537 codicem
1081 5481 1302 5546 indicet,
1330 5481 1545 5551 quoties
1571 5479 1684 5534 sive
1713 5477 1764 5531 in
1796 5478 2151 5546 variantibus,
2176 5481 2292 5534 sive
2321 5479 2374 5534 iit
2404 5477 2549 5533 notis
2575 5477 2959 5534 Corbeiensem
2991 5492 3091 5531 ms.
3125 5475 3325 5540 laudat,
3359 5486 3414 5528 ut
3437 5490 3505 5536 ex

201 5579 405 5637 Notitia
438 5579 931 5646 manuscriptorum
971 5579 1040 5632 ab
1080 5577 1272 5632 eodem
1315 5577 1584 5647 descripta
1629 5575 1971 5632 manifestum
2016 5586 2120 5642 est,
2151 5577 2324 5631 omitti
2371 5591 2400 5629 a
2451 5576 2606 5631 nobis
2651 5593 2758 5631 non
2797 5585 3023 5645 poterat,
3052 5591 3172 5629 cum
3207 5576 3504 5643 praesertim

200 5675 369 5732 etiam
409 5690 511 5729 nos
539 5690 610 5730 ex
655 5673 949 5743 Quesnello
978 5688 1097 5728 eam
1128 5670 1423 5726 identidem
1460 5672 1807 5724 mentoraturi
1851 5671 2042 5724 simus.
2077 5668 2264 5723 Plures
2292 5667 2488 5723 Leoois
2517 5668 2758 5738 epistolae
2801 5667 2853 5721 in
2882 5681 2942 5720 ea
2973 5667 3242 5734 leguntur.
3275 5665 3409 5719 Cum
3443 5664 3504 5719 Ρ.

202 5768 577 5830 Censuimus,
607 5767 698 5835 qui
725 5767 794 5819 de
819 5774 927 5818 tam
959 5761 1152 5835 insigni
1180 5761 1501 5819 collectione
1530 5761 1776 5830 pluribus
1804 5760 1914 5829 agit
1945 5760 1997 5813 itt
2021 5759 2336 5828 praefatione
2365 5759 2432 5814 ad
2467 5759 2733 5827 Epistolas
2763 5757 3126 5810 Romanorum
3159 5755 3503 5824 Pontiﬁcum,

207 5873 364 5915 num.
399 5860 492 5926 61,
525 5859 839 5913 distinctum
871 5858 1184 5913 earumdem
1216 5855 1571 5927 epistolarum
1601 5854 1903 5925 catalogum
1937 5868 2042 5910 non
2075 5853 2347 5922 praebeat,
2381 5862 2627 5910 exactum
2658 5864 2942 5904 numerum
2972 5859 3028 5904 et
3057 5850 3300 5905 ordinem
3335 5865 3502 5920 agno~

501 5952 776 6011 Ρλτιοι..
824 5947 960 6007 LIV
1974 5989 2006 5997 ..

1834 5989 1896 5997 ..-
1974 5989 2006 5997 ..
2349 5980 2375 5993 ..
2950 5942 3020 6002 ιε
