4006 6348
560 344 672 407 589
1425 343 1796 407 PREFATIO
1833 348 1900 405 IN
1939 346 2419 409 EPISTOLAS‘S.
2460 350 2709 412 LEONIS
2746 353 2986 414 MAGNI.
3709 371 3803 438 εσυ

559 465 720 533 epist.
752 462 856 531 85;
885 463 1033 530 XIX,
1055 463 1119 517 ad
1150 462 1477 518 Marcianum
1508 468 1665 534 epist.
1702 466 1801 531 90;
1824 466 1939 533 XX,
1981 466 2047 520 ad
2077 468 2341 537 synodum
2392 468 2885 525 Cbalcedonensem
2917 471 3076 537 epist.
3102 469 3201 537 95;
3229 468 3374 539 XXI,
3410 474 3473 530 ad
3510 478 3800 549 Marcianum

555 559 717 626 epist.
754 557 877 623 104;
918 556 1081 617 XXII,
1113 558 1175 609 ad
1205 556 1513 611 Anatolium
1546 560 1704 628 epist.
1743 561 1875 627 106;
1912 561 2098 629 XXIII,
2123 563 2191 616 ad
2220 564 2545 619 Marcianum
2574 568 2730 634 epist.
2767 569 2903 631 115;
2939 566 3126 633 XXIV,
3156 568 3222 621 ad
3245 569 3484 627 eumdem
3509 580 3661 645 epist.
3683 584 3798 645 150:

561 647 731 711 XXV,
756 648 819 701 ad
842 649 1088 699 eumdem
1112 647 1267 716 epist.
1302 649 1429 712 134;
1461 649 1649 715 XXVI,
1677 654 1740 706 ad
1769 653 2001 709 Leonem
2027 658 2143 723 impt

2219 667 2406 713 ttorcnt
2436 660 2575 727 epISL
2606 630 2736 725 165;
2773 660 2989 724 XXVII,
3015 663 3078 713 ad
3103 630 3801 736 'I'ttrt'ibittm.AsttirtcenIeiri

553 742 720 810 epist.
758 740 859 794 15:
896 738 1023 791 XX\
1044 737 1127 802 lll,
1161 740 1225 791 ad
1260 740 1415 794 Italos
1443 745 1600 811 epist.
1631 744 1699 809 7;
1732 743 1927 808 XXIX,
1957 747 2021 799 ad
2052 746 2261 801 Siculos
2294 752 2454 817 epist.
2488 751 2585 813 16;
2619 750 2789 812 XXX.
2823 752 2887 804 ad
2913 753 3196 820 episeopos
3222 768 3316 822 per
3341 751 3686 832 Campaniam,
3711 776 3804 825 etc.

551 835 710 903 epist.
752 831 1039 925 “XXXI,
1088 834 1153 887 ad
1191 832 1504 889 Ianuarium
1535 838 1691 903 epist.
1742 839 1842 903 18;
1868 838 2086 903 XXXII,
2123 841 2189 894 ad
2224 842 2501 895 RuSticum
2524 852 2681 911 epist.
2728 843 2859 907 107;
2908 842 3149 908 XXXIII,
3184 843 3249 895 ad
3301 847 3623 904 Anastasium
3664 857 3803 925 epist.

550 926 651 989 41;
694 923 935 990 XXXIV,
980 925 1046 979 ad
1077 925 1317 981 Nicetam
1359 929 1520 996 epist.
1575 928 1707 993 159;
1752 928 1969 993 XXXV,
1998 933 2062 984 ad
2092 930 2379 987 Africanos
2421 933 2579 1001 epist.
2622 932 2713 998 12;
2757 932 3001 999 XXXVI,
3034 935 3100 985 ad
3129 932 3468 990 Tneodorum
3505 940 3651 1007 cpiSt,
3685 923 3801 1015 10";

549 1018 814 1082 XXXVII,
843 1018 909 1072 ad
943 1018 1179 1073 Leonem
1211 1022 1326 1086 (seu
1358 1020 1623 1092 Neonem)
1653 1020 2021 1077 RaVennatem
2052 1025 2211 1093 epist.
2248 1024 2382 1090 166;
2424 1023 2714 1091 XXXVIII,
2743 1025 2811 1078 ad
2850 1024 3169 1079 Dioscorum
3196 1026 3354 1093 epist.
3383 1024 3445 1092 9;
3486 1026 3720 1099 XXXIX,
3747 1037 3805 1092 ad

551 1118 856 1187 Campanos
882 1116 1043 1186 epist.
1072 1117 1195 1171 168.
1572 1158 1575 1161 ν

882 1116 1043 1186 epist.
1072 1117 1195 1171 168.
1572 1158 1575 1161 ν
2422 1142 2438 1147 -

628 1214 715 1269 19.
761 1213 1083 1267 Munendum
1118 1215 1219 1267 boc
1252 1213 1371 1267 loco
1400 1223 1500 1279 est,
1533 1214 1583 1268 in
1617 1214 1795 1269 indice
1824 1214 2165 1269 decretorum
2200 1214 2567 1269 Romanorum
2607 1213 2918 1284 pontiﬁcum
2959 1212 3084 1266 huic
3113 1212 3417 1268 collectioni
3448 1215 3676 1285 praefixo,
3706 1228 3803 1278 tum

546 1306 601 1361 in
629 1308 904 1361 codicibus
930 1322 1063 1375 quos
1087 1306 1342 1371 vidimus,
1379 1314 1488 1358 tum
1521 1307 1658 1375 apttd
1700 1305 2071 1361 Constantium
2104 1316 2213 1361 tres
2251 1306 2446 1360 Leonis
2474 1306 2731 1375 epistolas
2762 1304 2828 1359 ad
2866 1304 3189 1357 Marcianum
3216 1304 3425 1358 censeri
3464 1320 3606 1360 num.
3637 1310 3717 1376 51,
3743 1311 3805 1368 52

549 1410 603 1453 et
630 1399 718 1462 55,
752 1416 814 1452 ex
848 1401 1041 1467 quibus
1068 1397 1417 1465 quadraginta
1466 1396 1605 1450 tituli
1636 1398 1701 1450 ad
1728 1397 1967 1451 Leonem
2014 1396 2306 1466 pertinent.
2359 1399 2427 1451 At
2458 1398 2511 1451 in
2542 1398 2661 1463 ipso
2689 1395 3027 1450 collectionis
3056 1409 3283 1463 corpore
3314 1394 3368 1447 in
3398 1395 3638 1451 omnibus
3668 1414 3803 1467 mss,,

546 1505 710 1543 ttntno
761 1489 919 1541 etiam
966 1487 1105 1556 apud
1160 1484 1421 1539 Isidorum
1450 1528 1465 1552 ,
1514 1489 1602 1555 qui
1647 1496 1813 1540 totam
1860 1488 2202 1557 Ilispanicam
2254 1487 2627 1542 collectionem
2678 1485 3007 1555 descripsit,
3062 1486 3183 1540 duae
3234 1494 3441 1540 tantum
3486 1488 3711 1554 epistolae
3746 1494 3804 1547 ad

538 1577 864 1631 Marcianum
933 1590 997 1628 eo
1055 1576 1171 1629 loco
1226 1576 1604 1642 inveniuntur;
1668 1592 1729 1631 ac
1794 1593 2080 1647 propterea
2128 1594 2319 1633 omnes
2382 1588 2508 1633 sunt
2577 1588 2783 1632 tantum
2832 1576 2923 1633 39.
2974 1576 3223 1633 Notabile
3283 1583 3371 1633 est
3413 1577 3572 1632 etiam
3630 1581 3809 1650 episto.

540 1668 649 1723 Iam
698 1667 763 1721 12
808 1671 871 1719 :nl
920 1669 1203 1736 episcopos
1240 1667 1567 1735 Africanos,
1616 1684 1709 1722 seu
1762 1670 1995 1736 Mauros,
2040 1671 2091 1723 in
2138 1669 2238 1723 hac
2287 1669 2607 1725 collectione
2667 1668 2910 1723 exhiberi
2962 1668 3298 1722 decurtatam
3348 1682 3411 1722 ac
3450 1667 3707 1725 diversam
3747 1675 3805 1730 ab

537 1778 601 1818 ea
647 1778 766 1834 qute
809 1765 859 1816 in
889 1760 1209 1819 collectione
1241 1763 1464 1826 septima
1512 1760 1809 1815 Hadrianea
1865 1762 2074 1831 legitur.
2113 1762 2167 1815 ld
2208 1770 2386 1815 autem
2435 1761 2779 1816 manifestum
2820 1759 2943 1814 facit
2972 1758 3223 1827 IIiSpanze
3259 1757 3596 1813 collectionis
3622 1764 3807 1820 auctori

538 1869 731 1922 purum
764 1852 1002 1923 Dionysii
1036 1851 1274 1905 codicem
1304 1851 1492 1915 fuisse,
1525 1854 1577 1904 in
1620 1868 1725 1921 quo
1757 1853 1872 1907 hzec
1899 1853 2131 1919 epistola
2171 1852 2386 1921 deerat;
2433 1852 2567 1907 alias
2616 1851 2755 1907 banc
2800 1866 2905 1906 non
2940 1852 3116 1906 minus
3146 1866 3308 1920 quam
3354 1862 3579 1908 caeteras
3622 1863 3805 1925 septem

533 1943 735 1999 Leonis
763 1942 1019 2010 epistolas
1049 1956 1115 1995 ex
1145 1956 1245 1995 suo
1278 1942 1607 2013 Dionysiano
1635 1944 1823 1997 codice
1876 1943 2256 2013 descripsisset
2283 1944 2339 1999 in
2381 1944 2628 2000 eamdem
2671 1943 2939 2000 rationem
2978 1957 3081 2014 qua
3127 1944 3385 2015 Dionysio
3427 1944 3483 1999 in
3530 1945 3807 2004 Hadrianea

532 2041 714 2094 addita
749 2039 865 2093 Iuit.

602 2133 694 2191 30.
740 2134 862 2188 "mc
908 2132 1155 2187 collectio
1204 2142 1326 2203 post
1380 2133 1764 2204 Dionysianam
1816 2134 2094 2188 meliorem
2141 2132 2391 2188 ordinem
2436 2130 2680 2203 prtefert.
2711 2130 2867 2188 Sicut
2906 2138 3088 2185 autem
3139 2130 3258 2199 ejus
3301 2138 3492 2186 auctor
3517 2131 3806 2206 Dionysium

527 2242 747 2288 secutus
780 2231 963 2284 titulus
996 2229 1236 2300 Dionysii
1270 2228 1488 2282 retinuit
1537 2229 1589 2282 in
1620 2230 1865 2296 eptswlis
1894 2243 2027 2294 quas
2059 2243 2124 2283 ex
2156 2226 2273 2295 ipso
2303 2227 2553 2295 sumpsit,
2585 2226 2655 2280 ita
2686 2226 2738 2278 in
2769 2224 2891 2278 aliis
2931 2236 3069 2294 quas
3106 2223 3306 2293 adjecit
3336 2225 3526 2278 eadem
3573 2227 3807 2283 methodo

528 2326 716 2377 titulos
762 2324 874 2381 ipse
923 2322 1175 2389 prreiixit,
1209 2336 1343 2388 quos
1375 2323 1491 2374 suis
1539 2321 1591 2374 in
1638 2322 1771 2375 locis
1814 2322 2081 2375 dabimus.
2113 2321 2344 2375 Codices
2390 2319 2547 2389 ltujus
2590 2317 2924 2373 collectionis
2967 2315 3125 2369 Valde
3177 2316 3283 2369 rari
3334 2328 3481 2370 sunt.
3531 2315 3637 2371 Nos
3679 2318 3803 2374 duo:

526 2417 816 2484 tliltgettter
864 2416 1093 2469 collatos
1135 2414 1487 2482 allegabimus
1518 2458 1529 2473 .
1578 2414 1893 2468 Vaticanum
1940 2414 2069 2469 13H
2132 2421 2187 2466 et
2240 2411 2545 2465 Caesareum
2599 2408 3068 2463 Vindebonensem
3116 2405 3223 2469 H,
3274 2406 3414 2460 olim
3461 2407 3590 2476 281,
3635 2423 3808 2464 omnes

525 2506 710 2563 saeculi
743 2506 959 2559 circiter
1007 2519 1083 2569 ιι,
1117 2518 1344 2572 quorum
1391 2505 1595 2573 primus
1624 2520 1654 2559 e
1682 2504 1976 2559 Gallicanis
2003 2548 2015 2570 ,
2064 2506 2202 2557 alter
2246 2518 2375 2557 vero
2418 2518 2485 2556 ex
2536 2500 2834 2568 llispanicis
2884 2498 3191 2569 purioribus
3234 2497 3509 2568 exemplis
3559 2500 3803 2567 originem

522 2598 697 2660 duxit,
730 2598 795 2651 de
826 2611 933 2665 quo
981 2595 1127 2659 plura
1178 2594 1229 2647 in
1286 2602 1515 2648 tractatu
1567 2596 1632 2648 de
1676 2596 1913 2662 antiquis
1943 2594 2362 2649 Collectionibus
2406 2604 2460 2648 et
2504 2592 2897 2647 Collectoribns
2931 2606 3197 2645 canonum
3235 2598 3391 2645 tumo
3430 2593 3588 2646 tertio
3614 2604 3806 2664 agetur.

522 2687 622 2744 IIic
651 2703 778 2741 vero
810 2699 1142 2752 prmmonere
1173 2687 1404 2739 maxime
1433 2685 1655 2739 inter-cst
1689 2686 1857 2739 CtttiICt
1880 2702 1929 2738 m
1964 2685 2431 2739 Vindehouensem
2479 2700 2585 2737 non
2617 2683 2801 2751 paucis
2843 2684 2895 2736 in
2928 2682 3058 2736 lucis
3092 2697 3360 2737 erroneas
3392 2684 3647 2740 lectiones
3682 2700 3808 2755 prie-

519 2780 685 2847 ferre,
718 2795 837 2847 qtne
870 2780 922 2831 in
956 2778 1213 2832 Vaticano
1247 2779 1549 2833 emendatae
1584 2781 1713 2833 satis
1755 2793 1934 2847 aptum
1986 2793 2201 2833 sensum
2252 2780 2574 2848 plerumque
2617 2777 2879 2830 referunt.
2914 2776 2991 2828 Ex
3037 2774 3340 2829 collatione
3368 2787 3549 2830 autem
3577 2777 3809 2832 codicum

519 2879 746 2934 aliarum
780 2894 897 2942 qum
946 2876 1256 2946 primaevam
1286 2876 1485 2931 Leonis
1516 2878 1802 2931 lectionem
1832 2876 2178 2929 concorditer
2208 2874 2507 2938 exhibent,
2554 2871 3010 2940 deprehendimus
3041 2870 3106 2923 ad
3139 2870 3274 2924 lianc
3321 2873 3526 2940 saepius
3568 2873 3809 2929 accedere

518 2970 694 3037 ipsum
730 2985 971 3023 crtorem
1006 2984 1107 3023 ms.
1146 2968 1613 3033 Vintlebonensis,
1662 2970 1950 3034 plurimum
1982 2985 2109 3021 vero
2136 2968 2329 3021 abesse
2363 2966 2509 3020 illam
2542 2981 2645 3018 ms.
2681 2964 2952 3029 Vaticnni,
3002 2963 3071 3015 ita
3104 2972 3164 3017 ut
3194 2962 3493 3017 arbitraria
3522 2965 3810 3021 emendatio

516 3062 801 3115 mansfesta
844 3062 952 3113 liat.
992 3058 1126 3114 Hinc
1169 3060 1337 3127 liquet
1374 3061 1603 3129 primmn
1649 3060 1948 3113 studiosum
1985 3060 2262 3111 librarium
2294 3060 2381 3122 qui
2414 3062 2551 3111 banc
2577 3055 2953 3110 collectionem
2991 3054 3278 3123 exscripsit
3320 3069 3391 3109 ex
3424 3055 3612 3110 codice
3642 3056 3804 3127 aliquo

516 3154 830 3221 Hispanico.
864 3154 957 3208 sed
992 3152 1274 3217 mendoso,
1306 3152 1471 3205 multa
1522 3152 1766 3206 libertate
1812 3154 1864 3206 in
1911 3153 2246 3221 corrigendis
2279 3152 2557 3203 ertoribus
2592 3165 2745 3202 u~nin
2778 3148 2940 3204 fuisse
2964 3190 2979 3215 ,
3030 3147 3174 3203 unde
3208 3149 3294 3202 Itis
3329 3149 3809 3218 emendationibus,

516 3248 645 3304 licet
691 3248 949 3316 optimum
1013 3263 1230 3303 sensmn
1286 3246 1618 3313 pra-ferant,
1685 3262 1788 3297 nun
1839 3246 2065 3298 multum
2120 3242 2391 3297 ﬁdendum
2439 3241 2556 3296 fuit.
2626 3240 2711 3295 Ex
2764 3240 2950 3295 codice
3005 3252 3185 3296 autem
3244 3241 3485 3311 perinde
3538 3242 3810 3299 emendato

513 3338 928 3409 proﬁciscuntur
959 3352 1019 3391 ea
1050 3337 1376 3403 exemplaria
1410 3336 1746 3389 collectionis
1780 3336 2079 3403 Hispanicae
2112 3349 2231 3403 quae
2262 3332 2539 3388 Gallicana
2584 3331 2946 3401 appellamus,
2984 3336 3057 3413 uti
3089 3339 3172 3386 est
3200 3335 3389 3388 Codex
3426 3332 3548 3387 Vat.
3578 3335 3733 3405 1541,
3764 3345 3813 3392 et

516 3432 608 3485 alii
642 3430 866 3493 similes,
904 3446 1041 3498 quos
1070 3434 1120 3482 in
1156 3430 1368 3481 laudato
1399 3438 1625 3481 tractatu
1659 3428 2033 3496 allegabimus.
2065 3429 2196 3481 Cum
2233 3441 2391 3492 porro
2418 3442 2484 3479 ex
2516 3424 2798 3480 Gellii-ano
2838 3426 3087 3485 exemplo
3132 3425 3494 3482 collectionis
3531 3428 3813 3498 llispaniou

516 3520 715 3575 Leonis
758 3520 1012 3587 epistolas
1060 3521 1353 3588 sumpserit
1414 3526 1602 3571 auctor
1649 3518 1981 3571 collectionis
2022 3532 2140 3584 uate
2192 3516 2488 3569 lsidoriana
2539 3530 2783 3577 vocatur,
2826 3533 2891 3571 ex
2941 3516 3146 3570 Isidoro
3206 3529 3405 3573 autem
3459 3519 3814 3574 derivaverint

514 3613 730 3668 ea-dctn
772 3613 1031 3676 epistolas
1062 3624 1319 3663 attetores
1362 3610 1587 3662 alitrnm
1638 3611 1998 3675 posteriorum
2047 3610 2429 3662 collectionum
2456 3650 2471 3675 ,
2522 3612 2595 3663 uti
2628 3610 2882 3678 deinceps
2916 3609 3258 3674 nombimus,
3311 3610 3446 3665 hinc
3498 3614 3549 3664 in
3583 3613 3815 3665 omnibus

512 3707 729 3760 easdem
765 3705 874 3759 lere
903 3704 1161 3757 lectiones
1209 3704 1512 3756 invenimus
1544 3717 1604 3755 ac
1638 3705 1685 3755 in
1728 3703 1846 3756 Vat.
1884 3702 2033 3767 Ilisp.
2070 3702 2225 3755 1341.
2273 3704 2347 3755 Ex
2386 3704 2487 3756 bac
2513 3714 2689 3755 autem
2737 3703 3212 3757 animadversione
3258 3702 3434 3760 facile
3463 3714 3551 3760 est
3574 3706 3818 3775 colligere

507 3816 667 3871 quam
702 3800 906 3852 minimi
958 3797 1232 3853 faciendas
1266 3811 1387 3850 esse
1421 3796 1679 3849 lectiones
1725 3794 1914 3847 ltotum
1949 3795 2189 3847 omnium
2220 3794 2468 3849 codicum
2496 3838 2510 3860 ,
2565 3811 2686 3865 quae
2726 3811 2852 3861 cunt
2889 3796 3120 3849 lectione
3150 3794 3408 3851 Vaticani
3444 3798 3598 3867 HiSp.
3629 3813 3815 3854 conve-

506 3894 694 3955 niunt,
737 3907 764 3943 a
797 3890 1201 3945 Vindebonensi
1240 3901 1418 3943 autem
1449 3889 1793 3942 dissentiunt.
1834 3887 1944 3940 Ilac
1986 3887 2055 3939 de
2086 3903 2244 3940 causa
2279 3904 2384 3941 non
2416 3888 2603 3943 inutile
2637 3887 2733 3941 fuit
2763 3888 3004 3958 pluribus
3049 3889 3102 3941 in
3132 3888 3270 3943 locis
3306 3889 3581 3946 lectiones
3608 3890 3818 3947 mendo-

506 3998 597 4039 sas
628 3982 1058 4037 Vindebonensis
1090 3983 1241 4051 Ilisp.
1280 3982 1333 4035 in
1383 3981 1827 4034 annotationibus
1881 3980 2189 4033 describere
2216 4022 2230 4044 ,
2281 3991 2335 4034 et
2363 3980 2609 4035 Vaticani
2644 3980 2911 4035 variantes
2941 3992 3224 4045 annotare,
3270 3988 3340 4035 ut
3379 3982 3602 4039 scilicet
3644 3998 3818 4039 emen-

505 4075 753 4131 dat:ones
801 4076 1055 4143 pateliant
1092 4090 1212 4143 quae
1242 4089 1309 4127 ex
1358 4075 1477 4143 ipso
1507 4071 1745 4143 genuino
1780 4080 1929 4126 textu
1959 4072 2260 4126 arbitrariae
2291 4084 2711 4143 cognoscentur.
2744 4072 2883 4128 Alia:
2929 4072 3187 4129 utilitates
3230 4074 3407 4145 hujus
3433 4075 3732 4148 diligentia:
3758 4090 3819 4134 ex

506 4178 809 4224 memorato
839 4174 1066 4221 tractatu
1100 4167 1380 4236 patebunt.

1602 4256 1629 4319 §
1652 4254 1735 4307 XI.
1761 4256 1836 4306 De
1860 4256 2152 4307 collectione
2176 4258 2384 4322 decima,
2414 4256 2698 4309 Isidoriaua.

572 4371 665 4427 21.
698 4370 886 4425 lsidori
918 4367 1231 4423 Mercatoris
1260 4365 1515 4420 collectio
1548 4376 1667 4435 post
1693 4365 2057 4434 llispanicam,
2082 4365 2258 4435 quoad
2284 4366 2479 4420 Leonis
2509 4365 2789 4433 epistolas,
2822 4364 3077 4422 distincte
3105 4381 3210 4423 non
3236 4376 3395 4425 esset
3423 4370 3808 4435 memoranda;

502 4479 670 4535 purus
699 4464 840 4515 enim
873 4460 1061 4514 ISldttl‘I
1092 4459 1261 4513 codex
1290 4458 1508 4512 easdem
1532 4473 1635 4511 nec
1660 4457 1864 4526 plures,
1893 4473 1993 4512 nec
2027 4457 2307 4525 pauciores
2357 4460 2550 4514 Leonis
2578 4460 2835 4529 epistulas
2864 4461 3146 4532 continet,
3194 4478 3321 4531 qua:
3353 4464 3589 4535 quidem
3620 4467 3675 4521 in
3705 4479 3819 4520 eum
3910 4460 3911 4481 ¹

503 4569 565 4608 εκ
600 4556 883 4617 Hispanica
917 4552 1265 4617 collectione,
1299 4552 1415 4604 sine
1446 4551 1550 4602 ulla
1585 4549 1801 4604 ﬁetione
1831 4552 1911 4603 vel
1944 4551 2241 4617 additione,
2278 4550 2489 4607 fuerunt
2514 4554 2795 4617 traducta),
2822 4563 2877 4607 ut
2905 4563 3048 4621 patet
3077 4569 3143 4609 ex
3166 4555 3369 4613 codice
3398 4558 3671 4615 Vaticano
3701 4558 3814 4625 630,
3908 4586 3909 4601 ι

500 4650 688 4705 sa-culi
719 4649 935 4702 circiter
966 4665 1039 4712 ιχ,
1070 4664 1229 4714 quem
1264 4655 1515 4700 accurate
1546 4648 1897 4712 contulimus,
1923 4654 1978 4700 et
1998 4661 2061 4700 ex
2092 4646 2351 4701 Vaticano
2387 4648 2513 4715 651,
2546 4650 2732 4705 saeculi
2754 4652 2970 4706 circiter
3000 4669 3119 4709 χιιι.
3149 4653 3359 4709 Caeteri
3405 4655 3656 4721 codices,
3707 4658 3819 4725 quia
3906 4692 3907 4721 ᾖ

500 4747 603 4799 alia
636 4744 873 4795 additam
900 4756 1001 4794 nia
1027 4743 1078 4794 in
1110 4741 1289 4795 Leone
1318 4740 1602 4804 rccipiunt,
1638 4740 1742 4793 etsi
1773 4739 1823 4790 in
1851 4740 2063 4792 cacteris
2092 4740 2364 4809 plerisque
2396 4743 2674 4797 Isidoriani
2704 4744 2832 4808 sint,
2866 4744 2918 4799 in
2965 4744 3163 4800 Leonis
3197 4756 3393 4803 tamen
3446 4750 3699 4817 epistolis
3734 4764 3819 4817 pu-

498 4853 617 4893 rum
649 4836 910 4889 l~idorum
940 4850 1043 4887 non
1074 4833 1334 4897 rvit-runt,
1366 4842 1422 4886 ut
1450 4847 1574 4886 mox
1600 4832 1935 4887 videbimus:
1972 4835 2112 4889 unde
2143 4850 2240 4905 pro
2265 4836 2560 4891 Lidoriana
2595 4851 2725 4905 pura
2757 4852 3039 4905 perperam
3071 4838 3311 4895 habetur
3343 4841 3639 4909 collectio,
3671 4855 3819 4911 quam

497 4932 754 4987 Metlinns
784 4929 971 4981 eiltdit.
1006 4926 1469 4992 Depreltendimus
1500 4934 1760 4993 prieterea
1796 4927 2015 4981 easdem
2051 4927 2161 4982 fere
2186 4930 2445 4983 lectiones
2491 4944 2615 4983 cum
2647 4929 2837 4985 ii~dem
2870 4930 3187 5001 plerumque
3232 4936 3541 4991 erroribus
3599 4934 3820 4991 inveniri

498 5027 551 5080 in
582 5024 694 5077 Vat.
734 5021 861 5076 1311
893 5020 1232 5075 collectionis
1264 5020 1585 5086 lliSpanicat,
1618 5035 1682 5073 ac
1709 5021 1760 5073 in
1798 5020 1915 5074 Vat.
1945 5023 2050 5077 650
2082 5024 2199 5090 puri
2234 5023 2444 5089 Isidori,
2478 5024 2548 5076 ita
2580 5032 2639 5077 ut
2668 5025 2803 5078 alter
2836 5025 2902 5079 ab
2950 5026 3119 5080 altero
3166 5028 3440 5084 videatur
3491 5031 3817 5099 exscriptus,

463 5120 632 5213 ,ΜΙμο
660 5117 831 5172 ambae
862 5114 1208 5170 colleetiones
1238 5113 1291 5167 in
1326 5114 1505 5169 Leone
1527 5114 1895 5171 consentiunt.
1927 5118 2058 5171 Cum
2094 5126 2269 5169 tamen
2300 5117 2585 5184 llispaniea
2612 5133 2802 5187 parum
2849 5129 2972 5172 nota
3006 5120 3099 5181 sit,
3156 5120 3487 5177 Isidoriana
3532 5134 3716 5179 autem
3748 5123 3818 5175 uti

445 5207 470 5303 ί
497 5210 675 5268 notior
702 5208 855 5265 cittri
887 5208 1081 5271 soleat,
1110 5219 1161 5261 et
1190 5208 1397 5278 aliquot.
1428 5207 1767 5262 collectionis
1792 5207 2099 5262 lsidoriattm
2124 5208 2339 5261 codces
2366 5208 2691 5274 Quesnellus
2716 5208 2937 5277 alleget.
2973 5210 3135 5263 etiam
3162 5224 3192 5264 a
3220 5211 3401 5267 nobis
3431 5212 3702 5269 distincte
3721 5208 3820 5266 erit
3896 5248 3897 5303 χ

492 5302 836 5377 appellanda,
865 5308 926 5355 ut
950 5308 1233 5371 propterea
1254 5299 1481 5356 decima:
1514 5300 1851 5355 collectionis
1884 5303 2101 5356 nomine
2127 5316 2247 5355 eam
2283 5303 2369 5355 bic
2394 5302 2681 5370 designare
2710 5301 3081 5357 necessarium
3116 5301 3207 5359 sit.

1696 5435 1724 5500 §
1746 5433 1852 5485 XII.
1880 5434 1955 5485 De
1979 5435 2270 5486 collectione
2290 5435 2560 5486 undecima.

559 5548 652 5604 22.
682 5546 940 5615 Quadam
970 5559 1099 5601 vero
1129 5542 1482 5599 collectiones
1508 5559 1627 5612 qua:
1660 5560 1722 5598 ex
1756 5544 2045 5598 lsidoriana
2076 5555 2413 5614 promanant,
2447 5547 2497 5599 in
2532 5545 2715 5603 Leone
2766 5548 3025 5617 quasdam
3078 5548 3358 5619 epistolas
3409 5551 3675 5623 praabeut
3701 5563 3817 5619 qua!

488 5659 609 5697 cum
646 5645 696 5695 in
723 5642 929 5696 Isidoro
958 5650 1011 5695 et
1040 5642 1090 5694 in
1127 5636 1411 5708 llispanl’ca
1446 5639 1647 5703 desint,
1675 5642 1834 5692 aliam
1877 5643 2139 5709 originem
2172 5641 2484 5705 ostendunt,
2522 5657 2584 5695 ac
2614 5653 2893 5713 propterea
2925 5660 3023 5714 pro
3047 5644 3494 5703 collectionibus
3540 5647 3614 5702 ab
3654 5644 3818 5702 Isido-
3890 5670 3891 5681 ι

488 5734 638 5791 riana
664 5734 891 5788 diversis
910 5734 1081 5801 quoad
1111 5732 1345 5789 Leonem
1378 5736 1646 5785 recettscri
1682 5744 1901 5801 queunt.
1938 5734 2227 5790 Undecima
2284 5740 2461 5805 itaque
2494 5737 2744 5791 collectio
2772 5746 2857 5793 est
2895 5739 2947 5793 in
2991 5738 3201 5794 duobus
3242 5756 3395 5796 mss.
3463 5742 3811 5807 Isidorianis,
3888 5782 3889 5803 η

488 5826 743 5885 nimirum
772 5827 823 5883 in
852 5825 1109 5882 Vaticano
1138 5824 1498 5883 Ottoboniano
1531 5826 1620 5893 95,
1654 5828 1834 5881 smculi
1867 5842 1937 5895 ix,
1964 5831 2046 5886 vel
2082 5844 2136 5897 x,
2157 5829 2248 5899 qui
2281 5830 2383 5890 etsi
2408 5831 2460 5886 in
2491 5830 2598 5887 line
2624 5832 2840 5888 mutilus
2893 5846 2997 5888 non
3029 5846 3218 5889 omnes
3267 5833 3495 5893 Leonis
3553 5835 3814 5908 epistolas
3886 5886 3887 5923 ἦ
