4006 6348
526 276 631 336 367
1397 281 1767 339 PREFATIO
1806 281 1870 343 IN
1914 281 2286 338 EPISTOLAS
2326 286 2379 338 S.
2425 284 2673 343 LEONIS
2708 287 2947 346 MAGNI.
3642 326 3731 388 5“

512 393 645 485 fuit.
672 390 796 449 llaec
824 394 1076 452 collectio
1102 395 1362 453 dividitur
1389 395 1443 451 in
1477 405 1660 465 partes
1681 402 1813 485 tres.
1838 394 2017 449 Prima
2049 395 2370 453 documenta
2400 398 2617 456 exhibet
2645 417 2765 471 quae
2804 413 3205 471 praecesserunt
3228 416 3379 478 gesta
3403 412 3636 485 concilii;
3676 438 3742 475 Se.

509 484 685 538 cunda
720 486 864 557 ipsas
887 487 1099 543 concilii
1124 486 1365 541 actiones
1396 483 1842 555 comprehendit;
1881 486 2036 541 tertia
2070 502 2198 543 vero
2229 489 2447 546 exitibet
2473 506 2594 559 quae
2633 503 2758 564 post
2781 494 3046 566 synodum
3085 508 3207 551 acta
3248 496 3474 557 fuerunt.
3514 506 3565 562 lu
3600 483 3743 580 prima

510 594 689 654 parte,
727 600 848 655 quae
878 600 907 639 a
936 583 1159 680 Rustico
1184 583 1633 680 appellatucante
1661 584 2101 680 gestatepistolze
2126 586 2191 680 in
2221 588 2459 644 editione
2489 598 2675 644 nostra
2725 591 3077 662 collocandae,
3105 603 3234 651 sunt
3269 604 3466 665 septem
3496 608 3545 655 et
3571 605 3748 680 viginti,

505 692 737 751 quarum
764 680 960 734 seriem
987 693 1049 732 ex
1081 677 1290 733 Latinis
1312 677 1589 733 cod-cibus
1627 675 1981 747 appenditnus
2007 695 2020 731 :
2050 680 2090 745 I,
2120 679 2318 736 Leonis
2348 682 2415 737 ad
2460 685 2535 737 Eu
2561 684 2735 756 ychen
2776 687 2934 755 epist.
2967 685 3065 752 20;
3106 687 3168 752 ιι,
3203 687 3348 743 peni
3375 675 3668 755 Ravennam
3690 675 3748 764 ελ

504 770 786 844 Eutychen
813 772 973 841 epist.
1003 771 1104 837 25;
1145 770 1237 827 111.
1265 771 1464 826 Leonis
1505 772 1570 826 ad
1602 771 1915 826 Flavianum
1944 772 2103 840 epist.
2149 772 2220 829 25
2248 792 2260 832 ς
2294 773 2383 840 ιν,
2426 774 2664 831 Flaviani
2694 780 2758 830 ad
2793 776 3026 833 Leonem
3063 782 3222 850 epist.
3252 780 3353 841 22;
3396 782 3457 848 V,
3493 785 3669 845 Leonis
3692 794 3749 851 ad

504 860 765 916 FauStnnt
794 864 954 929 epist.
987 862 1088 929 72;
1120 860 1209 926 Vl.
1246 862 1483 919 Flaviani
1509 865 1575 919 ad
1607 864 1843 923 Leonem
1877 869 2031 937 epist.
2063 864 2162 932 26;
2191 862 2301 929 Vll,
2334 864 2534 921 LCIJIIIa
2562 869 2626 921 ad
2657 867 2928 925 Iulianum
2952 871 3113 940 epist.
3141 872 3241 937 35;
3274 871 3408 941 VIII,
3437 878 3497 931 ad
3526 877 3748 943 Faustum

502 966 561 1012 et
582 965 809 1012 cmtertis
837 955 1465 1031 Constantinopolitanos
1492 964 1651 1032 epist.
1678 967 1775 1034 32;
1811 966 1903 1033 IX,
1935 968 1999 1020 ad
2034 965 2396 1024 Theodosium
2426 968 2590 1033 epist.
2619 967 2718 1033 ‘29;
2748 967 2809 1031 X,
2840 968 2904 1023 ad
2933 969 3270 1026 Pulcheriam
3295 971 3450 1040 epist.
3478 974 3570 1040 50;
3596 976 3677 1045 XI,
3697 982 3754 1039 ad

499 1048 767 1120 Synodum
807 1049 1129 1120 Ephesinam
1160 1056 1317 1123 epist.
1351 1056 1451 1122 55;
1485 1056 1601 1123 XII,
1634 1059 1699 1113 ad
1734 1059 2097 1115 Theodosium
2121 1062 2283 1132 epist.
2312 1060 2409 1126 I5;
2434 1061 2570 1125 XIII,
2604 1062 2669 1113 ad
2699 1064 2947 1118 eumdem
2982 1064 3143 1132 epist.
3168 1062 3271 1130 με
3305 1064 3441 1132 XIV,
3467 1070 3529 1123 ad
3559 1069 3755 1130 Pulche-

502 1143 640 1238 riam
666 1157 828 1216 epist.
856 1145 965 1213 £5;
994 1147 1111 1207 XV.
1146 1149 1333 1205 Hilarii
1365 1150 1581 1205 diaconi
1605 1153 1670 1207 ad
1696 1153 2035 1211 Pulcheriant
2059 1158 2221 1225 epist.
2256 1156 2355 1222 I6;
2388 1155 2527 1219 XVI,
2554 1155 2807 1212 Placidia:
2851 1160 2915 1213 ad
2942 1159 3282 1214 Pulcheriam
3311 1162 3464 1229 epist.
3489 1162 3583 1231 58;
3610 1165 3756 1238 XVII,

498 1236 869 1295 Valentiniani
902 1242 967 1297 ad
993 1242 1359 1299 Theodosium
1387 1245 1549 1313 epist.
1575 1246 1674 1313 55;
1714 1246 1903 1316 XVIII,
1937 1249 2191 1305 Placidia:
2236 1251 2301 1303 ad
2346 1250 2595 1305 eumdem
2630 1251 2788 1319 epist.
2828 1251 2928 1318 56;
2958 1251 3104 1318 XIX,
3135 1252 3389 1308 Eudoxio:
3436 1256 3498 1311 ad
3537 1236 3756 1319 eumdem

501 1333 669 1403 epist.
701 1329 803 1400 57;
836 1334 959 1400 XX,
998 1335 1289 1391 Theodosii
1333 1337 1397 1391 ad
1433 1336 1869 1393 Valentinianum
1914 1342 2055 1411 epist
2098 1342 2199 1405 ϐῆς
2238 1341 2380 1405 XXI,
2410 1341 2476 1394 ad
2510 1341 2799 1397 Placidiam
2845 1344 3005 1413 epist.
3041 1343 3137 1411 63;
3172 1342 3340 1413 XXII,
3388 1346 3450 1399 ad
3490 1346 3761 1412 Ettdmiam

506 1424 672 1493 epist.
702 1426 798 1489 64;
826 1424 1013 1490 XXIII,
1052 1424 1249 1479 Leonis
1274 1425 1341 1480 ad
1365 1427 1995 1497 Constantinopolitanos
2025 1431 2184 1496 epist.
2212 1432 2311 1499 50;
2347 1430 2537 1496 XXIV,
2568 1431 2635 1487 ad
2677 1433 3131 1488 archimandritas
3168 1434 3762 1511 Consmntinopolitanos

504 1519 671 1586 epist.
705 1517 805 1576 5.:
840 1517 1007 1581 XXV,
1033 1518 1285 1574 Marciani
1311 1521 1377 1574 ad
1405 1522 1638 1576 Leonem
1670 1526 1831 1591 epist.
1857 1527 1954 1590 75;
1985 1525 2179 1593 XXVI,
2211 1526 2276 1580 ad
2307 1526 2554 1581 eumdem
2586 1528 2744 1596 epist.
2768 1526 2870 1591 76;
2896 1525 3112 1595 XXVII,
3140 1527 3435 1583 Pulcherize
3462 1531 3522 1585 ad
3543 1539 3763 1594 eumdem

500 1608 741 1666 Leonem
774 1613 935 1675 epist.
970 1612 1061 1669 77.
1092 1612 1202 1668 Una
1236 1614 1435 1669 inserta
1462 1625 1544 1671 est
1567 1618 1768 1673 acuioni
1798 1635 1916 1688 quae
1947 1620 2000 1675 in
2034 1621 2265 1691 vulgatis
2290 1630 2514 1674 Vocatur
2553 1622 2811 1681 secunda,
2845 1620 3096 1675 nimirum
3131 1620 3333 1675 Leonis
3372 1622 3437 1677 ad
3484 1623 3767 1687 Flatiannm

498 1700 660 1770 epist.
692 1700 785 1759 28,
809 1699 939 1757 Dote
969 1704 1185 1757 tandem
1213 1713 1363 1773 parte
1388 1706 1544 1761 tertia
1570 1720 1687 1776 post
1719 1709 1930 1765 concilii
1964 1719 2136 1780 gesta,
2170 1710 2221 1764 id
2255 1718 2335 1762 est
2382 1709 2571 1780 synodi
2600 1708 3060 1764 Chalcedonensis
3082 1710 3147 1764 ad
3177 1710 3412 1767 Leonem
3444 1716 3595 1784 epist.
3627 1718 3769 1787 98,et

495 1791 701 1849 Leonis
726 1795 793 1849 ad
822 1796 1065 1851 eamdem
1098 1796 1364 1868 synodum
1394 1802 1553 1867 epist.
1582 1799 1708 1855 114.
1738 1801 1910 1856 ϐπ·ωοί
1944 1812 2122 1856 autem
2147 1802 2386 1865 codices,
2431 1798 2518 1870 qui
2555 1799 2690 1853 hanc
2735 1812 3062 1867 postremam
3110 1800 3386 1871 ignorant,
3413 1804 3568 1858 aliam
3596 1807 3771 1876 episto-

498 1885 607 1940 Iam
638 1886 930 1955 pra-ferunt
956 1900 1081 1944 ante
1110 1899 1284 1960 gesta,
1319 1890 1565 1946 videlicet
1600 1890 1786 1948 Leonis
1814 1894 1883 1947 ad
1912 1895 2164 1965 synodum
2194 1892 2464 1948 Nicwnam
2490 1894 2650 1961 epist.
2684 1892 2772 1947 93.
2800 1893 2972 1949 Graeci
2995 1910 3127 1948 mss.
3159 1894 3279 1949 libri
3319 1894 3499 1951 Veneti
3527 1897 3581 1953 S.
3614 1901 3762 1959 Marci

495 1994 608 2036 non
639 1982 812 2036 solum
839 1982 1084 2038 eamdem
1116 1984 1399 2053 epistolam
1427 1997 1637 2054 ponunt
1667 1994 1793 2041 ante
1823 1999 1969 2058 gesta
1996 2004 2118 2043 cum
2149 1988 2498 2056 inscriptione
2532 1986 2601 2039 ad
2629 1988 2883 2058 synodum
2908 1990 2959 2041 in
2995 1987 3199 2056 Nicaea,
3243 2004 3352 2059 quo
3391 1990 3611 2059 primum
3651 1993 3775 2050 indi-

500 2084 651 2128 ctum
682 2072 860 2129 fuerat
879 2075 1204 2133 concilium:
1233 2092 1416 2131 verum
1446 2076 1608 2132 etiam
1641 2078 1788 2132 illam
1814 2091 2067 2147 repetunt
2099 2081 2149 2133 in
2190 2077 2388 2133 inedita
2428 2077 2640 2132 actione
2667 2078 2883 2131 concilii
2918 2077 3379 2133 Chalcedonensis
3422 2080 3472 2135 in
3504 2084 3773 2151 appendics

495 2175 977 2221 monumentorum
1009 2166 1354 2240 publicanda,
1387 2169 1473 2223 cui
1498 2169 1615 2238 ejus
1658 2170 1904 2238 epistolae
1935 2169 2099 2225 lectio
2126 2171 2466 2226 occasionem
2502 2169 2668 2224 dedit.
2702 2168 2799 2223 llic
2844 2180 3020 2225 autem
3063 2185 3160 2240 pro
3205 2170 3259 2224 in
3304 2170 3489 2227 Nicen
3525 2173 3708 2244 legitur
3731 2175 3775 2231 in

497 2257 843 2327 Chalcedone,
874 2269 1078 2315 mutata
1114 2260 1345 2318 fortasse
1372 2276 1404 2316 a
1434 2261 1623 2333 legatis
1651 2262 2028 2333 inscriptione,
2056 2277 2179 2319 cum
2204 2262 2273 2318 ob
2302 2263 2561 2317 variatam
2592 2260 2943 2317 indictionem
2968 2262 3184 2318 concilii
3217 2277 3349 2319 vere
3377 2264 3430 2318 in
3457 2262 3774 2322 Chalcedone

493 2347 686 2408 Patres
712 2353 1089 2410 convenerint.
3331 2362 3337 2367 ’

565 2486 659 2543 54.
702 2487 829 2544 Haec
854 2489 1101 2545 collectio
1127 2498 1211 2545 est
1234 2490 1597 2546 vetustissima
1620 2492 1886 2547 omnium.
1909 2490 2107 2566 Graece
2126 2493 2273 2547 enim
2306 2500 2585 2561 compacta
2615 2490 2784 2546 fuisse
2812 2491 3024 2546 videtur
3050 2492 3170 2561 ipso
3196 2492 3384 2548 Leone
3415 2496 3629 2551 vivente
3655 2497 3779 2554 inter

493 2592 694 2633 annum
725 2579 834 2636 455
862 2591 917 2637 et
944 2582 1071 2638 455.
1099 2581 1256 2650 Quod
1278 2598 1401 2638 cum
1430 2583 1689 2655 deinceps
1710 2584 1877 2639 rebus
1896 2584 2085 2638 multis
2106 2585 2237 2638 utile
2264 2583 2504 2637 futurum
2529 2584 2622 2647 sit,
2646 2582 2897 2637 distincte
2924 2591 3163 2637 statuere
3190 2592 3247 2637 et
3278 2585 3544 2640 memoria
3567 2588 3779 2642 retinere

490 2672 785 2743 plurimum
812 2674 1001 2730 refert.
1032 2675 1161 2731 Duze
1192 2677 1519 2747 epigrapltes
1554 2693 1583 2731 a
1606 2678 1903 2733 collectore
1926 2679 2145 2746 scripta:
2177 2678 2228 2732 id
2260 2677 2540 2732 evidenter
2568 2677 2966 2730 demonstrant.
3001 2676 3115 2729 Etsi
3144 2676 3293 2730 enim
3325 2678 3571 2743 epistola:
3606 2681 3779 2737 saltent

488 2765 683 2835 aliqua:
711 2764 918 2821 Latina;
944 2767 1193 2838 originis.
1222 2784 1343 2837 quae
1368 2768 1421 2822 in
1450 2768 1642 2824 Graeca
1667 2768 1989 2825 collectione
2025 2769 2397 2834 continentur,
2425 2770 2493 2822 ab
2537 2768 2653 2837 ipso
2681 2766 2888 2823 (inerte
2926 2767 3269 2823 collectionis
3312 2782 3539 2826 auolore
3571 2773 3622 2826 in
3645 2772 3783 2829 Grae-

494 2872 620 2912 cum
654 2861 914 2915 traductae
944 2876 1048 2916 non
1076 2860 1298 2931 fuerint,
1330 2863 1425 2918 sed
1447 2878 1583 2934 quas
1605 2875 1764 2920 antea
1786 2863 1976 2921 Graece
1999 2865 2239 2920 redditas
2269 2866 2489 2929 invenit,
2516 2865 2689 2917 solum
2722 2866 3003 2931 colli-gerit
3032 2875 3085 2917 et
3117 2862 3170 2917 in
3202 2879 3372 2917 unum
3404 2881 3600 2935 corpus
3619 2869 3779 2937 diges-

497 2952 661 3018 serit;
693 2952 1019 3023 epigraphes
1049 2966 1248 3019 tamen,
1281 2970 1404 3025 quae
1431 2955 1771 3026 longioribus
1799 2956 2095 3012 identidem
2127 2958 2309 3012 verbis
2329 2967 2384 3011 et
2413 2972 2534 3010 cum
2566 2956 2838 3009 historicis
2862 2955 3181 3024 quibusdam
3214 2957 3429 3010 notitiis
3455 2958 3785 3026 praefiguntur

496 3043 766 3112 epistolis,
790 3046 965 3099 eidem
994 3043 1187 3101 Grieco
1218 3047 1494 3102 collectori
1524 3045 1859 3113 referendas,
1894 3054 1950 3102 et
1982 3046 2323 3101 collectionis
2350 3058 2594 3115 tempore
2635 3047 2868 3115 scriptas
2904 3045 3182 3098 iudubium
3236 3046 3538 3101 credimus.
3583 3047 3784 3106 Graeca.

497 3146 681 3193 autem
711 3140 973 3195 collector
1005 3139 1058 3195 in
1088 3142 1382 3212 epigraphe
1405 3157 1565 3212 quam
1608 3142 1838 3212 praefixit
1866 3140 2115 3212 epistolis
2162 3140 2545 3205 Valentiniani,
2598 3138 2849 3193 Placidia:
2883 3146 2937 3192 et
2982 3138 3241 3193 Eudosiae
3294 3141 3364 3194 ad
3419 3141 3788 3217 imperatorem

492 3237 883 3303 Theodosium,
910 3237 1053 3294 hunc
1077 3247 1134 3294 et
1158 3237 1477 3307 Placidiam,
1507 3238 1629 3309 quia
1652 3237 1989 3293 collectionis
2018 3248 2263 3306 tempore
2287 3252 2317 3291 e
2339 3236 2476 3289 vivis
2506 3244 2875 3296 excesserant,
2906 3234 3035 3286 diva:
3053 3233 3322 3287 memoria:
3350 3235 3513 3289 titulo
3532 3237 3784 3304 appellat;

498 3334 945 3391 Valentinianum
972 3343 1177 3397 autem,
1206 3348 1330 3388 cum
1356 3332 1533 3388 adhuc
1565 3332 1794 3396 viveret,
1826 3346 1931 3386 non
1964 3331 2096 3387 divw
2123 3333 2405 3393 memoriae,
2428 3330 2521 3382 sed
2547 3328 2812 3380 dominum
2840 3338 3018 3379 vocat.
3053 3328 3325 3395 Integram
3353 3328 3686 3396 epigraphen
3706 3328 3789 3382 da-

490 3430 671 3485 bimus
700 3432 753 3485 in
784 3429 1045 3485 admonit.
1079 3429 1356 3498 praemissa
1383 3427 1633 3497 epistola:
1672 3425 1766 3491 55,
1797 3441 1948 3479 num.
1988 3426 2040 3479 7.
2080 3424 2246 3495 Igitur
2296 3423 2411 3477 haec
2454 3421 2703 3476 collectio
2733 3434 2761 3472 a
2796 3418 2989 3475 Graeco
3033 3429 3257 3475 auctore
3301 3420 3517 3489 digesta
3543 3422 3639 3475 fuit
3679 3430 3788 3476 ante

496 3521 864 3578 Valentiniani
898 3534 1149 3576 mortem.
1177 3519 1350 3575 Porro
1377 3535 1445 3575 ex
1475 3520 1772 3590 epigraphe
1814 3518 1885 3574 ab
1916 3522 2107 3573 eodem
2138 3520 2430 3574 collectore
2461 3517 2677 3583 pradixa
2722 3516 2968 3584 epistolae
3007 3518 3073 3570 77
3116 3516 3433 3571 Pulcheriaa
3471 3517 3541 3571 ad
3573 3517 3792 3572 Leonem

490 3616 511 3687 (
544 3616 598 3669 in
625 3622 807 3669 nostra
837 3614 1078 3671 editione
1101 3612 1316 3667 dabitur
1340 3612 1459 3667 loco
1489 3611 1788 3683 synopsis),
1820 3611 1936 3664 haec
1962 3611 2094 3663 diva:
2125 3610 2385 3663 memoriae
2416 3607 2568 3660 titulo
2612 3608 2951 3671 nominatur;
2984 3621 3103 3676 qua:
3134 3607 3378 3661 formula
3410 3622 3534 3662 eam
3562 3607 3670 3677 jam
3707 3607 3793 3661 de-

489 3709 730 3766 functam
757 3708 1019 3765 ostendit.
1050 3706 1336 3762 Pulcheria
1362 3720 1675 3773 supremum
1699 3705 1843 3760 diem
1872 3705 2009 3759 obizt
2028 3719 2117 3758 an.
2147 3701 2277 3766 455,
2302 3701 2709 3755 Valentinianus
2738 3715 2870 3754 vero
2908 3715 3052 3754 anno
3079 3699 3210 3755 455.
3239 3703 3437 3772 Itaque
3487 3703 3604 3758 haec
3641 3702 3795 3757 colle-

489 3804 602 3859 ctio
629 3803 806 3874 quoad
835 3802 1101 3873 originem
1130 3800 1373 3857 Graecam
1403 3801 1544 3855 inter
1572 3812 1661 3853 an.
1686 3798 1795 3854 455
1816 3804 1873 3852 et
1896 3796 2006 3852 455
2036 3795 2351 3851 Collocanda
2378 3803 2483 3848 est.
2518 3793 2571 3846 Id
2598 3792 2908 3847 continuari
2935 3804 3113 3863 potest
3139 3810 3204 3848 ex
3238 3796 3554 3851 emissione
3582 3795 3792 3849 aliarum

490 3899 821 3969 ceteroquin
852 3896 1163 3965 insignium,
1195 3906 1251 3949 at
1282 3895 1661 3964 posteriorum,
1690 3891 2037 3962 epistolarum
2070 3890 2290 3952 Leonis,
2335 3903 2399 3941 ac
2422 3888 2718 3956 praesertim
2749 3888 2911 3953 epist.
2958 3886 3061 3941 l65
3091 3887 3156 3940 ad
3182 3885 3438 3943 Leonem
3485 3892 3795 3957 Augustum.

489 3990 625 4046 Cum
651 3993 793 4045 enim
822 3987 938 4044 hinc
960 3990 1120 4043 etiam
1150 3988 1291 4057 apud
1315 3984 1537 4043 Graecos
1557 3983 1909 4040 celeberrima
1939 3992 2105 4048 esset,
2132 3981 2205 4036 uti
2228 3980 2280 4034 in
2307 3978 2677 4033 admonitione
2698 3977 2763 4030 ad
2788 3978 3032 4031 eamdem
3054 3978 3409 4046 ostendetur,
3434 3979 3570 4033 nihil
3592 3980 3796 4034 dubium

490 4091 576 4135 est
604 4082 733 4151 quin
765 4082 902 4134 hanc
934 4080 1203 4150 praecipue
1230 4078 1391 4148 hujus
1415 4075 1755 4132 collectionis
1785 4087 1977 4129 auctor
2005 4074 2347 4135 inseruisset,
2389 4071 2434 4122 si
2470 4078 2590 4138 post
2636 4068 2733 4121 has
2764 4068 2969 4121 litteras
3020 4066 3218 4123 missas
3244 4069 3300 4122 in
3335 4069 3627 4126 Orientem
3669 4083 3798 4124 anno

491 4176 601 4233 £58
623 4176 1000 4232 collectionem
1045 4173 1411 4229 concinasset.
1445 4170 1523 4226 Ex
1550 4185 1659 4239 quo
1698 4184 1829 4224 vero
1860 4184 1978 4223 eam
2022 4164 2301 4223 contexuit
2345 4162 2507 4233 paulo
2557 4170 2678 4231 post
2725 4160 3011 4214 concilium
3048 4160 3522 4216 Chalcedonense
3561 4173 3685 4217 ante
3720 4175 3800 4216 an-

488 4287 616 4328 num
648 4270 776 4336 s55,
807 4270 951 4325 solas
980 4270 1186 4325 litteras
1212 4279 1339 4323 ante
1365 4264 1806 4321 Chalcedonense
1834 4263 2085 4330 scriptas,
2119 4269 2174 4317 et
2200 4273 2324 4330 quae
2347 4272 2472 4312 mox
2497 4256 2599 4310 sub
2636 4254 2776 4310 idem
2809 4253 3097 4308 (“ominum
3140 4246 3313 4309 θιΙίιεε
3361 4255 3612 4322 (uerum.
3654 4253 3800 4309 ευηὶ·

490 4378 619 4433 gere
646 4363 839 4428 patuit.
872 4361 1006 4417 Cum
1033 4376 1165 4417 vero
1196 4362 1334 4415 hanc
1364 4358 1717 4428 cpistoiarum
1745 4355 2121 4412 collectionem
2149 4369 2242 4421 per
2269 4351 2437 4406 hocce
2474 4360 2687 4418 tempus
2715 4347 2856 4413 apud
2886 4347 3107 4402 Graecos
3145 4360 3511 4416 compactam
3561 4350 3798 4415 dicimus,

501 4473 612 4514 non
636 4456 839 4512 idcirco
869 4455 1141 4527 credimus
1164 4467 1353 4508 omnes
1381 4450 1638 4521 epistolas
1663 4466 1783 4520 quae
1819 4463 1964 4503 nunc
1989 4448 2165 4502 eidem
2190 4442 2498 4500 collectioni
2531 4443 2750 4495 insertae
2771 4451 2925 4505 sunt,
2951 4438 3141 4493 eodem
3171 4450 3439 4510 tempore
3466 4442 3632 4497 simul
3653 4440 3802 4496 fuisse

490 4552 770 4607 collectas.
800 4550 920 4606 Alia
948 4552 1091 4605 enim
1133 4547 1324 4604 Cra-ca
1360 4543 1690 4613 exemplaria
1730 4542 1936 4613 plures,
1969 4540 2072 4594 alia
2113 4539 2396 4608 pauciotes
2442 4536 2647 4589 litteras
2678 4532 2990 4603 praeferunt.
3035 4531 3234 4586 Totum
3273 4534 3587 4589 discrimen
3631 4544 3711 4590 est
3756 4534 3803 4587 in

493 4643 768 4708 Leoninis,
804 4644 889 4698 vel
921 4642 987 4697 ad
1021 4642 1255 4696 Leonem
1287 4636 1702 4709 pertinentibus.
1738 4635 1795 4689 In
1828 4649 1961 4688 mss.
1989 4631 2195 4689 Grecis
2223 4629 2524 4693 codicibus,
2560 4629 2757 4696 quibus
2803 4625 3029 4681 Romani
3074 4626 3327 4683 editores
3358 4631 3448 4683 usi
3494 4629 3730 4695 fuerunt,
3757 4635 3807 4683 et

497 4741 750 4797 similiter
772 4740 825 4793 in
849 4739 1061 4793 duolius
1088 4736 1314 4794 Venetis
1341 4735 1538 4787 desunt
1559 4729 1804 4800 epistolae
1831 4743 1951 4797 sex,
1982 4728 2233 4783 nimirum
2256 4727 2417 4795 epist.
2447 4720 2542 4787 96,
2576 4720 2818 4775 Flaviani
2848 4720 2913 4773 ad
2950 4717 3187 4774 Leonem
3230 4736 3248 4785 ;
3277 4722 3454 4787 epist.
3484 4722 3584 4787 ιδ,
3622 4722 3807 4777 Leonis

490 4840 557 4893 ad
592 4837 962 4901 Pulcheriam;
993 4836 1157 4901 epist.
1183 4831 1273 4894 46,
1306 4828 1494 4884 Hilarii
1524 4825 1592 4880 ad
1620 4824 1906 4888 eamdem;
1932 4822 2093 4891 epist.
2120 4819 2213 4884 50,
2243 4818 2444 4874 Leonis
2465 4818 2530 4871 ad
2552 4813 3209 4881 Constantinopolitanos;
3241 4816 3420 4883 epist.
3444 4816 3543 4879 51,
3575 4815 3809 4884 ejusdem

489 4934 555 4986 ad
580 4928 1062 4992 archimandritas;
1094 4936 1147 4981 et
1177 4924 1340 4992 epist.
1372 4920 1464 4988 58,
1489 4916 1746 4975 Placidia:
1767 4916 1833 4972 ad
1863 4913 2225 4970 Pulcheriam.
2253 4910 2361 4965 llas
2401 4924 2531 4963 vero
2563 4906 2616 4961 in
2641 4906 2852 4961 duobus
2887 4918 3018 4958 mss.
3066 4904 3491 4962 Parisiensibus
3535 4908 3735 4964 invenit
3762 4918 3811 4963 et

372 5036 377 5041 '
404 5084 407 5087 ,
491 5026 662 5081 edidit
688 5020 990 5077 Co‘telerius
1012 5035 1029 5074 :
1051 5034 1171 5086 qum
1196 5031 1318 5071 cum
1347 5014 1398 5068 in
1423 5014 1592 5081 prima
1612 5011 1935 5067 collectione
1962 5007 2164 5072 desint,
2192 5003 2462 5075 posterius
2483 5001 2677 5057 addita:
2701 5009 3018 5055 nosruntur.
3054 5001 3470 5071 Antiquissima
3497 5015 3677 5060 tamen
3704 5004 3811 5060 hac

489 5115 696 5171 additio
717 5125 795 5169 est
820 5127 837 5177 ;
868 5125 989 5163 nam
1015 5108 1229 5163 codices
1260 5104 1660 5161 Parisiensibus
1689 5101 1896 5156 similes
1926 5112 2117 5155 uacms
2144 5108 2230 5152 est
2265 5096 2534 5161 Rusticus,
2564 5110 2684 5149 cum
2726 5092 2826 5148 sub
2858 5092 3093 5147 medium
3140 5097 3420 5152 saeculum
3458 5113 3516 5153 v1
3540 5101 3680 5153 hanc
3707 5097 3811 5151 col-

489 5206 776 5262 lectionem
809 5198 1149 5268 recognovit.
1177 5197 1419 5267 Cumque
1441 5195 1553 5265 jam
1588 5204 1697 5250 tum
1729 5191 1930 5263 vulgati
1953 5199 2141 5245 essent
2167 5187 2431 5257 ejusmodi
2472 5186 2712 5253 codices,
2740 5186 2911 5240 multo
2941 5194 3065 5241 ante
3095 5196 3149 5241 ct
3178 5188 3452 5245 fortassis
3501 5192 3664 5262 paulo
3700 5198 3811 5260 post

487 5298 717 5367 primam
739 5290 1119 5348 collectionem
1151 5288 1259 5343 illa:
1279 5302 1376 5341 sex
1404 5286 1648 5355 epistola:
1669 5284 1897 5352 adjecta
1928 5282 2103 5337 fuere.
2132 5279 2264 5347 Quae
2290 5293 2418 5334 vero
2456 5277 2701 5332 laudatas
2743 5275 3065 5347 epigraphes
3106 5278 3445 5347 prmferunt.
3479 5284 3548 5338 ad
3591 5282 3809 5354 primam

487 5392 868 5448 collectionem
895 5387 1186 5457 pertinent,
1218 5399 1379 5455 quam
1412 5383 1555 5438 inter
1582 5398 1675 5438 an.
1699 5381 1808 5438 453
1828 5389 1884 5436 et
1903 5378 2011 5434 455
2039 5380 2234 5436 factam
2262 5375 2621 5433 ostendimus.

558 5525 651 5583 35.
694 5524 898 5581 Eadem
930 5536 1097 5591 porro
1124 5518 1314 5576 Greca
1343 5516 1598 5573 collectio
1624 5515 1817 5572 Latine
1838 5515 2047 5571 reddita
2076 5514 2177 5571 fuit
2205 5523 2331 5569 ante
2361 5511 2612 5582 Vigilium
2651 5524 2869 5581 papam,
2900 5511 2978 5565 uti
3016 5510 3213 5577 probat
3246 5511 3523 5567 Baluzius
3547 5513 3604 5567 in
3629 5509 3812 5581 praefa-

487 5618 635 5672 tione
664 5615 731 5672 ad
760 5616 1068 5670 versionem
1097 5610 1376 5681 antiquam
1420 5607 1631 5663 concilii
1671 5608 2154 5673 Chalcedonensis,
2204 5623 2350 5662 num.
2396 5605 2449 5661 3.
2479 5603 2554 5659 Ea
2587 5619 2717 5660 vero
2749 5607 3066 5659 documenta
3116 5608 3409 5676 interpres
3443 5603 3817 5663 tantummodo

487 5708 763 5765 transtulit
788 5708 841 5761 in
872 5704 1146 5771 Latinum,
1169 5719 1289 5776 qua:
1319 5719 1383 5758 ex
1413 5718 1509 5757 sua
1531 5702 1739 5769 origine
1768 5702 1957 5758 Graece
1984 5704 2184 5773 scripta
2210 5702 2444 5763 fuerant,
2475 5700 2556 5756 vel
2599 5715 2825 5766 quorum
2870 5701 3130 5771 originale
3159 5700 3440 5758 Latinum
3476 5717 3813 5772 nequaquam

488 5805 713 5863 invenit.
741 5801 980 5866 Quorum
1008 5810 1193 5858 autem
1223 5796 1487 5868 originale
1514 5795 1764 5853 Latinum
1815 5797 2039 5864 reperit,
2067 5796 2173 5852 hoc
2216 5796 2269 5852 in
2310 5794 2517 5850 Latinis
2548 5792 2830 5848 codicibus
2869 5793 3119 5851 inseruit.
3162 5794 3248 5852 Ita
3284 5797 3586 5864 pleraque
3625 5794 3817 5853 Leonis
