4006 6348
236 340 311 399 ω
1006 327 1377 388 PBEFATIO
1410 329 1478 387 IN
1517 329 1897 387 EPISTULAS
1936 332 1990 388 S.
2034 330 2277 389 LEONIS
2313 330 2543 390 MAGNI.
3310 331 3422 392 570

235 444 555 524 apludam!!!
579 436 769 497 Greco
793 438 1044 508 redditae,
1071 456 1100 496 a
1131 439 1325 498 Graeco
1348 442 1643 499 collectore
1671 445 1973 514 compilatae
2005 447 2239 513 luerunt,
2271 446 2326 501 in
2358 445 2564 502 Latinis
2590 447 2829 516 ejusdem
2862 444 3195 505 collectioni:
3234 464 3419 509 exem-

234 543 403 622 plu-ibus
422 552 512 594 non
535 536 1010 606 interpretationes
1039 554 1104 594 ex
1141 538 1356 605 Graeco,
1381 538 1475 595 sed
1503 539 1675 611 ipsum
1707 552 1831 596 sunt
1860 542 2117 611 originale
2150 543 2418 600 Latinum.
2452 544 2507 599 ld
2533 543 2875 599 manifestum
2923 543 2981 598 fit
3017 559 3124 599 non
3152 544 3323 600 solum
3349 559 3416 601 ex

234 636 379 715 muri
401 630 599 696 Leonis,
626 644 748 701 qua:
781 630 832 685 in
857 630 1127 701 plerisque
1154 631 1364 688 Latinis
1392 632 1551 702 lmjus
1572 633 1910 689 collectionis
1932 636 2176 703 epistolis
2204 638 2489 703 elucescit,
2521 637 2614 693 sed
2648 639 2817 692 multo
2850 638 3019 709 magis
3042 654 3107 694 ex
3133 638 3197 693 iis
3228 639 3421 696 litteris

233 745 390 808 quarum
410 724 719 795 exemplaria
751 724 954 780 Latina
983 729 1164 795 utique
1205 726 1465 797 originis,
1494 736 1743 781 contenta
1776 729 1827 781 in
1859 728 1977 781 aliis
2009 728 2213 785 Latinis
2250 731 2659 786 collectionibus
2707 743 2870 800 atque
2902 732 3212 797 codicibus,
3246 734 3335 803 qui
3388 750 3421 790 a

228 828 362 884 Gneo
378 832 465 875 non
493 816 780 887 prodeunt,
810 816 998 872 eadem
1024 818 1185 873 verba
1217 817 1459 873 referunt
1484 833 1603 889 quin
1632 820 1879 887 leguntur
1910 820 1961 873 in
1995 820 2198 875 Latinis
2238 823 2519 876 codicibus
2562 821 2897 877 t-ollectionis
2937 822 3419 891 Chalcedonensis,

229 930 267 975 ut
287 913 439 989 patebit
462 910 864 965 conferentibus
886 912 1189 981 praesertim
1212 910 1470 983 epistolas
1492 910 1583 971 23.
1613 910 1707 976 28,
1734 912 1823 976 29,
1858 913 1948 980 50,
1975 913 2065 976 5-3,
2094 914 2166 970 50
2190 924 2243 969 et
2270 915 2360 969 Si.
2387 913 2625 980 ldipsum
2659 914 2883 970 mirifice
2910 917 3187 971 conﬁrmat
3225 917 3423 974 Leonis

225 1010 383 1081 epistola
409 1006 485 1070 55,
519 1004 585 1059 ad
610 1003 902 1060 lulianum.
928 1005 1053 1061 Huic
1078 1006 1221 1061 enim
1258 1006 1308 1060 in
1336 1004 1615 1061 codicibus
1638 1005 1841 1060 Latinis
1877 1007 2215 1060 collectionis
2236 1006 2695 1061 Chalcedonensis
2728 1022 2832 1061 non
2864 1007 3088 1076 perinde
3132 1011 3314 1064 mutila
3341 1020 3424 1068 est

225 1108 343 1163 tribus
366 1107 408 1160 in
429 1103 575 1173 locis,
612 1101 747 1158 utin
789 1102 1038 1157 omnibus
1070 1116 1200 1156 mss.
1232 1099 1435 1157 Graecis
1474 1101 1777 1163 invenitur;
1817 1116 1878 1157 ac
1923 1112 2183 1172 prteterea
2228 1111 2378 1156 caret
2418 1100 2737 1172 quibusdam
2788 1101 3190 1170 additamentis,
3219 1104 3420 1174 quein

221 1199 469 1258 mlonco
494 1206 644 1251 textu
671 1196 959 1266 leguntur:
992 1196 1134 1249 unde
1162 1194 1213 1248 in
1236 1193 1369 1263 ipsis
1405 1193 1611 1249 Latinis
1653 1210 1784 1251 mss.
1827 1197 2068 1265 ejusdem
2102 1196 2457 1259 collectionis,
2491 1210 2595 1249 non
2625 1211 2690 1250 ex
2725 1195 2914 1250 Graeco
2959 1196 3189 1262 reddita,
3232 1198 3327 1251 sed
3356 1211 3425 1253 ex

226 1294 404 1365 originali
422 1290 607 1346 Latino
632 1300 847 1361 sumpta
879 1289 1245 1360 cognoscitur.
1267 1287 1405 1344 Hinc
1428 1287 1603 1344 Latini
1626 1287 1897 1359 praecipue
1927 1290 2142 1345 codices
2162 1289 2320 1361 hujus
2342 1289 2680 1346 collectiouis
2706 1289 2929 1346 editioni
2965 1302 3162 1346 nostra
3188 1291 3425 1348 maximo

218 1389 296 1446 usui
315 1395 461 1443 erunt.

261 1483 327 1539 36.
358 1479 469 1537 Cum
490 1495 626 1536 vero
656 1480 876 1535 Latinus
898 1482 1166 1550 interpres
1187 1480 1241 1534 in
1273 1479 1548 1535 nonnullis
1580 1480 1826 1550 epistolis
1850 1497 1946 1549 pro
1969 1481 2160 1536 Latino
2180 1481 2423 1552 originali
2448 1492 2617 1549 textu,
2641 1498 2799 1553 quem
2829 1482 3075 1549 reperire
3098 1496 3205 1536 non
3228 1480 3422 1551 potuit,

213 1575 631 1646 interpretationem
662 1589 726 1629 ex
759 1573 951 1630 Grmco
979 1573 1092 1628 suis
1119 1571 1399 1627 codicibus
1428 1573 1739 1637 inseruerit,
1785 1575 2265 1641 interpretationes
2297 1574 2644 1642 epistolarum
2674 1574 2741 1627 ab
2768 1572 3117 1641 originalibus
3151 1574 3254 1627 hoc
3283 1570 3422 1635 indi,

213 1672 269 1727 cio
288 1667 497 1722 facillime
542 1665 921 1721 discernentur
960 1665 1066 1735 (de
1092 1664 1221 1720 solis
1269 1663 1511 1734 epistolis
1548 1679 1669 1733 quae
1709 1665 1775 1719 ah
1805 1664 2111 1719 auctoribus
2156 1664 2346 1721 Latine
2375 1667 2587 1734 scriptae
2634 1664 2847 1720 fuerunt
2900 1681 3079 1720 sermo
3108 1678 3185 1719 est
3212 1662 3255 1737 ).
3287 1664 3419 1733 Qua

211 1760 448 1817 chronicam
472 1757 806 1813 notationem
838 1758 890 1811 in
916 1756 1119 1813 Latinis
1150 1771 1283 1812 mss.
1311 1756 1628 1827 praeferunt,
1661 1771 1889 1826 sumptte
1921 1758 2135 1811 fuerunt
2166 1773 2233 1811 ex
2272 1758 2476 1812 Latinis
2517 1758 2868 1827 originalibus
2899 1761 3183 1827 exemplis,
3216 1760 3267 1813 in
3299 1760 3420 1828 qui-

212 1853 280 1908 bus
312 1850 531 1906 chronica
581 1852 786 1905 notatio
828 1849 1162 1920 signabatur.
1193 1850 1325 1917 Qua:
1354 1865 1485 1904 vero
1526 1849 1624 1903 hac
1656 1852 1932 1905 notatione
1960 1859 2166 1912 carent.
2206 1850 2675 1921 interpretationes
2704 1863 2828 1906 sunt
2858 1870 2920 1906 ex
2953 1853 3167 1916 Graeco,
3219 1853 3270 1906 in
3313 1866 3419 1923 quo

210 1948 424 2003 cbrouicas
452 1945 757 2001 natationes
786 1944 1006 2002 Graecus
1038 1946 1303 2015 interpres
1332 1946 1538 2000 omisit.
1571 1943 1681 1999 Hac
1711 1960 1777 1997 ex
1808 1946 2274 2001 animadversione
2304 1960 2437 2001 nova
2470 1946 2810 2002 conﬁrmatio
2853 1947 3083 2014 accedit,
3113 1962 3216 2017 qua
3250 1949 3421 2017 magis

210 2044 418 2112 magisque
442 2040 843 2110 comprobatur,
874 2040 1016 2109 quod
1052 2039 1209 2109 paulo
1238 2048 1366 2093 ante
1398 2040 1706 2104 statuimus,
1741 2038 2000 2109 epistolas
2031 2039 2271 2104 Latinas,
2304 2056 2527 2110 quarum
2570 2040 2823 2095 chronica
2856 2040 3062 2096 notatio
3111 2056 3175 2095 ex
3224 2039 3418 2097 Greco

203 2134 301 2190 sumi
328 2148 415 2188 non
444 2132 635 2202 potuit,
674 2132 725 2187 in
756 2133 972 2188 codices
1000 2131 1224 2187 Latinos
1271 2132 1484 2188 concilii
1516 2129 1979 2189 Chalcedonensis
2015 2151 2077 2190 ex
2127 2134 2331 2190 Latinis
2378 2138 2777 2203 exemplaribus
2820 2134 3086 2204 ejusmodi
3146 2138 3422 2193 notatione

204 2230 533 2298 haudquaquam
560 2228 875 2283 carentibus
899 2226 1066 2282 fuisse
1092 2226 1384 2281 traductas.
1412 2226 1506 2281 llic
1534 2239 1713 2280 autem
1738 2228 2095 2282 omittendum
2131 2244 2234 2281 non
2264 2238 2367 2292 esv,
2394 2226 2589 2282 Leonis
2611 2227 2894 2292 epistolam
2914 2227 3004 2291 95,
3036 2227 3102 2279 ad
3132 2228 3410 2295 synodum

200 2322 426 2388 Nicaeam,
457 2335 579 2390 qua“:
613 2322 666 2376 in
690 2320 880 2377 Graeco
911 2329 1036 2373 ante
1066 2328 1217 2389 gesta
1247 2320 1592 2380 describitur.
1627 2319 1770 2374 diem
1797 2328 1852 2373 et
1882 2336 2119 2372 mensem
2148 2318 2425 2373 exhibere.
2453 2318 2558 2374 Sed
2595 2325 2708 2373 haec
2737 2319 2962 2385 epistola
3009 2318 3061 2372 in
3094 2319 3296 2373 Latinis
3324 2334 3419 2373 co-

200 2417 350 2472 dicibus
367 2415 817 2472 Chalcedonensis
846 2414 1183 2470 collectiouis
1215 2414 1387 2479 deest,
1424 2429 1523 2468 nec
1548 2412 1646 2467 fuit
1674 2414 1727 2466 in
1757 2414 1974 2482 antiqua
2004 2413 2188 2468 Graeca
2220 2412 2559 2479 colleCtione,
2604 2411 2737 2465 alias
2767 2427 2795 2465 a
2820 2411 3013 2466 L'tiuo
3045 2412 3339 2481 interprete
3368 2412 3421 2466 in

198 2509 347 2565 Latinis
372 2510 763 2579 exemplaribus
794 2522 899 2563 non
940 2508 1132 2563 fuisset
1170 2505 1392 2561 omissa.
1427 2504 1559 2559 Hinc
1588 2515 1767 2559 autem
1800 2520 1918 2575 quae
1961 2505 2120 2558 hodie
2163 2505 2355 2574 legitur
2385 2507 2435 2557 in
2479 2518 2609 2556 mss.
2642 2502 2864 2568 Graecis,
2902 2503 3186 2572 pos:eriori
3217 2503 3421 2557 addita-

199 2616 330 2658 menta
351 2601 621 2659 tribuenda
646 2611 753 2657 est.
790 2601 857 2655 Et
883 2616 1016 2655 sane
1044 2600 1211 2655 veluti
1242 2599 1483 2653 addititia
1515 2600 1568 2651 in
1600 2612 1728 2651 mss.
1760 2596 1965 2653 Graecis
1998 2596 2218 2651 Venetis
2250 2609 2521 2665 posuemo
2548 2596 2666 2650 loco
2696 2598 2913 2665 ponitur
2937 2606 3062 2650 ante
3088 2606 3259 2667 gesta,
3296 2610 3420 2651 cum

198 2694 383 2751 aGraico
406 2694 697 2749 collectore
727 2694 847 2748 aliis
874 2692 1198 2764 quibusdam
1228 2692 1595 2746 monumentis
1624 2706 1723 2743 suo
1752 2705 1903 2745 more
1936 2692 2219 2760 praeposita
2250 2689 2461 2745 fuisset.

243 2787 312 2842 37.
344 2785 479 2840 Nunc
505 2784 846 2839 memorandi
881 2793 1010 2838 sunt
1041 2784 1260 2838 codices
1286 2783 1482 2852 quibus
1514 2792 1745 2835 utemur.
1783 2781 1857 2837 De
1887 2783 2016 2835 solis
2048 2782 2251 2835 Latinis
2278 2781 2363 2835 hic
2394 2782 2678 2837 dicendum
2708 2790 2811 2849 est,
2844 2797 2964 2837 cum
3007 2782 3276 2852 pleraeque
3300 2782 3416 2852 epi-

200 2878 309 2933 stola:
329 2877 385 2932 ad
414 2877 544 2932 hanc
575 2878 957 2933 collectionem
988 2877 1266 2947 exigendae
1295 2876 1486 2929 Latine
1516 2875 1753 2944 scriptae,
1784 2884 1839 2930 et
1858 2890 1922 2930 ex
1947 2876 2193 2945 originali
2215 2875 2427 2938 Latino,
2462 2889 2514 2928 nt
2544 2876 2912 2943 probavimus,
2939 2891 3165 2943 sumptae
3196 2878 3419 2932 fuerint.

192 2970 430 3027 Definecis
458 2985 589 3026 vero
638 2971 914 3027 codicibus
944 2972 1232 3040 separatim
1276 2985 1495 3040 agemus
1530 2981 1739 3041 postea.
1784 2969 1903 3025 Duo
1931 2987 2061 3026 mss.
2099 2971 2428 3041 exemplaria
2472 2972 2724 3028 Thuanea
2770 2973 3091 3039 Qucsnellus
3133 2973 3422 3042 aliquando

195 3064 399 3121 adhibuit.
428 3065 534 3120 Nos
563 3075 750 3121 autem
781 3081 888 3119 non
917 3066 1090 3120 solum
1125 3064 1454 3135 profecimus
1485 3079 1550 3118 ex
1583 3064 1754 3118 tribus
1788 3064 2065 3119 codicibus
2110 3062 2445 3128 Corbcieusi,
2483 3064 2811 3129 llivionensi,
2843 3075 2895 3118 et
2920 3063 3252 3133 Colhertino,
3286 3080 3421 3134 quo.

199 3175 285 3215 tutu
308 3163 556 3216 variantes
587 3161 757 3217 edidit
790 3161 1232 3232 diligentissimus
1257 3161 1508 3216 Baluzius
1538 3160 1590 3215 in
1621 3162 1939 3216 recensione
1970 3163 2131 3215 totius
2157 3159 2618 3215 Chalcedonetnis
2646 3160 3018 3222 colleCIiouis;
3047 3174 3234 3213 verum
3257 3160 3419 3215 etiam

190 3263 357 3317 quatuor
396 3252 525 3308 alios
576 3263 770 3307 exacte
810 3254 1155 3318 contulimus,
1188 3251 1506 3322 Cltigianum
1545 3250 1671 3317 485,
1708 3252 1825 3306 Vat.
1865 3251 2023 3317 i525,
2058 3253 2217 3306 aliutn
2255 3252 2373 3306 Vat.
2412 3251 2573 3317 4166,
2606 3261 2659 3305 et
2698 3267 2858 3305 unum
2918 3250 3417 3320 pra'statvtissimum

188 3345 349 3413 capituli
379 3346 708 3403 Veronensis
737 3346 831 3411 5'7,
856 3347 948 3417 qui
986 3346 1177 3415 majori
1212 3346 1381 3400 forma
1428 3348 1478 3400 in
1524 3346 1848 3415 quadratum
1891 3358 2165 3415 vergente,
2198 3354 2256 3400 et
2280 3346 2541 3412 scriptura
2593 3345 2645 3399 in
2692 3345 2826 3399 duas
2862 3346 3140 3398 columnas
3185 3344 3418 3401 discreta

189 3443 393 3499 exaratos,
421 3436 485 3491 ad
512 3438 806 3506 septimum
836 3437 1054 3491 circiter
1083 3436 1339 3491 szeculum
1372 3438 1624 3506 pertinet.
1660 3435 1843 3507 Neque
1878 3438 2210 3493 omittendus
2240 3449 2323 3492 est
2352 3453 2503 3503 atque
2531 3438 2784 3501 antiquus
2817 3437 3102 3492 Vaticanus
3128 3437 3284 3504 132%,
3322 3434 3415 3506 qui

186 3526 281 3581 inter
302 3541 432 3599 gesta
461 3529 935 3585 Chalcedonensia
965 3530 1251 3599 epistolam
1278 3529 1373 3593 28,
1407 3529 1472 3584 ad
1508 3530 1850 3595 Flavianum,
1871 3539 1926 3585 et
1952 3529 2266 3584 relationem
2296 3531 2488 3601 synodi
2514 3530 2580 3584 ad
2601 3528 2659 3585 S.
2688 3529 2923 3585 Leonem
2948 3544 3014 3585 ex
3044 3530 3263 3599 antiqua
3291 3542 3418 3585 ver-

187 3621 310 3691 tione,
336 3635 527 3681 etcum
555 3628 943 3695 episcoporum
968 3622 1458 3694 subscriptionibus
1489 3622 1731 3679 exhibet.

1230 3734 1407 3801 μα.
1437 3736 1515 3789 De
1549 3738 1846 3790 collectione
1877 3738 2067 3789 decima
2095 3746 2283 3791 octava.

229 3846 296 3899 58.
330 3843 467 3899 Nunc
496 3844 567 3899 de
603 3843 845 3913 antiquis
872 3842 1237 3911 peculiaribus
1262 3842 1613 3913 epistolarum
1641 3842 1699 3899 S.
1734 3844 1929 3899 Leonis
1952 3843 2384 3899 collectionibus.
2418 3844 2469 3899 In
2500 3854 2709 3901 vetusto
2737 3845 2994 3917 Catalogo
3019 3848 3419 3918 manuscripto-

181 3948 262 3986 tum
300 3934 630 3989 bibliotheca
664 3932 980 3987 monasterii
1011 3932 1313 3999 Bobiensis,
1339 3948 1495 4003 quem
1525 3949 1591 3987 ex
1641 3934 1999 3989 Ambrosiano
2039 3937 2226 3989 codice
2272 3935 2454 3990 saeculi
2496 3951 2574 4000 ix,
2609 3936 2692 3990 Vt'l
2725 3952 2779 3999 κ,
2812 3938 3049 4007 vulgavit
3094 3940 3417 3998 Muratorius

182 4036 272 4079 tom.
296 4027 369 4082 Ill.
401 4031 667 4101 Antiquit.
703 4031 872 4085 Italic.
899 4030 1031 4086 diss.
1066 4031 1156 4100 49,
1190 4047 1308 4101 pag.
1347 4031 1475 4093 819,
1518 4031 1631 4084 ha-c
1666 4032 1950 4100 leguntur:
1984 4030 2119 4085 Item
2146 4032 2208 4084 de
2242 4031 2521 4085 canonibus
2548 4033 2682 4085 inter
2710 4034 2931 4101 majores
2974 4044 3020 4088 et
3066 4036 3288 4089 minores
3320 4035 3418 4090 Ita.

180 4119 310 4173 tentur
331 4124 439 4177 libri
469 4141 734 4179 canonum
764 4140 858 4188 xv,
890 4134 936 4177 et
965 4124 1083 4177 libri
1120 4123 1457 4194 epistolarum
1491 4124 1678 4177 Leonis
1707 4140 1767 4178 ιι.
1793 4124 1917 4177 lla-c
1946 4125 2131 4193 procul
2164 4125 2325 4177 dubio
2354 4125 2638 4194 peculiaris
2668 4135 2786 4180 erat
2827 4128 3172 4195 epistolarum
3219 4128 3414 4185 Leonis

179 4214 393 4283 collectio,
424 4216 582 4285 cujus
616 4216 725 4270 duo
753 4218 1003 4285 exempla
1032 4216 1264 4270 duorum
1297 4216 1553 4270 libroruin
1582 4220 1800 4271 nomine
1831 4215 2154 4271 indicantur.
2184 4214 2240 4271 Si
2269 4218 2542 4286 catalogus
2572 4218 2807 4285 pertinet
2834 4220 2898 4271 ad
2931 4221 3185 4273 sarculum
3222 4234 3296 4281 tx,
3326 4219 3414 4275 vel

178 4314 215 4361 ι,
239 4304 289 4357 de
314 4316 576 4360 vetustate
613 4306 851 4375 ipsarum
883 4304 1262 4360 collectiouum
1294 4320 1387 4359 seu
1436 4304 1683 4359 codicum
1728 4306 1817 4376 qui
1856 4305 1911 4359 in
1958 4320 2022 4361 eo
2072 4306 2378 4373 laudantur,
2410 4310 2532 4377 quis
2560 4307 2801 4362 dubitet?
2839 4309 3170 4365 Desiderium
3224 4311 3418 4370 Montis

178 4387 304 4445 Casini
324 4395 592 4463 abbatem,
624 4395 712 4465 qui
746 4403 934 4466 postea
962 4394 1063 4448 fuit
1093 4395 1273 4449 Victor
1304 4409 1437 4464 papa
1467 4394 1558 4463 Ill,
1595 4396 1733 4449 inter
1764 4405 1994 4451 caeteros
2040 4397 2257 4451 codices
2297 4413 2433 4467 quos
2478 4399 2816 4455 bibliothecae
2863 4399 3141 4456 Casiueusi
3182 4404 3416 4473 acquisi-

177 4484 243 4542 νη.
268 4496 443 4552 prater
469 4486 671 4543 librum
706 4503 1017 4543 sermonum
1049 4488 1107 4544 S.
1144 4487 1342 4543 Leonis
1364 4502 1710 4558 comparasse
1740 4490 1901 4544 etiam
1949 4490 2324 4546 collectionem
2355 4491 2731 4558 epistolarum,
2767 4493 2880 4548 Leo
2921 4495 3219 4551 Hostiensis
3260 4498 3421 4554 tradit

177 4572 240 4629 lib.
261 4592 329 4644 ιιι,
356 4596 403 4636 c.
436 4582 530 4649 65,
562 4583 657 4638 ubi
692 4582 830 4638 hanc
863 4585 1135 4656 registrum
1168 4583 1352 4640 Leonis
1382 4601 1534 4655 papa:
1559 4587 1813 4655 appellat.
1846 4586 2007 4641 Liber
2034 4602 2339 4641 sermonum
2372 4588 2426 4641 in
2456 4602 2517 4641 ea
2563 4586 2884 4641 bibliotheca
2915 4587 3093 4644 adhuc
3139 4598 3419 4658 servatur;

175 4677 210 4717 ιι
228 4673 473 4742 registrum
504 4676 849 4748 epistolarum
879 4675 1102 4731 defecit.
1124 4676 1234 4731 Sed
1263 4675 1379 4731 haec
1401 4678 1749 4746 epistolarum
1780 4678 2032 4736 cnllectio
2056 4679 2373 4733 recentioris
2395 4678 2519 4741 aevi,
2550 4678 2754 4733 scilicet
2781 4679 2961 4732 saeculi
2992 4696 3064 4744 xi,
3091 4680 3422 4750 probabilius

176 4760 261 4826 fuit,
287 4766 410 4823 sicut
438 4778 494 4825 et
522 4769 911 4825 collectionem
942 4783 1275 4837 sermonum,
1307 4784 1427 4840 qua;
1458 4781 1729 4842 superest,
1761 4772 2115 4827 recentiorem
2148 4785 2293 4838 esse,
2331 4771 2384 4825 in
2414 4770 2731 4841 przefatione
2756 4770 2823 4827 ad
2866 4784 3142 4826 sermones
3182 4774 3424 4828 animad-

174 4855 397 4914 vertimus.

225 4942 295 5001 59.
332 4948 423 5004 llic
449 4960 793 5006 autemcum
816 4949 882 5007 de
911 4951 1146 5021 antiquis
1172 4951 1588 5007 collectionibus
1616 4965 1798 5007 sermo
1827 4952 1918 5017 sit,
1952 4952 2004 5006 in
2032 4966 2166 5023 quas
2186 4952 2313 5006 olim
2343 4966 2408 5007 ex
2437 4951 2671 5007 archivis
2706 4955 2908 5015 omnia,
2936 4953 3023 5009 vel
3074 4954 3263 5010 saltem
3295 4955 3420 5025 plu-

173 5038 269 5094 rima
295 5040 434 5100 fuere
458 5045 733 5111 derivata,
766 5044 938 5102 codex
969 5046 1319 5113 Grimanitus,
1354 5063 1461 5118 quo
1490 5047 1811 5116 Quesnellus
1832 5061 1982 5101 suam
2014 5046 2308 5102 editionem
2340 5050 2571 5101 maxime
2600 5047 2908 5114 illustravit,
2928 5063 3049 5103 sese
3075 5050 3305 5117 primum
3333 5048 3415 5104 of-

174 5133 259 5190 fert.
286 5138 405 5195 Cuut
428 5144 500 5198 de
526 5143 636 5199 hac
663 5143 857 5213 insigni
890 5141 1240 5208 collectione,
1268 5145 1352 5197 cui
1383 5142 1649 5197 decimum
1682 5154 1932 5198 octavum
1960 5141 2138 5197 locum
2174 5141 2477 5208 tribuimus,
2508 5141 2674 5195 multa
2707 5142 3027 5208 Quesnellus
3059 5143 3336 5201 tradiderit
3368 5145 3424 5202 in

161 5221 368 5297 generali
399 5239 750 5307 praefatione,
780 5254 939 5310 quam
972 5250 1171 5294 nostra:
1202 5239 1329 5294 item
1375 5240 1613 5309 generali
1662 5238 2010 5310 sulijecimus,
2056 5254 2121 5295 eo
2154 5239 2412 5296 lectorem
2461 5239 2813 5303 remittimus;
2850 5253 3024 5310 neque
3064 5238 3205 5293 enim
3236 5237 3424 5293 eadem

172 5338 368 5391 "Petere
388 5348 528 5402 opus
564 5343 669 5390 est.
704 5332 890 5390 Solum
922 5333 1252 5389 advertimus
1274 5332 1336 5388 Ρ.
1360 5333 1759 5401 Constantium,
1782 5334 1835 5388 in
1867 5331 2178 5404 praefatione
2220 5333 2288 5386 ad
2322 5332 2490 5401 Epist.
2526 5331 2686 5386 Rom.
2731 5330 2924 5401 pontif.
2960 5350 3013 5385 η.
3049 5329 3171 5395 166.
3215 5329 3426 5400 opinari

173 5414 278 5475 hunc
300 5423 541 5481 codicem
573 5440 703 5483 ante
726 5441 898 5482 annos
927 5426 1034 5485 700
1055 5425 1222 5482 fuisse
1251 5426 1602 5496 descriptum,
1634 5428 1685 5482 id
1708 5435 1793 5483 est
1822 5444 1850 5481 κ
1878 5427 2094 5482 circiter
2121 5428 2350 5492 saeculo;
2382 5426 2552 5494 ipsam
2595 5436 2772 5482 autem
2799 5425 3176 5481 collectionem
3214 5423 3429 5479 deriva-

170 5521 249 5567 tam
266 5528 404 5586 putat
433 5535 505 5576 ex
534 5520 757 5576 archiva
787 5522 1043 5577 Ecclesiae
1070 5520 1363 5587 Romanae;
1392 5520 1531 5577 adeo
1563 5523 1707 5577 enim
1738 5521 1933 5577 multas
1959 5521 2258 5591 peculiares
2286 5520 2547 5590 epistolas
2570 5521 2811 5589 exhibet,
2842 5534 2977 5590 quas
3016 5517 3144 5573 alibi
3189 5516 3429 5586 potuisse

171 5610 347 5676 reperiri
377 5612 611 5670 difﬁcile
638 5624 738 5669 est.
770 5614 916 5670 Inter
937 5615 1193 5686 epistolas
1222 5616 1430 5671 scilicet
1452 5616 1554 5671 107
1586 5614 1803 5683 Leonis,
1836 5630 1956 5687 quae
2007 5617 2059 5670 in
2106 5629 2172 5669 eo
2199 5614 2386 5670 codice
2413 5614 2783 5680 continentur,
2813 5611 3053 5682 epistola
3075 5624 3243 5665 xxvut
3268 5619 3428 5668 antea

172 5701 341 5761 inedita:
368 5710 573 5765 exinde
606 5712 941 5779 prodierunt,
973 5712 1226 5767 nimirum
1262 5727 1363 5765 nua
1396 5711 1461 5766 ad
1492 5711 1825 5778 Flavianum,
1853 5710 2013 5781 epiSt.
2046 5711 2148 5777 27;
2190 5724 2290 5765 una
2324 5709 2389 5765 ad
2422 5709 2702 5775 Faustum,
2735 5707 2894 5772 epist.
2938 5703 3040 5770 75;
3071 5718 3195 5759 octo
3234 5703 3299 5760 ad
3332 5702 3428 5762 lu.

171 5792 351 5867 lienam,
380 5805 546 5877 epist.
582 5803 675 5873 86,
702 5804 794 5874 92,
824 5805 949 5876 H7,
982 5805 1108 5873 t3l,
1137 5804 1260 5872 140,
1297 5806 1422 5877 Nl,
1455 5804 1557 5861 H7
1588 5815 1644 5860 et
1670 5805 1805 5873 ibi;
1851 5822 1953 5863 una
1981 5806 2047 5863 ad
2084 5805 2496 5876 Paschasinum,
2525 5803 2684 5877 epist.
2731 5801 2833 5867 88;
2878 5811 3106 5876 quatuor
3133 5800 3198 5857 ad
3224 5800 3429 5861 Anato-
