4006 6348
553 385 664 449 578
1420 384 1791 445 PREFATIO
1829 387 1897 444 ΙΝ
1935 386 2132 445 EPIST

2210 386 2314 444 .AS
2356 386 2415 444 S.
2455 386 2701 443 LEONIS
2738 385 2974 443 MAGNL
3702 396 3792 456 επ

558 501 757 559 duntur
786 499 839 558 in
866 500 976 559 nne
1007 508 1238 574 quatuor
1264 516 1497 574 perraro:
1522 503 1798 573 epistolae:
1824 502 1893 559 ad
1928 502 2203 559 lulianum
2228 504 2385 575 epist.
2411 503 2535 570 107,
2562 502 2629 557 ad
2658 500 3286 572 Constantinopolitanos
3312 503 3468 574 epist.
3492 504 3578 574 50,
3604 508 3664 566 ad
3686 511 3789 569 Fla.

556 597 773 651 vianum
819 594 980 665 epist.
1011 594 1104 657 19,
1135 611 1199 651 ac
1233 597 1299 651 ad
1330 596 1610 652 Martinum
1638 606 1692 651 et
1734 596 1989 653 Faustum
2027 598 2187 669 epist.
2223 599 2314 655 51.
2346 597 2619 654 Gerardus
2655 596 2881 655 Vossius
2910 598 3232 670 praepositus
3258 595 3578 669 Tungrensis
3601 618 3662 658 ex
3701 623 3789 664 ms.

557 687 697 745 libro
736 689 893 758 hujus
922 690 1275 758 collectionis,
1308 692 1395 762 qui
1437 700 1555 747 erat
1577 691 1865 747 cardinalis
1890 691 2095 757 Sirleti,
2126 690 2262 746 duas
2291 691 2545 759 epistolas
2570 699 2697 746 tunc
2739 692 2970 748 ineditas
3000 690 3257 764 vulgavit,
3280 690 3494 748 alteram
3520 695 3582 749 sd
3609 696 3793 757 Siculos

557 782 611 838 in
642 794 822 838 nostra
847 782 1084 841 editione
1109 787 1268 855 epist.
1300 787 1383 851 17,
1414 788 1639 841 alteram
1663 786 1729 841 ad
1759 786 2030 841 lulianum
2062 802 2150 856 ep.
2184 786 2306 851 107,
2336 794 2395 840 ut
2423 784 2611 842 videre
2632 785 2755 841 licet
2776 786 2827 841 in
2853 785 3153 857 appendice
3182 786 3558 856 opusculorum
3584 791 3797 861 subjecta

556 873 777 932 editioni
803 873 1127 946 Moguntina:
1154 892 1245 933 an.
1282 876 1417 935 1604
1447 878 1684 949 Operutn
1721 878 1780 935 8.
1812 877 2059 949 Gregorii
2098 877 2505 948 Thaumaturgi.

1656 1014 1682 1076 ς
1702 1011 1848 1063 XXV.
1873 1011 1952 1062 De
1970 1011 2265 1063 collectione
2288 1014 2519 1064 vicesima
2536 1018 2726 1077 quarta.

630 1132 720 1189 49.
760 1132 1096 1191 Postremum
1128 1137 1303 1191 locum
1334 1137 1526 1193 damus
1554 1137 1863 1193 collectioni
1890 1137 2241 1207 epistularum
2274 1150 2407 1207 quas
2444 1136 2743 1206 reperimus
2771 1152 2874 1191 una
2904 1153 3025 1193 cum
3052 1137 3390 1193 sermonibus
3418 1137 3732 1195 collectionis
3757 1139 3805 1196 5.

559 1225 615 1282 In
646 1228 745 1284 hac
770 1232 1148 1300 suntepistola:
1172 1247 1320 1297 Lxxt,
1353 1232 1603 1286 nimirum
1628 1246 1717 1287 LIV
1740 1231 1984 1299 epistolae
2012 1232 2351 1286 collectionis
2370 1230 2433 1282 21
2459 1232 2696 1302 (omissis
2723 1230 2933 1285 duabus
2954 1230 3095 1284 Petri
3111 1228 3423 1299 Clirysologi
3442 1228 3505 1282 ad
3535 1230 3805 1297 Eutychen,

556 1329 614 1375 et
645 1320 858 1375 Eusebii
887 1320 1298 1377 hlediolaucnsis
1328 1324 1395 1375 ad
1425 1322 1659 1375 LeOuem
1682 1328 1722 1390 θ,
1751 1332 1805 1374 et
1832 1322 1952 1374 alia:
1986 1323 2205 1391 insuper
2236 1338 2370 1375 rarte
2401 1324 2641 1390 epistola:
2669 1336 2776 1375 xvrt
2808 1336 2928 1389 qua:
2957 1322 3008 1374 in
3042 1322 3362 1375 collectione
3390 1319 3458 1373 12
3480 1322 3807 1389 reteriuntur,

561 1411 810 1465 nimirum
838 1413 1080 1481 t‘pistulte
1123 1424 1319 1466 nostrae
1348 1412 1602 1467 editionis
1627 1412 1685 1476 2,
1717 1410 1803 1479 10,
1837 1410 1929 1477 24,
1959 1410 2051 1477 41,
2084 1412 2143 1465 94

2229 1412 2293 1475 ’5,
2328 1410 2451 1477 102,
2484 1412 2605 1476 105,
2642 1412 2913 1476 111,112,
2950 1412 3073 1477 113,
3106 1412 3231 1475 118,
3269 1408 3389 1477 121,
3424 1408 3543 1475 122,
3588 1410 3811 1475 125,125

561 1516 616 1560 et
649 1506 762 1559 127.
788 1507 1039 1574 Epistolas
1064 1521 1149 1561 LIV
1179 1506 1328 1561 credi
1361 1515 1579 1574 possent
1604 1516 1830 1575 suinptte
1864 1522 1927 1561 ex
1961 1508 2282 1560 collectione
2308 1506 2373 1559 21
2409 1508 2487 1561 vel
2519 1506 2602 1560 11.
2634 1510 2702 1560 At
2732 1522 2798 1561 ne
2828 1506 2877 1560 id
2913 1508 3217 1568 credamus,
3248 1503 3412 1557 el‘iieit
3433 1505 3649 1572 epistola
3680 1507 3736 1559 12
3756 1507 3814 1563 ad

562 1598 793 1665 Mauros,
826 1615 944 1669 qua:
978 1601 1099 1655 licet
1126 1600 1265 1655 inter
1294 1616 1376 1655 Ltv
1405 1612 1715 1666 censeatur,
1752 1601 1802 1653 in
1831 1599 1929 1652 hac
1963 1609 2139 1652 tamen
2175 1600 2495 1658 ευΙΙοιοιὶοηρ
2527 1611 2604 1653 eSt
2638 1598 2940 1662 decurtata,
2969 1598 3019 1650 in
3050 1594 3462 1650 collectionibus
3494 1606 3664 1647 autem
3690 1596 3742 1650 11
3772 1605 3820 1652 et

559 1694 624 1749 21
653 1694 1017 1764 appendicula:
1042 1695 1367 1749 additionem
1410 1696 1645 1765 praefert.
1681 1695 1945 1751 Similiter
1972 1694 2216 1761 epistolae
2248 1709 2352 1747 xvu
2375 1692 2477 1745 dici
2510 1703 2772 1758 nequeunt
2816 1699 3047 1758 sumpta:
3074 1705 3139 1744 ex
3178 1687 3504 1742 collectione
3530 1687 3615 1757 12,
3644 1691 3819 1759 quippe

560 1788 605 1843 si
635 1804 697 1843 ex
724 1789 822 1843 hac
849 1792 1105 1844 collector
1137 1790 1475 1859 profer-isset,
1513 1806 1619 1843 non
1653 1790 1747 1842 bas
1787 1789 1930 1841 solas
1953 1803 2057 1841 xvu
2086 1788 2364 1858 epistolas,
2409 1787 2501 1839 St'd
2528 1786 2660 1839 alias
2692 1789 2893 1853 pariter
2917 1786 3113 1841 exinde
3153 1782 3550 1854 exscripsiSSet.
3595 1784 3679 1838 llis
3704 1786 3824 1843 adde

561 1877 987 1934 observationem
1033 1895 1191 1950 quant
1223 1880 1479 1943 fecimus,
1512 1896 1630 1935 cum
1663 1880 1730 1934 de
1759 1879 2007 1935 Sicliardi
2037 1881 2380 1945 collectione,
2414 1897 2561 1933 num.
2586 1882 2677 1942 28,
2714 1882 2879 1935 locuti
2906 1895 3113 1935 sumus.
3149 1880 3419 1933 Praeterea
3450 1876 3586 1931 ordo
3608 1880 3824 1935 omnium

562 1973 751 2028 barum
772 1974 1115 2044 epistolarum
1150 1991 1272 2030 Lm
1316 1976 1559 2029 diversus
1587 1976 1653 2029 ab
1691 1975 1878 2028 ordine
1908 1976 2187 2043 utriusque
2227 1974 2563 2029 collectionis
2594 1973 2659 2027 12
2698 1990 2762 2029 ac
2800 1974 2890 2038 21,
2938 1983 2993 2028 et
3020 1973 3278 2027 lectiones
3324 1972 3452 2024 item
3489 1970 3830 2037 discrepantes

560 2068 722 2123 alium
750 2068 986 2139 ignotum
1021 2068 1221 2123 fontem
1254 2070 1664 2125 demonstrant:
1693 2070 1833 2124 unde
1866 2070 1917 2122 in
1946 2068 2287 2123 conferendis
2319 2068 2637 2135 quibusdam
2664 2068 2906 2135 epistolis
2935 2067 3073 2119 hanc
3094 2065 3475 2120 collectionem
3505 2061 3661 2115 Veluti
3682 2066 3829 2132 origi-

559 2161 680 2214 nale
707 2177 736 2214 a
765 2164 978 2218 caeteris
1009 2164 1285 2218 diversum
1320 2164 1526 2232 experti
1560 2178 1786 2226 sumus;
1820 2161 1955 2215 adeo
1983 2173 2040 2215 ut
2083 2164 2133 2213 in
2167 2161 2355 2215 iisdem
2392 2176 2495 2214 non
2529 2162 2738 2213 derivet
2779 2175 2807 2212 a
2835 2159 3155 2213 collectione
3187 2156 3519 2221 Hispanica,
3554 2167 3582 2204 a
3618 2169 3719 2220 qua
3743 2155 3835 2210 illis

557 2253 615 2308 in
657 2265 881 2309 caeteras
930 2258 1261 2324 po<teriores
1300 2257 1653 2309 collectiones
1683 2255 2049 2308 dimanaruut.
2084 2253 2252 2322 Hujus
2284 2253 2618 2307 COlleClilllllS
2649 2263 2773 2305 sunt
2801 2252 3017 2305 Codices
3060 2250 3357 2302 Vaticanus
3404 2248 3511 2302 544
3546 2249 3719 2302 sreculi
3750 2263 3833 2314 xu,

556 2343 679 2399 Vat.
714 2343 913 2415 Regius
944 2344 1045 2400 159
1088 2346 1267 2401 saeculi
1296 2361 1414 2409 xtu,
1449 2343 1703 2399 Cmsenas
1730 2344 1948 2399 Patrum
1986 2342 2252 2397 Minorum
2284 2341 2732 2396 Conventualittm
2772 2342 2828 2395 S.
2867 2340 3164 2403 Francisci,
3202 2352 3253 2391 et
3284 2338 3683 2392 Laurentianus
3720 2337 3831 2391 Flo-

556 2439 800 2493 rentinus
832 2437 918 2503 14,
957 2440 1135 2508 pluteo
1164 2438 1257 2503 21,
1288 2438 1379 2508 qui
1412 2440 1547 2492 duas
1578 2448 1838 2505 praeterea
1879 2438 2136 2505 epistolas
2180 2438 2346 2501 addit,
2382 2436 2634 2490 videlicet
2663 2436 2762 2489 119
2796 2446 2848 2489 et
2878 2434 3371 2502 145.cQucsnellus
3408 2435 3569 2487 trittm
3592 2447 3716 2485 mss.
3748 2432 3837 2485 bo-

553 2527 642 2597 jus
667 2530 1003 2584 collectionis
1031 2530 1271 2584 notitiam
1302 2530 1504 2593 habuit,
1536 2528 1819 2593 Victorini,
1848 2529 2253 2595 Regniaceusis,
2279 2538 2331 2583 et
2356 2529 2416 2583 S.
2443 2530 2654 2586 Μητιιηί
2692 2528 3197 2587 AtttiSsiodorvti~is,
3230 2535 3286 2578 ttt
3316 2537 3463 2593 patet
3491 2541 3557 2579 ex
3584 2525 3838 2579 Atlmonit.

555 2622 607 2675 in
624 2624 784 2691 epist.
807 2623 894 2689 12,
914 2642 968 2677 ιι.
990 2622 1053 2690 2;
1078 2609 1129 2677 at
1152 2625 1269 2678 solo
1288 2625 1557 2679 Vieloriuo
1582 2639 1684 2677 ms.
1714 2624 2028 2693 plerumque
2059 2636 2185 2677 usus
2212 2634 2314 2677 est.
2332 2622 2384 2676 lu
2408 2624 2593 2675 codice
2623 2622 2887 2675 chulauo
2908 2623 2993 2680 10,
3012 2622 3191 2689 pluteo
3208 2622 3241 2675 5
3288 2620 3476 2673 solum
3496 2619 3729 2686 epistolae
3752 2630 3841 2669 xxv

558 2715 719 2786 hujus
744 2718 827 2771 col
853 2717 1083 2772 ectionis
1111 2717 1400 2786 descripta:
1442 2717 1677 2780 luerunt,
1710 2732 1936 2786 quarum
1969 2717 2240 2784 pleraeque
2267 2725 2392 2770 sunt
2421 2731 2485 2769 ex
2510 2731 2618 2767 xvn
2644 2714 2919 2775 indicatis;
2948 2713 3173 2781 epistola
3201 2719 3395 2765 autem
3424 2711 3489 2763 ad
3533 2709 3736 2763 Mauros
3770 2713 3843 2762 est

550 2808 845 2864 decurtata:
892 2810 1163 2865 editionis.
1210 2809 1479 2863 Hactenus
1518 2810 1585 2863 de
1625 2809 2057 2863 collectionibus.
2105 2808 2291 2873 Neque
2325 2818 2499 2862 tamen
2547 2809 2819 2861 credimus
2847 2806 2981 2859 alias
3011 2822 3116 2859 non
3169 2820 3335 2873 posse
3382 2803 3841 2873 reperirizauctor

550 2900 696 2954 enim
724 2899 1063 2955 collectionis
1093 2899 1159 2954 12
1195 2900 1433 2970 quinque
1464 2900 1762 2970 singulares
1803 2898 2062 2968 epistolas
2093 2914 2123 2953 e
2154 2900 2562 2954 collectionibus
2592 2898 2767 2953 adhuc
2803 2898 3085 2968 incognitis
3123 2898 3312 2966 procul
3358 2895 3529 2952 dubio
3574 2893 3840 2957 derivavit,

551 3002 611 3075 ut
643 2995 912 3066 superius,
955 3010 1103 3050 num.
1138 2994 1231 3060 26,
1261 2995 1693 3049 observavimus.

1086 3109 1115 3174 §
1138 3107 1307 3160 XXVI.
1335 3109 1412 3160 De
1434 3108 1724 3173 quibusdam
1746 3107 1995 3159 codicibus
2017 3108 2102 3170 qui
2123 3115 2303 3170 praeter
2325 3106 2547 3157 laudatas
2569 3106 2892 3157 collectiones
2916 3107 3023 3156 usui
3044 3104 3264 3155 fuerunt.

621 3214 708 3272 50.
757 3214 908 3272 Nunc
931 3216 999 3272 de
1029 3216 1094 3271 iis
1118 3216 1394 3271 codicibus
1436 3216 1671 3270 breviter
1700 3214 2009 3279 dicendum,
2048 3214 2137 3280 qui
2179 3214 2303 3267 licet
2332 3214 2680 3267 collectiones
2724 3211 3072 3280 epistolarum
3105 3226 3209 3265 non
3240 3208 3391 3275 sint,
3426 3208 3642 3277 aliquas
3680 3216 3843 3261 tamen

548 3306 743 3364 Leonis
789 3310 1044 3380 epistolas
1089 3309 1387 3379 praebuere.
1423 3308 1558 3363 Tres
1584 3309 1935 3361 vetustissimi
1978 3308 2125 3359 mille
2166 3306 2383 3361 circiter
2429 3321 2691 3359 annorum
2722 3320 2852 3359 mss.
2901 3304 3020 3358 libri
3067 3306 3117 3357 in
3149 3303 3347 3373 primis
3390 3298 3845 3361 commemorandi

551 3412 688 3459 sunt.
724 3404 1049 3460 Veranen~is
1080 3404 1143 3472 8,
1177 3412 1298 3473 p0st
1324 3404 1581 3473 episto'as
1609 3402 1919 3457 Catltolicas
1963 3400 2086 3454 navi
2133 3400 2498 3456 Testamonti.
2541 3399 2693 3453 dedit
2742 3398 3029 3467 epistolam
3060 3397 3131 3453 28
3172 3397 3386 3451 Leonis
3416 3399 3487 3451 ad
3531 3396 3843 3451 Flavianum.

550 3498 703 3555 Alter
731 3498 1064 3556 Veronensis
1094 3499 1183 3561 58,
1220 3497 1443 3552 duarum
1478 3498 1806 3567 syn‘odorum
1839 3494 2125 3564 Ephesium
2160 3505 2215 3548 et
2246 3492 2700 3547 Chalcedonensis
2732 3492 2874 3545 varia
2906 3491 3228 3546 documenta
3257 3492 3681 3560 complectens,
3718 3503 3849 3543 eaut-

541 3589 664 3642 dem
692 3589 974 3659 epistolam
1004 3589 1071 3644 ad
1115 3587 1447 3648 Flavianum,
1476 3597 1530 3642 et
1558 3590 1718 3641 aliam
1750 3586 1814 3639 ad
1860 3587 2133 3640 Rusticum
2164 3585 2591 3649 Narbonensem,
2626 3599 2749 3637 cum
2779 3584 3215 3653 Inquisitionibus
3247 3584 3520 3652 praebuit.
3572 3584 3722 3636 Alius
3751 3580 3846 3635 Vc-

540 3681 806 3747 ronensis,
851 3695 995 3735 nunc
1044 3680 1332 3735 Vaticanus
1374 3680 1533 3744 1522,
1584 3689 1709 3732 ante
1754 3687 1904 3748 gesta
1958 3678 2442 3742 Chalcedonensia,
2474 3679 2707 3744 quinque
2754 3676 2949 3730 Leonis
2978 3677 3233 3745 epistolas
3273 3676 3566 3739 exhibuit,
3611 3674 3851 3730 nimirum

538 3773 697 3837 epist.
730 3770 820 3836 87,
852 3769 942 3836 89,
968 3768 1059 3834 9'5,
1090 3767 1160 3823 94
1187 3779 1240 3822 et
1267 3770 1387 3823 1M.
1416 3767 1475 3821 ltt
1504 3783 1603 3820 ms.
1640 3766 1759 3821 Vat.
1794 3767 2013 3837 Reginae
2040 3766 2146 3821 295
2174 3766 2359 3821 seculi
2404 3783 2498 3833 xtl,
2533 3777 2654 3835 post
2696 3767 2863 3819 libros
2908 3766 2983 3819 De
3026 3766 3308 3821 Vocatioue
3352 3768 3599 3821 omnium
3635 3770 3853 3837 gentium

538 3858 921 3915 describuntur
945 3868 1175 3929 quatuor
1203 3858 1445 3928 epistolae
1467 3856 1524 3911 S.
1553 3856 1748 3911 Leonis
1772 3858 1862 3919 51,
1884 3858 1972 3923 55,
2003 3856 2101 3910 159
2124 3869 2177 3911 et
2201 3858 2322 3912 165.
2346 3857 2588 3911 Similem
2612 3857 2854 3911 codicem
2889 3859 3204 3913 Tbuaneum
3236 3860 3589 3926 Quesuellus
3615 3860 3854 3914 habuisse

537 3951 770 4018 videtur,
800 3959 857 4005 ut
898 3967 963 4005 ex
994 3964 1122 4004 mss.
1156 3952 1273 4016 ejus
1306 3951 1493 4003 notitia
1524 3950 1699 4018 eolligi
1736 3961 1927 4017 potest.
1963 3950 2019 4003 In
2052 3966 2152 4003 ms.
2209 3950 2555 4004 Vallicellano
2596 3954 2661 4005 18
2716 3951 2898 4004 saeculi
2939 3968 3012 4013 xi,
3052 3954 3138 4021 qui
3179 3954 3363 4007 codex
3414 3954 3568 4009 varia
3612 3953 3857 4024 opuscula

537 4045 799 4110 continet,
828 4044 1088 4114 Opusculo
1118 4044 1188 4097 75
1214 4053 1528 4097 inseruntur
1553 4042 1672 4094 dum
1703 4042 1900 4097 Leonis
1929 4044 2193 4113 epilelaB,
2232 4043 2486 4096 nimirum
2521 4045 2602 4097 tit.
2635 4043 2739 4097 393
2770 4045 2930 4109 epist.
2976 4044 3094 4107 106,
3124 4056 3178 4099 et
3206 4045 3278 4099 tit.
3318 4047 3446 4103 ’599
3471 4047 3641 4116 epist.
3680 4046 3772 4101 95.
3803 4044 3857 4099 lu

539 4141 798 4198 Vaticano
827 4140 964 4197 1545
990 4140 1171 4195 saeculi
1199 4155 1252 4204 x,
1292 4140 1379 4209 qui
1412 4138 1511 4191 fuit
1546 4138 1799 4192 Ecclesia:
1845 4138 2169 4202 Ticinensm,
2198 4150 2253 4192 et
2288 4139 2626 4193 MISCCllaﬂt‘a
2664 4138 2998 4205 Dionysiance
3023 4150 3078 4193 et
3116 4139 3445 4195 Isidoriana:
3474 4142 3855 4197 collectionum

542 4234 785 4299 exhibet,
817 4245 1047 4304 quatuor
1073 4231 1269 4286 Leonis
1296 4230 1536 4299 epistola:
1571 4233 1948 4296 przeleruntur,
1976 4246 2094 4299 quze
2117 4246 2187 4284 ex
2215 4230 2582 4285 additionibus
2613 4230 2969 4300 Dionysianis,
2995 4245 3090 4284 seu
3113 4248 3177 4285 ex
3205 4234 3557 4288 collectione
3586 4234 3622 4288 8
3644 4242 3861 4299 sumpta:

536 4328 810 4392 videntur,
848 4327 1097 4381 nimirum
1134 4324 1379 4393 epistola:
1408 4324 1464 4385 9,
1492 4322 1576 4386 17,
1607 4322 1679 4378 20
1705 4332 1760 4376 et
1786 4324 1905 4378 108.
1936 4323 2118 4377 Codex
2157 4324 2275 4378 Vat.
2312 4324 2447 4377 1547
2480 4326 2662 4378 saeculi
2691 4342 2741 4385 χ.
2777 4335 2832 4380 et
2858 4328 3062 4381 similes
3100 4326 3220 4380 Vat.
3251 4325 3446 4382 Palat.
3488 4328 3624 4398 579,
3657 4343 3719 4383 ac
3749 4327 3859 4380 Vat.

537 4418 757 4488 Regith
784 4415 909 4483 849,
943 4430 1105 4471 uuam
1135 4414 1418 4484 epistolam
1451 4411 1518 4465 14
1547 4414 1612 4466 ad
1647 4416 1988 4467 Anastasium
2014 4414 2313 4480 praebuere.
2350 4416 2677 4469 Barberinus
2698 4418 2867 4472 codex
2902 4421 2991 4483 77,
3018 4420 3105 4487 qui
3136 4435 3162 4470 a
3193 4419 3514 4486 Quesucllo
3539 4432 3865 4476 memoratur

538 4512 593 4566 iit
627 4510 861 4566 secunda
889 4510 1151 4573 editione,
1179 4506 1349 4562 solum
1374 4505 1565 4559 obtulit
1589 4503 1874 4573 epistolam
1904 4504 1970 4560 12
1995 4506 2060 4559 ad
2093 4507 2379 4574 episcopos
2410 4507 2746 4563 Mauritania:
2773 4510 3128 4564 decurtatam.
3160 4509 3512 4579 Exemplum
3548 4513 3739 4578 prima:
3759 4511 3869 4566 edi-

539 4604 701 4659 tionis
726 4618 1036 4658 sermonum
1079 4600 1138 4655 S.
1172 4598 1387 4663 Leonis,
1444 4613 1603 4667 quam
1642 4597 1876 4667 vulgavit
1902 4597 2135 4652 Joannes
2168 4598 2412 4653 Andreas
2441 4602 2728 4669 episcopus
2769 4602 3093 4665 Alerieusis,
3133 4613 3337 4665 przeter
3371 4607 3675 4674 epistolam
3705 4606 3771 4659 28
3799 4606 3862 4656 ad

538 4696 878 4760 Flavianum,
912 4706 1146 4764 quatuor
1170 4694 1304 4747 alias
1330 4692 1674 4748 sermonibus
1698 4691 1971 4759 subjectas
2014 4691 2285 4759 praestitit,
2318 4693 2567 4747 videlicet
2606 4695 2763 4760 epist.
2799 4695 2888 4761 80,
2927 4694 3044 4756 119,
3084 4692 3183 4749 145
3209 4705 3266 4750 et
3312 4696 3453 4752 165.
3490 4701 3697 4753 Caeteri
3734 4698 3870 4766 ejus-

539 4792 660 4847 dem
702 4788 916 4860 generis
956 4804 1087 4843 mss.
1121 4787 1267 4854 libri,
1305 4786 1393 4853 qui
1435 4786 1794 4855 peculiaribus
1830 4786 2072 4853 epistolis
2104 4785 2420 4839 Paschasini
2452 4794 2506 4840 et
2534 4784 2767 4840 Proterii
2795 4786 2861 4840 ad
2886 4786 3121 4839 Leonem
3151 4789 3537 4845 emendandis
3587 4790 3866 4861 profuere,

541 4882 653 4940 suis
679 4881 809 4939 locis
836 4879 1216 4936 iudicabuntur
1242 4878 1418 4935 :sicut
1440 4880 1602 4934 etiam
1633 4878 1707 4933 illi
1742 4878 1830 4947 qui
1871 4877 1938 4931 ad
1975 4878 2265 4932 nonnullas
2295 4880 2442 4947 leges
2470 4866 2594 4932 huic
2624 4879 2847 4934 editioni
2882 4879 3199 4936 inserendas
3230 4881 3456 4951 aliquid
3493 4888 3865 4941 contulerunt.

1716 5009 1743 5073 §
1765 5008 1956 5061 XXVII.
1984 5009 2061 5061 De
2082 5012 2423 5073 manuscriptis
2444 5010 2655 5061 Gracia.

611 5121 701 5178 51.
744 5120 1011 5190 Epistolas
1048 5121 1247 5178 Leonis
1289 5121 1722 5177 Chalcedonensi
1758 5121 2063 5177 collectioni
2095 5123 2162 5176 17
2193 5122 2523 5191 praemissas,
2567 5136 2690 5176 mox
2729 5120 2920 5178 Griece
2950 5124 3191 5179 redditas
3232 5134 3291 5179 et
3331 5128 3686 5197 compilatas
3724 5128 3880 5183 fuisse

542 5217 679 5271 inter
708 5231 797 5269 an.
828 5212 938 5269 455
977 5224 1032 5269 et
1070 5212 1177 5269 455
1208 5215 1554 5281 probavimus
1596 5230 1742 5269 num.
1776 5214 1867 5268 51.
1913 5213 2057 5269 idem
2102 5212 2332 5268 subinde
2370 5212 2570 5267 factum
2606 5213 2769 5268 fuisse
2800 5213 2869 5268 de
2899 5216 3111 5270 caeteris
3151 5215 3417 5284 ejusdem
3474 5217 3713 5283 litteris,
3757 5232 3884 5289 quas

540 5310 729 5365 eadem
760 5322 924 5378 super
952 5322 1010 5363 re
1038 5308 1091 5363 in
1127 5308 1406 5364 Orientem
1438 5308 1756 5371 transmisit,
1788 5308 2036 5362 dubitare
2066 5321 2175 5361 non
2205 5306 2331 5361 licet
2360 5307 2543 5362 :unde
2568 5307 2920 5362 celeberrima
2950 5310 3088 5363 inter
3115 5307 3346 5365 Graecos
3380 5314 3481 5366 vel
3510 5312 3649 5367 olim
3684 5312 3883 5368 exstitit

541 5412 701 5480 epist.
730 5405 857 5471 175,
895 5404 963 5460 ad
989 5404 1223 5461 Leonem
1256 5408 1578 5475 Augustum,
1611 5404 1767 5471 cujus
1796 5403 1981 5459 Graeca
2016 5402 2193 5457 vei-sio
2232 5403 2473 5457 omnium
2511 5403 2915 5458 accuratissima
2956 5414 3061 5458 est.
3104 5403 3363 5459 Diximus
3399 5407 3883 5463 accuratissimam

544 5503 807 5569 omnium,
833 5515 900 5556 eo
921 5498 1065 5569 quod
1088 5508 1301 5555 cteterte
1331 5498 1808 5569 interpretationes
1832 5499 2037 5554 Gr:ch
2066 5498 2313 5552 obscura
2344 5505 2402 5550 et
2432 5496 2723 5566 implicata
2751 5497 3065 5566 plerumque
3092 5496 3487 5554 inveniantur.
3526 5502 3721 5573 Neque
3752 5503 3801 5556 id
3826 5501 3889 5555 ab

543 5612 612 5653 eo
635 5596 857 5664 antiquo
887 5602 1133 5661 tempore
1166 5592 1401 5648 alienum
1438 5592 1717 5649 credatur.
1757 5592 1911 5648 Sicut
1943 5593 2086 5648 enim
2118 5591 2219 5646 hac
2245 5600 2404 5645 :etate
2437 5590 2576 5656 apud
2606 5590 2827 5646 Latinos
2870 5591 2977 5645 rari
3010 5602 3162 5645 erant
3204 5591 3303 5661 qui
3340 5592 3618 5650 Graecam
3655 5596 3887 5668 linguam

547 5688 714 5757 probe
738 5682 1024 5751 callerent,
1050 5691 1108 5737 et
1132 5692 1377 5739 exactam
1410 5682 1715 5739 versionem
1747 5698 1778 5737 e
1809 5681 1998 5738 Grteco
2034 5682 2355 5747 redderent;
2396 5682 2466 5736 ita
2501 5682 2639 5751 apud
2661 5682 2879 5739 Graecos
2908 5684 3015 5738 rari
3057 5684 3148 5753 qui
3187 5684 3452 5753 perfecte
3484 5697 3757 5744 tenerent
3792 5691 3889 5742 liu-

546 5798 705 5855 guam
731 5782 999 5848 Latinam,
1029 5790 1442 5852 accuratamque
1470 5781 1968 5850 interpretationem
2000 5796 2066 5835 ex
2102 5780 2293 5834 Latino
2335 5779 2717 5849 producerent.
2749 5779 2933 5846 Quoad
2967 5778 3188 5834 Latinos
3216 5779 3365 5834 satis
3394 5782 3617 5837 indicio
3652 5796 3740 5841 est
3766 5783 3891 5840 illud

547 5875 827 5937 Calestini
864 5874 1022 5947 epist.
1055 5876 1124 5934 15
1146 5874 1213 5930 ad
1242 5874 1571 5941 Nestorium,
1614 5888 1764 5931 num.
1802 5874 1857 5940 2,
1890 5871 1978 5928 ubi
2014 5872 2188 5930 serius
2220 5872 2287 5929 ad
2314 5873 2432 5941 ejus
2461 5870 2719 5941 epistolas
2752 5885 2810 5926 se
2842 5871 3186 5939 respondisse
3226 5869 3490 5928 atﬁrmat
3537 5876 3644 5928 bac
3678 5893 3784 5931 una
3826 5877 3889 5931 de
