4006 6348
192 372 306 439 877
1060 372 1428 434 ΡΒᾸΞῈΑΤΙΟ
1465 371 1530 431 lN
1572 374 1774 434 EPIST‘

1910 379 1951 472 S.
1986 378 2047 434 S.
2086 375 2333 435 LEONIS
2370 376 2607 435 MAGNI.
3382 370 3489 434 578

191 507 363 550 causa
389 510 403 549 :
431 492 557 549 Erat
585 494 720 547 enim
749 493 801 547 in
834 491 1072 547 Latinum
1095 509 1264 546 sermo
1285 492 1593 558 vertendus;
1618 507 1680 546 ac
1702 492 1745 545 si
1777 490 1995 546 dillicile
2019 492 2177 546 fuerit
2208 492 2394 547 Rumae
2422 489 2729 561 expeditum
2756 489 3110 559 interpretem
3140 486 3405 544 invenire.
3434 487 3493 545 Id

188 596 379 643 autem
413 587 548 643 adeo
580 597 766 642 notum
798 586 964 641 fuisse
991 586 1203 639 videtur
1222 585 1446 654 Cyrillu,
1482 596 1536 637 ιιι
1566 584 1750 640 Graeca
1789 584 2033 652 quardam
2064 588 2384 640 documenta
2411 585 2473 637 ad
2523 584 2774 639 eumdem
2806 582 3156 640 leestiuum
3193 585 3491 647 missurus,

186 694 240 733 ea
280 681 359 733 ob
383 681 678 735 faciliorem
712 689 765 735 et
789 680 1171 750 promptiorem
1196 669 1497 747 usum,‘(a)
1526 686 1775 743 quantum
1808 675 1946 728 licuit
1980 693 2069 744 per
2098 692 2182 729 eos
2212 676 2297 745 qui
2325 675 2654 730 Alexandria:
2682 675 2837 729 vitam
2866 672 3137 746 degebant,
3166 671 3349 727 Latine
3375 669 3493 725 red-

184 768 372 824 denda
418 773 669 826 curaverit
694 812 708 835 ,
741 780 799 824 ut
845 771 959 838 ipse
988 778 1211 823 testatur
1241 768 1398 835 epist.
1432 767 1466 821 8
1501 767 1565 819 ad
1596 766 1948 820 Caelestinum
1983 782 2130 820 nttm.
2159 771 2212 821 9.
2248 766 2379 821 Hinc
2403 770 2563 821 etiam
2590 766 2647 823 S.
2680 769 2808 831 Leo,
2830 767 2991 838 epiSt.
3020 766 3139 834 115,
3168 782 3220 823 c.
3251 767 3308 831 4,
3339 772 3490 835 post-

184 876 361 931 quam
394 865 680 919 affirmavit
702 874 974 935 gestorum
1003 861 1530 917 Chalcedonettsium
1565 859 1973 913 instructiOnem
1999 861 2135 928 apud
2164 858 2442 913 Romanos
2473 859 2639 913 fuisse
2666 876 2852 928 parum
2882 858 3075 914 claram
3098 872 3303 931 propter
3330 858 3496 912 direr-

180 960 401 1007 sttatem
432 954 619 1024 lingua:
642 951 856 1010 Grazctc.
881 968 983 1022 qua
1010 952 1096 1005 illa
1122 952 1318 1020 scripta
1342 960 1520 1017 erant,
1544 952 1609 1004 tle
1634 952 1807 1018 peritu
1838 950 2129 1020 interprete
2153 949 2338 1004 Romae
2358 944 2683 1006 inveniendo
2704 951 2976 1021 dtllidens,
2999 967 3030 1007 a
3053 954 3271 1008 Juliano
3291 949 3493 1007 Coensi

182 1050 358 1102 enixe
381 1050 529 1117 petiit
555 1060 615 1105 ut
640 1064 705 1104 ea
732 1047 1198 1117 Constantinopoli
1226 1046 1416 1101 Latine
1445 1043 1819 1100 transferenda
1856 1054 2095 1101 curaret.
2132 1046 2243 1100 Illa:
2270 1046 2398 1115 ipsa).
2427 1047 2661 1115 antiqua!
2692 1048 2968 1103 versiones
3000 1047 3203 1104 Latina:
3230 1060 3495 1119 quorum-

180 1136 319 1191 dam
346 1139 789 1194 documentorum
822 1147 945 1192 ante
983 1136 1297 1207 Dionysium
1335 1136 1598 1206 Exignum
1624 1135 1758 1189 adeo
1786 1137 2036 1205 implexae
2067 1147 2211 1203 sunt,
2244 1145 2300 1190 ut
2328 1136 2468 1193 hanc
2491 1138 2735 1194 eamdem
2760 1138 3131 1195 difﬁcultatem
3158 1141 3289 1195 satis
3306 1152 3499 1209 super-

184 1243 299 1296 que
334 1230 672 1284 conlirtneut.
707 1228 850 1284 ldetn
872 1242 1002 1282 vero
1032 1228 1291 1281 accidisse
1313 1227 1450 1295 apud
1477 1224 1717 1293 Graecos,
1746 1241 1868 1281 cum
1894 1228 2167 1283 reddenda
2190 1240 2372 1283 eSSent
2405 1228 2593 1285 Graece
2623 1232 2944 1286 documenta
2974 1232 3183 1294 Latina,
3216 1232 3495 1286 versiunes

182 1324 409 1392 pariter
458 1324 687 1393 antiqua
716 1323 939 1389 Grarcze,
971 1338 1091 1392 qua:
1122 1322 1236 1377 sive
1264 1322 1314 1375 in
1346 1321 1639 1390 Ephesinu,
1671 1322 1783 1376 sive
1812 1321 1864 1375 in
1905 1323 2330 1379 Cbalceduneusi
2358 1324 2589 1380 concilio
2621 1326 2773 1380 lecta:
2808 1332 2988 1394 luere,
3020 1326 3391 1383 testimonium
3420 1328 3499 1381 Io-

177 1418 624 1486 cupletissimum
648 1416 877 1471 alierum
908 1430 922 1467 :
958 1415 1113 1485 idqtte
1145 1430 1239 1483 per
1270 1412 1381 1467 hau-
1415 1428 1627 1482 quoque
1657 1423 1898 1481 tempora
1929 1414 2034 1467 dici
2069 1415 2240 1484 potuit
2272 1414 2412 1482 quod
2445 1430 2545 1470 suo
2572 1431 2688 1470 awo
2710 1418 2929 1485 scripsit
2957 1418 3013 1474 S.
3052 1417 3365 1487 Gregorius,
3396 1416 3483 1471 lib.

182 1529 282 1579 ru,
328 1517 493 1583 epist.
528 1515 593 1570 15
620 1514 683 1567 ad
712 1512 1020 1567 Narsetem:
1048 1510 1180 1577 Quia
1219 1508 1371 1562 hodie
1396 1509 1446 1560 in
1480 1506 1920 1575 ConstantinOpoli
1957 1510 2178 1572 civitate,
2211 1510 2298 1579 qui
2328 1510 2391 1562 de
2416 1507 2600 1563 Latino
2621 1510 2675 1563 in
2702 1509 2937 1564 Gratum
2964 1511 3161 1566 dictata
3190 1512 3312 1565 bene
3331 1519 3473 1563 trans

260 1617 368 1662 ant
393 1626 497 1663 non
522 1617 673 1671 sunt;
698 1608 823 1661 dum
856 1607 992 1660 enim
1014 1604 1161 1658 verba
1189 1602 1509 1667 custodiunt,
1540 1611 1589 1655 et
1617 1618 1796 1655 sensus
1825 1604 2035 1655 minime
2063 1604 2355 1669 attendunt,
2385 1620 2476 1658 nec
2506 1606 2650 1658 verba
2682 1602 2965 1673 intelligere
2990 1610 3212 1672 faciunt,
3244 1610 3293 1657 et
3315 1615 3498 1657 sensus

177 1695 469 1777 frangunt.
498 1703 636 1757 Nihil
660 1703 817 1771 igitur
844 1701 1037 1755 mirum
1068 1700 1157 1765 sit,
1190 1700 1233 1752 si
1264 1697 1468 1753 Graecae
1493 1698 1773 1751 versiones
1811 1700 2156 1763 epistularum
2185 1698 2384 1753 Leonis
2412 1714 2516 1752 non
2539 1699 2864 1753 atlatnussim
2893 1698 3224 1770 respondent
3247 1695 3499 1768 originali

182 1794 424 1861 Latino,
454 1799 601 1865 cujus
624 1796 944 1852 sententiam
968 1794 1188 1850 Gra-cus
1220 1794 1491 1860 interpres
1522 1805 1925 1858 nonnumquam
1956 1791 2133 1844 minus
2160 1801 2441 1845 assecutus
2467 1788 2800 1860 agnoscitur.

254 1890 363 1945 52.
406 1889 590 1960 Neque
617 1901 795 1944 tamen
824 1889 1024 1944 idcirco
1049 1888 1132 1941 hic
1166 1889 1441 1943 versiones
1470 1886 1697 1940 minoris
1728 1887 1989 1941 babendm
2015 1896 2174 1951 sunt;
2204 1902 2328 1941 nam
2360 1886 2461 1939 sub
2486 1876 2799 1950 'Hormisda,
2821 1886 3181 1942 reconciliatis
3208 1884 3498 1941 Orientali-

177 1983 284 2038 bus
317 1999 451 2039 cum
478 1984 804 2039 Occidentali
840 1983 1101 2052 Ecclesia,
1131 1983 1207 2035 illi
1235 1998 1338 2036 non
1371 1983 1547 2036 solum
1575 1980 1859 2048 epismlam
1889 1980 1948 2037 S.
1988 1982 2185 2036 Leonis
2214 1981 2279 2036 ad
2312 1980 2650 2045 Flavianum,
2680 1981 2775 2037 sed
2811 1994 2999 2035 omnes
3036 1980 3205 2046 ipsius
3233 1980 3495 2049 epistolas

176 2076 439 2145 ejusdem
472 2077 770 2144 argumenti
814 2076 1054 2146 profiteri
1094 2076 1362 2130 solebant.
1407 2074 1459 2129 ld
1501 2084 1553 2128 ut
1589 2076 1886 2143 exigerent,
1932 2074 1984 2128 itt
2032 2075 2298 2129 mandatis
2332 2074 2555 2129 dederat
2597 2074 2841 2129 laudatus
2885 2071 3124 2143 pontifex
3163 2073 3276 2129 suis
3316 2075 3503 2144 legalis

176 2165 717 2236 Constantinopolim
755 2167 1112 2229 transmissis,
1148 2178 1203 2219 ut
1242 2176 1387 2235 patet
1421 2182 1485 2220 ex
1530 2166 1764 2219 intlicttlu
1797 2164 2000 2219 eisdem
2037 2166 2253 2233 tradito,
2288 2168 2426 2235 quod
2461 2166 2657 2236 legitur
2702 2174 2833 2218 tom.
2877 2164 2916 2217 ν
2948 2163 3162 2218 Cuncti.
3203 2180 3325 2235 pag.
3374 2164 3499 2220 567.

176 2264 319 2317 edit.
373 2262 611 2317 Venetae.
646 2262 781 2317 Hinc
818 2261 1053 2315 Joannes
1091 2260 1376 2327 episcopus
1408 2259 1835 2327 Nicepolitanus,
1877 2259 1927 2312 in
1957 2259 2187 2327 epistula
2220 2258 2288 2312 ad
2325 2258 2572 2313 eumdem
2610 2257 2943 2326 pontificem,
2982 2271 3106 2328 pag.
3145 2257 3277 2325 578,
3308 2272 3339 2311 a
3365 2274 3381 2311 :
3407 2256 3505 2312 Se-

178 2374 379 2426 queris,
410 2356 605 2427 inquit,
634 2356 689 2410 in
714 2354 948 2409 omnibus
975 2355 1248 2425 synodicae
1278 2364 1325 2407 et
1354 2355 1664 2425 apostolicos
1692 2352 1933 2423 epistolas
1962 2353 2178 2421 scriplas
2200 2368 2230 2404 a
2262 2368 2378 2405 vero
2411 2351 2631 2421 pra'sule
2665 2351 2910 2405 Romana:
2942 2348 3188 2404 Ecclesia
3224 2348 3414 2403 Leone.
3444 2348 3505 2405 In

178 2448 537 2515 profe-si0tte
576 2446 925 2500 Orientalium
972 2446 1115 2499 edita
1148 2455 1200 2496 et
1227 2444 1292 2497 ad
1330 2444 1578 2499 eumdem
1612 2443 1916 2512 politalicem
1952 2445 2111 2495 missa
2143 2458 2231 2495 au.
2266 2444 2389 2505 5l7,
2426 2458 2545 2510 pag.
2585 2442 2713 2505 585,
2742 2455 2793 2506 a,
2840 2441 3070 2511 legitur:
3107 2440 3428 2511 Suscipimus
3459 2450 3506 2496 et

180 2539 548 2607 approbamus
579 2554 752 2590 omnes
784 2537 1027 2607 epistolas
1055 2536 1237 2589 Leonis
1265 2552 1415 2604 papa:
1461 2539 1723 2590 universas
1755 2554 1880 2605 quas
1913 2537 1974 2588 de
2006 2538 2253 2606 religione
2283 2535 2576 2590 Christiana
2620 2536 2942 2603 conscn'psit.
2970 2534 3207 2590 Joannes
3237 2534 3506 2589 Constan-

184 2632 615 2698 tinopolitanus,
652 2632 702 2683 in
732 2629 956 2699 epistola
992 2629 1054 2682 ad
1081 2629 1352 2694 eumdem,
1391 2644 1509 2697 pag.
1537 2628 1663 2685 6‘22.
1685 2628 1715 2681 d
1745 2644 1759 2681 ε
1788 2627 2077 2681 I’rubamus
2112 2637 2160 2680 et
2190 2628 2548 2699 amplectimur
2577 2627 2819 2693 epistolas
2850 2642 3022 2680 omnes
3044 2624 3107 2679 Β.
3149 2625 3332 2681 Leonis
3356 2640 3505 2695 papa

179 2724 338 2777 urbis
371 2722 582 2785 Roma,
614 2738 741 2792 quas
780 2721 1080 2788 conscripsit
1113 2724 1175 2773 de
1212 2732 1349 2774 recta
1387 2721 1507 2788 ﬁde.
1544 2721 1610 2774 Et
1634 2734 1688 2774 ttt
1721 2722 1821 2773 alia
1858 2722 1906 2772 itl
1944 2735 2113 2790 genus
2157 2720 2345 2773 testim
2373 2721 2456 2774 nia
2491 2719 2822 2782 omittamus,
2858 2721 2972 2787 ipse
3009 2716 3301 2787 imperator
3337 2718 3506 2775 Justi-

182 2815 417 2873 nianus,
449 2813 502 2867 in
531 2814 751 2880 epistola
780 2812 844 2865 ad
877 2812 1158 2881 Agapitum
1194 2826 1409 2880 papam,
1442 2828 1557 2879 pag.
1588 2811 1713 2877 947,
1748 2827 1810 2864 e:
1841 2811 2121 2865 l’robanles
2147 2830 2237 2878 per
2259 2813 2429 2865 omnii
2460 2825 2610 2882 atque
2632 2814 2991 2883 amplectentes
3025 2812 3269 2882 epistolas
3300 2812 3361 2867 Β.
3395 2827 3505 2867 me-

185 2910 378 2962 moriae
404 2907 587 2962 Leonis
624 2923 796 2960 omnes
825 2923 954 2976 quas
982 2906 1045 2959 de
1073 2906 1175 2973 [ide
1218 2905 1516 2959 Christiana
1553 2906 1873 2976 conscripsil.
1928 2907 2179 2974 Epistula:
2216 2922 2348 2974 quas
2379 2907 2462 2961 isti
2495 2907 2791 2976 probabant
2819 2919 2980 2972 atque
3011 2906 3502 2976 amplectebantur,

191 3011 363 3056 erant
403 2999 861 3067 interpretationis
883 2998 1108 3052 Grarcaz.
1141 2997 1365 3053 Grut-cus
1388 3002 1567 3067 itaque
1596 3000 1818 3052 isuarum
1856 3010 2034 3053 textus
2064 3017 2165 3052 non
2192 3010 2247 3053 ιιι
2280 3002 2541 3067 privatum
2570 3002 2831 3069 scriptum
2867 3000 3147 3056 habendus
3173 3009 3280 3065 est,
3309 3002 3403 3057 sed
3441 3012 3499 3056 ut

190 3097 482 3169 publicum
517 3094 775 3149 Ecclesia:
800 3093 1089 3148 Orientalis
1120 3105 1525 3147 monumentum
1556 3094 1623 3145 ah
1659 3093 1846 3147 eadem
1881 3095 2161 3163 probatum
2191 3103 2352 3163 atque
2384 3105 2657 3163 receptum
2696 3094 2759 3147 ad
2789 3096 3126 3149 statuendam
3166 3102 3351 3150 contra
3399 3093 3505 3148 Eu-

193 3193 493 3265 tyt‘hiauos
523 3188 845 3245 catholicam
875 3189 1057 3244 (idem.
1092 3188 1227 3243 Hinc
1253 3199 1430 3242 autem
1464 3200 1657 3258 quanta
1689 3187 1877 3241 harum
1904 3188 2408 3255 interpretatiouum
2443 3191 2732 3241 auctoritas
2761 3188 2848 3251 sit,
2883 3196 3250 3257 quantumque
3289 3188 3506 3245 intersit

193 3300 394 3339 earum
422 3282 611 3347 editio,
644 3297 803 3337 nemo
831 3291 915 3336 est
941 3281 1031 3350 qui
1066 3297 1169 3335 nun
1200 3282 1392 3337 videat.
1439 3283 1573 3335 Alize
1604 3296 1767 3351 pol‘l‘O
1797 3282 2038 3348 episrolm
2075 3298 2102 3333 a
2142 3281 2346 3336 Cra-cis
2380 3281 2694 3336 auctoribus
2731 3281 2795 3335 ad
2843 3280 3077 3337 Leonem
3110 3281 3249 3336 datae
3286 3291 3339 3335 et
3370 3282 3507 3337 inter

194 3378 476 3433 Leoninas
509 3377 881 3442 recensendte,
915 3376 1102 3431 Graece
1131 3377 1343 3446 scriplze
1372 3377 1616 3443 l'uerUnt;
1651 3377 1793 3431 unde
1822 3378 2064 3431 Grzecum
2101 3380 2379 3447 exemplar
2407 3378 2667 3449 originale
2695 3378 3048 3433 omittendum
3082 3394 3185 3432 non
3218 3376 3338 3431 fuit.
3374 3377 3500 3432 Dure

198 3472 329 3525 item
365 3471 607 3539 epistolae
632 3468 830 3524 Leonis
856 3468 926 3523 45
948 3479 1001 3523 et
1024 3469 1114 3534 72,
1141 3486 1240 3521 una
1269 3470 1433 3524 Hilari
1466 3472 1719 3524 Romana:
1748 3472 2001 3525 Ecc'esiae
2029 3471 2238 3525 diaetini
2270 3473 2334 3526 ad
2367 3473 2700 3527 l’ulcberiaiu
2727 3473 2890 3541 epist.
2919 3472 3009 3535 46,
3042 3481 3097 3526 et
3119 3485 3242 3539 pars
3264 3469 3505 3536 epistolae

194 3565 267 3620 25
296 3565 445 3619 Petri
489 3563 815 3618 Ravennatis
839 3563 903 3616 ad
940 3564 1239 3633 Eutychen,
1274 3564 1399 3617 licet
1429 3565 1496 3616 ali
1522 3564 1840 3617 aut-toribus
1870 3564 2059 3618 Latine
2092 3565 2302 3633 scriptae
2335 3567 2571 3629 fuerint;
2606 3580 2727 3619 cum
2760 3574 2938 3619 tamen
2968 3564 3189 3618 Latinus
3228 3562 3506 3634 originalis

200 3676 389 3716 earum
421 3669 600 3714 textus
625 3658 983 3722 desideretur,
1019 3658 1203 3712 Graeca
1234 3659 1450 3728 antiqua
1479 3659 1675 3723 versio,
1708 3675 1826 3727 quae
1855 3659 1922 3710 ab
1951 3659 2074 3712 al.is
2106 3671 2289 3728 postea
2352 3661 2537 3715 Latine
2574 3660 2781 3715 reddita
2812 3659 2929 3724 fuit,
2961 3673 3059 3731 pro
3084 3659 3326 3730 originali
3361 3670 3506 3715 textu

200 3753 451 3808 habenda
491 3764 597 3806 est.
641 3751 898 3819 Ejusdem
941 3752 1152 3819 generis
1184 3763 1309 3805 sunt
1354 3765 1581 3822 quatuor
1610 3755 1852 3819 epistula:
1893 3752 2199 3821 imperiales
2231 3756 2323 3820 55,
2366 3754 2453 3819 56,
2497 3756 2563 3808 57
2594 3765 2647 3809 et
2673 3756 2764 3819 58,
2794 3770 2859 3809 ex
2887 3754 3179 3810 Oenidente
3226 3755 3406 3809 missa:
3447 3755 3503 3809 in

200 3846 504 3908 Orientem,
534 3859 655 3914 qua:
686 3844 877 3899 Latino
903 3844 1153 3913 originali
1186 3843 1494 3914 deperdito,
1525 3847 1639 3900 sola
1670 3847 1887 3915 antiqua
1920 3850 2104 3902 Graeca
2136 3848 2313 3902 versio
2360 3847 2629 3918 posterius
2660 3848 2847 3903 Latine
2882 3848 3142 3915 traducta,
3176 3847 3295 3902 loco
3338 3845 3505 3917 origi-

203 3940 344 3993 nalis
372 3939 553 3993 ltaberi
586 3939 765 3993 debet.

276 4033 367 4087 53.
408 4032 732 4099 Quesnellus
783 4031 834 4085 in
877 4033 1044 4099 prima
1088 4031 1325 4086 editione
1382 4031 1665 4086 duodecim
1716 4040 1924 4087 tantum
1984 4033 2335 4100 epistularum
2386 4031 2631 4089 Graecum
2682 4041 2886 4088 textum
2927 4029 3129 4097 edidit,
3170 4043 3353 4085 earum
3399 4028 3504 4084 sci-

210 4127 333 4181 licet
376 4141 510 4194 quas
554 4137 648 4179 aut
691 4126 758 4179 ab
801 4123 1009 4193 origine
1052 4124 1241 4179 Graece
1274 4125 1544 4193 scriptas,
1588 4136 1679 4179 aut
1734 4142 1828 4194 pro
1870 4126 2224 4195 originalibus
2278 4126 2551 4182 habendas
2592 4126 2853 4194 credidit,
2900 4126 3152 4183 nimirum
3199 4126 3358 4195 epist.
3400 4124 3505 4191 22,

213 4218 309 4282 ΒΞ,
361 4217 462 4285 55,
516 4218 619 4282 56,
676 4219 780 4286 57,
836 4218 939 4282 62,
986 4219 1089 4280 63,
1146 4217 1250 4283 64,
1302 4216 1407 4282 75,
1457 4219 1556 4285 76,
1604 4220 1670 4273 77
1700 4220 1795 4274 et!

1927 4218 1975 4273 In
2031 4219 2266 4275 secunda
2301 4235 2431 4275 vero
2481 4221 2718 4277 editione
2761 4220 2967 4275 addidit
3013 4219 3149 4275 alias
3180 4219 3317 4273 duas
3361 4215 3509 4273 Grat-

215 4327 299 4367 cas
338 4312 406 4367 26
450 4322 506 4367 et
550 4314 651 4377 53,
704 4327 823 4381 quze
863 4327 891 4365 a
936 4311 1240 4377 Cotelerio,
1287 4320 1341 4366 et
1382 4312 1509 4366 item
1555 4311 1656 4368 100
1692 4322 1747 4367 et
1786 4312 1927 4375 110,
1979 4328 2101 4383 qua:
2142 4314 2210 4369 ab
2256 4314 2495 4370 Arnoldo
2552 4324 2676 4386 post
2739 4317 2976 4387 priorem
3022 4312 3313 4369 editionem
3362 4311 3503 4383 typis

218 4404 349 4459 data
393 4404 625 4459 luerunt.
682 4402 755 4456 Ita
803 4402 991 4457 decem
1028 4411 1084 4457 et
1120 4416 1216 4457 sex
1265 4402 1521 4472 epistolas
1573 4402 1791 4458 Graecas
1833 4418 1900 4459 ex
1940 4404 2174 4474 vulgatis
2219 4404 2509 4475 excerpsit.
2563 4404 2674 4461 Nos
2716 4419 2880 4474 vero,
2925 4402 3121 4476 quibus
3173 4404 3509 4476 propositum

222 4506 295 4551 est
338 4498 577 4551 omnium
627 4497 977 4565 epistularum
1025 4496 1274 4551 Graecum
1318 4504 1528 4551 textum
1576 4498 1909 4566 producere,
1960 4500 2025 4554 iis
2066 4500 2136 4555 de
2186 4501 2367 4556 causis
2415 4516 2549 4571 quas
2590 4515 2753 4567 supra
2793 4504 3207 4573 explicavimus,
3234 4499 3510 4559 addemus

223 4589 453 4645 Graecum
510 4600 712 4645 textum
773 4591 996 4644 aliarum
1041 4591 1389 4659 epistularum
1439 4592 1624 4661 viginti
1662 4603 1716 4647 et
1759 4594 2033 4664 quinque,
2082 4595 2154 4647 ita
2210 4603 2266 4648 ut
2303 4608 2493 4649 omnes
2537 4594 2742 4651 Graeca:
2780 4594 3021 4665 epistola:
3072 4594 3172 4651 hac
3226 4593 3281 4650 in
3328 4601 3510 4650 nostra

224 4681 445 4737 editione
482 4682 681 4736 futura:
719 4681 829 4736 sint
858 4697 964 4736 xm.
998 4681 1143 4736 Inter
1184 4681 1280 4737 has
1311 4682 1535 4751 epistola
1566 4683 1657 4739 101
1687 4685 1920 4740 Anatolii
1954 4686 2020 4741 ad
2053 4685 2291 4742 Leonem
2322 4686 2601 4757 originalis
2630 4704 2696 4743 ex
2725 4704 2827 4743 ms.
2858 4687 3048 4746 Graeco
3073 4687 3337 4744 Vaticano
3369 4684 3512 4744 “55

226 4790 355 4831 nunc
387 4778 615 4847 primum
643 4776 899 4846 prodihit.
929 4777 1003 4831 Ex
1035 4778 1224 4833 eodem
1247 4778 1433 4832 codice
1455 4779 1714 4834 accedent
1740 4779 1905 4835 etiam
1932 4782 2169 4852 quinque
2199 4784 2437 4853 antiquae
2465 4783 2943 4855 interpretationes
2972 4784 3197 4851 Graecae,
3220 4799 3340 4855 quae
3367 4797 3511 4838 non-

228 4870 339 4924 dum
366 4870 537 4926 lucem
570 4870 842 4937 viderunt,
877 4870 1125 4924 videlicet
1145 4871 1495 4939 epistularum
1524 4870 1647 4935 HM,
1676 4871 1800 4938 106,
1829 4872 1953 4941 114,
1982 4874 2085 4930 115
2113 4884 2167 4930 et
2196 4876 2321 4932 159.
2354 4876 2631 4931 Addemns
2663 4886 2923 4946 praeterea
2950 4891 3015 4931 ex
3043 4875 3237 4933 Vossio
3265 4875 3511 4933 Graecam

227 4962 608 5017 exactissimam
637 4964 941 5017 versionem
970 4961 1213 5031 epistulae
1249 4962 1370 5027 l65,
1396 4962 1597 5017 Leonis
1625 4963 1691 5017 ad
1724 4964 1960 5021 Leonem
1986 4968 2310 5035 Augustum,
2352 4983 2474 5038 quae
2498 4983 2597 5024 nec
2620 4970 2672 5024 in
2702 4969 2864 5025 editis
2898 4967 3262 5025 Conciliorum
3292 4967 3508 5038 legitur.

227 5052 535 5110 Ceterarum
574 5070 706 5110 vero
741 5056 981 5109 omnium
1010 5055 1359 5125 epistularum
1398 5071 1506 5110 non
1547 5057 1910 5124 exscriptores
1960 5067 2166 5115 tantum
2196 5060 2404 5117 erimus
2433 5076 2497 5117 ex
2536 5062 2732 5127 editis,
2764 5073 2822 5117 ut
2854 5062 3115 5118 hactenus
3146 5060 3346 5118 factum
3387 5068 3509 5125 est;

228 5145 423 5202 codices
450 5148 594 5202 enim
633 5146 852 5202 Graecos
895 5149 1352 5215 investigavitnus,
1393 5157 1447 5202 et
1488 5148 1807 5213 invenimus,
1845 5167 1966 5206 cum
2005 5153 2202 5221 quibus
2239 5168 2429 5210 omnes
2478 5154 2590 5210 fere
2622 5156 2881 5226 epistolas
2911 5154 3132 5213 Graecas
3171 5154 3420 5211 conferre
3448 5154 3515 5208 li-

231 5237 358 5302 cuit,
387 5251 436 5295 et
468 5239 587 5293 illas
618 5238 782 5294 etiam
813 5239 1116 5293 rarissimas
1147 5253 1285 5309 quas
1324 5240 1596 5295 Arnoldus
1627 5241 1885 5311 vulgavit.
1915 5243 2219 5302 Cotelerius
2250 5246 2304 5302 in
2333 5246 2661 5306 bibliotheca
2690 5246 2854 5320 Regia
2894 5248 3188 5305 Parisiensi
3216 5247 3514 5317 perlectum

230 5331 488 5400 exemplar
510 5332 759 5388 Graecum
787 5332 1127 5387 collectionis
1152 5332 1607 5389 Chalcedonensis
1640 5346 1829 5391 nactus
1853 5346 1957 5407 est,
1991 5340 2039 5394 ei
2072 5341 2294 5396 omnino
2322 5341 2524 5409 simile,
2547 5342 2692 5412 quod
2718 5344 2972 5413 antiquus
2994 5343 3218 5400 Latinus
3244 5344 3514 5411 interpres

229 5423 453 5492 ejusdem
503 5424 848 5480 collectionis
890 5423 1156 5478 adhibuit.
1204 5422 1308 5478 Sex
1351 5426 1495 5479 enim
1545 5426 1802 5493 epistolas
1846 5429 2099 5496 Gnecas,
2138 5446 2260 5500 quae
2306 5432 2447 5503 apud
2493 5435 2845 5502 interpretem
2886 5433 3137 5490 Latinum
3187 5443 3313 5489 ante
3361 5440 3515 5503 geste

228 5516 487 5585 leguntur,
518 5528 575 5572 at
605 5518 657 5571 in
688 5517 968 5573 codicibus
1021 5517 1113 5587 qui
1156 5518 1272 5573 usui
1306 5520 1521 5573 luerunt
1562 5521 1820 5575 Romanis
1859 5524 2159 5580 editoribus
2199 5526 2253 5582 in
2284 5528 2498 5583 edendo
2529 5527 2722 5585 (ἕτεοο
2772 5537 2919 5586 textu
2964 5529 3194 5596 desunt,
3222 5541 3289 5585 ex
3320 5527 3512 5584 eodem

224 5624 319 5665 ms.
350 5609 514 5682 Regio
567 5612 711 5685 typis
740 5611 910 5667 dedit.
942 5610 1001 5665 In
1031 5611 1245 5668 caeteris
1266 5627 1399 5668 vero
1429 5614 1673 5683 epistolis
1706 5614 1908 5672 Graecis
1937 5633 2096 5675 nemo
2121 5618 2300 5677 adhuc
2334 5620 2586 5679 inventus
2612 5630 2699 5680 est
2738 5621 2830 5693 qui
2857 5621 3106 5680 Grecam
3148 5630 3352 5679 textum
3388 5635 3511 5680 cum

281 5784 689 5870 (“pacatum
716 5789 860 5870 licuit
889 5790 1095 5870 inquit;
1126 5807 1304 5870 neque
1326 5795 1467 5847 enim
1498 5792 1658 5870 facile
1679 5808 1803 5864 spe-
1912 5794 2679 5870 scriptamLatinegdiligenter
2728 5796 3054 5866 redderent,
3103 5807 3163 5856 ut
3201 5800 3390 5860 videre
3430 5809 3517 5862 est

217 5856 372 5919 nbat
400 5857 675 5917 Prmerius
703 5869 761 5917 ut
798 5856 1153 5919 Alexandrini
1194 5856 1278 5921 s'ui
1318 5870 1575 5935 temporis
1620 5856 1805 5926 Greca
1914 5856 2074 5935 epist.
2117 5866 2239 5935 131,
2270 5883 2323 5928 c.
2354 5868 2411 5927 9.
