4006 6348
504 456 605 514 595

1622 443 1680 498 S.
1721 437 1964 497 LEONIS
2004 434 2218 492 MAGNI
2259 432 2644 490 EPISTOLA‘S.
3637 443 3727 505 ωδ

501 565 870 623 discreverim,
914 559 1049 615 nihil
1099 556 1202 612 sibi
1244 569 1497 612 sensuum
1554 568 1775 609 suorum
1817 552 2083 608 astiment
2110 561 2154 615 Α
2186 556 2299 614 est,
2349 562 2647 618 magnaque
2696 545 2971 616 diligentia
3014 545 3397 616 providendum
3427 593 3441 618 ,
3478 551 3491 605 i
3538 572 3601 614 ne
3648 578 3732 631 per

503 668 528 692 ⁶¹
554 671 672 710 esse
704 670 805 707 non
839 652 1061 705 salvum.

574 748 699 800 (In.
736 745 821 798 lll.
846 773 916 784 —
942 739 1181 812 Cumque
1212 755 1401 794 omnes
1440 738 1778 795 deﬁnitiones
1806 754 1931 795 suas
1960 736 1987 775 ι’
2018 736 2085 791 ad

506 838 830 905 subrependi
862 835 1194 897 facilitatem,
1222 836 1526 903 improbare
1557 851 1614 889 se
1644 835 1899 889 simulent
1928 843 2085 901 atque

504 934 797 999 deponere,
831 929 933 984 hoc
978 929 1080 983 sibi
1111 936 1218 984 tota
1267 937 1382 981 arte
1412 926 1652 989 fallendi,
1686 938 1707 967 ο
1740 928 1841 981 nisi
1888 925 2082 981 intelli-

502 1037 713 1095 gantur.
766 1026 1077 1092 excipiunt,
1110 1032 1164 1075 nt
1212 1022 1379 1093 gratia
1418 1025 1506 1077 ltei
1558 1022 1853 1077 secondnm
1893 1022 2085 1075 merita

506 1120 622 1173 dari
656 1118 1031 1181 accipientium
1060 1118 1339 1170 sentiatur.
1372 1114 1395 1153 ἀ
1426 1118 1552 1183 Quae
1583 1120 1762 1185 otique
1794 1116 1894 1168 nisi
1920 1116 2086 1183 gratis

505 1211 685 1271 detur,
715 1228 817 1263 non
847 1219 929 1264 est
960 1208 1153 1279 gratia,
1188 1209 1281 1261 sed
1314 1223 1521 1262 metces
1553 1209 1937 1272 retributinque
1967 1222 2084 1260 ine-

504 1303 748 1363 ritorum,
766 1300 993 1355 'dicente
1024 1303 1177 1353 beato
1195 1299 1454 1367 Apostulo
1481 1317 1493 1350 :
1521 1299 1680 1369 592
1712 1308 1732 1334 ε
1752 1296 1933 1352 Gratia
1958 1297 2085 1349 solui

507 1398 628 1466 [acti
657 1396 778 1448 estis
825 1410 915 1465 per
958 1392 1131 1462 ﬁdem,
1165 1401 1211 1443 et
1260 1391 1355 1443 hoc
1381 1407 1479 1443 non
1532 1408 1595 1443 ea:
1632 1392 1791 1453 vobis,
1830 1387 1962 1443 fscd
1991 1388 2085 1443 Dei

508 1487 697 1540 dannm
741 1497 841 1552 est,
874 1502 973 1537 non
1012 1500 1075 1537 ex
1112 1483 1373 1551 operibus,
1405 1500 1467 1535 ne
1493 1485 1625 1551 forte
1648 1485 1760 1553 quis
1789 1482 2083 1536 extollatur.

507 1580 682 1651 Ipsius
709 1584 843 1631 enim
882 1595 1060 1632 sumus
1097 1578 1415 1647 ﬁgmentum,
1451 1578 1608 1629 creati
1637 1578 1688 1629 in
1732 1578 1933 1629 Christo
1961 1574 2087 1631 Iesu

506 1676 559 1727 in
584 1674 816 1744 operibus
847 1673 1013 1737 bonis,
1042 1687 1156 1739 qua:
1186 1672 1491 1743 praparavit
1517 1670 1654 1724 Deus
1677 1680 1731 1723 ut
1762 1672 1813 1722 in
1842 1670 1949 1724 illis
1977 1686 2088 1723 am-

504 1767 737 1820 bulemus
766 1765 981 1836 (Ephes.
1002 1780 1059 1825 ll,
1083 1764 1161 1830 8).
1196 1772 1220 1811 8
1248 1762 1433 1817 Utnnis
1465 1766 1639 1833 itaque
1668 1764 1927 1817 bonorum
1955 1778 2085 1835 ope~

504 1876 622 1915 rum
656 1862 903 1926 donatio,
935 1856 1110 1913 divina
1144 1856 1463 1927 pra-paratio
1491 1866 1577 1911 est
1605 1872 1618 1908 :
1660 1857 1781 1924 quia
1809 1871 1912 1909 non
1943 1858 2086 1921 prius

2192 644 2493 711 lnijusmodi
2526 642 2768 695 homines
2798 643 3057 695 exstincta
3088 640 3285 695 dudum
3316 647 3553 705 scandala
3580 660 3732 711 susci-

2192 749 2394 803 tentur,
2416 751 2469 793 et
2493 740 2556 791 de.
2581 738 2763 791 exciso
2790 738 2915 789 olim
2941 736 3191 805 dogmate
3221 736 3431 805 aliquod
3460 743 3508 793 iu
3540 754 3735 813 primo-

2188 834 2269 889 cia
2297 847 2382 885 tua
2415 832 2655 903 ejusdem
2692 831 2814 885 mali
2848 846 3067 901 germen
3101 834 3333 895 oriatur,
3365 837 3500 903 quod
3533 855 3629 894 non
3655 858 3736 895 ⁸ο.

2189 924 2296 980 lum
2330 925 2379 979 in
2406 924 2673 979 radicibus
2700 924 2813 977 suis
2843 932 3071 981 crescat,
3109 922 3201 977 sed
3235 925 3391 978 etiam
3433 940 3621 983 sancta:
3651 935 3733 989 lic.

2188 1020 2367 1075 cle~ize
2404 1018 2645 1073 sobolem
2680 1016 2705 1055 ι
2739 1035 2943 1070 veneno
2974 1017 3054 1070 sui
3086 1019 3194 1071 oris
3227 1018 3439 1073 inliciat.
3476 1021 3626 1095 593
3650 1026 3739 1095 Qui

2188 1124 2464 1165 correctos
2516 1126 2574 1164 se
2619 1110 2783 1162 Vldt'l'l
2828 1111 3051 1178 volunt,
3103 1109 3172 1163 ab
3199 1112 3341 1163 omni
3374 1117 3663 1180 SUSpli'ittlle
3691 1134 3742 1175 se

2187 1219 2443 1276 purgent;
2471 1214 2517 1258 et
2540 1203 2845 1260 obediendo
2864 1205 3041 1269 nobis,
3066 1206 3293 1270 probent
3316 1220 3371 1258 se
3392 1221 3509 1259 es.~e
3531 1220 3738 1266 nostros.

2188 1297 2423 1366 Quorum
2446 1297 2491 1350 si
2518 1300 2799 1365 quisquam
2823 1296 3130 1351 salubribus
3153 1300 3436 1364 praeceptis
3457 1300 3745 1360 satisfacere

2189 1389 2521 1453 detrecmrit,
2562 1391 2673 1442 sive
2708 1389 2794 1441 ille
2824 1389 3077 1449 clericus,
3108 1387 3219 1441 sive
3247 1392 3321 1441 sit
3351 1390 3534 1456 laicus,
3562 1396 3625 1445 ab
3662 1396 3745 1450 lic.

2188 1482 2367 1536 clesue
2404 1485 2658 1536 societate
2700 1482 2951 1550 pellatur,
2986 1496 3052 1535 ne
3086 1476 3105 1518 ι
3140 1480 3381 1551 penditur
3413 1486 3601 1538 animae
3624 1500 3743 1553 sua,

2189 1578 2343 1629 saluti
2376 1573 2671 1629 insidietur
2700 1576 2909 1629 alienm.

2259 1669 2387 1725 CAP.
2428 1670 2463 1723 ν
2513 1670 2617 1740 ιΑι.
2658 1669 2764 1742 Vl].
2796 1699 2866 1710 —-
2896 1668 3041 1721 Illam
3090 1683 3304 1736 quoque
3355 1679 3552 1733 partem
3595 1672 3749 1725 eccle-

2189 1764 2421 1819 sinsticm
2452 1762 2772 1832 dlSClplilliB.
2802 1778 2905 1833 qua
2933 1770 2973 1799 ω
3001 1762 3126 1816 olim
3160 1778 3186 1813 a
3217 1762 3422 1816 sanctis
3450 1761 3685 1818 Patribus
3708 1774 3754 1820 et

2188 1876 2217 1913 ει
2251 1857 2401 1912 nobi~
2429 1872 2572 1923 Sa-pe
2604 1857 2878 1909 decretum
2912 1864 3013 1913 est.
3062 1864 3120 1907 ut
3153 1868 3252 1908 nec
3292 1852 3346 1906 in
3381 1854 3753 1925 presbyteratus

506 1956 783 2024 quisquam
810 1950 1139 2020 justilicatur
1165 1950 1385 2014 virtute,
1416 1964 1571 2016 quam
1602 1950 1794 2017 gratia.
1816 1963 1935 2017 quae
1966 1949 2083 2002 uni-
2117 1964 2163 2023 Β
2189 1953 2377 2023 gradu,
2401 1960 2429 1989 ιι
2453 1967 2547 2005 uec
2576 1953 2625 2004 in
2650 1953 2964 2004 diacnnalus
2988 1950 3201 2013 ordine,
3232 1966 3332 2003 nec
3356 1951 3407 2003 in
3432 1951 3755 2016 subsequenti

505 2050 699 2115 cuique
749 2045 1064 2114 principium
1114 2042 1337 2111 iustitia:
1368 2050 1423 2095 et
1471 2042 1731 2094 bonorum
1770 2041 1887 2094 fons
1924 2054 2085 2109 atque

504 2142 656 2209 origo
686 2140 998 2191 meritorum
1028 2144 1127 2190 est.
1152 2136 1254 2189 Sed
1282 2136 1349 2188 ab
1381 2135 1497 2189 istis
1523 2134 1644 2188 ideo
1665 2148 1762 2203 per
1786 2134 2083 2189 natuialem

504 2231 823 2287 industriam
876 2231 1073 2284 dicitur
1101 2227 1405 2299 prwveuiri,
1439 2235 1496 2279 ut
1540 2241 1661 2296 qua:
1698 2236 1823 2280 ante
1858 2225 2083 2295 gratiam

504 2327 725 2397 proprio
756 2322 781 2362 δ
811 2325 953 2379 clara
984 2324 1048 2377 sit
1078 2323 1275 2387 studio,
1306 2322 1451 2375 nullo
1474 2321 1720 2375 videatur
1746 2321 1947 2388 peccati
1978 2317 2087 2373 ori-

504 2422 696 2491 gi:alis
725 2420 946 2473 vulnere
977 2417 1247 2481 sauciata;
1284 2414 1585 2485 falsumque
1615 2414 1681 2468 sit
1710 2412 1852 2483 quod
1880 2412 2089 2469 Veritas

506 2514 583 2566 ait
617 2528 632 2568 :
671 2512 923 2576 Quoniam
957 2507 1126 2561 Filius
1158 2508 1378 2560 hominis
1408 2507 1540 2560 venit
1566 2521 1792 2572 qua’rere
1818 2517 1863 2559 et
1888 2505 2088 2560 salvan

504 2606 641 2675 quod
666 2605 885 2673 perierat
915 2600 929 2639 ί
966 2600 1115 2671 (Luc.
1152 2617 1259 2667 XIX,
1297 2599 1408 2669 10).

575 2696 697 2749 Csp.
728 2694 790 2748 lV
822 2692 927 2766 [AL
961 2692 1044 2763 γι.
1070 2721 1138 2731 -
1164 2690 1473 2746 Cavendum
1508 2703 1636 2757 ergo
1675 2687 1952 2744 dilectioni
1982 2699 2084 2745 tuae

504 2828 714 2883 collect.
742 2832 793 2889 5,
826 2827 893 2881 de
923 2827 1115 2895 quibus
1144 2826 1234 2879 ille
1266 2826 1371 2888 agit
1403 2833 1514 2876 not.
1548 2822 1601 2888 4,
1640 2824 1879 2895 plerique
1910 2835 1963 2880 et
1990 2843 2082 2893 po-

503 2905 669 2955 tiores
698 2898 864 2952 nostri
893 2899 1049 2952 codd.
1097 2899 1419 2952 conllrmant
1460 2895 1578 2948 Vat.
1614 2897 1738 2961 Iteg.
1782 2898 1991 2951 collect.
2027 2900 2079 2965 1,

506 2972 627 3027 Vat.
662 2975 873 3024 collect.
916 2973 967 3030 ὅ,
1000 2968 1257 3023 Lucensis
1287 2970 1503 3021 collect.
1531 2967 1586 3028 4,
1632 2967 1932 3021 Vindebou.
1974 2970 2083 3023 col-

506 3044 631 3099 lect.
663 3043 716 3103 5.
756 3058 805 3093 ei
833 3054 941 3094 tres
969 3043 1165 3094 collect
1216 3040 1267 3093 8.
1303 3039 1373 3091 Tr
1395 3054 1423 3091 a
1451 3038 1774 3107 exeiuplaria
1821 3042 2083 3093 recentia.

504 3132 623 3171 rum
651 3114 1021 3167 collectiouum
1060 3113 1109 3165 11
1141 3122 1186 3164 cl
1216 3108 1273 3162 2|
1311 3110 1540 3163 habent:
1577 3126 1677 3172 qua
1705 3110 1773 3161 ad
1797 3122 2085 3164 nostrorum

507 3187 818 3241 soliditatem
866 3184 1207 3237 disrrererint.
1247 3180 1391 3236 Edit.
1434 3191 1557 3235 ante
1596 3182 1795 3247 Quesn.
1834 3197 1952 3235 cum
2002 3182 2088 3238 Si-

508 3258 731 3319 chaido,
764 3273 863 3319 qua
907 3273 958 3309 se
996 3273 1026 3308 a
1064 3255 1423 3307 damaatornm
1462 3255 1699 3306 societate
1742 3254 2088 3307 discreverim.
2122 3254 2169 3318 C

507 3328 657 3384 llam:
698 3337 871 3379 autem
916 3329 1195 3379 lectionem
1237 3328 1538 3377 llh‘ClttlllttS
1587 3325 1637 3375 in
1688 3338 1786 3376 IIIS.
1821 3323 1937 3379 Vat.
1989 3323 2097 3379 5M

508 3403 721 3455 colli-rt.
753 3400 817 3451 2i
849 3398 936 3464 qui
966 3402 1134 3449 solum
1160 3397 1360 3448 ountlit
1386 3410 1504 3463 qua.
1538 3393 1839 3448 Antelmins
1870 3398 2094 3465 cpistola

549 3476 678 3525 rima
707 3469 910 3524 Gallice
933 3469 1130 3535 scripta
1158 3477 1207 3520 et
1234 3467 1473 3536 subjecta
1496 3468 1611 3529 ejus
1629 3466 2097 3523 dissertationibus
2126 3520 2129 3521 ν

507 3487 590 3597 iis
622 3557 762 3593 veris
788 3542 1038 3597 operibus
1065 3539 1163 3593 SS.
1199 3538 1390 3591 Leonis
1420 3547 1471 3591 et
1515 3538 1783 3597 Pro~peri.
1825 3555 1970 3592 num.
2001 3538 2093 3597 26.

561 3560 590 3595 e
622 3557 762 3593 veris
788 3542 1038 3608 operibus
1065 3539 1163 3593 SS.
1199 3538 1390 3591 Leonis
1420 3547 1471 3591 et
1515 3538 1783 3605 Prosperi,
1825 3555 1970 3592 num.
2001 3538 2093 3604 26,

510 3612 800 3679 Quesncllo
831 3610 1155 3671 succensuit,
1184 3610 1322 3677 quod
1348 3610 1483 3661 hanc
1512 3608 1779 3662 editorum
1810 3608 2093 3665 lectionem

509 3685 873 3738 immutaverit
913 3697 975 3735 ex
1007 3696 1225 3733 suorum
1254 3680 1410 3733 ctuld.
1450 3680 1571 3737 lide.
1617 3696 1749 3745 quos
1787 3681 1959 3732 ntiuns
2004 3697 2099 3737 ex-

508 3765 658 3809 actos
689 3753 981 3808 contendit.
1016 3755 1083 3805 At
1114 3767 1216 3804 nou
1247 3752 1347 3804 soli
1378 3749 1593 3804 codices
1614 3766 1641 3803 a
1670 3750 1961 3817 Qttesnello
1983 3753 2093 3805 lau-

510 3827 640 3886 dati,
672 3827 761 3875 sed
796 3826 956 3877 etiam
982 3826 1170 3878 nostri.
1200 3837 1336 3888 quos
1361 3823 1733 3886 indicavimus,
1758 3823 2095 3877 diversarum

516 3907 572 3948 et
601 3896 1089 3961 antiqui~simarum
1133 3893 1511 3947 cttllectinnum
1556 3892 1675 3945 libri
1718 3893 2099 3960 ruanusriptis

514 3965 1025 4019 uninsi-oilectionis
1067 3965 1379 4034 posterioris
1425 3962 1744 4034 [traferendi
1783 3973 1956 4034 erant.
1989 3965 2099 4019 Nec

512 4053 701 4092 sensus
725 4038 987 4090 obscurus
1016 4032 1115 4095 est,
1154 4037 1194 4087 si
1230 4036 1519 4088 verborum
1550 4032 1634 4087 vis
1657 4042 1797 4085 recte
1839 4032 2098 4099 intelliga-

512 4118 616 4163 tur.
657 4110 820 4161 lminn
844 4110 1051 4159 diversa
1084 4107 1203 4158 licet
1226 4106 1305 4157 via
1338 4104 1497 4158 verba
1528 4103 1578 4156 iu
1614 4104 1856 4157 eamdem
1882 4118 2099 4160 senten-

516 4183 639 4233 tiam
668 4180 929 4232 recidunt.
954 4178 1297 4247 Signiﬁcatur
1323 4179 1463 4228 enim
1499 4177 1609 4228 usit
1630 4186 1696 4228 ita
1724 4176 2097 4232 Ita‘rrticorum

513 4250 769 4311 Versutia,
800 4248 963 4315 quiin
990 4264 1323 4318 ψιειοιιιιι.ιιιθ
1364 4247 1621 4318 particula
1652 4248 1913 4312 dogmati~
1943 4264 2099 4304 exse-

515 4324 700 4376 crandi
731 4325 890 4374 alium
915 4322 1220 4389 quempiam
1260 4334 1476 4372 sensum
1508 4320 1815 4385 excogitare
1858 4323 2096 4387 student,

515 4408 621 4461 qun
653 4411 679 4445 a
710 4391 978 4445 striditate
1016 4391 1323 4459 dt-gmatunt
1361 4389 1831 4461 damnandorum,
1854 4390 1901 4443 id
1936 4402 2038 4456 est,
2071 4408 2100 4446 a

515 4471 623 4516 tota
688 4478 860 4516 massa
908 4464 1336 4515 ιΙ,ςιιιιιιιιιι1ινπ·ιιιιι
1382 4475 1634 4513 sen~utnu
1691 4460 1993 4517 desciscere
2039 4476 2102 4517 ac

516 4534 821 4601 discrepare
880 4535 1183 4587 videantur.
1228 4529 1658 4583 Damnandornm
1693 4547 1902 4600 quoque
1942 4532 2103 4587 lectio

515 4620 634 4657 cum
660 4603 1101 4658 antecedentibus
1132 4603 1386 4674 dogmatis
1408 4602 1706 4655 exsecrandi
1733 4605 1896 4671 magis
1923 4604 2104 4660 cohae-

513 4688 617 4741 ret,
652 4690 807 4743 quam
842 4678 1227 4728 damnatorum.

592 4756 616 4782 ι
654 4749 703 4795 tu
739 4746 943 4798 duobus
977 4762 1107 4799 mss.
1140 4746 1280 4797 Vatt.
1305 4743 1515 4797 collect.
1544 4744 1637 4807 2|,
1672 4759 1771 4795 non
1803 4744 2011 4797 salvari.

588 4813 617 4853 δ
652 4817 781 4869 Vide
816 4829 925 4868 not.
956 4818 987 4869 5
1017 4815 1318 4884 Questio-Ili,
1341 4815 1491 4881 cujus
1520 4815 1948 4869 mnendalittncm
1984 4816 2106 4883 pro-

516 4886 645 4941 bant
675 4898 1075 4955 pnestautmres
1106 4887 1275 4940 no~lri
1312 4891 1548 4939 ('(ltllCeS.
1574 4884 1685 4939 Soli
1722 4902 1851 4938 mss.
1887 4890 2100 4942 collect.

516 4955 577 5009 2|
612 4960 642 5010 h
665 4961 801 5008 ~beut
830 4959 895 5009 ad
918 4960 1266 5028 subrepentem
1296 4956 1613 5024 facilitatem.
1640 4960 1951 5028 Anteriort-s
1978 4973 2106 5012 vero

517 5029 779 5082 Cllllittltes
808 5041 854 5081 et
884 5026 1173 5082 Sicbardus
1197 5045 1317 5081 cum
1347 5029 1504 5082 codd.
1541 5028 1755 5085 COllet'l,
1780 5026 1870 5094 24,
1894 5030 1961 5081 ad
1994 5041 2105 5080 tan-

517 5109 619 5153 tam
648 5101 979 5171 facilitatem;
1002 5101 1096 5171 qui
1119 5100 1336 5153 codices
1369 5115 1487 5152 "le
1515 5115 1791 5166 perperam
1820 5117 1940 5171 cum
1968 5099 2100 5153 edit.

516 5170 956 5235 Luvaniensinm,
990 5170 1083 5223 hoc
1107 5173 1175 5224 ibi
1215 5179 1322 5222 tota
1352 5182 1494 5235 arte;
1526 5174 1643 5223 alite
1678 5186 1802 5225 vero
1840 5170 2105 5225 editiones

513 5245 685 5295 multo
716 5242 888 5310 pejus,
922 5243 1015 5293 hoc
1048 5243 1137 5295 tibi
1170 5254 1271 5293 tota
1294 5252 1424 5294 arte.

592 5325 612 5349 ο
649 5316 779 5367 (ὶοιι,
826 5314 1103 5378 Lucensis,
1136 5314 1236 5365 nisi
1272 5311 1628 5384 intelligatur;
1658 5318 1713 5365 et
1752 5320 1874 5380 post
1914 5326 2103 5381 pauca,

515 5383 612 5453 nisi
640 5387 797 5453 gratis
820 5388 992 5453 datur.

588 5452 613 5487 ά
642 5451 698 5515 ⁷1,
736 5473 824 5518 qu.
860 5456 905 5508 l.
936 5452 1117 5505 Gratia
1146 5451 1343 5513 sinon,
1368 5467 1416 5505 c.
1453 5451 1506 5505 ί.

591 5532 612 5559 ο
648 5525 771 5577 Mm.
806 5524 947 5577 Valt.
974 5525 1191 5577 collect.
1220 5521 1313 5587 2t,
1336 5534 1389 5577 et
1416 5522 1555 5575 alius
1576 5522 1789 5576 collect.
1817 5522 1905 5591 ll,
1934 5524 2106 5579 Gratis

514 5596 641 5649 salvi
671 5595 792 5660 [arti
818 5596 954 5647 estis.

591 5664 611 5702 ί
644 5668 956 5731 Adjecimus
997 5665 1085 5719 sed
1129 5679 1192 5718 ex
1233 5673 1463 5732 quatuor
1512 5664 1903 5733 antiquissimis
1945 5667 2102 5722 codd.

514 5736 727 5790 Collt'l'l.
766 5740 812 5799 l,
839 5738 874 5792 5
901 5749 953 5789 et
996 5746 1028 5788 4
1057 5751 1118 5789 ac
1152 5735 1392 5790 Vallicel.
1431 5736 1642 5789 collect.
1676 5742 1726 5796 δ.
1770 5752 1869 5789 nec
1902 5754 2003 5791 non
2042 5754 2107 5793 ex

512 5806 807 5871 Sichardo;
831 5809 957 5860 editi
992 5820 1113 5861 ante.
1144 5808 1371 5875 Quesn.,
1406 5807 1496 5859 Dei
1529 5810 1659 5859 enim
1684 5807 1875 5859 donum
1904 5819 1999 5863 est.

589 5887 612 5924 Β
642 5886 771 5931 LUIII
827 5882 983 5932 Codd.
1019 5898 1045 5931 a
1076 5883 1284 5944 Quesn.
1345 5881 1591 5942 laudatis,
1653 5888 1763 5931 not.
1808 5879 1861 5942 6,
1918 5880 1968 5932 in
2012 5880 2109 5933 hac

513 5947 749 6005 lectione
790 5953 1131 6003 consentiunt
1180 5952 1342 6005 etiam
1397 5965 1584 6004 omnes
1630 5951 1822 6009 nostri.
1869 5953 2107 6009 exceptis

2188 2046 2367 2101 olllcio
2400 2045 2721 2098 clericorum
2754 2044 2819 2096 ab
2841 2042 3075 2096 Ecclesia
3108 2043 3172 2095 ad
3205 2042 3503 2096 Ecclesiatn
3530 2042 3755 2112 cuiquam

2191 2140 2422 2193 transire
2462 2138 2533 2191 sit
2563 2137 2822 2203 liberum,
2867 2144 2892 2171 ο
2924 2145 2981 2189 ιιι
3012 2136 3062 2188 in
3098 2136 3367 2205 integrum
3410 2150 3649 2200 revoces,
3673 2136 3761 2189 ad-

2190 2246 2471 2286 mouemus
2505 2247 2518 2283 :
2551 2239 2607 2283 nt
2658 2228 3020 2299 unusquisque
3066 2243 3170 2282 non
3220 2228 3517 2282 ambitione
3546 2228 3756 2293 illectus,

2191 2341 2298 2379 non
2330 2324 2623 2394 cupiditate
2654 2324 2937 2387 seductus,
2971 2338 3076 2377 non
3121 2321 3481 2393 persuasione
3508 2320 3765 2375 hominum

2192 2419 2515 2488 depravatns
2536 2460 2550 2484 ,
2594 2428 2623 2469 ι)
2655 2419 2739 2472 ubi
2770 2418 3047 2473 ordinatus
3094 2428 3198 2481 est,
3234 2426 3547 2486 perseveret
3578 2432 3592 2468 :
3625 2415 3689 2468 ita
3718 2421 3769 2469 ut

2193 2512 2241 2568 si
2290 2513 2409 2582 quis
2458 2528 2551 2567 sua
2603 2527 2887 2579 quicrens,
2942 2527 3045 2566 non
3096 2527 3216 2580 qua!
3262 2510 3394 2566 Jesu
3442 2511 3667 2574 Christi,
3711 2509 3769 2564 ad

2195 2604 2405 2674 plebem
2455 2614 2481 2654 ει
2521 2613 2579 2659 et
2616 2605 2917 2659 Ecclesiam
2960 2618 3111 2659 suam
3157 2604 3343 2657 redire
3389 2602 3697 2671 neglexerit,
3725 2610 3772 2656 ct

2194 2694 2264 2751 ab
2313 2696 2534 2751 honoris
2584 2695 2894 2767 privilegio,
2941 2705 2996 2751 et
3041 2711 3069 2749 a
3118 2696 3526 2751 communionis
3574 2693 3773 2748 vinculo

2191 2827 2299 2884 illis
2318 2831 2529 2886 collect.
2552 2832 2623 2885 24
2662 2832 2801 2886 inter
2842 2849 2976 2903 quos
3006 2843 3088 2887 est
3135 2833 3453 2887 Victorinus
3485 2832 3553 2887 ab
3598 2832 3771 2887 eodem

2193 2916 2541 2963 memoratus,
2570 2903 2656 2956 ubi
2687 2919 2807 2956 cum
2841 2906 3201 2957 anterioribns
3238 2906 3573 2958 editionibus
3614 2913 3665 2957 et
3693 2905 3768 2957 Si-

2192 2973 2394 3025 cltardo
2425 2974 2645 3041 legitur:
2676 2974 2853 3029 Omnis
2881 2978 3049 3045 itaque
3093 2978 3347 3029 bonorum
3380 2972 3594 3041 operum
3634 2975 3771 3028 deuo.

2192 3046 2285 3118 tio,
2310 3046 2483 3099 divina
2514 3048 2819 3117 preparatio
2849 3056 2947 3111 est;
2980 3063 3068 3101 nec
3099 3050 3313 3118 prapria
3350 3049 3623 3113 quisquam
3637 3050 3777 3118 justi-

2195 3115 2379 3189 ﬁcalur
2399 3119 2598 3178 virtute,
2622 3115 2867 3184 quoniam
2891 3119 3055 3186 gratia
3080 3115 3381 3189 unicuique.
3418 3128 3525 3171 etc.

2265 3182 2296 3255 ll
2329 3187 2475 3253 Vulg.
2511 3182 2863 3255 auteVQnesn.
2891 3182 3026 3242 "etim
3067 3205 3174 3243 uno
3207 3182 3311 3242 ius.
3355 3190 3502 3250 Vat.,
3539 3189 3658 3241 data
3699 3188 3776 3239 sit.

2277 3254 2430 3313 iHic
2485 3261 2535 3313 in
2587 3254 2835 3314 oninibus
2887 3260 3045 3313 editis
3083 3261 3384 3327 Quesnelln
3432 3258 3781 3311 anterioribus

2200 3328 2577 3384 inserebantur
2607 3333 2757 3399 plura
2785 3348 2847 3383 ex
2892 3331 3174 3401 Augustini
3210 3330 3533 3385 Eucbiridio
3566 3328 3674 3383 fere
3699 3345 3781 3382 ex-

2198 3412 2401 3467 cerpta,
2435 3418 2555 3470 qua:
2577 3402 2932 3455 conficiebant
2962 3416 3119 3471 caput
3148 3404 3198 3457 4.
3234 3403 3309 3455 Ea
3336 3401 3661 3469 Quesnelltts
3695 3415 3781 3452 ex-

2197 3479 2387 3540 puunt
2433 3474 2752 3528 auct0ritate
2803 3487 3021 3526 suorum
3058 3474 3337 3536 codicum,
3391 3474 3585 3542 quibus
3634 3472 3781 3525 etiam

2197 3544 2366 3596 nostri
2394 3542 2607 3609 lavent;
2632 3554 2686 3597 et
2716 3546 2767 3597 in
2800 3554 2979 3597 notant
3002 3546 3118 3605 eius
3146 3546 3175 3596 7
3202 3546 3419 3612 rejecit,
3456 3545 3543 3596 ubi
3576 3543 3672 3609 legi
3699 3558 3785 3606 po-

2198 3622 2382 3667 terunt
2426 3624 2571 3668 torno
2613 3614 2768 3683 hujus
2802 3614 3057 3670 editionis
3104 3616 3355 3669 secundo
3399 3616 3604 3683 (primo
3633 3623 3785 3666 autem

2198 3683 2431 3755 nostra).
2470 3687 2773 3739 Invenimus
2802 3700 2979 3740 autem
3027 3687 3216 3739 eadem
3250 3688 3421 3740 verba
3462 3686 3660 3740 inserta
3688 3697 3787 3734 tan~

2199 3757 2476 3809 tummodo
2507 3762 2557 3810 in
2584 3772 2709 3812 mss.
2747 3760 3097 3823 p05teriorum
3127 3759 3351 3812 collect.
3388 3756 3456 3809 l2
3489 3766 3543 3809 et
3561 3757 3648 3813 2t.
3678 3765 3790 3823 nce-

2198 3840 2305 3879 non
2338 3830 2473 3895 apud
2516 3820 2855 3888 Sicbardnm,
2882 3829 2982 3882 hoc
3011 3839 3186 3881 tamen
3217 3829 3543 3881 discrimine
3571 3820 3706 3891 quod
3745 3824 3789 3872 in

2202 3912 2333 3953 mss.
2366 3893 2574 3953 collect.
2604 3902 2692 3957 l2.
2724 3899 2786 3953 15
2812 3914 3019 3965 pannus
3048 3901 3288 3952 assuitur
3318 3906 3444 3963 post
3481 3896 3641 3947 verba
3666 3893 3793 3965 quod

2200 3972 2458 4037 perierat;
2478 3972 2527 4023 in
2550 3963 3017 4025 etidicibusaiiteitt
3044 3970 3263 4023 collect.
3293 3965 3369 4020 24
3396 3977 3447 4019 et
3484 3966 3536 4037 in
3559 3963 3793 4037 exemplo

2202 4033 2445 4092 Sicbardi
2495 4052 2610 4108 post
2653 4042 2813 4093 verba
2856 4039 3224 4093 antecedentia
3275 4036 3563 4108 originalis
3606 4033 3797 4088 vulnere

2199 4112 2451 4171 sauciata,
2475 4107 2819 4176 sequentibus
2852 4124 3019 4173 usque
3048 4108 3111 4161 ad
3147 4108 3314 4161 linem
3339 4107 3539 4170 capitis
3569 4107 3794 4159 omissis.

2274 4182 2291 4231 1
2332 4182 2465 4234 Cod.
2495 4182 2725 4235 Veri-eli.
2757 4181 2969 4236 collect.
3002 4181 3056 4246 8,
3087 4197 3150 4232 ne
3178 4181 3445 4233 scandala
3474 4184 3793 4240 suscitentur,

2203 4250 2536 4306 interinediis
2577 4256 2799 4307 vocibus
2843 4253 3235 4320 prmtermissis.
3296 4251 3355 4304 In
3411 4251 3542 4304 cod.
3587 4246 3802 4303 Lucensi

2204 4326 2366 4395 verba
2398 4340 2487 4391 per
2514 4326 2809 4395 hujmmodi
2840 4324 3069 4376 homines
3090 4323 3518 4395 desiderantur.

2276 4392 2302 4432 ¹¹
2335 4386 2494 4459 υιίνει
2519 4386 2657 4450 clins
2691 4411 2810 4449 cum
2857 4398 2975 4448 aliis
3016 4393 3144 4446 edit.
3199 4404 3252 4444 et
3306 4392 3593 4446 nonnullis
3631 4386 3803 4453 codd,

2205 4481 2393 4519 veneno
2414 4468 2493 4519 sui
2524 4468 2718 4519 odoris.
2756 4473 2850 4519 Ms.
2886 4464 3194 4525 Cantabrig.
3228 4464 3304 4517 ab
3329 4465 3532 4517 eodem
3575 4462 3809 4516 laudatus

2206 4546 2259 4590 et
2300 4540 2463 4589 editio
2485 4540 2681 4591 (laniin
2706 4554 2825 4592 cum
2852 4538 3047 4587 uo-tris
3069 4535 3227 4588 codd.
3256 4537 3488 4587 collect.
3520 4532 3615 4597 2|,
3645 4529 3808 4585 veneni

2133 4634 2183 4692 υ
2208 4609 2287 4687 sui
2318 4610 2494 4662 odore.
2527 4609 2863 4692 Pro-tulimus
2889 4608 3169 4692 bic'itmem
3191 4610 3457 4692 quinque
3474 4603 3811 4692 ‘pqa-stantis-

2210 4681 2466 4731 simorum
2488 4681 2871 4745 esten-planium
2892 4678 3010 4729 Vat.
3033 4676 3163 4745 Reg.
3191 4677 3315 4729 Vat.
3350 4678 3521 4736 1352,
3540 4676 3809 4735 Lucensis,

2211 4763 2308 4802 nec
2350 4764 2453 4802 noo
2495 4750 2749 4803 Vallicell.
2784 4763 2835 4804 et
2871 4748 3249 4801 Veri-ellensis.
3292 4748 3469 4801 Paulo
3511 4756 3639 4801 ante
3680 4745 3811 4797 idem

2213 4816 2440 4875 Vercell.
2477 4821 2640 4874 habet
2664 4834 2889 4873 sanctam
2921 4819 3166 4872 Eoo/esid?
3191 4820 3458 4874 sobolem.

2286 4887 2303 4928 ι
2348 4891 2479 4943 'l‘res
2513 4908 2643 4945 mss.
2690 4894 2903 4944 codices
2946 4894 3147 4957 Qttes‘n.
3194 4906 3257 4943 ai-
3296 4891 3539 4943 totidem
3574 4887 3739 4941 nostri
3770 4890 3817 4957 et

2208 4958 2374 5013 editio
2404 4961 2603 5015 Callisti
2654 4953 3305 5029 perditione.vlladrianus
3340 4961 3385 5025 Ι,
3433 4962 3601 5029 epist.
3635 4959 3725 5019 97,
3757 4953 3817 5007 ad

2208 5034 2767 5105 episcoposgllispan"
2797 5036 3048 5105 proditar.

2281 5111 2321 5139 ω
2362 5104 2460 5157 Ms.
2499 5098 2812 5164 Vat.’5845',
2862 5116 2909 5157 et
2954 5107 3096 5157 olm.
3142 5104 3405 5168 Quatuor
3453 5102 3549 5155 alii
3592 5098 3819 5158 codices,

2208 5189 2322 5243 quae
2368 5173 2491 5227 olim
2538 5176 2742 5229 decreta
2793 5186 2883 5229 est.
2934 5173 3131 5229 Confer
3175 5189 3301 5241 qiue
3356 5176 3412 5227 in
3467 5175 3617 5226 hunc
3656 5171 3821 5243 locum

2210 5238 2619 5299 observavimus
2673 5247 2725 5300 in
2775 5246 3048 5312 przenti~sa
3097 5238 3518 5309 admopitione,
3551 5258 3704 5296 num.
3739 5238 3821 5291 25.

2212 5312 2370 5381 Vide,
2402 5316 2447 5369 si
2481 5318 2647 5372 lubet.
2678 5320 2839 5372 etiam
2871 5316 3142 5383 Quesnelli
3173 5324 3291 5367 not.
3324 5314 3387 5369 8.

2282 5394 2309 5423 υ
2349 5378 2482 5439 Tros
2521 5388 2678 5440 codd.
2717 5388 2858 5446 Van,
2882 5378 2995 5439 Witec
3032 5388 3081 5436 in
3116 5388 3466 5449 diaconatus,
3498 5398 3597 5436 nec
3628 5381 3679 5433 in
3711 5378 3826 5432 sub-

2209 5458 2443 5524 sequenti
2488 5460 2668 5509 Ordine
2716 5458 3035 5511 clericorum.
3070 5462 3322 5518 Quatuor
3378 5456 3476 5508 alii
3516 5468 3619 5521 pro
3664 5451 3824 5524 oﬁio

2210 5522 2516 5580 clericorum
2562 5528 2754 5580 habent
2810 5530 2988 5580 ordine
3014 5528 3351 5579 clericorum.
3389 5525 3539 5579 Cod.
3574 5522 3827 5578 Luceu~is

2210 5599 2410 5651 omittit
2440 5614 2532 5651 nec
2560 5602 2611 5651 in
2644 5600 2965 5667 subsequenti
2996 5597 3176 5667 oﬂicio.

2285 5676 2310 5705 °
2349 5670 2489 5723 Cod.
2524 5670 2644 5722 Vat.
2674 5670 2885 5723 colli-ct.
2922 5669 3006 5732 ll,
3043 5670 3186 5721 delet
3214 5674 3297 5720 ut.

2282 5749 2310 5789 Ρ
2352 5741 2405 5793 In
2438 5756 2538 5792 nis.
2576 5740 2695 5793 Vat.
2721 5741 2933 5793 Cttllccl.
2969 5739 3061 5805 2L,
3096 5740 3164 5791 ibi
3196 5739 3287 5790 ubi
3322 5740 3729 5793 orditrecs-est.

2286 5820 2313 5859 ίι
2350 5813 2484 5865 Cod.
2519 5810 2634 5864 Vat.
2670 5811 2897 5879 Regius,
2941 5820 2991 5864 et
3042 5810 3108 5861 ad
3159 5810 3490 5865 Ecclesium.
3537 5808 3828 5866 Sicbardus

2214 5882 2357 5937 delet
2389 5884 2580 5949 plebem
2609 5895 2654 5935 ei
2667 5920 2679 5932 .
